<?xml version="1.0" encoding="UTF-8"?>
<!DOCTYPE html PUBLIC "-//W3C//DTD XHTML 1.0 Transitional//EN"
    "http://www.w3.org/TR/xhtml1/DTD/xhtml1-transitional.dtd">
<html xmlns="http://www.w3.org/1999/xhtml" xml:lang="en" lang="en">
 <head>
  <title>
</title>
<meta http-equiv="Content-Type" content="text/html;charset=utf-8" />
  <meta name='ocr-system' content='tesseract 3.04.00' />
  <meta name='ocr-capabilities' content='ocr_page ocr_carea ocr_par ocr_line ocrx_word'/>
</head>
<body>
  <div class='ocr_page' id='page_1' title='image "./fderaconventione01ryme_0124.png"; bbox 0 0 2570 4261; ppageno 0'>
   <div class='ocr_carea' id='block_1_1' title="bbox 212 180 262 217">
    <p class='ocr_par' dir='ltr' id='par_1_1' title="bbox 212 180 262 217">
     <span class='ocr_line' id='line_1_1' title="bbox 212 180 262 217; baseline 0.02 -1"><span class='ocrx_word' id='word_1_1' title='bbox 212 180 262 217; x_wconf 79' lang='lat'>62</span> 
     </span>
    </p>
   </div>
   <div class='ocr_carea' id='block_1_2' title="bbox 55 248 1265 338">
    <p class='ocr_par' dir='ltr' id='par_1_2' title="bbox 55 248 1265 338">
     <span class='ocr_line' id='line_1_2' title="bbox 55 248 1265 299; baseline -0.015 -5"><span class='ocrx_word' id='word_1_2' title='bbox 55 260 134 292; x_wconf 77' lang='lat' dir='ltr'>&#39;Ann-</span> <span class='ocrx_word' id='word_1_3' title='bbox 150 260 191 292; x_wconf 89' lang='lat' dir='ltr'>D.</span> <span class='ocrx_word' id='word_1_4' title='bbox 208 259 329 299; x_wconf 81' lang='lat' dir='ltr'>persolvi</span> <span class='ocrx_word' id='word_1_5' title='bbox 341 259 434 291; x_wconf 82' lang='lat' dir='ltr'>&#39;eidem</span> <span class='ocrx_word' id='word_1_6' title='bbox 449 254 689 298; x_wconf 75' lang='lat' dir='ltr'>ArchiepiscopO,</span> <span class='ocrx_word' id='word_1_7' title='bbox 705 253 899 297; x_wconf 79' lang='lat' dir='ltr'>&amp;Episcopis</span> <span class='ocrx_word' id='word_1_8' title='bbox 912 259 959 283; x_wconf 85' lang='lat' dir='ltr'>aut</span> <span class='ocrx_word' id='word_1_9' title='bbox 974 252 1030 282; x_wconf 88' lang='lat' dir='ltr'>aliis</span> <span class='ocrx_word' id='word_1_10' title='bbox 1043 250 1102 280; x_wconf 89' lang='lat' dir='ltr'>hoc</span> <span class='ocrx_word' id='word_1_11' title='bbox 1113 248 1265 292; x_wconf 80' lang='lat' dir='ltr'>negotium</span> 
     </span>
     <span class='ocr_line' id='line_1_3' title="bbox 79 288 1265 338; baseline -0.012 -9"><span class='ocrx_word' id='word_1_12' title='bbox 79 309 166 338; x_wconf 80' lang='lat'>12¹4..</span> <span class='ocrx_word' id='word_1_13' title='bbox 209 300 437 338; x_wconf 80' lang='lat' dir='ltr'>contingentibus</span> <span class='ocrx_word' id='word_1_14' title='bbox 453 321 462 334; x_wconf 73' lang='lat'>,</span> <span class='ocrx_word' id='word_1_15' title='bbox 489 296 525 325; x_wconf 90' lang='lat' dir='ltr'>de</span> <span class='ocrx_word' id='word_1_16' title='bbox 548 296 627 332; x_wconf 81' lang='lat' dir='ltr'>ipuus</span> <span class='ocrx_word' id='word_1_17' title='bbox 653 292 772 323; x_wconf 82' lang='lat' dir='ltr'>conulio</span> <span class='ocrx_word' id='word_1_18' title='bbox 792 293 839 323; x_wconf 91' lang='lat' dir='ltr'>vel</span> <span class='ocrx_word' id='word_1_19' title='bbox 860 292 993 322; x_wconf 77' lang='lat' dir='ltr'>mandato</span> <span class='ocrx_word' id='word_1_20' title='bbox 1010 288 1104 328; x_wconf 79' lang='lat' dir='ltr'>quoad</span> <span class='ocrx_word' id='word_1_21' title='bbox 1123 290 1265 318; x_wconf 71' lang='lat' dir='ltr'>summam</span> 
     </span>
    </p>
   </div>
   <div class='ocr_carea' id='block_1_3' title="bbox 171 3459 774 3525">
    <p class='ocr_par' dir='ltr' id='par_1_3' title="bbox 171 3459 774 3525">
     <span class='ocr_line' id='line_1_4' title="bbox 171 3459 774 3525; baseline 0.015 -39"><span class='ocrx_word' id='word_1_22' title='bbox 171 3486 177 3493; x_wconf 72' lang='lat'>,</span> <span class='ocrx_word' id='word_1_23' title='bbox 210 3459 273 3525; x_wconf 55' lang='lat' dir='ltr'>giliae</span> <span class='ocrx_word' id='word_1_24' title='bbox 281 3483 296 3511; x_wconf 73' lang='lat' dir='ltr'>⁷r</span> <span class='ocrx_word' id='word_1_25' title='bbox 307 3461 388 3491; x_wconf 91' lang='lat' dir='ltr'>nobis</span> <span class='ocrx_word' id='word_1_26' title='bbox 405 3465 523 3493; x_wconf 83' lang='lat' dir='ltr'>nuncios</span> <span class='ocrx_word' id='word_1_27' title='bbox 536 3463 708 3495; x_wconf 80' lang='lat' dir='ltr'>fidelissimos</span> <span class='ocrx_word' id='word_1_28' title='bbox 716 3488 726 3503; x_wconf 86' lang='lat'>,</span> <span class='ocrx_word' id='word_1_29' title='bbox 745 3465 774 3495; x_wconf 74' lang='lat' dir='ltr'>Sl</span> 
     </span>
    </p>
   </div>
   <div class='ocr_carea' id='block_1_4' title="bbox 201 331 1269 1333">
    <p class='ocr_par' dir='ltr' id='par_1_4' title="bbox 208 331 915 377">
     <span class='ocr_line' id='line_1_5' title="bbox 208 331 915 377; baseline -0.011 -9"><span class='ocrx_word' id='word_1_30' title='bbox 208 337 386 377; x_wconf 79' lang='lat' dir='ltr'>quadraginta</span> <span class='ocrx_word' id='word_1_31' title='bbox 399 335 524 366; x_wconf 89' lang='lat' dir='ltr'>Millium</span> <span class='ocrx_word' id='word_1_32' title='bbox 538 341 699 364; x_wconf 86' lang='lat' dir='ltr'>marcarum</span> <span class='ocrx_word' id='word_1_33' title='bbox 712 331 878 377; x_wconf 74' lang='lat' dir='ltr'>complebo.</span> <span class='ocrx_word' id='word_1_34' title='bbox 910 369 915 374; x_wconf 34' lang='grc'>1</span> 
     </span>
    </p>

    <p class='ocr_par' dir='ltr' id='par_1_5' title="bbox 205 369 1268 641">
     <span class='ocr_line' id='line_1_6' title="bbox 247 369 1264 414; baseline -0.015 -9"><span class='ocrx_word' id='word_1_35' title='bbox 247 376 360 414; x_wconf 77' lang='lat' dir='ltr'>Qibus</span> <span class='ocrx_word' id='word_1_36' title='bbox 375 374 483 410; x_wconf 77' lang='lat' dir='ltr'>solutis,</span> <span class='ocrx_word' id='word_1_37' title='bbox 503 373 536 403; x_wconf 70' lang='grc' dir='ltr'>ἃ</span> <span class='ocrx_word' id='word_1_38' title='bbox 549 372 681 401; x_wconf 87' lang='lat' dir='ltr'>cautione</span> <span class='ocrx_word' id='word_1_39' title='bbox 697 369 816 408; x_wconf 76' lang='lat' dir='ltr'>praestita</span> <span class='ocrx_word' id='word_1_40' title='bbox 835 369 949 399; x_wconf 80' lang='lat' dir='ltr'>inferius</span> <span class='ocrx_word' id='word_1_41' title='bbox 969 372 1188 411; x_wconf 38' lang='lat' dir='ltr'>armorum-nec</span> <span class='ocrx_word' id='word_1_42' title='bbox 1203 369 1264 404; x_wconf 85' lang='lat' dir='ltr'>non</span> 
     </span>
     <span class='ocr_line' id='line_1_7' title="bbox 207 399 1266 447; baseline -0.014 -4"><span class='ocrx_word' id='word_1_43' title='bbox 207 414 323 445; x_wconf 82' lang='lat' dir='ltr'>relaxata</span> <span class='ocrx_word' id='word_1_44' title='bbox 337 412 467 442; x_wconf 87' lang='lat' dir='ltr'>sententia</span> <span class='ocrx_word' id='word_1_45' title='bbox 482 409 643 447; x_wconf 71' lang='lat' dir='ltr'>Iiiterdiffi,</span> <span class='ocrx_word' id='word_1_46' title='bbox 661 408 763 439; x_wconf 88' lang='lat' dir='ltr'>deinde</span> <span class='ocrx_word' id='word_1_47' title='bbox 776 408 888 447; x_wconf 77' lang='lat' dir='ltr'>lingulis</span> <span class='ocrx_word' id='word_1_48' title='bbox 910 416 987 437; x_wconf 82' lang='lat' dir='ltr'>annis</span> <span class='ocrx_word' id='word_1_49' title='bbox 1007 403 1161 447; x_wconf 76' lang='lat' dir='ltr'>duodecim</span> <span class='ocrx_word' id='word_1_50' title='bbox 1181 399 1266 429; x_wconf 81' lang='lat' dir='ltr'>millia</span> 
     </span>
     <span class='ocr_line' id='line_1_8' title="bbox 211 438 1268 485; baseline -0.011 -4"><span class='ocrx_word' id='word_1_51' title='bbox 211 459 367 482; x_wconf 82' lang='lat' dir='ltr'>marcarum</span> <span class='ocrx_word' id='word_1_52' title='bbox 382 451 410 479; x_wconf 93' lang='lat' dir='ltr'>in</span> <span class='ocrx_word' id='word_1_53' title='bbox 425 449 536 480; x_wconf 91' lang='lat' dir='ltr'>duobus</span> <span class='ocrx_word' id='word_1_54' title='bbox 547 448 690 485; x_wconf 82' lang='lat' dir='ltr'>terminis,</span> <span class='ocrx_word' id='word_1_55' title='bbox 706 447 1011 481; x_wconf 80' lang='lat' dir='ltr'>Commemoratione,</span> <span class='ocrx_word' id='word_1_56' title='bbox 1027 442 1175 484; x_wconf 70' lang='lat' dir='ltr'>videlicet,</span> <span class='ocrx_word' id='word_1_57' title='bbox 1190 438 1268 467; x_wconf 87' lang='lat' dir='ltr'>Om-</span> 
     </span>
     <span class='ocr_line' id='line_1_9' title="bbox 208 475 1265 525; baseline -0.014 -5"><span class='ocrx_word' id='word_1_58' title='bbox 208 492 288 521; x_wconf 90' lang='lat' dir='ltr'>nium</span> <span class='ocrx_word' id='word_1_59' title='bbox 303 489 463 519; x_wconf 61' lang='lat' dir='ltr'>sanctorum</span> <span class='ocrx_word' id='word_1_60' title='bbox 483 488 527 518; x_wconf 77' lang='lat' dir='ltr'>sex</span> <span class='ocrx_word' id='word_1_61' title='bbox 550 487 651 525; x_wconf 90' lang='lat' dir='ltr'>millia,</span> <span class='ocrx_word' id='word_1_62' title='bbox 669 488 702 517; x_wconf 71' lang='grc' dir='ltr'>δε</span> <span class='ocrx_word' id='word_1_63' title='bbox 715 485 837 516; x_wconf 86' lang='lat' dir='ltr'>totidem</span> <span class='ocrx_word' id='word_1_64' title='bbox 852 486 880 514; x_wconf 90' lang='lat' dir='ltr'>in</span> <span class='ocrx_word' id='word_1_65' title='bbox 894 483 967 514; x_wconf 91' lang='lat' dir='ltr'>festo</span> <span class='ocrx_word' id='word_1_66' title='bbox 983 481 1174 523; x_wconf 80' lang='lat' dir='ltr'>Ascenlionts‚</span> <span class='ocrx_word' id='word_1_67' title='bbox 1192 475 1265 514; x_wconf 84' lang='lat' dir='ltr'>apud</span> 
     </span>
     <span class='ocr_line' id='line_1_10' title="bbox 207 515 1266 561; baseline -0.014 -3"><span class='ocrx_word' id='word_1_68' title='bbox 207 527 362 558; x_wconf 79' lang='lat' dir='ltr'>Eccleliam</span> <span class='ocrx_word' id='word_1_69' title='bbox 381 526 478 557; x_wconf 64' lang='lat' dir='ltr'>Sanc&#39;ii</span> <span class='ocrx_word' id='word_1_70' title='bbox 498 526 577 557; x_wconf 91' lang='lat' dir='ltr'>Pauli</span> <span class='ocrx_word' id='word_1_71' title='bbox 600 525 762 556; x_wconf 81' lang='lat' dir='ltr'>Londoniae</span> <span class='ocrx_word' id='word_1_72' title='bbox 782 523 884 554; x_wconf 82' lang='lat' dir='ltr'>eisdem</span> <span class='ocrx_word' id='word_1_73' title='bbox 898 522 998 552; x_wconf 86' lang='lat' dir='ltr'>faciam</span> <span class='ocrx_word' id='word_1_74' title='bbox 1012 518 1154 561; x_wconf 53' lang='lat' dir='ltr'>exhiberi,</span> <span class='ocrx_word' id='word_1_75' title='bbox 1171 515 1266 545; x_wconf 91' lang='lat' dir='ltr'>donec</span> 
     </span>
     <span class='ocr_line' id='line_1_11' title="bbox 208 553 1265 604; baseline -0.013 -7"><span class='ocrx_word' id='word_1_76' title='bbox 208 575 267 597; x_wconf 86' lang='lat' dir='ltr'>tota</span> <span class='ocrx_word' id='word_1_77' title='bbox 287 565 396 596; x_wconf 82' lang='lat' dir='ltr'>summa</span> <span class='ocrx_word' id='word_1_78' title='bbox 416 566 499 596; x_wconf 86' lang='lat' dir='ltr'>fuerit</span> <span class='ocrx_word' id='word_1_79' title='bbox 519 563 657 602; x_wconf 87' lang='lat' dir='ltr'>persoluta</span> <span class='ocrx_word' id='word_1_80' title='bbox 672 586 682 600; x_wconf 88' lang='lat'>,</span> <span class='ocrx_word' id='word_1_81' title='bbox 700 571 780 601; x_wconf 78' lang='lat' dir='ltr'>quae,</span> <span class='ocrx_word' id='word_1_82' title='bbox 798 569 907 604; x_wconf 72' lang='lat' dir='ltr'>taxante</span> <span class='ocrx_word' id='word_1_83' title='bbox 920 560 1032 602; x_wconf 34' lang='lat' dir='ltr'>sum-mo</span> <span class='ocrx_word' id='word_1_84' title='bbox 1045 554 1197 599; x_wconf 74' lang='lat' dir='ltr'>pontifice,</span> <span class='ocrx_word' id='word_1_85' title='bbox 1215 553 1265 584; x_wconf 92' lang='lat' dir='ltr'>de-</span> 
     </span>
     <span class='ocr_line' id='line_1_12' title="bbox 205 593 1220 641; baseline -0.014 -6"><span class='ocrx_word' id='word_1_86' title='bbox 205 604 352 634; x_wconf 77' lang='lat' dir='ltr'>clarabitur</span> <span class='ocrx_word' id='word_1_87' title='bbox 364 614 414 641; x_wconf 90' lang='lat' dir='ltr'>per</span> <span class='ocrx_word' id='word_1_88' title='bbox 432 604 640 641; x_wconf 81' lang='lat' dir='ltr'>inquilitjonem</span> <span class='ocrx_word' id='word_1_89' title='bbox 655 601 691 631; x_wconf 88' lang='lat' dir='ltr'>de</span> <span class='ocrx_word' id='word_1_90' title='bbox 707 599 840 630; x_wconf 88' lang='lat' dir='ltr'>mandato</span> <span class='ocrx_word' id='word_1_91' title='bbox 853 608 910 636; x_wconf 77' lang='lat' dir='ltr'>ejus</span> <span class='ocrx_word' id='word_1_92' title='bbox 923 595 1042 638; x_wconf 81' lang='lat' dir='ltr'>protnde</span> <span class='ocrx_word' id='word_1_93' title='bbox 1054 593 1220 638; x_wconf 70' lang='lat' dir='ltr'>taciendam.</span> 
     </span>
    </p>

    <p class='ocr_par' dir='ltr' id='par_1_6' title="bbox 202 630 1269 1026">
     <span class='ocr_line' id='line_1_13' title="bbox 244 630 1266 681; baseline -0.012 -9"><span class='ocrx_word' id='word_1_94' title='bbox 244 642 297 681; x_wconf 87' lang='lat' dir='ltr'>Et,</span> <span class='ocrx_word' id='word_1_95' title='bbox 316 642 350 673; x_wconf 88' lang='lat' dir='ltr'>ad</span> <span class='ocrx_word' id='word_1_96' title='bbox 375 642 433 673; x_wconf 88' lang='lat' dir='ltr'>hoc</span> <span class='ocrx_word' id='word_1_97' title='bbox 454 641 570 671; x_wconf 82' lang='lat' dir='ltr'>fideliter</span> <span class='ocrx_word' id='word_1_98' title='bbox 588 638 801 677; x_wconf 80' lang='lat' dir='ltr'>exequendum,</span> <span class='ocrx_word' id='word_1_99' title='bbox 819 637 918 681; x_wconf 85' lang='lat' dir='ltr'>obligo</span> <span class='ocrx_word' id='word_1_100' title='bbox 932 645 980 665; x_wconf 88' lang='lat' dir='ltr'>me</span> <span class='ocrx_word' id='word_1_101' title='bbox 992 644 1040 672; x_wconf 84' lang='lat' dir='ltr'>per</span> <span class='ocrx_word' id='word_1_102' title='bbox 1054 639 1200 677; x_wconf 76' lang='lat' dir='ltr'>proprium</span> <span class='ocrx_word' id='word_1_103' title='bbox 1212 630 1266 670; x_wconf 85' lang='lat' dir='ltr'>Ju-</span> 
     </span>
     <span class='ocr_line' id='line_1_14' title="bbox 205 675 1266 720; baseline -0.012 -8"><span class='ocrx_word' id='word_1_104' title='bbox 205 689 366 711; x_wconf 87' lang='lat' dir='ltr'>rarnentum</span> <span class='ocrx_word' id='word_1_105' title='bbox 381 705 390 719; x_wconf 85' lang='lat'>,</span> <span class='ocrx_word' id='word_1_106' title='bbox 416 691 449 710; x_wconf 88' lang='lat' dir='ltr'>ac</span> <span class='ocrx_word' id='word_1_107' title='bbox 470 690 520 720; x_wconf 85' lang='lat' dir='ltr'>per</span> <span class='ocrx_word' id='word_1_108' title='bbox 541 686 665 716; x_wconf 84' lang='lat' dir='ltr'>patentes</span> <span class='ocrx_word' id='word_1_109' title='bbox 685 677 784 706; x_wconf 83' lang='lat' dir='ltr'>litteras</span> <span class='ocrx_word' id='word_1_110' title='bbox 806 675 893 715; x_wconf 73' lang='lat' dir='ltr'>sigillo</span> <span class='ocrx_word' id='word_1_111' title='bbox 910 684 982 718; x_wconf 29' lang='lat' dir='ltr'>‘meo</span> <span class='ocrx_word' id='word_1_112' title='bbox 998 680 1132 715; x_wconf 76' lang='lat' dir='ltr'>munitas,</span> <span class='ocrx_word' id='word_1_113' title='bbox 1150 679 1266 700; x_wconf 87' lang='lat' dir='ltr'>necnon</span> 
     </span>
     <span class='ocr_line' id='line_1_15' title="bbox 205 708 1268 756; baseline -0.012 -6"><span class='ocrx_word' id='word_1_114' title='bbox 205 729 256 756; x_wconf 84' lang='lat' dir='ltr'>per</span> <span class='ocrx_word' id='word_1_115' title='bbox 268 719 472 752; x_wconf 67' lang='lat' dir='ltr'>fideiussionem</span> <span class='ocrx_word' id='word_1_116' title='bbox 486 716 689 748; x_wconf 86' lang='lat' dir='ltr'>venerabilium</span> <span class='ocrx_word' id='word_1_117' title='bbox 709 723 818 752; x_wconf 88' lang='lat' dir='ltr'>patrum</span> <span class='ocrx_word' id='word_1_118' title='bbox 842 713 916 743; x_wconf 85' lang='lat' dir='ltr'>Petri</span> <span class='ocrx_word' id='word_1_119' title='bbox 928 712 970 742; x_wconf 86' lang='lat' dir='ltr'>W</span> <span class='ocrx_word' id='word_1_120' title='bbox 974 712 1131 755; x_wconf 73' lang='lat' dir='ltr'>intonienlis</span> <span class='ocrx_word' id='word_1_121' title='bbox 1167 710 1201 740; x_wconf 64' lang='grc' dir='ltr'>ὃς</span> <span class='ocrx_word' id='word_1_122' title='bbox 1213 708 1268 747; x_wconf 85' lang='lat' dir='ltr'>Jo-</span> 
     </span>
     <span class='ocr_line' id='line_1_16' title="bbox 206 733 1268 794; baseline -0.011 -6"><span class='ocrx_word' id='word_1_123' title='bbox 206 758 303 788; x_wconf 74' lang='lat' dir='ltr'>hannis</span> <span class='ocrx_word' id='word_1_124' title='bbox 319 754 513 787; x_wconf 78' lang='lat' dir='ltr'>Norwicensis</span> <span class='ocrx_word' id='word_1_125' title='bbox 526 754 748 792; x_wconf 87' lang='lat' dir='ltr'>Episcoporum,</span> <span class='ocrx_word' id='word_1_126' title='bbox 767 763 800 783; x_wconf 86' lang='lat' dir='ltr'>ac</span> <span class='ocrx_word' id='word_1_127' title='bbox 816 751 972 782; x_wconf 90' lang='lat' dir='ltr'>Nobilium</span> <span class='ocrx_word' id='word_1_128' title='bbox 981 758 1117 794; x_wconf 37' lang='lat' dir='ltr'>&#39;virorum</span> <span class='ocrx_word' id='word_1_129' title='bbox 1132 733 1268 791; x_wconf 75' lang='lat' dir='ltr'>Cestren-</span> 
     </span>
     <span class='ocr_line' id='line_1_17' title="bbox 206 786 1269 831; baseline -0.01 -5"><span class='ocrx_word' id='word_1_130' title='bbox 206 796 239 826; x_wconf 85' lang='lat' dir='ltr'>fis</span> <span class='ocrx_word' id='word_1_131' title='bbox 253 798 286 828; x_wconf 90' lang='lat'>&amp;</span> <span class='ocrx_word' id='word_1_132' title='bbox 302 796 340 825; x_wconf 86' lang='lat' dir='ltr'>W</span> <span class='ocrx_word' id='word_1_133' title='bbox 346 795 504 825; x_wconf 84' lang='lat' dir='ltr'>intonienlis</span> <span class='ocrx_word' id='word_1_134' title='bbox 524 792 678 824; x_wconf 78' lang='lat' dir='ltr'>Comitum</span> <span class='ocrx_word' id='word_1_135' title='bbox 692 816 701 830; x_wconf 82' lang='lat'><strong>‚</strong></span> <span class='ocrx_word' id='word_1_136' title='bbox 727 792 760 822; x_wconf 91' lang='lat'>&amp;</span> <span class='ocrx_word' id='word_1_137' title='bbox 773 790 926 821; x_wconf 80' lang='lat' dir='ltr'>willielmi</span> <span class='ocrx_word' id='word_1_138' title='bbox 942 789 1076 825; x_wconf 83' lang='lat' dir='ltr'>Briwerr,</span> <span class='ocrx_word' id='word_1_139' title='bbox 1096 788 1128 830; x_wconf 60' lang='lat' dir='ltr'>&lt;Sc</span> <span class='ocrx_word' id='word_1_140' title='bbox 1142 786 1269 831; x_wconf 75' lang='lat' dir='ltr'>Williel-</span> 
     </span>
     <span class='ocr_line' id='line_1_18' title="bbox 205 825 1268 870; baseline -0.009 -6"><span class='ocrx_word' id='word_1_141' title='bbox 205 836 248 865; x_wconf 87' lang='lat' dir='ltr'>mi</span> <span class='ocrx_word' id='word_1_142' title='bbox 271 833 426 864; x_wconf 79' lang='lat' dir='ltr'>Marescalli</span> <span class='ocrx_word' id='word_1_143' title='bbox 444 832 566 862; x_wconf 87' lang='lat' dir='ltr'>Comitis</span> <span class='ocrx_word' id='word_1_144' title='bbox 585 831 621 861; x_wconf 86' lang='lat' dir='ltr'>de</span> <span class='ocrx_word' id='word_1_145' title='bbox 642 830 788 860; x_wconf 89' lang='lat' dir='ltr'>Pembroc</span> <span class='ocrx_word' id='word_1_146' title='bbox 800 854 809 867; x_wconf 91' lang='lat'>,</span> <span class='ocrx_word' id='word_1_147' title='bbox 833 829 852 859; x_wconf 88' lang='lat' dir='ltr'>fi</span> <span class='ocrx_word' id='word_1_148' title='bbox 871 829 954 858; x_wconf 86' lang='lat' dir='ltr'>fuerit</span> <span class='ocrx_word' id='word_1_149' title='bbox 975 826 1093 870; x_wconf 72' lang='lat' dir='ltr'>praesens</span> <span class='ocrx_word' id='word_1_150' title='bbox 1106 836 1135 855; x_wconf 84' lang='lat' dir='ltr'>in</span> <span class='ocrx_word' id='word_1_151' title='bbox 1150 825 1195 869; x_wconf 88' lang='lat' dir='ltr'>An</span> <span class='ocrx_word' id='word_1_152' title='bbox 1216 825 1268 869; x_wconf 80' lang='lat' dir='ltr'>lia,</span> 
     </span>
     <span class='ocr_line' id='line_1_19' title="bbox 205 863 1266 908; baseline -0.008 -5"><span class='ocrx_word' id='word_1_153' title='bbox 205 873 251 903; x_wconf 88' lang='lat' dir='ltr'>vel</span> <span class='ocrx_word' id='word_1_154' title='bbox 272 872 395 903; x_wconf 90' lang='lat' dir='ltr'>Comitis</span> <span class='ocrx_word' id='word_1_155' title='bbox 414 871 449 900; x_wconf 84' lang='lat' dir='ltr'>de</span> <span class='ocrx_word' id='word_1_156' title='bbox 471 871 613 907; x_wconf 81' lang='lat' dir='ltr'>Ferrariis,</span> <span class='ocrx_word' id='word_1_157' title='bbox 629 869 674 899; x_wconf 87' lang='lat' dir='ltr'>seu</span> <span class='ocrx_word' id='word_1_158' title='bbox 691 868 815 898; x_wconf 83' lang='lat' dir='ltr'>Comitis</span> <span class='ocrx_word' id='word_1_159' title='bbox 830 866 983 904; x_wconf 88' lang='lat' dir='ltr'>Arundell,</span> <span class='ocrx_word' id='word_1_160' title='bbox 1002 865 1021 895; x_wconf 80' lang='lat' dir='ltr'>si</span> <span class='ocrx_word' id='word_1_161' title='bbox 1036 865 1127 908; x_wconf 60' lang='lat' dir='ltr'>didius</span> <span class='ocrx_word' id='word_1_162' title='bbox 1141 864 1187 907; x_wconf 72' lang='lat' dir='ltr'>W</span> <span class='ocrx_word' id='word_1_163' title='bbox 1207 863 1266 907; x_wconf 80' lang='lat' dir='ltr'>liel-</span> 
     </span>
     <span class='ocr_line' id='line_1_20' title="bbox 205 902 1267 946; baseline -0.008 -5"><span class='ocrx_word' id='word_1_164' title='bbox 205 920 268 941; x_wconf 89' lang='lat' dir='ltr'>mus</span> <span class='ocrx_word' id='word_1_165' title='bbox 282 910 460 941; x_wconf 75' lang='lat' dir='ltr'>Marescallus</span> <span class='ocrx_word' id='word_1_166' title='bbox 476 909 588 939; x_wconf 80' lang='lat' dir='ltr'>forsitan</span> <span class='ocrx_word' id='word_1_167' title='bbox 600 907 695 938; x_wconf 77' lang='lat' dir='ltr'>absens</span> <span class='ocrx_word' id='word_1_168' title='bbox 708 907 806 943; x_wconf 87' lang='lat' dir='ltr'>fuerit,</span> <span class='ocrx_word' id='word_1_169' title='bbox 825 915 926 936; x_wconf 89' lang='lat' dir='ltr'>eorum</span> <span class='ocrx_word' id='word_1_170' title='bbox 939 905 1112 946; x_wconf 68' lang='lat' dir='ltr'>juramentis</span> <span class='ocrx_word' id='word_1_171' title='bbox 1124 904 1157 934; x_wconf 83' lang='lat'>&amp;</span> <span class='ocrx_word' id='word_1_172' title='bbox 1171 902 1267 933; x_wconf 80' lang='lat' dir='ltr'>litteris</span> 
     </span>
     <span class='ocr_line' id='line_1_21' title="bbox 204 942 1266 986; baseline -0.008 -7"><span class='ocrx_word' id='word_1_173' title='bbox 204 949 385 986; x_wconf 71' lang='lat' dir='ltr'>roboratam,</span> <span class='ocrx_word' id='word_1_174' title='bbox 402 948 443 978; x_wconf 68' lang='lat' dir='ltr'>Ita</span> <span class='ocrx_word' id='word_1_175' title='bbox 467 947 544 985; x_wconf 88' lang='lat' dir='ltr'>quod</span> <span class='ocrx_word' id='word_1_176' title='bbox 564 956 623 977; x_wconf 87' lang='lat' dir='ltr'>tam</span> <span class='ocrx_word' id='word_1_177' title='bbox 644 946 770 976; x_wconf 71' lang='lat' dir='ltr'>hteredes</span> <span class='ocrx_word' id='word_1_178' title='bbox 792 946 866 983; x_wconf 85' lang='lat' dir='ltr'>mei,</span> <span class='ocrx_word' id='word_1_179' title='bbox 885 954 969 982; x_wconf 88' lang='lat' dir='ltr'>quam</span> <span class='ocrx_word' id='word_1_180' title='bbox 983 942 1152 974; x_wconf 83' lang='lat' dir='ltr'>successores</span> <span class='ocrx_word' id='word_1_181' title='bbox 1165 951 1266 971; x_wconf 89' lang='lat' dir='ltr'>eorum</span> 
     </span>
     <span class='ocr_line' id='line_1_22' title="bbox 202 984 1250 1026; baseline -0.008 -10"><span class='ocrx_word' id='word_1_182' title='bbox 202 988 260 1026; x_wconf 72' lang='lat' dir='ltr'>pari</span> <span class='ocrx_word' id='word_1_183' title='bbox 276 987 449 1026; x_wconf 78' lang='lat' dir='ltr'>obligatione</span> <span class='ocrx_word' id='word_1_184' title='bbox 462 994 609 1016; x_wconf 81' lang='lat' dir='ltr'>teneantur</span> <span class='ocrx_word' id='word_1_185' title='bbox 623 984 737 1014; x_wconf 58' lang='lat' dir='ltr'>astricti.</span> <span class='ocrx_word' id='word_1_186' title='bbox 1245 1019 1250 1024; x_wconf 95' lang='lat'><em>.</em></span> 
     </span>
    </p>

    <p class='ocr_par' dir='ltr' id='par_1_7' title="bbox 201 1018 1266 1171">
     <span class='ocr_line' id='line_1_23' title="bbox 241 1018 1266 1064; baseline -0.009 -8"><span class='ocrx_word' id='word_1_187' title='bbox 241 1025 296 1064; x_wconf 85' lang='lat' dir='ltr'>Et,</span> <span class='ocrx_word' id='word_1_188' title='bbox 316 1026 334 1055; x_wconf 81' lang='lat' dir='ltr'>ii</span> <span class='ocrx_word' id='word_1_189' title='bbox 355 1025 467 1055; x_wconf 80' lang='lat' dir='ltr'>forlitan</span> <span class='ocrx_word' id='word_1_190' title='bbox 487 1024 633 1063; x_wconf 86' lang='lat' dir='ltr'>quisquam</span> <span class='ocrx_word' id='word_1_191' title='bbox 651 1023 687 1052; x_wconf 91' lang='lat' dir='ltr'>de</span> <span class='ocrx_word' id='word_1_192' title='bbox 706 1021 908 1052; x_wconf 81' lang='lat' dir='ltr'>successoribus</span> <span class='ocrx_word' id='word_1_193' title='bbox 923 1019 1093 1051; x_wconf 85' lang='lat' dir='ltr'>eorumdem</span> <span class='ocrx_word' id='word_1_194' title='bbox 1107 1018 1153 1048; x_wconf 87' lang='lat' dir='ltr'>vel</span> <span class='ocrx_word' id='word_1_195' title='bbox 1166 1028 1266 1062; x_wconf 80' lang='lat' dir='ltr'>nequi-</span> 
     </span>
     <span class='ocr_line' id='line_1_24' title="bbox 204 1056 1266 1103; baseline -0.008 -9"><span class='ocrx_word' id='word_1_196' title='bbox 204 1065 309 1103; x_wconf 86' lang='lat' dir='ltr'>verint,</span> <span class='ocrx_word' id='word_1_197' title='bbox 327 1063 372 1093; x_wconf 87' lang='lat' dir='ltr'>vel</span> <span class='ocrx_word' id='word_1_198' title='bbox 387 1063 527 1093; x_wconf 86' lang='lat' dir='ltr'>noluerint</span> <span class='ocrx_word' id='word_1_199' title='bbox 540 1063 574 1092; x_wconf 85' lang='lat' dir='ltr'>ad</span> <span class='ocrx_word' id='word_1_200' title='bbox 589 1063 664 1091; x_wconf 80' lang='lat' dir='ltr'>hanc</span> <span class='ocrx_word' id='word_1_201' title='bbox 679 1061 884 1100; x_wconf 81' lang='lat' dir='ltr'>obligationem</span> <span class='ocrx_word' id='word_1_202' title='bbox 896 1060 1010 1096; x_wconf 83' lang='lat' dir='ltr'>induci,</span> <span class='ocrx_word' id='word_1_203' title='bbox 1030 1068 1085 1102; x_wconf 74' lang='lat' dir='ltr'>ego</span> <span class='ocrx_word' id='word_1_204' title='bbox 1103 1057 1190 1101; x_wconf 85' lang='lat' dir='ltr'>alium</span> <span class='ocrx_word' id='word_1_205' title='bbox 1203 1056 1266 1087; x_wconf 82' lang='lat' dir='ltr'>ido-</span> 
     </span>
     <span class='ocr_line' id='line_1_25' title="bbox 202 1095 1265 1140; baseline -0.008 -7"><span class='ocrx_word' id='word_1_206' title='bbox 202 1112 291 1133; x_wconf 88' lang='lat' dir='ltr'>neum</span> <span class='ocrx_word' id='word_1_207' title='bbox 311 1101 516 1140; x_wconf 83' lang='lat' dir='ltr'>Fidejufforem</span> <span class='ocrx_word' id='word_1_208' title='bbox 536 1100 707 1132; x_wconf 83' lang='lat' dir='ltr'>constituam</span> <span class='ocrx_word' id='word_1_209' title='bbox 725 1099 881 1130; x_wconf 88' lang='lat' dir='ltr'>secundum</span> <span class='ocrx_word' id='word_1_210' title='bbox 904 1098 1029 1128; x_wconf 85' lang='lat' dir='ltr'>formam</span> <span class='ocrx_word' id='word_1_211' title='bbox 1050 1095 1162 1126; x_wconf 81' lang='lat' dir='ltr'>inferius</span> <span class='ocrx_word' id='word_1_212' title='bbox 1175 1105 1265 1127; x_wconf 81' lang='lat' dir='ltr'>anno-</span> 
     </span>
     <span class='ocr_line' id='line_1_26' title="bbox 201 1150 299 1171; baseline -0.01 0"><span class='ocrx_word' id='word_1_213' title='bbox 201 1150 299 1171; x_wconf 82' lang='lat' dir='ltr'>ratam.</span> 
     </span>
    </p>

    <p class='ocr_par' dir='ltr' id='par_1_8' title="bbox 202 1171 1265 1333">
     <span class='ocr_line' id='line_1_27' title="bbox 239 1171 1265 1245; baseline -0.008 -36"><span class='ocrx_word' id='word_1_214' title='bbox 239 1179 349 1209; x_wconf 47' lang='lat' dir='ltr'>Acium</span> <span class='ocrx_word' id='word_1_215' title='bbox 377 1188 473 1210; x_wconf 89' lang='lat' dir='ltr'>autem</span> <span class='ocrx_word' id='word_1_216' title='bbox 503 1178 544 1209; x_wconf 90' lang='lat' dir='ltr'>est</span> <span class='ocrx_word' id='word_1_217' title='bbox 570 1178 629 1208; x_wconf 88' lang='lat' dir='ltr'>hoc</span> <span class='ocrx_word' id='word_1_218' title='bbox 648 1177 722 1215; x_wconf 88' lang='lat' dir='ltr'>apud</span> <span class='ocrx_word' id='word_1_219' title='bbox 745 1176 932 1245; x_wconf 60' lang='lat' dir='ltr'>Andegavum</span> <span class='ocrx_word' id='word_1_220' title='bbox 955 1184 990 1212; x_wconf 93' lang='lat'>17</span> <span class='ocrx_word' id='word_1_221' title='bbox 1013 1174 1060 1204; x_wconf 91' lang='lat' dir='ltr'>die</span> <span class='ocrx_word' id='word_1_222' title='bbox 1077 1173 1156 1212; x_wconf 86' lang='lat' dir='ltr'>Junii</span> <span class='ocrx_word' id='word_1_223' title='bbox 1176 1171 1265 1217; x_wconf 80' lang='lat' dir='ltr'>Anno</span> 
     </span>
     <span class='ocr_line' id='line_1_28' title="bbox 202 1210 1265 1255; baseline -0.008 -7"><span class='ocrx_word' id='word_1_224' title='bbox 202 1216 301 1255; x_wconf 87' lang='lat' dir='ltr'>Regni</span> <span class='ocrx_word' id='word_1_225' title='bbox 313 1217 401 1248; x_wconf 87' lang='lat' dir='ltr'>nostri</span> <span class='ocrx_word' id='word_1_226' title='bbox 421 1218 464 1247; x_wconf 93' lang='lat'>16.</span> <span class='ocrx_word' id='word_1_227' title='bbox 486 1227 585 1248; x_wconf 86' lang='lat' dir='ltr'>coram</span> <span class='ocrx_word' id='word_1_228' title='bbox 605 1215 745 1255; x_wconf 70' lang='lat' dir='ltr'>Magistro</span> <span class='ocrx_word' id='word_1_229' title='bbox 761 1215 820 1245; x_wconf 90' lang='lat' dir='ltr'>Pan</span> <span class='ocrx_word' id='word_1_230' title='bbox 842 1214 901 1244; x_wconf 89' lang='lat' dir='ltr'>ulfo</span> <span class='ocrx_word' id='word_1_231' title='bbox 915 1214 1038 1244; x_wconf 83' lang='lat' dir='ltr'>Domini</span> <span class='ocrx_word' id='word_1_232' title='bbox 1058 1213 1142 1255; x_wconf 51' lang='lat' dir='ltr'>Papa:</span> <span class='ocrx_word' id='word_1_233' title='bbox 1154 1210 1265 1241; x_wconf 84' lang='lat' dir='ltr'>subdia-</span> 
     </span>
     <span class='ocr_line' id='line_1_29' title="bbox 202 1249 1264 1294; baseline -0.006 -8"><span class='ocrx_word' id='word_1_234' title='bbox 202 1265 281 1286; x_wconf 92' lang='lat' dir='ltr'>cono</span> <span class='ocrx_word' id='word_1_235' title='bbox 298 1257 330 1287; x_wconf 64' lang='grc' dir='ltr'>ὃς</span> <span class='ocrx_word' id='word_1_236' title='bbox 346 1256 489 1294; x_wconf 76' lang='lat' dir='ltr'>familiari,</span> <span class='ocrx_word' id='word_1_237' title='bbox 505 1255 540 1287; x_wconf 85' lang='lat' dir='ltr'>ad</span> <span class='ocrx_word' id='word_1_238' title='bbox 556 1256 613 1286; x_wconf 89' lang='lat' dir='ltr'>hoc</span> <span class='ocrx_word' id='word_1_239' title='bbox 628 1254 780 1293; x_wconf 78' lang='lat' dir='ltr'>specialiter</span> <span class='ocrx_word' id='word_1_240' title='bbox 794 1252 952 1291; x_wconf 78' lang='lat' dir='ltr'>destinato,</span> <span class='ocrx_word' id='word_1_241' title='bbox 969 1254 998 1283; x_wconf 89' lang='lat' dir='ltr'>in</span> <span class='ocrx_word' id='word_1_242' title='bbox 1010 1251 1151 1291; x_wconf 72' lang='lat' dir='ltr'>praesentia</span> <span class='ocrx_word' id='word_1_243' title='bbox 1167 1249 1264 1281; x_wconf 86' lang='lat' dir='ltr'>Vene-</span> 
     </span>
     <span class='ocr_line' id='line_1_30' title="bbox 204 1295 477 1333; baseline -0.007 -7"><span class='ocrx_word' id='word_1_244' title='bbox 204 1295 336 1326; x_wconf 83' lang='lat' dir='ltr'>rabilium</span> <span class='ocrx_word' id='word_1_245' title='bbox 351 1303 477 1333; x_wconf 85' lang='lat' dir='ltr'>patrum,</span> 
     </span>
    </p>
   </div>
   <div class='ocr_carea' id='block_1_5' title="bbox 239 1369 937 1709">
    <p class='ocr_par' dir='ltr' id='par_1_9' title="bbox 239 1369 937 1709">
     <span class='ocr_line' id='line_1_31' title="bbox 269 1371 829 1404; baseline 0.005 -3"><span class='ocrx_word' id='word_1_246' title='bbox 269 1371 378 1402; x_wconf 65' lang='lat' dir='ltr'>ohannis</span> <span class='ocrx_word' id='word_1_247' title='bbox 399 1374 546 1402; x_wconf 80' lang='lat' dir='ltr'>Norwicen</span> <span class='ocrx_word' id='word_1_248' title='bbox 558 1383 579 1401; x_wconf 80' lang='lat' dir='ltr'>ts</span> <span class='ocrx_word' id='word_1_249' title='bbox 615 1387 619 1394; x_wconf 84' lang='lat'><em>·</em></span> <span class='ocrx_word' id='word_1_250' title='bbox 742 1392 746 1396; x_wconf 94' lang='lat'>·</span> <span class='ocrx_word' id='word_1_251' title='bbox 825 1399 829 1404; x_wconf 39' lang='lat' dir='ltr'>i</span> 
     </span>
     <span class='ocr_line' id='line_1_32' title="bbox 239 1369 884 1451; baseline -0.005 -9"><span class='ocrx_word' id='word_1_252' title='bbox 239 1370 285 1442; x_wconf 46' lang='lat' dir='ltr'>JV-</span> <span class='ocrx_word' id='word_1_253' title='bbox 305 1410 529 1451; x_wconf 62' lang='lat' dir='ltr'>Andegavwzfis,</span> <span class='ocrx_word' id='word_1_254' title='bbox 541 1371 566 1413; x_wconf 78' lang='lat' dir='ltr'><em>s</em></span> <span class='ocrx_word' id='word_1_255' title='bbox 598 1369 637 1408; x_wconf 48' lang='grc' dir='ltr'>ὀ,</span> <span class='ocrx_word' id='word_1_256' title='bbox 655 1384 678 1435; x_wconf 75' lang='lat'><em>}</em></span> <span class='ocrx_word' id='word_1_257' title='bbox 693 1387 823 1429; x_wconf 77' lang='lat' dir='ltr'>Eptfiopm</span> <span class='ocrx_word' id='word_1_258' title='bbox 832 1398 884 1418; x_wconf 62' lang='lat'>“⁷⁷²⁸</span> 
     </span>
     <span class='ocr_line' id='line_1_33' title="bbox 239 1447 634 1488; baseline -0.003 -10"><span class='ocrx_word' id='word_1_259' title='bbox 239 1448 377 1487; x_wconf 73' lang='lat' dir='ltr'>Radulphi</span> <span class='ocrx_word' id='word_1_260' title='bbox 389 1453 496 1478; x_wconf 73' lang='lat' dir='ltr'>Comitis</span> <span class='ocrx_word' id='word_1_261' title='bbox 510 1447 634 1488; x_wconf 79' lang='lat' dir='ltr'>Cestriae,</span> 
     </span>
     <span class='ocr_line' id='line_1_34' title="bbox 241 1486 716 1524; baseline -0.004 -8"><span class='ocrx_word' id='word_1_262' title='bbox 241 1486 386 1516; x_wconf 68' lang='lat' dir='ltr'>lVillielmi</span> <span class='ocrx_word' id='word_1_263' title='bbox 397 1491 506 1516; x_wconf 76' lang='lat' dir='ltr'>Comitis</span> <span class='ocrx_word' id='word_1_264' title='bbox 521 1488 552 1516; x_wconf 78' lang='lat' dir='ltr'>de</span> <span class='ocrx_word' id='word_1_265' title='bbox 566 1489 716 1524; x_wconf 75' lang='lat' dir='ltr'>ferrariis,</span> 
     </span>
     <span class='ocr_line' id='line_1_35' title="bbox 240 1523 865 1564; baseline -0.006 -10"><span class='ocrx_word' id='word_1_266' title='bbox 240 1523 370 1564; x_wconf 58' lang='lat' dir='ltr'>lllagistri</span> <span class='ocrx_word' id='word_1_267' title='bbox 386 1525 478 1556; x_wconf 80' lang='lat' dir='ltr'>Alam·</span> <span class='ocrx_word' id='word_1_268' title='bbox 493 1523 531 1560; x_wconf 72' lang='lat'><em>&amp;</em></span> <span class='ocrx_word' id='word_1_269' title='bbox 552 1543 555 1557; x_wconf 66' lang='grc'>,-</span> <span class='ocrx_word' id='word_1_270' title='bbox 576 1524 739 1554; x_wconf 56' lang='lat' dir='ltr'>&#39;clericorum</span> <span class='ocrx_word' id='word_1_271' title='bbox 754 1525 865 1552; x_wconf 72' lang='lat' dir='ltr'>Domini</span> 
     </span>
     <span class='ocr_line' id='line_1_36' title="bbox 240 1559 937 1601; baseline -0.007 -8"><span class='ocrx_word' id='word_1_272' title='bbox 240 1562 373 1601; x_wconf 75' lang='lat' dir='ltr'>lValteri,</span> <span class='ocrx_word' id='word_1_273' title='bbox 552 1559 563 1583; x_wconf 65' lang='lat'><em>?</em></span> <span class='ocrx_word' id='word_1_274' title='bbox 578 1568 712 1593; x_wconf 80' lang='lat' dir='ltr'>cantuar.</span> <span class='ocrx_word' id='word_1_275' title='bbox 731 1559 937 1600; x_wconf 74' lang='lat' dir='ltr'>Archiepiftopi.</span> 
     </span>
     <span class='ocr_line' id='line_1_37' title="bbox 240 1600 720 1640; baseline 0.002 -10"><span class='ocrx_word' id='word_1_276' title='bbox 240 1601 383 1639; x_wconf 72' lang='lat' dir='ltr'>Reginaldi</span> <span class='ocrx_word' id='word_1_277' title='bbox 398 1603 429 1632; x_wconf 84' lang='lat' dir='ltr'>de</span> <span class='ocrx_word' id='word_1_278' title='bbox 442 1600 573 1632; x_wconf 78' lang='lat' dir='ltr'>Pontibus</span> <span class='ocrx_word' id='word_1_279' title='bbox 589 1605 701 1631; x_wconf 69' lang='lat' dir='ltr'>Senior-is</span> <span class='ocrx_word' id='word_1_280' title='bbox 710 1624 720 1640; x_wconf 84' lang='lat'>,</span> 
     </span>
     <span class='ocr_line' id='line_1_38' title="bbox 239 1639 618 1679; baseline 0.003 -10"><span class='ocrx_word' id='word_1_281' title='bbox 239 1641 344 1676; x_wconf 76' lang='lat' dir='ltr'>Pegani</span> <span class='ocrx_word' id='word_1_282' title='bbox 356 1641 388 1670; x_wconf 83' lang='lat' dir='ltr'>de</span> <span class='ocrx_word' id='word_1_283' title='bbox 402 1639 561 1679; x_wconf 70' lang='lat' dir='ltr'>Rupiforti,</span> <span class='ocrx_word' id='word_1_284' title='bbox 580 1639 618 1675; x_wconf 69' lang='lat'>&amp;-</span> 
     </span>
     <span class='ocr_line' id='line_1_39' title="bbox 239 1678 550 1709; baseline 0.006 -4"><span class='ocrx_word' id='word_1_285' title='bbox 239 1678 346 1707; x_wconf 63' lang='lat' dir='ltr'>:rraomae</span> <span class='ocrx_word' id='word_1_286' title='bbox 360 1680 388 1708; x_wconf 71' lang='lat' dir='ltr'>a&#39;:</span> <span class='ocrx_word' id='word_1_287' title='bbox 406 1680 550 1709; x_wconf 84' lang='lat' dir='ltr'>Erdinton.</span> 
     </span>
    </p>
   </div>
   <div class='ocr_carea' id='block_1_6' title="bbox 206 1749 1266 1764">
    <p class='ocr_par' dir='ltr' id='par_1_10' title="bbox 206 1749 1266 1764">
     <span class='ocr_line' id='line_1_40' title="bbox 206 1749 1266 1764; baseline 0 2497"><span class='ocrx_word' id='word_1_288' title='bbox 206 1749 1266 1764; x_wconf 95' lang='lat' dir='ltr'> </span> 
     </span>
    </p>
   </div>
   <div class='ocr_carea' id='block_1_7' title="bbox 176 1798 1266 1847">
    <p class='ocr_par' dir='ltr' id='par_1_11' title="bbox 176 1798 1266 1847">
     <span class='ocr_line' id='line_1_41' title="bbox 176 1798 1266 1847; baseline -0.001 -14"><span class='ocrx_word' id='word_1_289' title='bbox 176 1826 183 1833; x_wconf 86' lang='lat'><strong>.</strong></span> <span class='ocrx_word' id='word_1_290' title='bbox 203 1799 230 1826; x_wconf 50' lang='grc' dir='ltr'>*ἓ</span> <span class='ocrx_word' id='word_1_291' title='bbox 248 1801 429 1836; x_wconf 70' lang='lat' dir='ltr'>Willielmus</span> <span class='ocrx_word' id='word_1_292' title='bbox 449 1805 548 1836; x_wconf 84' lang='lat' dir='ltr'>Comes</span> <span class='ocrx_word' id='word_1_293' title='bbox 566 1802 602 1835; x_wconf 86' lang='lat' dir='ltr'>de</span> <span class='ocrx_word' id='word_1_294' title='bbox 620 1804 772 1835; x_wconf 75' lang='lat' dir='ltr'>Ferrariis</span> <span class='ocrx_word' id='word_1_295' title='bbox 780 1801 814 1847; x_wconf 88' lang='lat' dir='ltr'>se</span> <span class='ocrx_word' id='word_1_296' title='bbox 829 1798 976 1843; x_wconf 79' lang='lat' dir='ltr'>constituit</span> <span class='ocrx_word' id='word_1_297' title='bbox 1007 1811 1102 1832; x_wconf 87' lang='lat' dir='ltr'>unum</span> <span class='ocrx_word' id='word_1_298' title='bbox 1126 1798 1266 1845; x_wconf 82' lang='lat' dir='ltr'>Fidejus-</span> 
     </span>
    </p>
   </div>
   <div class='ocr_carea' id='block_1_8' title="bbox 582 1851 869 1896">
    <p class='ocr_par' dir='ltr' id='par_1_12' title="bbox 582 1851 869 1896">
     <span class='ocr_line' id='line_1_42' title="bbox 582 1851 869 1896; baseline 0.003 -14"><span class='ocrx_word' id='word_1_299' title='bbox 582 1851 689 1896; x_wconf 68' lang='lat' dir='ltr'>fivrum</span> <span class='ocrx_word' id='word_1_300' title='bbox 701 1861 756 1896; x_wconf 81' lang='lat' dir='ltr'>pra</span> <span class='ocrx_word' id='word_1_301' title='bbox 782 1852 869 1896; x_wconf 69' lang='lat' dir='ltr'>Rege.</span> 
     </span>
    </p>
   </div>
   <div class='ocr_carea' id='block_1_9' title="bbox 242 1933 1266 2053">
    <p class='ocr_par' dir='ltr' id='par_1_13' title="bbox 242 1933 1266 2053">
     <span class='ocr_line' id='line_1_43' title="bbox 303 1933 1266 1976; baseline -0.002 -8"><span class='ocrx_word' id='word_1_302' title='bbox 303 1937 454 1976; x_wconf 73' lang='lat' dir='ltr'>illielmuS,</span> <span class='ocrx_word' id='word_1_303' title='bbox 473 1937 585 1968; x_wconf 86' lang='lat' dir='ltr'>Comes</span> <span class='ocrx_word' id='word_1_304' title='bbox 605 1936 640 1966; x_wconf 92' lang='lat' dir='ltr'>dc</span> <span class='ocrx_word' id='word_1_305' title='bbox 656 1935 805 1973; x_wconf 67' lang='lat' dir='ltr'>ferrariis,</span> <span class='ocrx_word' id='word_1_306' title='bbox 822 1934 977 1974; x_wconf 86' lang='lat' dir='ltr'>omnibus,</span> <span class='ocrx_word' id='word_1_307' title='bbox 995 1933 1114 1973; x_wconf 72' lang='lat' dir='ltr'>praesens</span> <span class='ocrx_word' id='word_1_308' title='bbox 1129 1934 1266 1974; x_wconf 86' lang='lat' dir='ltr'>scriptum</span> 
     </span>
     <span class='ocr_line' id='line_1_44' title="bbox 313 1975 763 2014; baseline -0.009 -7"><span class='ocrx_word' id='word_1_309' title='bbox 313 1977 426 2014; x_wconf 77' lang='lat' dir='ltr'>visuris,</span> <span class='ocrx_word' id='word_1_310' title='bbox 444 1976 559 2006; x_wconf 85' lang='lat' dir='ltr'>salutem</span> <span class='ocrx_word' id='word_1_311' title='bbox 576 1976 604 2004; x_wconf 89' lang='lat' dir='ltr'>in</span> <span class='ocrx_word' id='word_1_312' title='bbox 620 1975 763 2005; x_wconf 91' lang='lat' dir='ltr'>Domino.</span> 
     </span>
     <span class='ocr_line' id='line_1_45' title="bbox 242 2011 1266 2053; baseline -0.005 -7"><span class='ocrx_word' id='word_1_313' title='bbox 242 2015 394 2046; x_wconf 87' lang='lat' dir='ltr'>Noveritis</span> <span class='ocrx_word' id='word_1_314' title='bbox 411 2014 506 2053; x_wconf 87' lang='lat' dir='ltr'>quod,</span> <span class='ocrx_word' id='word_1_315' title='bbox 525 2024 594 2045; x_wconf 88' lang='lat' dir='ltr'>cum</span> <span class='ocrx_word' id='word_1_316' title='bbox 607 2013 740 2044; x_wconf 87' lang='lat' dir='ltr'>dominus</span> <span class='ocrx_word' id='word_1_317' title='bbox 756 2022 835 2042; x_wconf 82' lang='lat' dir='ltr'>meus</span> <span class='ocrx_word' id='word_1_318' title='bbox 846 2012 990 2050; x_wconf 81' lang='lat' dir='ltr'>Johannes</span> <span class='ocrx_word' id='word_1_319' title='bbox 1005 2011 1072 2042; x_wconf 76' lang='lat' dir='ltr'>Rex</span> <span class='ocrx_word' id='word_1_320' title='bbox 1086 2011 1196 2042; x_wconf 86' lang='lat' dir='ltr'>illustris</span> <span class='ocrx_word' id='word_1_321' title='bbox 1203 2011 1266 2042; x_wconf 86' lang='lat' dir='ltr'>An—</span> 
     </span>
    </p>
   </div>
   <div class='ocr_carea' id='block_1_10' title="bbox 180 2050 1266 2095">
    <p class='ocr_par' dir='ltr' id='par_1_14' title="bbox 180 2050 1266 2095">
     <span class='ocr_line' id='line_1_46' title="bbox 180 2050 1266 2095; baseline -0.002 -13"><span class='ocrx_word' id='word_1_322' title='bbox 180 2088 186 2095; x_wconf 44' lang='lat'><em>·</em></span> <span class='ocrx_word' id='word_1_323' title='bbox 202 2053 335 2092; x_wconf 84' lang='lat' dir='ltr'>giorum,</span> <span class='ocrx_word' id='word_1_324' title='bbox 354 2053 466 2090; x_wconf 88' lang='lat' dir='ltr'>fingulis</span> <span class='ocrx_word' id='word_1_325' title='bbox 487 2054 564 2083; x_wconf 89' lang='lat' dir='ltr'>annis</span> <span class='ocrx_word' id='word_1_326' title='bbox 579 2077 588 2090; x_wconf 75' lang='lat'>,</span> <span class='ocrx_word' id='word_1_327' title='bbox 607 2051 672 2090; x_wconf 85' lang='lat' dir='ltr'>post</span> <span class='ocrx_word' id='word_1_328' title='bbox 695 2051 894 2081; x_wconf 78' lang='lat' dir='ltr'>relaxationem</span> <span class='ocrx_word' id='word_1_329' title='bbox 915 2050 1061 2081; x_wconf 75' lang='lat' dir='ltr'>InterdiCti</span> <span class='ocrx_word' id='word_1_330' title='bbox 1076 2074 1087 2088; x_wconf 91' lang='lat'>,</span> <span class='ocrx_word' id='word_1_331' title='bbox 1111 2050 1266 2081; x_wconf 85' lang='lat' dir='ltr'>duodecim</span> 
     </span>
    </p>
   </div>
   <div class='ocr_carea' id='block_1_11' title="bbox 202 2088 1266 2129">
    <p class='ocr_par' dir='ltr' id='par_1_15' title="bbox 202 2088 1266 2129">
     <span class='ocr_line' id='line_1_47' title="bbox 202 2088 1266 2129; baseline -0.003 -7"><span class='ocrx_word' id='word_1_332' title='bbox 202 2092 289 2122; x_wconf 89' lang='lat' dir='ltr'>millia</span> <span class='ocrx_word' id='word_1_333' title='bbox 303 2101 480 2129; x_wconf 82' lang='lat' dir='ltr'>marcarum,</span> <span class='ocrx_word' id='word_1_334' title='bbox 498 2092 528 2121; x_wconf 93' lang='lat' dir='ltr'>in</span> <span class='ocrx_word' id='word_1_335' title='bbox 544 2090 655 2122; x_wconf 89' lang='lat' dir='ltr'>duobus</span> <span class='ocrx_word' id='word_1_336' title='bbox 671 2091 814 2127; x_wconf 90' lang='lat' dir='ltr'>terminis,</span> <span class='ocrx_word' id='word_1_337' title='bbox 833 2088 1127 2120; x_wconf 87' lang='lat' dir='ltr'>Commemoratione</span> <span class='ocrx_word' id='word_1_338' title='bbox 1139 2113 1150 2127; x_wconf 81' lang='lat'>‚</span> <span class='ocrx_word' id='word_1_339' title='bbox 1167 2089 1266 2120; x_wconf 88' lang='lat' dir='ltr'>videli-</span> 
     </span>
    </p>
   </div>
   <div class='ocr_carea' id='block_1_12' title="bbox 156 2127 1267 2174">
    <p class='ocr_par' dir='ltr' id='par_1_16' title="bbox 156 2127 1267 2174">
     <span class='ocr_line' id='line_1_48' title="bbox 156 2127 1267 2174; baseline -0.002 -13"><span class='ocrx_word' id='word_1_340' title='bbox 156 2167 162 2172; x_wconf 33' lang='grc' dir='ltr'>ι</span> <span class='ocrx_word' id='word_1_341' title='bbox 200 2139 265 2169; x_wconf 79' lang='lat' dir='ltr'>cet,</span> <span class='ocrx_word' id='word_1_342' title='bbox 280 2132 414 2174; x_wconf 82' lang='lat' dir='ltr'>omniurn</span> <span class='ocrx_word' id='word_1_343' title='bbox 427 2130 597 2160; x_wconf 66' lang='lat' dir='ltr'>Sanctorum</span> <span class='ocrx_word' id='word_1_344' title='bbox 611 2129 656 2159; x_wconf 77' lang='lat' dir='ltr'>sex</span> <span class='ocrx_word' id='word_1_345' title='bbox 671 2129 757 2159; x_wconf 85' lang='lat' dir='ltr'>millia</span> <span class='ocrx_word' id='word_1_346' title='bbox 770 2137 857 2158; x_wconf 88' lang='lat' dir='ltr'>marc.</span> <span class='ocrx_word' id='word_1_347' title='bbox 877 2129 911 2159; x_wconf 64' lang='grc' dir='ltr'>ὃς</span> <span class='ocrx_word' id='word_1_348' title='bbox 925 2128 1046 2159; x_wconf 87' lang='lat' dir='ltr'>totidem</span> <span class='ocrx_word' id='word_1_349' title='bbox 1057 2127 1088 2157; x_wconf 92' lang='lat' dir='ltr'>in</span> <span class='ocrx_word' id='word_1_350' title='bbox 1096 2127 1267 2160; x_wconf 87' lang='lat' dir='ltr'>Ascenfione</span> 
     </span>
    </p>
   </div>
   <div class='ocr_carea' id='block_1_13' title="bbox 200 2165 1267 2400">
    <p class='ocr_par' dir='ltr' id='par_1_17' title="bbox 200 2165 1267 2400">
     <span class='ocr_line' id='line_1_49' title="bbox 201 2165 1265 2207; baseline -0.001 -8"><span class='ocrx_word' id='word_1_351' title='bbox 201 2168 345 2207; x_wconf 82' lang='lat' dir='ltr'>Domini,</span> <span class='ocrx_word' id='word_1_352' title='bbox 364 2179 393 2198; x_wconf 88' lang='lat' dir='ltr'>m</span> <span class='ocrx_word' id='word_1_353' title='bbox 414 2177 514 2199; x_wconf 76' lang='lat' dir='ltr'>tramis</span> <span class='ocrx_word' id='word_1_354' title='bbox 527 2167 731 2199; x_wconf 88' lang='lat' dir='ltr'>venerabilium</span> <span class='ocrx_word' id='word_1_355' title='bbox 754 2176 866 2206; x_wconf 87' lang='lat' dir='ltr'>patrum</span> <span class='ocrx_word' id='word_1_356' title='bbox 889 2166 1024 2205; x_wconf 80' lang='lat' dir='ltr'>Stephani</span> <span class='ocrx_word' id='word_1_357' title='bbox 1048 2165 1183 2198; x_wconf 87' lang='lat' dir='ltr'>Cantuar.</span> <span class='ocrx_word' id='word_1_358' title='bbox 1208 2167 1265 2198; x_wconf 90' lang='lat' dir='ltr'>Ar-</span> 
     </span>
     <span class='ocr_line' id='line_1_50' title="bbox 200 2204 1263 2245; baseline -0.001 -7"><span class='ocrx_word' id='word_1_359' title='bbox 200 2207 293 2245; x_wconf 85' lang='lat' dir='ltr'>chiep.</span> <span class='ocrx_word' id='word_1_360' title='bbox 314 2207 540 2245; x_wconf 77' lang='lat' dir='ltr'>Londoniensis,</span> <span class='ocrx_word' id='word_1_361' title='bbox 558 2206 674 2237; x_wconf 83' lang='lat' dir='ltr'>Elienfis</span> <span class='ocrx_word' id='word_1_362' title='bbox 689 2216 722 2236; x_wconf 87' lang='lat' dir='ltr'>ac</span> <span class='ocrx_word' id='word_1_363' title='bbox 739 2205 944 2236; x_wconf 83' lang='lat' dir='ltr'>Lincolniensis</span> <span class='ocrx_word' id='word_1_364' title='bbox 959 2204 1171 2244; x_wconf 87' lang='lat' dir='ltr'>Episcoporum</span> <span class='ocrx_word' id='word_1_365' title='bbox 1185 2230 1196 2244; x_wconf 96' lang='lat'>,</span> <span class='ocrx_word' id='word_1_366' title='bbox 1215 2205 1263 2237; x_wconf 91' lang='lat' dir='ltr'>vel</span> 
     </span>
     <span class='ocr_line' id='line_1_51' title="bbox 200 2243 1267 2285; baseline -0.001 -9"><span class='ocrx_word' id='word_1_367' title='bbox 200 2255 321 2285; x_wconf 88' lang='lat' dir='ltr'>eorum,</span> <span class='ocrx_word' id='word_1_368' title='bbox 341 2256 412 2284; x_wconf 88' lang='lat' dir='ltr'>quos</span> <span class='ocrx_word' id='word_1_369' title='bbox 428 2245 476 2283; x_wconf 83' lang='lat' dir='ltr'>ipsi</span> <span class='ocrx_word' id='word_1_370' title='bbox 489 2245 523 2275; x_wconf 88' lang='lat' dir='ltr'>ad</span> <span class='ocrx_word' id='word_1_371' title='bbox 539 2246 597 2276; x_wconf 87' lang='lat' dir='ltr'>hoc</span> <span class='ocrx_word' id='word_1_372' title='bbox 613 2244 742 2275; x_wconf 86' lang='lat' dir='ltr'>duxerint</span> <span class='ocrx_word' id='word_1_373' title='bbox 763 2244 937 2282; x_wconf 88' lang='lat' dir='ltr'>deputandos</span> <span class='ocrx_word' id='word_1_374' title='bbox 950 2268 960 2283; x_wconf 90' lang='lat'>,</span> <span class='ocrx_word' id='word_1_375' title='bbox 987 2245 1018 2274; x_wconf 88' lang='lat' dir='ltr'>in</span> <span class='ocrx_word' id='word_1_376' title='bbox 1030 2243 1157 2275; x_wconf 80' lang='lat' dir='ltr'>Ecclesia</span> <span class='ocrx_word' id='word_1_377' title='bbox 1170 2244 1267 2276; x_wconf 66' lang='lat' dir='ltr'>Sancti</span> 
     </span>
     <span class='ocr_line' id='line_1_52' title="bbox 200 2282 1265 2322; baseline -0.002 -6"><span class='ocrx_word' id='word_1_378' title='bbox 200 2284 280 2316; x_wconf 86' lang='lat' dir='ltr'>Pauli</span> <span class='ocrx_word' id='word_1_379' title='bbox 297 2284 424 2316; x_wconf 90' lang='lat' dir='ltr'>London</span> <span class='ocrx_word' id='word_1_380' title='bbox 440 2292 566 2315; x_wconf 63' lang='lat' dir='ltr'>teneatur</span> <span class='ocrx_word' id='word_1_381' title='bbox 581 2283 706 2322; x_wconf 89' lang='lat' dir='ltr'>solvere,</span> <span class='ocrx_word' id='word_1_382' title='bbox 724 2283 818 2313; x_wconf 88' lang='lat' dir='ltr'>donec</span> <span class='ocrx_word' id='word_1_383' title='bbox 832 2291 891 2313; x_wconf 91' lang='lat' dir='ltr'>tota</span> <span class='ocrx_word' id='word_1_384' title='bbox 906 2282 1015 2313; x_wconf 88' lang='lat' dir='ltr'>summa</span> <span class='ocrx_word' id='word_1_385' title='bbox 1029 2282 1112 2314; x_wconf 83' lang='lat' dir='ltr'>fuerit</span> <span class='ocrx_word' id='word_1_386' title='bbox 1126 2283 1265 2322; x_wconf 82' lang='lat' dir='ltr'>persoluta</span> 
     </span>
     <span class='ocr_line' id='line_1_53' title="bbox 203 2321 1266 2362; baseline -0.001 -8"><span class='ocrx_word' id='word_1_387' title='bbox 203 2332 284 2362; x_wconf 87' lang='lat' dir='ltr'>quae-</span> <span class='ocrx_word' id='word_1_388' title='bbox 306 2331 416 2354; x_wconf 82' lang='lat' dir='ltr'>taxante</span> <span class='ocrx_word' id='word_1_389' title='bbox 431 2323 546 2353; x_wconf 89' lang='lat' dir='ltr'>summo</span> <span class='ocrx_word' id='word_1_390' title='bbox 560 2321 718 2359; x_wconf 88' lang='lat' dir='ltr'>Pontifice,</span> <span class='ocrx_word' id='word_1_391' title='bbox 739 2321 923 2352; x_wconf 86' lang='lat' dir='ltr'>declarabitur</span> <span class='ocrx_word' id='word_1_392' title='bbox 938 2331 989 2360; x_wconf 87' lang='lat' dir='ltr'>per</span> <span class='ocrx_word' id='word_1_393' title='bbox 1003 2321 1214 2360; x_wconf 81' lang='lat' dir='ltr'>inquisitionem</span> <span class='ocrx_word' id='word_1_394' title='bbox 1230 2322 1266 2353; x_wconf 90' lang='lat' dir='ltr'>de</span> 
     </span>
     <span class='ocr_line' id='line_1_54' title="bbox 201 2346 731 2400; baseline -0.004 -8"><span class='ocrx_word' id='word_1_395' title='bbox 201 2346 335 2392; x_wconf 84' lang='lat' dir='ltr'>mandato</span> <span class='ocrx_word' id='word_1_396' title='bbox 350 2363 407 2398; x_wconf 81' lang='lat' dir='ltr'>eius</span> <span class='ocrx_word' id='word_1_397' title='bbox 423 2360 543 2400; x_wconf 86' lang='lat' dir='ltr'>proinde</span> <span class='ocrx_word' id='word_1_398' title='bbox 558 2360 731 2391; x_wconf 83' lang='lat' dir='ltr'>faciendam·</span> 
     </span>
    </p>
   </div>
   <div class='ocr_carea' id='block_1_14' title="bbox 200 2360 1266 2439">
    <p class='ocr_par' dir='ltr' id='par_1_18' title="bbox 200 2360 1266 2439">
     <span class='ocr_line' id='line_1_55' title="bbox 725 2360 1266 2398; baseline 0.002 -8"><span class='ocrx_word' id='word_1_399' title='bbox 725 2384 735 2398; x_wconf 87' lang='lat'>,</span> <span class='ocrx_word' id='word_1_400' title='bbox 773 2370 809 2390; x_wconf 80' lang='grc' dir='ltr'>σο</span> <span class='ocrx_word' id='word_1_401' title='bbox 825 2370 879 2390; x_wconf 90' lang='lat' dir='ltr'>una</span> <span class='ocrx_word' id='word_1_402' title='bbox 895 2369 964 2391; x_wconf 91' lang='lat' dir='ltr'>curn</span> <span class='ocrx_word' id='word_1_403' title='bbox 979 2360 1035 2390; x_wconf 90' lang='lat' dir='ltr'>aliis</span> <span class='ocrx_word' id='word_1_404' title='bbox 1053 2361 1178 2398; x_wconf 88' lang='lat' dir='ltr'>quinque</span> <span class='ocrx_word' id='word_1_405' title='bbox 1193 2371 1266 2391; x_wconf 91' lang='lat' dir='ltr'>con-</span> 
     </span>
     <span class='ocr_line' id='line_1_56' title="bbox 200 2371 789 2439; baseline -0.003 -9"><span class='ocrx_word' id='word_1_406' title='bbox 200 2399 424 2439; x_wconf 82' lang='lat' dir='ltr'>fidejufforibus,</span> <span class='ocrx_word' id='word_1_407' title='bbox 444 2399 577 2430; x_wconf 88' lang='lat' dir='ltr'>constitui</span> <span class='ocrx_word' id='word_1_408' title='bbox 600 2410 648 2430; x_wconf 89' lang='lat' dir='ltr'>me</span> <span class='ocrx_word' id='word_1_409' title='bbox 669 2371 789 2437; x_wconf 49' lang='lat' dir='ltr'>fidejuff</span> 
     </span>
    </p>
   </div>
   <div class='ocr_carea' id='block_1_15' title="bbox 200 2398 1270 2967">
    <p class='ocr_par' dir='ltr' id='par_1_19' title="bbox 200 2398 1268 2622">
     <span class='ocr_line' id='line_1_57' title="bbox 777 2398 1266 2439; baseline 0.004 -11"><span class='ocrx_word' id='word_1_410' title='bbox 777 2409 860 2429; x_wconf 92' lang='lat' dir='ltr'>orem</span> <span class='ocrx_word' id='word_1_411' title='bbox 875 2400 903 2428; x_wconf 94' lang='lat' dir='ltr'>in</span> <span class='ocrx_word' id='word_1_412' title='bbox 920 2398 1010 2429; x_wconf 91' lang='lat' dir='ltr'>solido</span> <span class='ocrx_word' id='word_1_413' title='bbox 1024 2408 1078 2437; x_wconf 85' lang='lat' dir='ltr'>pro</span> <span class='ocrx_word' id='word_1_414' title='bbox 1093 2400 1153 2436; x_wconf 93' lang='lat' dir='ltr'>ipso</span> <span class='ocrx_word' id='word_1_415' title='bbox 1166 2398 1266 2439; x_wconf 71' lang='lat' dir='ltr'>Rege,</span> 
     </span>
     <span class='ocr_line' id='line_1_58' title="bbox 201 2437 1268 2477; baseline -0.001 -7"><span class='ocrx_word' id='word_1_416' title='bbox 201 2439 236 2470; x_wconf 64' lang='grc' dir='ltr'>ὅ(</span> <span class='ocrx_word' id='word_1_417' title='bbox 250 2438 407 2470; x_wconf 89' lang='lat' dir='ltr'>haeredibus</span> <span class='ocrx_word' id='word_1_418' title='bbox 423 2438 490 2477; x_wconf 78' lang='lat' dir='ltr'>suiS,</span> <span class='ocrx_word' id='word_1_419' title='bbox 508 2448 558 2475; x_wconf 88' lang='lat' dir='ltr'>per</span> <span class='ocrx_word' id='word_1_420' title='bbox 572 2438 751 2476; x_wconf 87' lang='lat' dir='ltr'>solempnem</span> <span class='ocrx_word' id='word_1_421' title='bbox 765 2437 972 2475; x_wconf 81' lang='lat' dir='ltr'>stipulationem</span> <span class='ocrx_word' id='word_1_422' title='bbox 986 2438 1155 2476; x_wconf 86' lang='lat' dir='ltr'>promittens</span> <span class='ocrx_word' id='word_1_423' title='bbox 1192 2438 1268 2477; x_wconf 83' lang='lat' dir='ltr'>uod,</span> 
     </span>
     <span class='ocr_line' id='line_1_59' title="bbox 200 2475 1265 2516; baseline 0 -9"><span class='ocrx_word' id='word_1_424' title='bbox 200 2477 221 2507; x_wconf 84' lang='lat' dir='ltr'>si</span> <span class='ocrx_word' id='word_1_425' title='bbox 236 2477 307 2516; x_wconf 85' lang='lat' dir='ltr'>ipse,</span> <span class='ocrx_word' id='word_1_426' title='bbox 326 2486 373 2508; x_wconf 92' lang='lat' dir='ltr'>aut</span> <span class='ocrx_word' id='word_1_427' title='bbox 386 2477 475 2507; x_wconf 85' lang='lat' dir='ltr'>haeres</span> <span class='ocrx_word' id='word_1_428' title='bbox 490 2476 569 2516; x_wconf 90' lang='lat' dir='ltr'>suus,</span> <span class='ocrx_word' id='word_1_429' title='bbox 586 2476 663 2516; x_wconf 85' lang='lat' dir='ltr'>quod</span> <span class='ocrx_word' id='word_1_430' title='bbox 676 2476 762 2514; x_wconf 80' lang='lat' dir='ltr'>abfit,</span> <span class='ocrx_word' id='word_1_431' title='bbox 780 2477 810 2505; x_wconf 94' lang='lat' dir='ltr'>in</span> <span class='ocrx_word' id='word_1_432' title='bbox 826 2475 965 2507; x_wconf 89' lang='lat' dir='ltr'>solutione</span> <span class='ocrx_word' id='word_1_433' title='bbox 985 2475 1126 2506; x_wconf 63' lang='lat' dir='ltr'>antedidffi</span> <span class='ocrx_word' id='word_1_434' title='bbox 1140 2480 1186 2507; x_wconf 84' lang='lat' dir='ltr'>cei</span> <span class='ocrx_word' id='word_1_435' title='bbox 1199 2487 1265 2507; x_wconf 86' lang='lat' dir='ltr'>ave-</span> 
     </span>
     <span class='ocr_line' id='line_1_60' title="bbox 200 2514 1267 2554; baseline -0.001 -8"><span class='ocrx_word' id='word_1_436' title='bbox 200 2516 252 2554; x_wconf 85' lang='lat' dir='ltr'>rit,</span> <span class='ocrx_word' id='word_1_437' title='bbox 270 2525 326 2553; x_wconf 86' lang='lat' dir='ltr'>ego</span> <span class='ocrx_word' id='word_1_438' title='bbox 343 2540 352 2554; x_wconf 89' lang='lat'>,</span> <span class='ocrx_word' id='word_1_439' title='bbox 378 2515 450 2546; x_wconf 65' lang='lat' dir='ltr'>infra*</span> <span class='ocrx_word' id='word_1_440' title='bbox 471 2525 592 2553; x_wconf 88' lang='lat' dir='ltr'>quatuor</span> <span class='ocrx_word' id='word_1_441' title='bbox 616 2514 723 2546; x_wconf 89' lang='lat' dir='ltr'>menses</span> <span class='ocrx_word' id='word_1_442' title='bbox 745 2514 895 2553; x_wconf 85' lang='lat' dir='ltr'>postquam</span> <span class='ocrx_word' id='word_1_443' title='bbox 919 2514 1001 2545; x_wconf 87' lang='lat' dir='ltr'>fuero</span> <span class='ocrx_word' id='word_1_444' title='bbox 1021 2516 1196 2546; x_wconf 84' lang='lat' dir='ltr'>ammonitus</span> <span class='ocrx_word' id='word_1_445' title='bbox 1221 2515 1267 2547; x_wconf 92' lang='lat' dir='ltr'>vel</span> 
     </span>
     <span class='ocr_line' id='line_1_61' title="bbox 201 2552 1264 2622; baseline 0.002 -39"><span class='ocrx_word' id='word_1_446' title='bbox 201 2563 244 2622; x_wconf 63' lang='lat' dir='ltr'>ris</span> <span class='ocrx_word' id='word_1_447' title='bbox 253 2555 345 2585; x_wconf 80' lang='lat' dir='ltr'>uilitus</span> <span class='ocrx_word' id='word_1_448' title='bbox 359 2579 369 2593; x_wconf 93' lang='lat'>,</span> <span class='ocrx_word' id='word_1_449' title='bbox 394 2554 451 2585; x_wconf 87' lang='lat' dir='ltr'>fine</span> <span class='ocrx_word' id='word_1_450' title='bbox 472 2554 607 2586; x_wconf 83' lang='lat' dir='ltr'>dilatione</span> <span class='ocrx_word' id='word_1_451' title='bbox 626 2556 660 2586; x_wconf 73' lang='grc' dir='ltr'>δε</span> <span class='ocrx_word' id='word_1_452' title='bbox 680 2552 844 2585; x_wconf 83' lang='lat' dir='ltr'>difficultate</span> <span class='ocrx_word' id='word_1_453' title='bbox 867 2554 1007 2592; x_wconf 84' lang='lat' dir='ltr'>qualibet,</span> <span class='ocrx_word' id='word_1_454' title='bbox 1022 2552 1088 2585; x_wconf 83' lang='lat' dir='ltr'>inde</span> <span class='ocrx_word' id='word_1_455' title='bbox 1101 2553 1264 2586; x_wconf 83' lang='lat' dir='ltr'>satisfaciam</span> 
     </span>
     <span class='ocr_line' id='line_1_62' title="bbox 200 2601 314 2622; baseline 0 0"><span class='ocrx_word' id='word_1_456' title='bbox 200 2601 219 2622; x_wconf 90' lang='lat' dir='ltr'>e</span> <span class='ocrx_word' id='word_1_457' title='bbox 258 2602 314 2622; x_wconf 91' lang='lat' dir='ltr'>em.</span> 
     </span>
    </p>

    <p class='ocr_par' dir='ltr' id='par_1_20' title="bbox 202 2629 1270 2747">
     <span class='ocr_line' id='line_1_63' title="bbox 240 2629 1265 2670; baseline 0.003 -10"><span class='ocrx_word' id='word_1_458' title='bbox 240 2629 299 2661; x_wconf 92' lang='lat' dir='ltr'>Pro</span> <span class='ocrx_word' id='word_1_459' title='bbox 321 2642 378 2669; x_wconf 88' lang='lat' dir='ltr'>quo</span> <span class='ocrx_word' id='word_1_460' title='bbox 400 2631 578 2663; x_wconf 84' lang='lat' dir='ltr'>observando</span> <span class='ocrx_word' id='word_1_461' title='bbox 599 2631 723 2670; x_wconf 76' lang='lat' dir='ltr'>obligavi</span> <span class='ocrx_word' id='word_1_462' title='bbox 745 2641 793 2661; x_wconf 86' lang='lat' dir='ltr'>me</span> <span class='ocrx_word' id='word_1_463' title='bbox 807 2631 839 2661; x_wconf 86' lang='lat'>&amp;</span> <span class='ocrx_word' id='word_1_464' title='bbox 853 2632 949 2661; x_wconf 84' lang='lat' dir='ltr'>omnia</span> <span class='ocrx_word' id='word_1_465' title='bbox 963 2631 1041 2661; x_wconf 82' lang='lat' dir='ltr'>bona</span> <span class='ocrx_word' id='word_1_466' title='bbox 1055 2641 1136 2669; x_wconf 75' lang='lat' dir='ltr'>mea;</span> <span class='ocrx_word' id='word_1_467' title='bbox 1160 2641 1265 2663; x_wconf 89' lang='lat' dir='ltr'>renun-</span> 
     </span>
     <span class='ocr_line' id='line_1_64' title="bbox 202 2669 1270 2711; baseline 0.003 -13"><span class='ocrx_word' id='word_1_468' title='bbox 202 2669 279 2699; x_wconf 84' lang='lat' dir='ltr'>cians</span> <span class='ocrx_word' id='word_1_469' title='bbox 291 2670 320 2698; x_wconf 91' lang='lat' dir='ltr'>in</span> <span class='ocrx_word' id='word_1_470' title='bbox 334 2671 392 2700; x_wconf 89' lang='lat' dir='ltr'>hoc</span> <span class='ocrx_word' id='word_1_471' title='bbox 407 2672 552 2711; x_wconf 84' lang='lat' dir='ltr'>privilegio</span> <span class='ocrx_word' id='word_1_472' title='bbox 568 2670 622 2700; x_wconf 90' lang='lat' dir='ltr'>fori</span> <span class='ocrx_word' id='word_1_473' title='bbox 637 2670 671 2700; x_wconf 69' lang='grc' dir='ltr'>ὃς</span> <span class='ocrx_word' id='word_1_474' title='bbox 694 2679 779 2699; x_wconf 74' lang='lat' dir='ltr'>novae</span> <span class='ocrx_word' id='word_1_475' title='bbox 795 2669 1006 2700; x_wconf 88' lang='lat' dir='ltr'>constitutionis</span> <span class='ocrx_word' id='word_1_476' title='bbox 1021 2669 1181 2709; x_wconf 89' lang='lat' dir='ltr'>beneficio,</span> <span class='ocrx_word' id='word_1_477' title='bbox 1202 2679 1270 2701; x_wconf 80' lang='lat' dir='ltr'>om·</span> 
     </span>
     <span class='ocr_line' id='line_1_65' title="bbox 202 2707 1093 2747; baseline 0 -10"><span class='ocrx_word' id='word_1_478' title='bbox 202 2708 233 2737; x_wconf 89' lang='lat' dir='ltr'>ni</span> <span class='ocrx_word' id='word_1_479' title='bbox 256 2717 292 2737; x_wconf 92' lang='lat' dir='ltr'>ue</span> <span class='ocrx_word' id='word_1_480' title='bbox 303 2707 348 2737; x_wconf 90' lang='lat' dir='ltr'>alii</span> <span class='ocrx_word' id='word_1_481' title='bbox 363 2711 537 2747; x_wconf 81' lang='lat' dir='ltr'>exemptioni</span> <span class='ocrx_word' id='word_1_482' title='bbox 549 2709 619 2738; x_wconf 88' lang='lat' dir='ltr'>mihi</span> <span class='ocrx_word' id='word_1_483' title='bbox 635 2717 702 2738; x_wconf 85' lang='lat' dir='ltr'>corn</span> <span class='ocrx_word' id='word_1_484' title='bbox 726 2709 811 2738; x_wconf 86' lang='lat' dir='ltr'>etenti</span> <span class='ocrx_word' id='word_1_485' title='bbox 824 2708 871 2737; x_wconf 88' lang='lat' dir='ltr'>vel</span> <span class='ocrx_word' id='word_1_486' title='bbox 886 2708 1093 2744; x_wconf 86' lang='lat' dir='ltr'>competiturae.</span> 
     </span>
    </p>

    <p class='ocr_par' dir='ltr' id='par_1_21' title="bbox 203 2745 1270 2967">
     <span class='ocr_line' id='line_1_66' title="bbox 257 2745 1265 2785; baseline 0.003 -10"><span class='ocrx_word' id='word_1_487' title='bbox 257 2746 373 2785; x_wconf 78' lang='lat' dir='ltr'>nsuper,</span> <span class='ocrx_word' id='word_1_488' title='bbox 390 2748 470 2777; x_wconf 63' lang='lat' dir='ltr'>tactis</span> <span class='ocrx_word' id='word_1_489' title='bbox 491 2747 677 2778; x_wconf 65' lang='lat' dir='ltr'>Sacrosanetis</span> <span class='ocrx_word' id='word_1_490' title='bbox 726 2746 875 2785; x_wconf 74' lang='lat' dir='ltr'>vangeliis,</span> <span class='ocrx_word' id='word_1_491' title='bbox 890 2746 980 2784; x_wconf 85' lang='lat' dir='ltr'>juravi</span> <span class='ocrx_word' id='word_1_492' title='bbox 996 2748 1024 2777; x_wconf 89' lang='lat' dir='ltr'>in</span> <span class='ocrx_word' id='word_1_493' title='bbox 1039 2745 1183 2784; x_wconf 58' lang='lat' dir='ltr'>praesentia</span> <span class='ocrx_word' id='word_1_494' title='bbox 1198 2746 1265 2778; x_wconf 87' lang='lat' dir='ltr'>Do-</span> 
     </span>
     <span class='ocr_line' id='line_1_67' title="bbox 206 2784 1268 2823; baseline 0.003 -10"><span class='ocrx_word' id='word_1_495' title='bbox 206 2785 277 2814; x_wconf 89' lang='lat' dir='ltr'>mini</span> <span class='ocrx_word' id='word_1_496' title='bbox 302 2784 428 2814; x_wconf 87' lang='lat' dir='ltr'>Pandulfi</span> <span class='ocrx_word' id='word_1_497' title='bbox 451 2785 562 2816; x_wconf 90' lang='lat' dir='ltr'>domini</span> <span class='ocrx_word' id='word_1_498' title='bbox 577 2785 661 2823; x_wconf 64' lang='lat' dir='ltr'>Papae</span> <span class='ocrx_word' id='word_1_499' title='bbox 681 2784 870 2823; x_wconf 82' lang='lat' dir='ltr'>Subdiaconi,</span> <span class='ocrx_word' id='word_1_500' title='bbox 888 2786 921 2815; x_wconf 86' lang='lat'>&amp;</span> <span class='ocrx_word' id='word_1_501' title='bbox 936 2785 993 2822; x_wconf 87' lang='lat' dir='ltr'>ejus</span> <span class='ocrx_word' id='word_1_502' title='bbox 1006 2785 1147 2816; x_wconf 79' lang='lat' dir='ltr'>familiaris</span> <span class='ocrx_word' id='word_1_503' title='bbox 1161 2785 1195 2816; x_wconf 86' lang='lat' dir='ltr'>ad</span> <span class='ocrx_word' id='word_1_504' title='bbox 1209 2786 1268 2816; x_wconf 86' lang='lat' dir='ltr'>hoc</span> 
     </span>
     <span class='ocr_line' id='line_1_68' title="bbox 203 2822 1270 2863; baseline 0.004 -12"><span class='ocrx_word' id='word_1_505' title='bbox 203 2822 330 2852; x_wconf 88' lang='lat' dir='ltr'>destinati</span> <span class='ocrx_word' id='word_1_506' title='bbox 346 2848 355 2862; x_wconf 82' lang='lat'>,</span> <span class='ocrx_word' id='word_1_507' title='bbox 384 2823 418 2854; x_wconf 67' lang='grc' dir='ltr'>ὃς</span> <span class='ocrx_word' id='word_1_508' title='bbox 435 2824 462 2862; x_wconf 92' lang='lat' dir='ltr'>J.</span> <span class='ocrx_word' id='word_1_509' title='bbox 489 2824 624 2855; x_wconf 79' lang='lat' dir='ltr'>Norwic.</span> <span class='ocrx_word' id='word_1_510' title='bbox 653 2822 785 2861; x_wconf 83' lang='lat' dir='ltr'>Episcopi</span> <span class='ocrx_word' id='word_1_511' title='bbox 798 2847 807 2861; x_wconf 81' lang='lat'>,</span> <span class='ocrx_word' id='word_1_512' title='bbox 832 2823 962 2853; x_wconf 77' lang='lat' dir='ltr'>Thomae</span> <span class='ocrx_word' id='word_1_513' title='bbox 984 2822 1021 2853; x_wconf 91' lang='lat' dir='ltr'>de</span> <span class='ocrx_word' id='word_1_514' title='bbox 1049 2823 1209 2863; x_wconf 87' lang='lat' dir='ltr'>Erdinton,</span> <span class='ocrx_word' id='word_1_515' title='bbox 1235 2824 1270 2855; x_wconf 90' lang='lat'>&amp;</span> 
     </span>
     <span class='ocr_line' id='line_1_69' title="bbox 207 2859 1270 2900; baseline 0.005 -11"><span class='ocrx_word' id='word_1_516' title='bbox 207 2859 338 2898; x_wconf 79' lang='lat' dir='ltr'>Magistri</span> <span class='ocrx_word' id='word_1_517' title='bbox 369 2862 451 2892; x_wconf 81' lang='lat' dir='ltr'>Alani</span> <span class='ocrx_word' id='word_1_518' title='bbox 467 2887 476 2900; x_wconf 92' lang='lat'>,</span> <span class='ocrx_word' id='word_1_519' title='bbox 503 2863 536 2893; x_wconf 91' lang='lat'>&amp;</span> <span class='ocrx_word' id='word_1_520' title='bbox 565 2863 608 2891; x_wconf 78' lang='lat' dir='ltr'>W</span> <span class='ocrx_word' id='word_1_521' title='bbox 611 2862 687 2892; x_wconf 83' lang='lat' dir='ltr'>alteri</span> <span class='ocrx_word' id='word_1_522' title='bbox 716 2862 897 2891; x_wconf 90' lang='lat' dir='ltr'>Clericorum</span> <span class='ocrx_word' id='word_1_523' title='bbox 922 2862 1045 2892; x_wconf 88' lang='lat' dir='ltr'>Domini</span> <span class='ocrx_word' id='word_1_524' title='bbox 1064 2860 1270 2894; x_wconf 82' lang='lat' dir='ltr'>Cantuariensis</span> 
     </span>
     <span class='ocr_line' id='line_1_70' title="bbox 205 2898 1268 2967; baseline 0.005 -40"><span class='ocrx_word' id='word_1_525' title='bbox 205 2898 416 2967; x_wconf 51' lang='lat' dir='ltr'>Archiepigcgpi</span> <span class='ocrx_word' id='word_1_526' title='bbox 425 2924 434 2939; x_wconf 85' lang='lat'>,</span> <span class='ocrx_word' id='word_1_527' title='bbox 443 2911 491 2931; x_wconf 89' lang='lat' dir='ltr'>me</span> <span class='ocrx_word' id='word_1_528' title='bbox 505 2900 583 2931; x_wconf 73' lang='lat' dir='ltr'>bona</span> <span class='ocrx_word' id='word_1_529' title='bbox 595 2900 651 2930; x_wconf 86' lang='lat' dir='ltr'>fide</span> <span class='ocrx_word' id='word_1_530' title='bbox 667 2901 699 2932; x_wconf 61' lang='grc' dir='ltr'>ὃς</span> <span class='ocrx_word' id='word_1_531' title='bbox 715 2901 772 2930; x_wconf 81' lang='lat' dir='ltr'>sine</span> <span class='ocrx_word' id='word_1_532' title='bbox 787 2900 882 2930; x_wconf 90' lang='lat' dir='ltr'>fraude</span> <span class='ocrx_word' id='word_1_533' title='bbox 895 2901 1110 2931; x_wconf 85' lang='lat' dir='ltr'>observaturum</span> <span class='ocrx_word' id='word_1_534' title='bbox 1124 2901 1186 2932; x_wconf 82' lang='lat' dir='ltr'>haec</span> <span class='ocrx_word' id='word_1_535' title='bbox 1200 2911 1268 2932; x_wconf 84' lang='lat' dir='ltr'>om-</span> 
     </span>
     <span class='ocr_line' id='line_1_71' title="bbox 204 2946 418 2967; baseline -0.005 0"><span class='ocrx_word' id='word_1_536' title='bbox 204 2946 250 2967; x_wconf 84' lang='lat' dir='ltr'>nia</span> <span class='ocrx_word' id='word_1_537' title='bbox 261 2946 324 2967; x_wconf 85' lang='lat' dir='ltr'>ante</span> <span class='ocrx_word' id='word_1_538' title='bbox 357 2948 364 2966; x_wconf 81' lang='lat' dir='ltr'>i</span> <span class='ocrx_word' id='word_1_539' title='bbox 397 2948 418 2967; x_wconf 86' lang='lat' dir='ltr'>a.</span> 
     </span>
    </p>
   </div>
   <div class='ocr_carea' id='block_1_16' title="bbox 205 2973 1270 3043">
    <p class='ocr_par' dir='ltr' id='par_1_22' title="bbox 205 2973 1270 3043">
     <span class='ocr_line' id='line_1_72' title="bbox 205 2973 1270 3043; baseline 0.007 -40"><span class='ocrx_word' id='word_1_540' title='bbox 205 3012 224 3043; x_wconf 73' lang='lat' dir='ltr'>s</span> <span class='ocrx_word' id='word_1_541' title='bbox 238 2973 296 3018; x_wconf 41' lang='lat' dir='ltr'>&#39;Et,</span> <span class='ocrx_word' id='word_1_542' title='bbox 314 2975 343 3004; x_wconf 89' lang='lat' dir='ltr'>in</span> <span class='ocrx_word' id='word_1_543' title='bbox 357 2976 435 3015; x_wconf 77' lang='lat' dir='ltr'>hujus</span> <span class='ocrx_word' id='word_1_544' title='bbox 449 2978 488 3006; x_wconf 82' lang='lat' dir='ltr'>rei</span> <span class='ocrx_word' id='word_1_545' title='bbox 502 2977 714 3017; x_wconf 77' lang='lat' dir='ltr'>testiinonium,</span> <span class='ocrx_word' id='word_1_546' title='bbox 733 2978 800 3009; x_wconf 87' lang='lat' dir='ltr'>huic</span> <span class='ocrx_word' id='word_1_547' title='bbox 811 2976 915 3016; x_wconf 87' lang='lat' dir='ltr'>scripto</span> <span class='ocrx_word' id='word_1_548' title='bbox 931 2977 1051 3016; x_wconf 79' lang='lat' dir='ltr'>sigillum</span> <span class='ocrx_word' id='word_1_549' title='bbox 1066 2987 1166 3009; x_wconf 90' lang='lat' dir='ltr'>meum</span> <span class='ocrx_word' id='word_1_550' title='bbox 1181 2988 1270 3018; x_wconf 86' lang='lat' dir='ltr'>appo-</span> 
     </span>
     <span class='ocr_line' id='line_1_73' title="bbox 218 3023 253 3043; baseline -0.029 0"><span class='ocrx_word' id='word_1_551' title='bbox 218 3023 253 3043; x_wconf 84' lang='lat' dir='ltr'>ui.</span> 
     </span>
    </p>
   </div>
   <div class='ocr_carea' id='block_1_17' title="bbox 203 3089 1269 3167">
    <p class='ocr_par' dir='ltr' id='par_1_23' title="bbox 203 3089 1269 3167">
     <span class='ocr_line' id='line_1_74' title="bbox 244 3089 1269 3135; baseline 0.005 -14"><span class='ocrx_word' id='word_1_552' title='bbox 244 3089 354 3135; x_wconf 57' lang='lat' dir='ltr'>Arimin</span> <span class='ocrx_word' id='word_1_553' title='bbox 368 3091 442 3129; x_wconf 87' lang='lat' dir='ltr'>apud</span> <span class='ocrx_word' id='word_1_554' title='bbox 458 3091 575 3129; x_wconf 87' lang='lat' dir='ltr'>Rupem</span> <span class='ocrx_word' id='word_1_555' title='bbox 600 3093 713 3123; x_wconf 87' lang='lat' dir='ltr'>fortem.</span> <span class='ocrx_word' id='word_1_556' title='bbox 734 3094 770 3124; x_wconf 90' lang='lat'>16</span> <span class='ocrx_word' id='word_1_557' title='bbox 787 3093 833 3124; x_wconf 89' lang='lat' dir='ltr'>die</span> <span class='ocrx_word' id='word_1_558' title='bbox 848 3092 927 3133; x_wconf 80' lang='lat' dir='ltr'>Junii</span> <span class='ocrx_word' id='word_1_559' title='bbox 939 3118 949 3133; x_wconf 87' lang='lat'>,</span> <span class='ocrx_word' id='word_1_560' title='bbox 969 3094 1057 3126; x_wconf 89' lang='lat' dir='ltr'>Anno</span> <span class='ocrx_word' id='word_1_561' title='bbox 1070 3094 1167 3134; x_wconf 85' lang='lat' dir='ltr'>Regni</span> <span class='ocrx_word' id='word_1_562' title='bbox 1180 3093 1269 3135; x_wconf 76' lang='lat' dir='ltr'>Regis</span> 
     </span>
     <span class='ocr_line' id='line_1_75' title="bbox 203 3126 569 3167; baseline 0.003 -8"><span class='ocrx_word' id='word_1_563' title='bbox 203 3126 340 3167; x_wconf 85' lang='lat' dir='ltr'>Johanms</span> <span class='ocrx_word' id='word_1_564' title='bbox 354 3129 431 3161; x_wconf 79' lang='lat' dir='ltr'>sexro</span> <span class='ocrx_word' id='word_1_565' title='bbox 447 3130 569 3162; x_wconf 88' lang='lat' dir='ltr'>decimo.</span> 
     </span>
    </p>
   </div>
   <div class='ocr_carea' id='block_1_18' title="bbox 228 3205 946 3215">
    <p class='ocr_par' dir='ltr' id='par_1_24' title="bbox 228 3205 946 3215">
     <span class='ocr_line' id='line_1_76' title="bbox 228 3205 946 3215; baseline 0 0"><span class='ocrx_word' id='word_1_566' title='bbox 228 3205 946 3215; x_wconf 95' lang='lat' dir='ltr'> </span> 
     </span>
    </p>
   </div>
   <div class='ocr_carea' id='block_1_19' title="bbox 207 3249 1269 3349">
    <p class='ocr_par' dir='ltr' id='par_1_25' title="bbox 207 3249 1269 3349">
     <span class='ocr_line' id='line_1_77' title="bbox 207 3249 1269 3303; baseline 0.008 -23"><span class='ocrx_word' id='word_1_567' title='bbox 207 3249 380 3294; x_wconf 70' lang='lat' dir='ltr'>Notificatio</span> <span class='ocrx_word' id='word_1_568' title='bbox 406 3254 514 3299; x_wconf 84' lang='lat' dir='ltr'>Legati</span> <span class='ocrx_word' id='word_1_569' title='bbox 538 3255 668 3286; x_wconf 84' lang='lat' dir='ltr'>Romani</span> <span class='ocrx_word' id='word_1_570' title='bbox 691 3253 773 3299; x_wconf 81' lang='lat' dir='ltr'>quod</span> <span class='ocrx_word' id='word_1_571' title='bbox 799 3252 956 3300; x_wconf 79' lang='lat' dir='ltr'>Jolmnncs</span> <span class='ocrx_word' id='word_1_572' title='bbox 980 3259 1046 3289; x_wconf 85' lang='lat' dir='ltr'>Rex</span> <span class='ocrx_word' id='word_1_573' title='bbox 1065 3256 1161 3303; x_wconf 83' lang='lat' dir='ltr'>Angl.</span> <span class='ocrx_word' id='word_1_574' title='bbox 1170 3253 1269 3299; x_wconf 84' lang='lat' dir='ltr'>staret</span> 
     </span>
     <span class='ocr_line' id='line_1_78' title="bbox 315 3299 1162 3349; baseline 0.007 -17"><span class='ocrx_word' id='word_1_575' title='bbox 315 3299 461 3333; x_wconf 76' lang='lat' dir='ltr'>mandato</span> <span class='ocrx_word' id='word_1_576' title='bbox 478 3305 559 3347; x_wconf 71' lang='lat' dir='ltr'>Papae</span> <span class='ocrx_word' id='word_1_577' title='bbox 578 3300 614 3334; x_wconf 88' lang='lat' dir='ltr'>de</span> <span class='ocrx_word' id='word_1_578' title='bbox 632 3300 741 3345; x_wconf 87' lang='lat' dir='ltr'>Castris</span> <span class='ocrx_word' id='word_1_579' title='bbox 757 3306 787 3334; x_wconf 82' lang='lat' dir='ltr'>in</span> <span class='ocrx_word' id='word_1_580' title='bbox 804 3305 922 3349; x_wconf 74' lang='lat' dir='ltr'>Agenn.</span> <span class='ocrx_word' id='word_1_581' title='bbox 945 3307 981 3342; x_wconf 64' lang='grc' dir='ltr'>ώ-</span> <span class='ocrx_word' id='word_1_582' title='bbox 1002 3307 1162 3338; x_wconf 77' lang='lat' dir='ltr'>Catnrcen.</span> 
     </span>
    </p>
   </div>
   <div class='ocr_carea' id='block_1_20' title="bbox 183 3379 714 3442">
    <p class='ocr_par' dir='ltr' id='par_1_26' title="bbox 183 3379 714 3442">
     <span class='ocr_line' id='line_1_79' title="bbox 183 3379 714 3442; baseline 0.015 -31"><span class='ocrx_word' id='word_1_583' title='bbox 183 3412 190 3418; x_wconf 66' lang='lat'><em>‚</em></span> <span class='ocrx_word' id='word_1_584' title='bbox 209 3379 405 3442; x_wconf 84' lang='lat' dir='ltr'>RObertus</span> <span class='ocrx_word' id='word_1_585' title='bbox 417 3385 510 3417; x_wconf 88' lang='lat' dir='ltr'>servus</span> <span class='ocrx_word' id='word_1_586' title='bbox 525 3388 633 3426; x_wconf 85' lang='lat' dir='ltr'>crucis,</span> <span class='ocrx_word' id='word_1_587' title='bbox 653 3388 714 3418; x_wconf 72' lang='lat' dir='ltr'>&amp;o</span> 
     </span>
    </p>
   </div>
   <div class='ocr_carea' id='block_1_21' title="bbox 231 3422 1269 3548">
    <p class='ocr_par' dir='ltr' id='par_1_27' title="bbox 231 3422 1269 3548">
     <span class='ocr_line' id='line_1_80' title="bbox 309 3422 1269 3466; baseline 0.007 -14"><span class='ocrx_word' id='word_1_588' title='bbox 309 3422 436 3455; x_wconf 86' lang='lat' dir='ltr'>Noverit</span> <span class='ocrx_word' id='word_1_589' title='bbox 450 3425 608 3456; x_wconf 84' lang='lat' dir='ltr'>univerfitas</span> <span class='ocrx_word' id='word_1_590' title='bbox 624 3425 714 3456; x_wconf 89' lang='lat' dir='ltr'>vestra</span> <span class='ocrx_word' id='word_1_591' title='bbox 721 3425 907 3465; x_wconf 65' lang='lat' dir='ltr'>johannem,</span> <span class='ocrx_word' id='word_1_592' title='bbox 925 3426 1060 3458; x_wconf 87' lang='lat' dir='ltr'>illustrem</span> <span class='ocrx_word' id='word_1_593' title='bbox 1075 3428 1192 3466; x_wconf 83' lang='lat' dir='ltr'>Regem</span> <span class='ocrx_word' id='word_1_594' title='bbox 1206 3427 1269 3458; x_wconf 91' lang='lat' dir='ltr'>An-</span> 
     </span>
     <span class='ocr_line' id='line_1_81' title="bbox 335 3464 1265 3506; baseline 0.002 -13"><span class='ocrx_word' id='word_1_595' title='bbox 335 3500 339 3503; x_wconf 42' lang='grc'><em>,</em></span> <span class='ocrx_word' id='word_1_596' title='bbox 792 3464 818 3495; x_wconf 88' lang='lat' dir='ltr'>E</span> <span class='ocrx_word' id='word_1_597' title='bbox 840 3465 969 3503; x_wconf 88' lang='lat' dir='ltr'>iscopum</span> <span class='ocrx_word' id='word_1_598' title='bbox 982 3465 1146 3505; x_wconf 86' lang='lat' dir='ltr'>Petragoric</span> <span class='ocrx_word' id='word_1_599' title='bbox 1154 3489 1165 3506; x_wconf 87' lang='grc'>,</span> <span class='ocrx_word' id='word_1_600' title='bbox 1182 3465 1265 3498; x_wconf 87' lang='lat' dir='ltr'>&amp;G.</span> 
     </span>
     <span class='ocr_line' id='line_1_82' title="bbox 231 3475 1263 3548; baseline 0.009 -22"><span class='ocrx_word' id='word_1_601' title='bbox 231 3506 247 3525; x_wconf 90' lang='lat' dir='ltr'>e</span> <span class='ocrx_word' id='word_1_602' title='bbox 262 3497 361 3529; x_wconf 58' lang='lat' dir='ltr'>hevill</span> <span class='ocrx_word' id='word_1_603' title='bbox 376 3499 591 3540; x_wconf 86' lang='lat' dir='ltr'>Camerarium,</span> <span class='ocrx_word' id='word_1_604' title='bbox 609 3504 642 3533; x_wconf 89' lang='lat'>&amp;</span> <span class='ocrx_word' id='word_1_605' title='bbox 657 3503 724 3534; x_wconf 86' lang='lat' dir='ltr'>alios</span> <span class='ocrx_word' id='word_1_606' title='bbox 738 3502 800 3534; x_wconf 87' lang='lat' dir='ltr'>suos</span> <span class='ocrx_word' id='word_1_607' title='bbox 814 3475 907 3534; x_wconf 45' lang='lat' dir='ltr'>fideles</span> <span class='ocrx_word' id='word_1_608' title='bbox 923 3513 992 3533; x_wconf 91' lang='lat' dir='ltr'>cum</span> <span class='ocrx_word' id='word_1_609' title='bbox 1007 3504 1101 3534; x_wconf 87' lang='lat' dir='ltr'>litteris</span> <span class='ocrx_word' id='word_1_610' title='bbox 1114 3506 1166 3535; x_wconf 88' lang='lat' dir='ltr'>suis</span> <span class='ocrx_word' id='word_1_611' title='bbox 1180 3504 1263 3548; x_wconf 81' lang='lat' dir='ltr'>desti-</span> 
     </span>
    </p>
   </div>
   <div class='ocr_carea' id='block_1_22' title="bbox 166 3535 1269 3660">
    <p class='ocr_par' dir='ltr' id='par_1_28' title="bbox 166 3535 1269 3660">
     <span class='ocr_line' id='line_1_83' title="bbox 177 3535 1269 3581; baseline 0.008 -18"><span class='ocrx_word' id='word_1_612' title='bbox 177 3562 185 3569; x_wconf 83' lang='grc'><em>,</em></span> <span class='ocrx_word' id='word_1_613' title='bbox 211 3535 286 3564; x_wconf 72' lang='lat' dir='ltr'>nasse</span> <span class='ocrx_word' id='word_1_614' title='bbox 297 3560 306 3574; x_wconf 89' lang='lat'>,</span> <span class='ocrx_word' id='word_1_615' title='bbox 322 3538 402 3567; x_wconf 88' lang='lat' dir='ltr'>nobis</span> <span class='ocrx_word' id='word_1_616' title='bbox 418 3549 467 3577; x_wconf 91' lang='lat' dir='ltr'>per</span> <span class='ocrx_word' id='word_1_617' title='bbox 482 3540 596 3570; x_wconf 89' lang='lat' dir='ltr'>eosdem</span> <span class='ocrx_word' id='word_1_618' title='bbox 611 3541 812 3581; x_wconf 81' lang='lat' dir='ltr'>significantem</span> <span class='ocrx_word' id='word_1_619' title='bbox 849 3541 907 3572; x_wconf 93' lang='lat' dir='ltr'>uod</span> <span class='ocrx_word' id='word_1_620' title='bbox 930 3550 1037 3579; x_wconf 83' lang='lat' dir='ltr'>paratus</span> <span class='ocrx_word' id='word_1_621' title='bbox 1057 3551 1114 3573; x_wconf 79' lang='lat' dir='ltr'>erat</span> <span class='ocrx_word' id='word_1_622' title='bbox 1128 3543 1157 3572; x_wconf 86' lang='lat' dir='ltr'>in</span> <span class='ocrx_word' id='word_1_623' title='bbox 1171 3553 1269 3572; x_wconf 88' lang='lat' dir='ltr'>omm-</span> 
     </span>
     <span class='ocr_line' id='line_1_84' title="bbox 166 3572 1268 3619; baseline 0.01 -19"><span class='ocrx_word' id='word_1_624' title='bbox 166 3603 172 3608; x_wconf 67' lang='grc'><em>,</em></span> <span class='ocrx_word' id='word_1_625' title='bbox 211 3572 264 3602; x_wconf 89' lang='lat' dir='ltr'>bus</span> <span class='ocrx_word' id='word_1_626' title='bbox 281 3574 350 3619; x_wconf 58' lang='lat' dir='ltr'>stare</span> <span class='ocrx_word' id='word_1_627' title='bbox 365 3578 496 3618; x_wconf 79' lang='lat' dir='ltr'>mandato</span> <span class='ocrx_word' id='word_1_628' title='bbox 511 3577 635 3608; x_wconf 88' lang='lat' dir='ltr'>Domini</span> <span class='ocrx_word' id='word_1_629' title='bbox 650 3579 751 3618; x_wconf 81' lang='lat' dir='ltr'>Papae,</span> <span class='ocrx_word' id='word_1_630' title='bbox 771 3582 804 3612; x_wconf 90' lang='lat'>&amp;</span> <span class='ocrx_word' id='word_1_631' title='bbox 849 3580 950 3611; x_wconf 80' lang='lat' dir='ltr'>onsilio</span> <span class='ocrx_word' id='word_1_632' title='bbox 965 3579 1102 3611; x_wconf 54' lang='lat' dir='ltr'>Ecclesiae</span> <span class='ocrx_word' id='word_1_633' title='bbox 1121 3580 1158 3610; x_wconf 91' lang='lat' dir='ltr'>de</span> <span class='ocrx_word' id='word_1_634' title='bbox 1173 3580 1268 3611; x_wconf 88' lang='lat' dir='ltr'>omni-</span> 
     </span>
     <span class='ocr_line' id='line_1_85' title="bbox 169 3610 1265 3660; baseline 0.005 -15"><span class='ocrx_word' id='word_1_635' title='bbox 169 3639 174 3645; x_wconf 95' lang='lat'>.</span> <span class='ocrx_word' id='word_1_636' title='bbox 210 3611 263 3640; x_wconf 87' lang='lat' dir='ltr'>bus</span> <span class='ocrx_word' id='word_1_637' title='bbox 280 3610 383 3642; x_wconf 42' lang='lat' dir='ltr'>(rastris</span> <span class='ocrx_word' id='word_1_638' title='bbox 399 3615 431 3644; x_wconf 66' lang='grc' dir='ltr'>ὃς</span> <span class='ocrx_word' id='word_1_639' title='bbox 446 3615 525 3646; x_wconf 86' lang='lat' dir='ltr'>Villis</span> <span class='ocrx_word' id='word_1_640' title='bbox 541 3616 575 3646; x_wconf 91' lang='lat' dir='ltr'>ad</span> <span class='ocrx_word' id='word_1_641' title='bbox 590 3627 657 3648; x_wconf 86' lang='lat' dir='ltr'>eum</span> <span class='ocrx_word' id='word_1_642' title='bbox 673 3620 875 3656; x_wconf 88' lang='lat' dir='ltr'>pcrtinentibus</span> <span class='ocrx_word' id='word_1_643' title='bbox 888 3620 917 3649; x_wconf 92' lang='lat' dir='ltr'>in</span> <span class='ocrx_word' id='word_1_644' title='bbox 931 3619 1043 3660; x_wconf 82' lang='lat' dir='ltr'>Agenn.</span> <span class='ocrx_word' id='word_1_645' title='bbox 1061 3619 1096 3651; x_wconf 90' lang='lat'>&amp;</span> <span class='ocrx_word' id='word_1_646' title='bbox 1111 3617 1265 3650; x_wconf 81' lang='lat' dir='ltr'>Caturcen.</span> 
     </span>
    </p>
   </div>
   <div class='ocr_carea' id='block_1_23' title="bbox 212 3648 302 3678">
    <p class='ocr_par' dir='ltr' id='par_1_29' title="bbox 212 3648 302 3678">
     <span class='ocr_line' id='line_1_86' title="bbox 212 3648 302 3678; baseline 0 0"><span class='ocrx_word' id='word_1_647' title='bbox 212 3648 302 3678; x_wconf 72' lang='lat' dir='ltr'>Dioc.</span> 
     </span>
    </p>
   </div>
   <div class='ocr_carea' id='block_1_24' title="bbox 209 3686 1270 3765">
    <p class='ocr_par' dir='ltr' id='par_1_30' title="bbox 209 3686 1270 3765">
     <span class='ocr_line' id='line_1_87' title="bbox 209 3686 1270 3765; baseline 0.018 -51"><span class='ocrx_word' id='word_1_648' title='bbox 209 3686 342 3765; x_wconf 40' lang='lat' dir='ltr'>pmice&amp;</span> <span class='ocrx_word' id='word_1_649' title='bbox 350 3687 429 3726; x_wconf 84' lang='lat' dir='ltr'>hujus</span> <span class='ocrx_word' id='word_1_650' title='bbox 442 3692 481 3720; x_wconf 68' lang='lat' dir='ltr'>rei</span> <span class='ocrx_word' id='word_1_651' title='bbox 495 3692 690 3725; x_wconf 63' lang='lat' dir='ltr'>testimonium</span> <span class='ocrx_word' id='word_1_652' title='bbox 701 3694 762 3733; x_wconf 74' lang='lat' dir='ltr'>ipfis</span> <span class='ocrx_word' id='word_1_653' title='bbox 771 3695 895 3729; x_wconf 75' lang='lat' dir='ltr'>Nunciis</span> <span class='ocrx_word' id='word_1_654' title='bbox 907 3695 1037 3729; x_wconf 73' lang='lat' dir='ltr'>dedimus</span> <span class='ocrx_word' id='word_1_655' title='bbox 1050 3696 1151 3731; x_wconf 67' lang='lat' dir='ltr'>litteras</span> <span class='ocrx_word' id='word_1_656' title='bbox 1162 3694 1270 3728; x_wconf 73' lang='lat' dir='ltr'>nostras</span> 
     </span>
    </p>
   </div>
   <div class='ocr_carea' id='block_1_25' title="bbox 247 3800 661 3847">
    <p class='ocr_par' dir='ltr' id='par_1_31' title="bbox 247 3800 661 3847">
     <span class='ocr_line' id='line_1_88' title="bbox 247 3800 661 3847; baseline 0.014 -13"><span class='ocrx_word' id='word_1_657' title='bbox 247 3800 315 3834; x_wconf 85' lang='lat' dir='ltr'>Dat.</span> <span class='ocrx_word' id='word_1_658' title='bbox 334 3800 454 3842; x_wconf 83' lang='lat' dir='ltr'>Burdeg.</span> <span class='ocrx_word' id='word_1_659' title='bbox 473 3804 492 3835; x_wconf 92' lang='lat'>6</span> <span class='ocrx_word' id='word_1_660' title='bbox 509 3805 572 3838; x_wconf 87' lang='lat' dir='ltr'>Kal.</span> <span class='ocrx_word' id='word_1_661' title='bbox 585 3808 661 3847; x_wconf 74' lang='lat' dir='ltr'>Julit.</span> 
     </span>
    </p>
   </div>
   <div class='ocr_carea' id='block_1_26' title="bbox 668 155 1475 210">
    <p class='ocr_par' dir='ltr' id='par_1_32' title="bbox 668 155 1475 210">
     <span class='ocr_line' id='line_1_89' title="bbox 668 155 1475 210; baseline -0.01 0"><span class='ocrx_word' id='word_1_662' title='bbox 668 155 1475 210; x_wconf 81' lang='lat' dir='ltr'>CONVENTIONES‚</span> 
     </span>
    </p>
   </div>
   <div class='ocr_carea' id='block_1_27' title="bbox 1226 1399 1748 1476">
    <p class='ocr_par' dir='ltr' id='par_1_33' title="bbox 1226 1399 1748 1476">
     <span class='ocr_line' id='line_1_90' title="bbox 1226 1399 1748 1476; baseline 0.002 -44"><span class='ocrx_word' id='word_1_663' title='bbox 1226 1445 1230 1449; x_wconf 30' lang='grc' dir='ltr'>ι</span> <span class='ocrx_word' id='word_1_664' title='bbox 1297 1400 1479 1476; x_wconf 85' lang='lat' dir='ltr'>JOhannes</span> <span class='ocrx_word' id='word_1_665' title='bbox 1493 1399 1552 1433; x_wconf 87' lang='lat' dir='ltr'>Dei</span> <span class='ocrx_word' id='word_1_666' title='bbox 1566 1402 1669 1443; x_wconf 87' lang='lat' dir='ltr'>gratia,</span> <span class='ocrx_word' id='word_1_667' title='bbox 1687 1403 1748 1435; x_wconf 58' lang='lat' dir='ltr'>&amp;a</span> 
     </span>
    </p>
   </div>
   <div class='ocr_carea' id='block_1_28' title="bbox 1531 151 1920 200">
    <p class='ocr_par' dir='ltr' id='par_1_34' title="bbox 1531 151 1920 200">
     <span class='ocr_line' id='line_1_91' title="bbox 1531 151 1920 200; baseline 0 -7"><span class='ocrx_word' id='word_1_668' title='bbox 1531 151 1920 200; x_wconf 83' lang='lat' dir='ltr'>LITERAE,</span> 
     </span>
    </p>
   </div>
   <div class='ocr_carea' id='block_1_29' title="bbox 2391 261 2521 296">
    <p class='ocr_par' dir='ltr' id='par_1_35' title="bbox 2391 261 2521 296">
     <span class='ocr_line' id='line_1_92' title="bbox 2391 261 2521 296; baseline 0.015 -2"><span class='ocrx_word' id='word_1_669' title='bbox 2391 262 2467 294; x_wconf 85' lang='lat' dir='ltr'>Ann.</span> <span class='ocrx_word' id='word_1_670' title='bbox 2476 261 2521 296; x_wconf 79' lang='lat' dir='ltr'>D.</span> 
     </span>
    </p>
   </div>
   <div class='ocr_carea' id='block_1_30' title="bbox 1303 311 2494 372">
    <p class='ocr_par' dir='ltr' id='par_1_36' title="bbox 1303 311 2494 372">
     <span class='ocr_line' id='line_1_93' title="bbox 1303 311 2494 372; baseline -0.004 -13"><span class='ocrx_word' id='word_1_671' title='bbox 1303 329 1424 359; x_wconf 81' lang='lat' dir='ltr'>Litterae</span> <span class='ocrx_word' id='word_1_672' title='bbox 1450 329 1538 372; x_wconf 79' lang='lat' dir='ltr'>Regis</span> <span class='ocrx_word' id='word_1_673' title='bbox 1563 323 1729 358; x_wconf 80' lang='lat' dir='ltr'>Baronibus</span> <span class='ocrx_word' id='word_1_674' title='bbox 1751 322 1834 370; x_wconf 81' lang='lat' dir='ltr'>quod</span> <span class='ocrx_word' id='word_1_675' title='bbox 1858 322 2095 359; x_wconf 36' lang='lat' dir='ltr'>in-Pic&#39;baviam</span> <span class='ocrx_word' id='word_1_676' title='bbox 2111 347 2123 364; x_wconf 89' lang='lat'>,</span> <span class='ocrx_word' id='word_1_677' title='bbox 2155 325 2187 355; x_wconf 83' lang='lat' dir='ltr'>in</span> <span class='ocrx_word' id='word_1_678' title='bbox 2213 322 2370 355; x_wconf 82' lang='lat' dir='ltr'>auxilium</span> <span class='ocrx_word' id='word_1_679' title='bbox 2406 311 2494 341; x_wconf 78' lang='lat'>¹²¹4·</span> 
     </span>
    </p>
   </div>
   <div class='ocr_carea' id='block_1_31' title="bbox 1696 374 1982 419">
    <p class='ocr_par' dir='ltr' id='par_1_37' title="bbox 1696 374 1982 419">
     <span class='ocr_line' id='line_1_94' title="bbox 1696 374 1982 419; baseline 0 -14"><span class='ocrx_word' id='word_1_680' title='bbox 1696 374 1790 419; x_wconf 76' lang='lat' dir='ltr'>situm</span> <span class='ocrx_word' id='word_1_681' title='bbox 1800 399 1809 415; x_wconf 83' lang='lat'>‚</span> <span class='ocrx_word' id='word_1_682' title='bbox 1833 375 1982 405; x_wconf 80' lang='lat' dir='ltr'>venirent.</span> 
     </span>
    </p>
   </div>
   <div class='ocr_carea' id='block_1_32' title="bbox 1300 455 2518 1153">
    <p class='ocr_par' dir='ltr' id='par_1_38' title="bbox 1301 455 2501 538">
     <span class='ocr_line' id='line_1_95' title="bbox 1301 455 2501 516; baseline -0.006 -24"><span class='ocrx_word' id='word_1_683' title='bbox 1301 458 1391 516; x_wconf 79' lang='lat' dir='ltr'>RE</span> <span class='ocrx_word' id='word_1_684' title='bbox 1402 459 1432 490; x_wconf 91' lang='lat' dir='ltr'>X</span> <span class='ocrx_word' id='word_1_685' title='bbox 1452 459 1618 491; x_wconf 82' lang='lat' dir='ltr'>Comitibus</span> <span class='ocrx_word' id='word_1_686' title='bbox 1631 485 1642 498; x_wconf 89' lang='lat'>,</span> <span class='ocrx_word' id='word_1_687' title='bbox 1670 458 1825 490; x_wconf 78' lang='lat' dir='ltr'>Batonibus</span> <span class='ocrx_word' id='word_1_688' title='bbox 1841 481 1851 497; x_wconf 84' lang='lat'>,</span> <span class='ocrx_word' id='word_1_689' title='bbox 1867 456 2023 496; x_wconf 85' lang='lat' dir='ltr'>Militibus,</span> <span class='ocrx_word' id='word_1_690' title='bbox 2041 456 2076 488; x_wconf 76' lang='grc' dir='ltr'>δε·</span> <span class='ocrx_word' id='word_1_691' title='bbox 2087 456 2225 488; x_wconf 63' lang='lat' dir='ltr'>omnibus*</span> <span class='ocrx_word' id='word_1_692' title='bbox 2238 455 2369 487; x_wconf 83' lang='lat' dir='ltr'>fidelibus</span> <span class='ocrx_word' id='word_1_693' title='bbox 2389 457 2441 482; x_wconf 83' lang='lat' dir='ltr'>An.</span> <span class='ocrx_word' id='word_1_694' title='bbox 2460 456 2501 483; x_wconf 84' lang='lat'>16.</span> 
     </span>
     <span class='ocr_line' id='line_1_96' title="bbox 1373 493 2450 538; baseline -0.006 -11"><span class='ocrx_word' id='word_1_695' title='bbox 1373 498 1443 537; x_wconf 85' lang='lat' dir='ltr'>suis,</span> <span class='ocrx_word' id='word_1_696' title='bbox 1462 509 1512 536; x_wconf 89' lang='lat' dir='ltr'>per</span> <span class='ocrx_word' id='word_1_697' title='bbox 1526 499 1663 538; x_wconf 80' lang='lat' dir='ltr'>Regnum</span> <span class='ocrx_word' id='word_1_698' title='bbox 1676 497 1788 537; x_wconf 82' lang='lat' dir='ltr'>Angliae</span> <span class='ocrx_word' id='word_1_699' title='bbox 1801 496 1976 534; x_wconf 76' lang='lat' dir='ltr'>constitutis,</span> <span class='ocrx_word' id='word_1_700' title='bbox 1994 496 2118 526; x_wconf 87' lang='lat' dir='ltr'>salutem.</span> <span class='ocrx_word' id='word_1_701' title='bbox 2386 493 2450 530; x_wconf 85' lang='lat' dir='ltr'><em>Joh.</em></span> 
     </span>
    </p>

    <p class='ocr_par' dir='ltr' id='par_1_39' title="bbox 1302 532 2501 616">
     <span class='ocr_line' id='line_1_97' title="bbox 1340 532 2500 574; baseline -0.002 -9"><span class='ocrx_word' id='word_1_702' title='bbox 1340 534 1437 566; x_wconf 86' lang='lat' dir='ltr'>Sciatis</span> <span class='ocrx_word' id='word_1_703' title='bbox 1461 537 1540 574; x_wconf 89' lang='lat' dir='ltr'>quod</span> <span class='ocrx_word' id='word_1_704' title='bbox 1560 538 1615 567; x_wconf 82' lang='lat' dir='ltr'>sani</span> <span class='ocrx_word' id='word_1_705' title='bbox 1634 537 1727 567; x_wconf 88' lang='lat' dir='ltr'>sumus</span> <span class='ocrx_word' id='word_1_706' title='bbox 1743 537 1777 566; x_wconf 88' lang='lat'>&amp;</span> <span class='ocrx_word' id='word_1_707' title='bbox 1792 535 1970 573; x_wconf 75' lang='lat' dir='ltr'>incolumes,</span> <span class='ocrx_word' id='word_1_708' title='bbox 1987 532 2170 572; x_wconf 64' lang='lat' dir='ltr'>emittique,</span> <span class='ocrx_word' id='word_1_709' title='bbox 2187 532 2276 571; x_wconf 76' lang='lat' dir='ltr'>gratia</span> <span class='ocrx_word' id='word_1_710' title='bbox 2292 533 2367 572; x_wconf 89' lang='lat' dir='ltr'>Dei,</span> <span class='ocrx_word' id='word_1_711' title='bbox 2387 532 2500 559; x_wconf 79' lang='lat' dir='ltr'>Pat.16.</span> 
     </span>
     <span class='ocr_line' id='line_1_98' title="bbox 1302 569 2501 616; baseline 0.003 -14"><span class='ocrx_word' id='word_1_712' title='bbox 1302 573 1375 610; x_wconf 91' lang='lat' dir='ltr'>apud</span> <span class='ocrx_word' id='word_1_713' title='bbox 1390 583 1443 605; x_wconf 88' lang='lat' dir='ltr'>nos</span> <span class='ocrx_word' id='word_1_714' title='bbox 1458 575 1587 613; x_wconf 88' lang='lat' dir='ltr'>prospera</span> <span class='ocrx_word' id='word_1_715' title='bbox 1602 575 1654 605; x_wconf 81' lang='lat' dir='ltr'>sint</span> <span class='ocrx_word' id='word_1_716' title='bbox 1667 576 1700 606; x_wconf 90' lang='lat'>&amp;</span> <span class='ocrx_word' id='word_1_717' title='bbox 1712 573 1846 612; x_wconf 83' lang='lat' dir='ltr'>jocunda.</span> <span class='ocrx_word' id='word_1_718' title='bbox 2177 610 2183 616; x_wconf 34' lang='grc' dir='ltr'>ι</span> <span class='ocrx_word' id='word_1_719' title='bbox 2196 610 2202 616; x_wconf 48' lang='grc'><em>.</em></span> <span class='ocrx_word' id='word_1_720' title='bbox 2385 569 2449 606; x_wconf 64' lang='lat' dir='ltr'>J-h·</span> <span class='ocrx_word' id='word_1_721' title='bbox 2463 579 2501 597; x_wconf 76' lang='lat' dir='ltr'>m·</span> 
     </span>
    </p>

    <p class='ocr_par' dir='ltr' id='par_1_40' title="bbox 1300 609 2503 726">
     <span class='ocr_line' id='line_1_99' title="bbox 1339 609 2503 650; baseline 0.003 -9"><span class='ocrx_word' id='word_1_722' title='bbox 1339 610 1443 643; x_wconf 87' lang='lat' dir='ltr'>Grates</span> <span class='ocrx_word' id='word_1_723' title='bbox 1462 622 1557 643; x_wconf 88' lang='lat' dir='ltr'>autem</span> <span class='ocrx_word' id='word_1_724' title='bbox 1580 614 1663 644; x_wconf 85' lang='lat' dir='ltr'>vobis</span> <span class='ocrx_word' id='word_1_725' title='bbox 1683 613 1829 643; x_wconf 78' lang='lat' dir='ltr'>referimus</span> <span class='ocrx_word' id='word_1_726' title='bbox 1849 611 2018 650; x_wconf 86' lang='lat' dir='ltr'>multiplices</span> <span class='ocrx_word' id='word_1_727' title='bbox 2035 635 2045 650; x_wconf 91' lang='lat'>,</span> <span class='ocrx_word' id='word_1_728' title='bbox 2070 611 2119 649; x_wconf 90' lang='lat' dir='ltr'>qui</span> <span class='ocrx_word' id='word_1_729' title='bbox 2137 609 2245 640; x_wconf 69' lang='lat' dir='ltr'>Milites</span> <span class='ocrx_word' id='word_1_730' title='bbox 2258 609 2368 642; x_wconf 87' lang='lat' dir='ltr'>vestros</span> <span class='ocrx_word' id='word_1_731' title='bbox 2390 617 2503 645; x_wconf 72' lang='lat'>¹1·&#39;¹·7‘</span> 
     </span>
     <span class='ocr_line' id='line_1_100' title="bbox 1300 648 2368 719; baseline 0.002 -40"><span class='ocrx_word' id='word_1_732' title='bbox 1300 650 1451 695; x_wconf 81' lang='lat' dir='ltr'>nobiscum</span> <span class='ocrx_word' id='word_1_733' title='bbox 1463 651 1582 719; x_wconf 75' lang='lat' dir='ltr'>dmilistis</span> <span class='ocrx_word' id='word_1_734' title='bbox 1602 652 1632 681; x_wconf 88' lang='lat' dir='ltr'>in</span> <span class='ocrx_word' id='word_1_735' title='bbox 1653 651 1799 682; x_wconf 86' lang='lat' dir='ltr'>servitium</span> <span class='ocrx_word' id='word_1_736' title='bbox 1819 651 1950 681; x_wconf 87' lang='lat' dir='ltr'>nostrum</span> <span class='ocrx_word' id='word_1_737' title='bbox 1970 649 2004 680; x_wconf 86' lang='lat' dir='ltr'>ad</span> <span class='ocrx_word' id='word_1_738' title='bbox 2021 651 2085 689; x_wconf 88' lang='lat' dir='ltr'>jura</span> <span class='ocrx_word' id='word_1_739' title='bbox 2107 648 2202 679; x_wconf 86' lang='lat' dir='ltr'>nostra</span> <span class='ocrx_word' id='word_1_740' title='bbox 2215 648 2320 680; x_wconf 87' lang='lat' dir='ltr'>tuenda</span> <span class='ocrx_word' id='word_1_741' title='bbox 2333 650 2368 681; x_wconf 85' lang='lat'>&amp;</span> 
     </span>
     <span class='ocr_line' id='line_1_101' title="bbox 1302 697 1504 726; baseline -0.005 -8"><span class='ocrx_word' id='word_1_742' title='bbox 1302 697 1461 726; x_wconf 80' lang='lat' dir='ltr'>conquireu</span> <span class='ocrx_word' id='word_1_743' title='bbox 1482 699 1504 719; x_wconf 89' lang='lat' dir='ltr'>a.</span> 
     </span>
    </p>

    <p class='ocr_par' dir='ltr' id='par_1_41' title="bbox 1306 725 2373 882">
     <span class='ocr_line' id='line_1_102' title="bbox 1340 725 2367 766; baseline 0 -9"><span class='ocrx_word' id='word_1_744' title='bbox 1340 726 1379 757; x_wconf 86' lang='lat' dir='ltr'>Et</span> <span class='ocrx_word' id='word_1_745' title='bbox 1400 737 1535 765; x_wconf 83' lang='lat' dir='ltr'>rogamus</span> <span class='ocrx_word' id='word_1_746' title='bbox 1557 727 1736 759; x_wconf 85' lang='lat' dir='ltr'>attentiffime</span> <span class='ocrx_word' id='word_1_747' title='bbox 1757 737 1810 759; x_wconf 89' lang='lat' dir='ltr'>vos</span> <span class='ocrx_word' id='word_1_748' title='bbox 1824 751 1835 766; x_wconf 84' lang='lat'>‚</span> <span class='ocrx_word' id='word_1_749' title='bbox 1852 729 1901 766; x_wconf 89' lang='lat' dir='ltr'>qui</span> <span class='ocrx_word' id='word_1_750' title='bbox 1914 727 2065 758; x_wconf 89' lang='lat' dir='ltr'>nobiscum</span> <span class='ocrx_word' id='word_1_751' title='bbox 2079 736 2140 759; x_wconf 89' lang='lat' dir='ltr'>non</span> <span class='ocrx_word' id='word_1_752' title='bbox 2154 725 2367 766; x_wconf 55' lang='lat' dir='ltr'>transfretatis,</span> 
     </span>
     <span class='ocr_line' id='line_1_103' title="bbox 1306 765 2373 805; baseline 0 -10"><span class='ocrx_word' id='word_1_753' title='bbox 1306 767 1435 804; x_wconf 75' lang='lat' dir='ltr'>quatinus</span> <span class='ocrx_word' id='word_1_754' title='bbox 1450 790 1459 805; x_wconf 82' lang='lat'>‚</span> <span class='ocrx_word' id='word_1_755' title='bbox 1483 766 1554 796; x_wconf 88' lang='lat' dir='ltr'>ficut</span> <span class='ocrx_word' id='word_1_756' title='bbox 1574 766 1717 797; x_wconf 89' lang='lat' dir='ltr'>honorem</span> <span class='ocrx_word' id='word_1_757' title='bbox 1739 766 1870 797; x_wconf 88' lang='lat' dir='ltr'>nostrum</span> <span class='ocrx_word' id='word_1_758' title='bbox 1885 767 2012 805; x_wconf 91' lang='lat' dir='ltr'>diligitis,</span> <span class='ocrx_word' id='word_1_759' title='bbox 2028 767 2086 796; x_wconf 79' lang='lat' dir='ltr'>sine</span> <span class='ocrx_word' id='word_1_760' title='bbox 2096 765 2247 803; x_wconf 88' lang='lat' dir='ltr'>dilatione,</span> <span class='ocrx_word' id='word_1_761' title='bbox 2265 765 2299 796; x_wconf 87' lang='lat' dir='ltr'>ad</span> <span class='ocrx_word' id='word_1_762' title='bbox 2316 774 2373 796; x_wconf 72' lang='lat' dir='ltr'>nos</span> 
     </span>
     <span class='ocr_line' id='line_1_104' title="bbox 1306 803 2371 843; baseline 0 -9"><span class='ocrx_word' id='word_1_763' title='bbox 1306 805 1423 835; x_wconf 86' lang='lat' dir='ltr'>veniatis</span> <span class='ocrx_word' id='word_1_764' title='bbox 1437 806 1466 835; x_wconf 91' lang='lat' dir='ltr'>in</span> <span class='ocrx_word' id='word_1_765' title='bbox 1479 804 1612 834; x_wconf 86' lang='lat' dir='ltr'>auxilium</span> <span class='ocrx_word' id='word_1_766' title='bbox 1626 813 1708 835; x_wconf 86' lang='lat' dir='ltr'>terrae</span> <span class='ocrx_word' id='word_1_767' title='bbox 1723 804 1827 835; x_wconf 83' lang='lat' dir='ltr'>nostrae</span> <span class='ocrx_word' id='word_1_768' title='bbox 1839 805 2043 843; x_wconf 67' lang='lat' dir='ltr'>conquirendae</span> <span class='ocrx_word' id='word_1_769' title='bbox 2057 805 2193 843; x_wconf 79' lang='lat' dir='ltr'>(exceptis</span> <span class='ocrx_word' id='word_1_770' title='bbox 2206 804 2256 834; x_wconf 86' lang='lat' dir='ltr'>illis</span> <span class='ocrx_word' id='word_1_771' title='bbox 2271 805 2320 842; x_wconf 74' lang='lat' dir='ltr'>qui</span> <span class='ocrx_word' id='word_1_772' title='bbox 2333 803 2371 834; x_wconf 86' lang='lat' dir='ltr'>de</span> 
     </span>
     <span class='ocr_line' id='line_1_105' title="bbox 1307 841 2370 882; baseline 0 -9"><span class='ocrx_word' id='word_1_773' title='bbox 1307 842 1445 874; x_wconf 88' lang='lat' dir='ltr'>Concilio</span> <span class='ocrx_word' id='word_1_774' title='bbox 1467 843 1671 873; x_wconf 83' lang='lat' dir='ltr'>venerabilium</span> <span class='ocrx_word' id='word_1_775' title='bbox 1693 851 1803 881; x_wconf 73' lang='lat' dir='ltr'>patrum</span> <span class='ocrx_word' id='word_1_776' title='bbox 1825 841 1993 874; x_wconf 85' lang='lat' dir='ltr'>nostrorum</span> <span class='ocrx_word' id='word_1_777' title='bbox 2012 843 2044 873; x_wconf 95' lang='lat' dir='ltr'>P.</span> <span class='ocrx_word' id='word_1_778' title='bbox 2067 843 2200 874; x_wconf 89' lang='lat' dir='ltr'>Winton.</span> <span class='ocrx_word' id='word_1_779' title='bbox 2220 841 2370 882; x_wconf 77' lang='lat' dir='ltr'>Episcopi,</span> 
     </span>
    </p>

    <p class='ocr_par' dir='ltr' id='par_1_42' title="bbox 1309 880 2518 960">
     <span class='ocr_line' id='line_1_106' title="bbox 1310 880 2518 920; baseline -0.001 -8"><span class='ocrx_word' id='word_1_780' title='bbox 1310 881 1339 912; x_wconf 88' lang='lat' dir='ltr'>S.</span> <span class='ocrx_word' id='word_1_781' title='bbox 1362 884 1376 899; x_wconf 60' lang='lat'>*¹</span> <span class='ocrx_word' id='word_1_782' title='bbox 1397 882 1533 913; x_wconf 75' lang='lat' dir='ltr'>Norwic.</span> <span class='ocrx_word' id='word_1_783' title='bbox 1554 881 1709 919; x_wconf 90' lang='lat' dir='ltr'>Episcopi,</span> <span class='ocrx_word' id='word_1_784' title='bbox 1731 882 1766 912; x_wconf 91' lang='lat'>&amp;</span> <span class='ocrx_word' id='word_1_785' title='bbox 1789 880 1919 920; x_wconf 85' lang='lat' dir='ltr'>Magistri</span> <span class='ocrx_word' id='word_1_786' title='bbox 1942 881 1980 912; x_wconf 87' lang='lat' dir='ltr'>R.</span> <span class='ocrx_word' id='word_1_787' title='bbox 1997 882 2034 912; x_wconf 92' lang='lat' dir='ltr'>de</span> <span class='ocrx_word' id='word_1_788' title='bbox 2049 881 2171 912; x_wconf 87' lang='lat' dir='ltr'>Maresc.</span> <span class='ocrx_word' id='word_1_789' title='bbox 2191 882 2225 912; x_wconf 67' lang='grc' dir='ltr'>ὃς</span> <span class='ocrx_word' id='word_1_790' title='bbox 2239 881 2291 912; x_wconf 91' lang='lat' dir='ltr'>W.</span> <span class='ocrx_word' id='word_1_791' title='bbox 2311 881 2371 911; x_wconf 89' lang='lat' dir='ltr'>Bri-</span> <span class='ocrx_word' id='word_1_792' title='bbox 2388 883 2404 900; x_wconf 73' lang='lat'>²*</span> <span class='ocrx_word' id='word_1_793' title='bbox 2423 882 2518 919; x_wconf 51' lang='lat'>1³39-</span> 
     </span>
     <span class='ocr_line' id='line_1_107' title="bbox 1309 919 2371 960; baseline 0 -9"><span class='ocrx_word' id='word_1_794' title='bbox 1309 931 1370 951; x_wconf 87' lang='lat' dir='ltr'>wer</span> <span class='ocrx_word' id='word_1_795' title='bbox 1376 943 1386 959; x_wconf 82' lang='grc'>,</span> <span class='ocrx_word' id='word_1_796' title='bbox 1404 921 1437 952; x_wconf 92' lang='lat'>&amp;</span> <span class='ocrx_word' id='word_1_797' title='bbox 1458 921 1576 951; x_wconf 87' lang='lat' dir='ltr'>aliorum</span> <span class='ocrx_word' id='word_1_798' title='bbox 1590 920 1731 950; x_wconf 71' lang='lat' dir='ltr'>fidelium</span> <span class='ocrx_word' id='word_1_799' title='bbox 1751 919 1917 950; x_wconf 88' lang='lat' dir='ltr'>nostrorum</span> <span class='ocrx_word' id='word_1_800' title='bbox 1932 943 1941 958; x_wconf 82' lang='lat'>,</span> <span class='ocrx_word' id='word_1_801' title='bbox 1960 921 2050 958; x_wconf 90' lang='lat' dir='ltr'>quiin</span> <span class='ocrx_word' id='word_1_802' title='bbox 2063 920 2166 960; x_wconf 84' lang='lat' dir='ltr'>Anglia</span> <span class='ocrx_word' id='word_1_803' title='bbox 2180 930 2294 951; x_wconf 87' lang='lat' dir='ltr'>moram</span> <span class='ocrx_word' id='word_1_804' title='bbox 2308 921 2371 952; x_wconf 92' lang='lat' dir='ltr'>sunt</span> 
     </span>
    </p>

    <p class='ocr_par' dir='ltr' id='par_1_43' title="bbox 1306 957 2371 999">
     <span class='ocr_line' id='line_1_108' title="bbox 1306 957 2371 999; baseline 0.002 -11"><span class='ocrx_word' id='word_1_805' title='bbox 1306 958 1419 995; x_wconf 67' lang='lat' dir='ltr'>faeturi)</span> <span class='ocrx_word' id='word_1_806' title='bbox 1439 967 1553 990; x_wconf 84' lang='lat' dir='ltr'>tantum</span> <span class='ocrx_word' id='word_1_807' title='bbox 1567 958 1632 989; x_wconf 90' lang='lat' dir='ltr'>inde</span> <span class='ocrx_word' id='word_1_808' title='bbox 1646 958 1779 989; x_wconf 84' lang='lat' dir='ltr'>facientes</span> <span class='ocrx_word' id='word_1_809' title='bbox 1794 966 1825 989; x_wconf 87' lang='lat' dir='ltr'>ut</span> <span class='ocrx_word' id='word_1_810' title='bbox 1838 957 1873 988; x_wconf 92' lang='lat' dir='ltr'>ad</span> <span class='ocrx_word' id='word_1_811' title='bbox 1888 967 2032 997; x_wconf 85' lang='lat' dir='ltr'>perpetuas</span> <span class='ocrx_word' id='word_1_812' title='bbox 2046 959 2129 990; x_wconf 90' lang='lat' dir='ltr'>vobis</span> <span class='ocrx_word' id='word_1_813' title='bbox 2143 959 2209 990; x_wconf 91' lang='lat' dir='ltr'>inde</span> <span class='ocrx_word' id='word_1_814' title='bbox 2224 968 2313 999; x_wconf 70' lang='lat' dir='ltr'>grates</span> <span class='ocrx_word' id='word_1_815' title='bbox 2328 968 2371 990; x_wconf 89' lang='lat' dir='ltr'>te-</span> 
     </span>
    </p>

    <p class='ocr_par' dir='ltr' id='par_1_44' title="bbox 1305 1008 1432 1028">
     <span class='ocr_line' id='line_1_109' title="bbox 1305 1008 1432 1028; baseline -0.008 0"><span class='ocrx_word' id='word_1_816' title='bbox 1305 1008 1432 1028; x_wconf 69' lang='lat' dir='ltr'>neamur.</span> 
     </span>
    </p>

    <p class='ocr_par' dir='ltr' id='par_1_45' title="bbox 1305 1035 2370 1114">
     <span class='ocr_line' id='line_1_110' title="bbox 1344 1035 2370 1077; baseline 0.001 -10"><span class='ocrx_word' id='word_1_817' title='bbox 1344 1036 1436 1074; x_wconf 86' lang='lat' dir='ltr'>Siquis</span> <span class='ocrx_word' id='word_1_818' title='bbox 1452 1046 1520 1067; x_wconf 90' lang='lat' dir='ltr'>vero</span> <span class='ocrx_word' id='word_1_819' title='bbox 1536 1035 1666 1067; x_wconf 70' lang='lat' dir='ltr'>vestrum</span> <span class='ocrx_word' id='word_1_820' title='bbox 1687 1035 1857 1066; x_wconf 86' lang='lat' dir='ltr'>estimaverit</span> <span class='ocrx_word' id='word_1_821' title='bbox 1877 1035 1956 1073; x_wconf 90' lang='lat' dir='ltr'>quod</span> <span class='ocrx_word' id='word_1_822' title='bbox 1979 1035 2206 1074; x_wconf 87' lang='lat' dir='ltr'>indignationem</span> <span class='ocrx_word' id='word_1_823' title='bbox 2226 1045 2290 1077; x_wconf 86' lang='lat' dir='ltr'>erga</span> <span class='ocrx_word' id='word_1_824' title='bbox 2302 1046 2370 1068; x_wconf 88' lang='lat' dir='ltr'>eum</span> 
     </span>
     <span class='ocr_line' id='line_1_111' title="bbox 1305 1073 2124 1114; baseline 0.001 -9"><span class='ocrx_word' id='word_1_825' title='bbox 1305 1074 1504 1114; x_wconf 75' lang='lat' dir='ltr'>habuerimus,</span> <span class='ocrx_word' id='word_1_826' title='bbox 1523 1085 1573 1113; x_wconf 88' lang='lat' dir='ltr'>per</span> <span class='ocrx_word' id='word_1_827' title='bbox 1586 1074 1742 1105; x_wconf 88' lang='lat' dir='ltr'>adventum</span> <span class='ocrx_word' id='word_1_828' title='bbox 1757 1073 1837 1103; x_wconf 88' lang='lat' dir='ltr'>suum</span> <span class='ocrx_word' id='word_1_829' title='bbox 1853 1076 1956 1110; x_wconf 88' lang='lat' dir='ltr'>poterit</span> <span class='ocrx_word' id='word_1_830' title='bbox 1972 1074 2124 1106; x_wconf 82' lang='lat' dir='ltr'>emendari.</span> 
     </span>
    </p>

    <p class='ocr_par' dir='ltr' id='par_1_46' title="bbox 1342 1112 1883 1153">
     <span class='ocr_line' id='line_1_112' title="bbox 1342 1112 1883 1153; baseline -0.007 -8"><span class='ocrx_word' id='word_1_831' title='bbox 1342 1112 1381 1145; x_wconf 89' lang='lat' dir='ltr'>Et</span> <span class='ocrx_word' id='word_1_832' title='bbox 1393 1115 1423 1144; x_wconf 92' lang='lat' dir='ltr'>in</span> <span class='ocrx_word' id='word_1_833' title='bbox 1436 1114 1517 1153; x_wconf 86' lang='lat' dir='ltr'>hujus</span> <span class='ocrx_word' id='word_1_834' title='bbox 1531 1115 1570 1144; x_wconf 86' lang='lat' dir='ltr'>rei</span> <span class='ocrx_word' id='word_1_835' title='bbox 1587 1112 1784 1144; x_wconf 87' lang='lat' dir='ltr'>testimonium</span> <span class='ocrx_word' id='word_1_836' title='bbox 1793 1136 1802 1150; x_wconf 95' lang='lat'>,</span> <span class='ocrx_word' id='word_1_837' title='bbox 1821 1112 1883 1143; x_wconf 89' lang='lat' dir='ltr'>&amp;c.</span> 
     </span>
    </p>
   </div>
   <div class='ocr_carea' id='block_1_33' title="bbox 1338 1188 2370 1231">
    <p class='ocr_par' dir='ltr' id='par_1_47' title="bbox 1338 1188 2370 1231">
     <span class='ocr_line' id='line_1_113' title="bbox 1338 1188 2370 1231; baseline -0.002 -8"><span class='ocrx_word' id='word_1_838' title='bbox 1338 1190 1430 1223; x_wconf 84' lang='lat' dir='ltr'>Teste</span> <span class='ocrx_word' id='word_1_839' title='bbox 1441 1191 1548 1231; x_wconf 87' lang='lat' dir='ltr'>meipso</span> <span class='ocrx_word' id='word_1_840' title='bbox 1561 1189 1635 1231; x_wconf 86' lang='lat' dir='ltr'>apud</span> <span class='ocrx_word' id='word_1_841' title='bbox 1649 1188 1805 1229; x_wconf 83' lang='lat' dir='ltr'>Rupenam</span> <span class='ocrx_word' id='word_1_842' title='bbox 1823 1196 1855 1227; x_wconf 86' lang='lat'>15</span> <span class='ocrx_word' id='word_1_843' title='bbox 1871 1188 1917 1219; x_wconf 88' lang='lat' dir='ltr'>die</span> <span class='ocrx_word' id='word_1_844' title='bbox 1927 1189 1995 1227; x_wconf 86' lang='lat' dir='ltr'>Julii</span> <span class='ocrx_word' id='word_1_845' title='bbox 2005 1214 2014 1229; x_wconf 84' lang='lat'>‚</span> <span class='ocrx_word' id='word_1_846' title='bbox 2023 1189 2111 1221; x_wconf 91' lang='lat' dir='ltr'>Anno</span> <span class='ocrx_word' id='word_1_847' title='bbox 2124 1191 2203 1229; x_wconf 89' lang='lat' dir='ltr'>regni</span> <span class='ocrx_word' id='word_1_848' title='bbox 2215 1190 2305 1221; x_wconf 88' lang='lat' dir='ltr'>nostri</span> <span class='ocrx_word' id='word_1_849' title='bbox 2324 1191 2370 1222; x_wconf 86' lang='lat'>16.</span> 
     </span>
    </p>
   </div>
   <div class='ocr_carea' id='block_1_34' title="bbox 1345 1312 2336 1363">
    <p class='ocr_par' dir='ltr' id='par_1_48' title="bbox 1345 1312 2336 1363">
     <span class='ocr_line' id='line_1_114' title="bbox 1345 1312 2336 1363; baseline -0.003 -13"><span class='ocrx_word' id='word_1_850' title='bbox 1345 1317 1468 1350; x_wconf 78' lang='lat' dir='ltr'>Litterae</span> <span class='ocrx_word' id='word_1_851' title='bbox 1484 1312 1678 1362; x_wconf 81' lang='lat' dir='ltr'>Justiciariis</span> <span class='ocrx_word' id='word_1_852' title='bbox 1692 1315 1810 1363; x_wconf 83' lang='lat' dir='ltr'>Angliae</span> <span class='ocrx_word' id='word_1_853' title='bbox 1823 1314 1859 1348; x_wconf 84' lang='lat' dir='ltr'>de</span> <span class='ocrx_word' id='word_1_854' title='bbox 1869 1312 2041 1361; x_wconf 79' lang='lat' dir='ltr'>fitcceffibm</span> <span class='ocrx_word' id='word_1_855' title='bbox 2053 1315 2122 1360; x_wconf 74' lang='lat' dir='ltr'>sitis</span> <span class='ocrx_word' id='word_1_856' title='bbox 2135 1317 2167 1346; x_wconf 83' lang='lat' dir='ltr'>in</span> <span class='ocrx_word' id='word_1_857' title='bbox 2183 1315 2336 1348; x_wconf 65' lang='lat' dir='ltr'>Pisiavia.</span> 
     </span>
    </p>
   </div>
   <div class='ocr_carea' id='block_1_35' title="bbox 2389 1394 2522 1427">
    <p class='ocr_par' dir='ltr' id='par_1_49' title="bbox 2389 1394 2522 1427">
     <span class='ocr_line' id='line_1_115' title="bbox 2389 1394 2522 1427; baseline 0 0"><span class='ocrx_word' id='word_1_858' title='bbox 2389 1394 2465 1427; x_wconf 88' lang='lat' dir='ltr'>Ann.</span> <span class='ocrx_word' id='word_1_859' title='bbox 2479 1395 2522 1427; x_wconf 87' lang='lat' dir='ltr'>D.</span> 
     </span>
    </p>
   </div>
   <div class='ocr_carea' id='block_1_36' title="bbox 1303 1440 2506 2707">
    <p class='ocr_par' dir='ltr' id='par_1_50' title="bbox 1304 1440 2506 1639">
     <span class='ocr_line' id='line_1_116' title="bbox 1367 1440 2504 1481; baseline 0.002 -9"><span class='ocrx_word' id='word_1_860' title='bbox 1367 1440 1465 1472; x_wconf 86' lang='lat' dir='ltr'>Sciatis</span> <span class='ocrx_word' id='word_1_861' title='bbox 1479 1441 1575 1479; x_wconf 86' lang='lat' dir='ltr'>quod,</span> <span class='ocrx_word' id='word_1_862' title='bbox 1593 1451 1663 1472; x_wconf 88' lang='lat' dir='ltr'>cum</span> <span class='ocrx_word' id='word_1_863' title='bbox 1684 1441 1796 1473; x_wconf 86' lang='lat' dir='ltr'>instaret</span> <span class='ocrx_word' id='word_1_864' title='bbox 1816 1442 1953 1473; x_wconf 88' lang='lat' dir='ltr'>terminus</span> <span class='ocrx_word' id='word_1_865' title='bbox 1967 1449 2148 1481; x_wconf 79' lang='lat' dir='ltr'>treugarum,</span> <span class='ocrx_word' id='word_1_866' title='bbox 2187 1450 2233 1471; x_wconf 89' lang='lat' dir='ltr'>uas</span> <span class='ocrx_word' id='word_1_867' title='bbox 2249 1449 2370 1471; x_wconf 84' lang='lat' dir='ltr'>conces·-</span> <span class='ocrx_word' id='word_1_868' title='bbox 2416 1444 2504 1474; x_wconf 82' lang='lat'>1214·</span> 
     </span>
     <span class='ocr_line' id='line_1_117' title="bbox 1304 1477 2506 1520; baseline 0.001 -11"><span class='ocrx_word' id='word_1_869' title='bbox 1304 1478 1424 1510; x_wconf 84' lang='lat' dir='ltr'>seramus</span> <span class='ocrx_word' id='word_1_870' title='bbox 1440 1478 1606 1510; x_wconf 86' lang='lat' dir='ltr'>Comitibus</span> <span class='ocrx_word' id='word_1_871' title='bbox 1622 1480 1779 1519; x_wconf 79' lang='lat' dir='ltr'>Marchiae,</span> <span class='ocrx_word' id='word_1_872' title='bbox 1799 1480 1833 1511; x_wconf 70' lang='grc' dir='ltr'>δε</span> <span class='ocrx_word' id='word_1_873' title='bbox 1845 1479 1882 1510; x_wconf 91' lang='lat' dir='ltr'>de</span> <span class='ocrx_word' id='word_1_874' title='bbox 1896 1480 1989 1520; x_wconf 83' lang='lat' dir='ltr'>Augi,</span> <span class='ocrx_word' id='word_1_875' title='bbox 2007 1490 2061 1510; x_wconf 89' lang='lat' dir='ltr'>nec</span> <span class='ocrx_word' id='word_1_876' title='bbox 2074 1481 2170 1510; x_wconf 87' lang='lat' dir='ltr'>inveni</span> <span class='ocrx_word' id='word_1_877' title='bbox 2195 1489 2275 1510; x_wconf 91' lang='lat' dir='ltr'>emus</span> <span class='ocrx_word' id='word_1_878' title='bbox 2289 1481 2319 1510; x_wconf 91' lang='lat' dir='ltr'>in</span> <span class='ocrx_word' id='word_1_879' title='bbox 2333 1480 2371 1510; x_wconf 89' lang='lat' dir='ltr'>eis</span> <span class='ocrx_word' id='word_1_880' title='bbox 2390 1477 2442 1502; x_wconf 66' lang='lat'><em>²¹⁷¹·</em></span> <span class='ocrx_word' id='word_1_881' title='bbox 2462 1483 2493 1510; x_wconf 85' lang='lat'>¹5</span> <span class='ocrx_word' id='word_1_882' title='bbox 2499 1492 2506 1501; x_wconf 90' lang='lat'>·</span> 
     </span>
     <span class='ocr_line' id='line_1_118' title="bbox 1307 1513 2453 1558; baseline 0.001 -10"><span class='ocrx_word' id='word_1_883' title='bbox 1307 1527 1410 1556; x_wconf 80' lang='lat' dir='ltr'>pacem</span> <span class='ocrx_word' id='word_1_884' title='bbox 1431 1519 1514 1549; x_wconf 91' lang='lat' dir='ltr'>nobis</span> <span class='ocrx_word' id='word_1_885' title='bbox 1534 1517 1749 1558; x_wconf 80' lang='lat' dir='ltr'>expedientem,</span> <span class='ocrx_word' id='word_1_886' title='bbox 1766 1518 1955 1550; x_wconf 88' lang='lat' dir='ltr'>transtulimus</span> <span class='ocrx_word' id='word_1_887' title='bbox 1970 1520 2000 1549; x_wconf 87' lang='lat' dir='ltr'>in</span> <span class='ocrx_word' id='word_1_888' title='bbox 2021 1518 2079 1549; x_wconf 87' lang='lat' dir='ltr'>die-</span> <span class='ocrx_word' id='word_1_889' title='bbox 2090 1519 2199 1549; x_wconf 88' lang='lat' dir='ltr'>veneris</span> <span class='ocrx_word' id='word_1_890' title='bbox 2213 1543 2224 1557; x_wconf 83' lang='lat'>,</span> <span class='ocrx_word' id='word_1_891' title='bbox 2263 1520 2372 1549; x_wconf 83' lang='lat' dir='ltr'>roxima</span> <span class='ocrx_word' id='word_1_892' title='bbox 2390 1513 2453 1552; x_wconf 75' lang='lat' dir='ltr'>J0h·</span> 
     </span>
     <span class='ocr_line' id='line_1_119' title="bbox 1307 1555 2372 1595; baseline 0.002 -10"><span class='ocrx_word' id='word_1_893' title='bbox 1307 1564 1373 1586; x_wconf 89' lang='lat' dir='ltr'>ante</span> <span class='ocrx_word' id='word_1_894' title='bbox 1390 1555 1580 1588; x_wconf 89' lang='lat' dir='ltr'>Pentecosten</span> <span class='ocrx_word' id='word_1_895' title='bbox 1591 1581 1600 1595; x_wconf 79' lang='lat'>‚</span> <span class='ocrx_word' id='word_1_896' title='bbox 1619 1567 1688 1588; x_wconf 88' lang='lat' dir='ltr'>cum</span> <span class='ocrx_word' id='word_1_897' title='bbox 1704 1558 1827 1587; x_wconf 82' lang='lat' dir='ltr'>exercitu</span> <span class='ocrx_word' id='word_1_898' title='bbox 1841 1556 1942 1588; x_wconf 89' lang='lat' dir='ltr'>nostro</span> <span class='ocrx_word' id='word_1_899' title='bbox 1956 1557 2042 1595; x_wconf 92' lang='lat' dir='ltr'>usque</span> <span class='ocrx_word' id='word_1_900' title='bbox 2055 1556 2220 1587; x_wconf 83' lang='lat' dir='ltr'>Mierevent</span> <span class='ocrx_word' id='word_1_901' title='bbox 2264 1556 2372 1587; x_wconf 84' lang='lat' dir='ltr'>astrum</span> 
     </span>
     <span class='ocr_line' id='line_1_120' title="bbox 1305 1593 2371 1639; baseline 0.001 -15"><span class='ocrx_word' id='word_1_902' title='bbox 1305 1593 1436 1625; x_wconf 86' lang='lat' dir='ltr'>Gaufridi</span> <span class='ocrx_word' id='word_1_903' title='bbox 1453 1594 1489 1626; x_wconf 89' lang='lat' dir='ltr'>de</span> <span class='ocrx_word' id='word_1_904' title='bbox 1511 1595 1639 1626; x_wconf 71' lang='lat' dir='ltr'>Lezinan</span> <span class='ocrx_word' id='word_1_905' title='bbox 1655 1606 1660 1625; x_wconf 91' lang='lat'>:</span> <span class='ocrx_word' id='word_1_906' title='bbox 1689 1596 1723 1627; x_wconf 91' lang='lat'>&amp;</span> <span class='ocrx_word' id='word_1_907' title='bbox 1737 1618 1747 1634; x_wconf 82' lang='grc'>,</span> <span class='ocrx_word' id='word_1_908' title='bbox 1766 1596 1831 1626; x_wconf 89' lang='lat' dir='ltr'>licet</span> <span class='ocrx_word' id='word_1_909' title='bbox 1846 1595 2026 1626; x_wconf 89' lang='lat' dir='ltr'>crederemus</span> <span class='ocrx_word' id='word_1_910' title='bbox 2041 1594 2120 1634; x_wconf 92' lang='lat' dir='ltr'>quod</span> <span class='ocrx_word' id='word_1_911' title='bbox 2135 1595 2199 1633; x_wconf 88' lang='lat' dir='ltr'>capi</span> <span class='ocrx_word' id='word_1_912' title='bbox 2212 1605 2273 1626; x_wconf 92' lang='lat' dir='ltr'>non</span> <span class='ocrx_word' id='word_1_913' title='bbox 2285 1593 2371 1639; x_wconf 78' lang='lat' dir='ltr'>possit</span> 
     </span>
    </p>

    <p class='ocr_par' dir='ltr' id='par_1_51' title="bbox 1315 1632 2372 1711">
     <span class='ocr_line' id='line_1_121' title="bbox 1327 1632 2372 1673; baseline 0.001 -10"><span class='ocrx_word' id='word_1_914' title='bbox 1327 1642 1355 1663; x_wconf 88' lang='lat' dir='ltr'>er</span> <span class='ocrx_word' id='word_1_915' title='bbox 1370 1633 1520 1672; x_wconf 84' lang='lat' dir='ltr'>insultum,</span> <span class='ocrx_word' id='word_1_916' title='bbox 1538 1635 1567 1664; x_wconf 90' lang='lat' dir='ltr'>in</span> <span class='ocrx_word' id='word_1_917' title='bbox 1582 1633 1705 1665; x_wconf 82' lang='lat' dir='ltr'>crastino</span> <span class='ocrx_word' id='word_1_918' title='bbox 1720 1643 1834 1673; x_wconf 87' lang='lat' dir='ltr'>tamen,</span> <span class='ocrx_word' id='word_1_919' title='bbox 1851 1635 1881 1664; x_wconf 87' lang='lat' dir='ltr'>in</span> <span class='ocrx_word' id='word_1_920' title='bbox 1895 1635 1989 1672; x_wconf 84' lang='lat' dir='ltr'>vigilia</span> <span class='ocrx_word' id='word_1_921' title='bbox 2007 1633 2121 1664; x_wconf 68' lang='lat' dir='ltr'>8211&amp;ae</span> <span class='ocrx_word' id='word_1_922' title='bbox 2135 1632 2312 1664; x_wconf 84' lang='lat' dir='ltr'>Pentecostis</span> <span class='ocrx_word' id='word_1_923' title='bbox 2326 1633 2372 1664; x_wconf 89' lang='lat' dir='ltr'>so-</span> 
     </span>
     <span class='ocr_line' id='line_1_122' title="bbox 1315 1671 2371 1711; baseline 0 -9"><span class='ocrx_word' id='word_1_924' title='bbox 1315 1681 1336 1702; x_wconf 90' lang='lat' dir='ltr'>o</span> <span class='ocrx_word' id='word_1_925' title='bbox 1349 1671 1449 1703; x_wconf 86' lang='lat' dir='ltr'>insultu</span> <span class='ocrx_word' id='word_1_926' title='bbox 1465 1682 1480 1701; x_wconf 89' lang='lat' dir='ltr'>a</span> <span class='ocrx_word' id='word_1_927' title='bbox 1497 1682 1580 1703; x_wconf 91' lang='lat' dir='ltr'>mane</span> <span class='ocrx_word' id='word_1_928' title='bbox 1593 1672 1630 1703; x_wconf 92' lang='lat' dir='ltr'>us</span> <span class='ocrx_word' id='word_1_929' title='bbox 1645 1682 1681 1702; x_wconf 90' lang='lat' dir='ltr'>ue</span> <span class='ocrx_word' id='word_1_930' title='bbox 1691 1672 1725 1703; x_wconf 88' lang='lat' dir='ltr'>ad</span> <span class='ocrx_word' id='word_1_931' title='bbox 1738 1673 1841 1703; x_wconf 79' lang='lat' dir='ltr'>horam</span> <span class='ocrx_word' id='word_1_932' title='bbox 1856 1673 1978 1711; x_wconf 84' lang='lat' dir='ltr'>primam</span> <span class='ocrx_word' id='word_1_933' title='bbox 1994 1671 2061 1703; x_wconf 83' lang='lat' dir='ltr'>illud</span> <span class='ocrx_word' id='word_1_934' title='bbox 2081 1673 2209 1710; x_wconf 85' lang='lat' dir='ltr'>cepimus</span> <span class='ocrx_word' id='word_1_935' title='bbox 2221 1672 2371 1703; x_wconf 86' lang='lat' dir='ltr'>violenter.</span> 
     </span>
    </p>

    <p class='ocr_par' dir='ltr' id='par_1_52' title="bbox 1303 1683 2374 2012">
     <span class='ocr_line' id='line_1_123' title="bbox 1341 1683 2374 1754; baseline 0 -14"><span class='ocrx_word' id='word_1_936' title='bbox 1341 1708 1401 1741; x_wconf 92' lang='lat' dir='ltr'>Die</span> <span class='ocrx_word' id='word_1_937' title='bbox 1414 1721 1484 1741; x_wconf 92' lang='lat' dir='ltr'>vero</span> <span class='ocrx_word' id='word_1_938' title='bbox 1498 1683 1701 1754; x_wconf 50' lang='lat' dir='ltr'>Pentecostes,</span> <span class='ocrx_word' id='word_1_939' title='bbox 1716 1711 1879 1742; x_wconf 89' lang='lat' dir='ltr'>obsedimus</span> <span class='ocrx_word' id='word_1_940' title='bbox 1892 1711 1965 1742; x_wconf 83' lang='lat' dir='ltr'>aliud</span> <span class='ocrx_word' id='word_1_941' title='bbox 1979 1710 2105 1754; x_wconf 72' lang='lat' dir='ltr'>castrum</span> <span class='ocrx_word' id='word_1_942' title='bbox 2126 1710 2206 1748; x_wconf 80' lang='lat' dir='ltr'>ipsius</span> <span class='ocrx_word' id='word_1_943' title='bbox 2221 1709 2352 1741; x_wconf 90' lang='lat' dir='ltr'>Gaufridi</span> <span class='ocrx_word' id='word_1_944' title='bbox 2361 1734 2374 1750; x_wconf 85' lang='lat'>‚</span> 
     </span>
     <span class='ocr_line' id='line_1_124' title="bbox 1304 1747 2372 1788; baseline 0.001 -10"><span class='ocrx_word' id='word_1_945' title='bbox 1304 1748 1384 1786; x_wconf 90' lang='lat' dir='ltr'>quod</span> <span class='ocrx_word' id='word_1_946' title='bbox 1400 1749 1527 1780; x_wconf 78' lang='lat' dir='ltr'>Noverit</span> <span class='ocrx_word' id='word_1_947' title='bbox 1541 1749 1661 1788; x_wconf 73' lang='lat' dir='ltr'>dicitur,</span> <span class='ocrx_word' id='word_1_948' title='bbox 1676 1749 1785 1780; x_wconf 85' lang='lat' dir='ltr'>incluso</span> <span class='ocrx_word' id='word_1_949' title='bbox 1796 1751 1825 1779; x_wconf 87' lang='lat' dir='ltr'>in</span> <span class='ocrx_word' id='word_1_950' title='bbox 1840 1759 1877 1780; x_wconf 85' lang='lat' dir='ltr'>eo</span> <span class='ocrx_word' id='word_1_951' title='bbox 1890 1749 1950 1787; x_wconf 87' lang='lat' dir='ltr'>ipso</span> <span class='ocrx_word' id='word_1_952' title='bbox 1964 1748 2108 1780; x_wconf 77' lang='lat' dir='ltr'>Gautrido</span> <span class='ocrx_word' id='word_1_953' title='bbox 2120 1758 2189 1780; x_wconf 90' lang='lat' dir='ltr'>cum</span> <span class='ocrx_word' id='word_1_954' title='bbox 2211 1747 2323 1779; x_wconf 88' lang='lat' dir='ltr'>duobus</span> <span class='ocrx_word' id='word_1_955' title='bbox 2337 1748 2372 1779; x_wconf 83' lang='lat' dir='ltr'>fi-</span> 
     </span>
     <span class='ocr_line' id='line_1_125' title="bbox 1303 1786 2372 1827; baseline 0.001 -10"><span class='ocrx_word' id='word_1_956' title='bbox 1303 1786 1345 1817; x_wconf 89' lang='lat' dir='ltr'>liis</span> <span class='ocrx_word' id='word_1_957' title='bbox 1360 1786 1424 1818; x_wconf 87' lang='lat' dir='ltr'>suis:</span> <span class='ocrx_word' id='word_1_958' title='bbox 1444 1786 1482 1818; x_wconf 90' lang='lat' dir='ltr'>Et</span> <span class='ocrx_word' id='word_1_959' title='bbox 1503 1797 1572 1818; x_wconf 90' lang='lat' dir='ltr'>cum</span> <span class='ocrx_word' id='word_1_960' title='bbox 1589 1789 1650 1827; x_wconf 83' lang='lat' dir='ltr'>jam</span> <span class='ocrx_word' id='word_1_961' title='bbox 1672 1798 1721 1825; x_wconf 89' lang='lat' dir='ltr'>per</span> <span class='ocrx_word' id='word_1_962' title='bbox 1743 1796 1798 1819; x_wconf 69' lang='lat' dir='ltr'>tres</span> <span class='ocrx_word' id='word_1_963' title='bbox 1814 1786 1873 1818; x_wconf 67' lang='lat' dir='ltr'>dies</span> <span class='ocrx_word' id='word_1_964' title='bbox 1886 1788 1925 1818; x_wconf 89' lang='lat' dir='ltr'>ufi</span> <span class='ocrx_word' id='word_1_965' title='bbox 1939 1786 2083 1818; x_wconf 83' lang='lat' dir='ltr'>fuiffemus</span> <span class='ocrx_word' id='word_1_966' title='bbox 2095 1788 2231 1818; x_wconf 89' lang='lat' dir='ltr'>continua</span> <span class='ocrx_word' id='word_1_967' title='bbox 2244 1788 2372 1824; x_wconf 78' lang='lat' dir='ltr'>petraria-</span> 
     </span>
     <span class='ocr_line' id='line_1_126' title="bbox 1305 1824 2374 1865; baseline 0 -9"><span class='ocrx_word' id='word_1_968' title='bbox 1305 1835 1370 1856; x_wconf 88' lang='lat' dir='ltr'>rum</span> <span class='ocrx_word' id='word_1_969' title='bbox 1390 1824 1552 1856; x_wconf 89' lang='lat' dir='ltr'>nostrarum</span> <span class='ocrx_word' id='word_1_970' title='bbox 1574 1827 1772 1857; x_wconf 87' lang='lat' dir='ltr'>verberatione</span> <span class='ocrx_word' id='word_1_971' title='bbox 1784 1850 1795 1865; x_wconf 83' lang='lat'>,</span> <span class='ocrx_word' id='word_1_972' title='bbox 1820 1827 1850 1856; x_wconf 88' lang='lat' dir='ltr'>in</span> <span class='ocrx_word' id='word_1_973' title='bbox 1873 1834 1984 1857; x_wconf 85' lang='lat' dir='ltr'>tantum</span> <span class='ocrx_word' id='word_1_974' title='bbox 2001 1835 2031 1857; x_wconf 91' lang='lat' dir='ltr'>ut</span> <span class='ocrx_word' id='word_1_975' title='bbox 2045 1827 2207 1861; x_wconf 87' lang='lat' dir='ltr'>immineret</span> <span class='ocrx_word' id='word_1_976' title='bbox 2220 1826 2303 1856; x_wconf 85' lang='lat' dir='ltr'>nobis</span> <span class='ocrx_word' id='word_1_977' title='bbox 2319 1835 2374 1864; x_wconf 79' lang='lat' dir='ltr'>op-</span> 
     </span>
     <span class='ocr_line' id='line_1_127' title="bbox 1305 1862 2373 1904; baseline -0.001 -9"><span class='ocrx_word' id='word_1_978' title='bbox 1305 1866 1459 1902; x_wconf 82' lang='lat' dir='ltr'>portunitas</span> <span class='ocrx_word' id='word_1_979' title='bbox 1476 1865 1614 1902; x_wconf 83' lang='lat' dir='ltr'>captionis</span> <span class='ocrx_word' id='word_1_980' title='bbox 1628 1864 1710 1903; x_wconf 81' lang='lat' dir='ltr'>ipfius</span> <span class='ocrx_word' id='word_1_981' title='bbox 1724 1863 1827 1904; x_wconf 89' lang='lat' dir='ltr'>castri,</span> <span class='ocrx_word' id='word_1_982' title='bbox 1845 1865 1923 1895; x_wconf 90' lang='lat' dir='ltr'>venit</span> <span class='ocrx_word' id='word_1_983' title='bbox 1936 1862 1971 1894; x_wconf 88' lang='lat' dir='ltr'>ad</span> <span class='ocrx_word' id='word_1_984' title='bbox 1985 1874 2039 1895; x_wconf 91' lang='lat' dir='ltr'>nos</span> <span class='ocrx_word' id='word_1_985' title='bbox 2052 1863 2162 1895; x_wconf 91' lang='lat' dir='ltr'>Comes</span> <span class='ocrx_word' id='word_1_986' title='bbox 2175 1863 2213 1895; x_wconf 86' lang='lat' dir='ltr'>de</span> <span class='ocrx_word' id='word_1_987' title='bbox 2224 1863 2373 1903; x_wconf 85' lang='lat' dir='ltr'>Marchia,</span> 
     </span>
     <span class='ocr_line' id='line_1_128' title="bbox 1305 1901 2374 1941; baseline 0.001 -8"><span class='ocrx_word' id='word_1_988' title='bbox 1305 1902 1432 1934; x_wconf 85' lang='lat' dir='ltr'>efficiens</span> <span class='ocrx_word' id='word_1_989' title='bbox 1454 1902 1534 1941; x_wconf 88' lang='lat' dir='ltr'>quod</span> <span class='ocrx_word' id='word_1_990' title='bbox 1555 1902 1646 1934; x_wconf 64' lang='lat' dir='ltr'>dietus</span> <span class='ocrx_word' id='word_1_991' title='bbox 1669 1901 1823 1934; x_wconf 84' lang='lat' dir='ltr'>Gaufridus</span> <span class='ocrx_word' id='word_1_992' title='bbox 1840 1902 1868 1933; x_wconf 87' lang='lat' dir='ltr'>se</span> <span class='ocrx_word' id='word_1_993' title='bbox 1887 1901 2008 1933; x_wconf 89' lang='lat' dir='ltr'>reddidit</span> <span class='ocrx_word' id='word_1_994' title='bbox 2027 1904 2057 1932; x_wconf 89' lang='lat' dir='ltr'>in</span> <span class='ocrx_word' id='word_1_995' title='bbox 2071 1902 2292 1933; x_wconf 86' lang='lat' dir='ltr'>misericordiam</span> <span class='ocrx_word' id='word_1_996' title='bbox 2307 1913 2374 1934; x_wconf 88' lang='lat' dir='ltr'>nos-</span> 
     </span>
     <span class='ocr_line' id='line_1_129' title="bbox 1304 1940 2374 1981; baseline 0 -9"><span class='ocrx_word' id='word_1_997' title='bbox 1304 1949 1395 1980; x_wconf 86' lang='lat' dir='ltr'>tram,</span> <span class='ocrx_word' id='word_1_998' title='bbox 1413 1951 1484 1973; x_wconf 89' lang='lat' dir='ltr'>cum</span> <span class='ocrx_word' id='word_1_999' title='bbox 1501 1941 1615 1973; x_wconf 84' lang='lat' dir='ltr'>duobus</span> <span class='ocrx_word' id='word_1_1000' title='bbox 1637 1940 1699 1972; x_wconf 82' lang='lat' dir='ltr'>filiis</span> <span class='ocrx_word' id='word_1_1001' title='bbox 1720 1942 1790 1981; x_wconf 83' lang='lat' dir='ltr'>suis,</span> <span class='ocrx_word' id='word_1_1002' title='bbox 1808 1941 1842 1973; x_wconf 88' lang='lat'>&amp;</span> <span class='ocrx_word' id='word_1_1003' title='bbox 1864 1940 1968 1972; x_wconf 86' lang='lat' dir='ltr'>Castro</span> <span class='ocrx_word' id='word_1_1004' title='bbox 1983 1940 2050 1980; x_wconf 87' lang='lat' dir='ltr'>suo,</span> <span class='ocrx_word' id='word_1_1005' title='bbox 2068 1941 2102 1973; x_wconf 88' lang='lat'>&amp;</span> <span class='ocrx_word' id='word_1_1006' title='bbox 2114 1942 2249 1973; x_wconf 80' lang='lat' dir='ltr'>omnibus</span> <span class='ocrx_word' id='word_1_1007' title='bbox 2263 1952 2327 1980; x_wconf 77' lang='lat' dir='ltr'>quae</span> <span class='ocrx_word' id='word_1_1008' title='bbox 2341 1943 2374 1973; x_wconf 86' lang='lat' dir='ltr'>in</span> 
     </span>
     <span class='ocr_line' id='line_1_130' title="bbox 1306 1990 1445 2012; baseline -0.014 0"><span class='ocrx_word' id='word_1_1009' title='bbox 1306 1990 1343 2012; x_wconf 89' lang='lat' dir='ltr'>eo</span> <span class='ocrx_word' id='word_1_1010' title='bbox 1358 1990 1445 2012; x_wconf 87' lang='lat' dir='ltr'>erant.</span> 
     </span>
    </p>

    <p class='ocr_par' dir='ltr' id='par_1_53' title="bbox 1307 2016 2377 2291">
     <span class='ocr_line' id='line_1_131' title="bbox 1346 2016 2375 2058; baseline 0.001 -9"><span class='ocrx_word' id='word_1_1011' title='bbox 1346 2018 1406 2058; x_wconf 87' lang='lat' dir='ltr'>Et,</span> <span class='ocrx_word' id='word_1_1012' title='bbox 1424 2018 1495 2049; x_wconf 89' lang='lat' dir='ltr'>dum</span> <span class='ocrx_word' id='word_1_1013' title='bbox 1512 2017 1606 2050; x_wconf 84' lang='lat' dir='ltr'>adhuc</span> <span class='ocrx_word' id='word_1_1014' title='bbox 1627 2019 1667 2050; x_wconf 89' lang='lat' dir='ltr'>ibi</span> <span class='ocrx_word' id='word_1_1015' title='bbox 1689 2018 1794 2050; x_wconf 85' lang='lat' dir='ltr'>fuimus</span> <span class='ocrx_word' id='word_1_1016' title='bbox 1807 2044 1816 2058; x_wconf 78' lang='lat'><strong>‚</strong></span> <span class='ocrx_word' id='word_1_1017' title='bbox 1842 2020 2010 2051; x_wconf 78' lang='lat' dir='ltr'>nunciatum</span> <span class='ocrx_word' id='word_1_1018' title='bbox 2029 2019 2083 2051; x_wconf 70' lang='lat' dir='ltr'>fixit</span> <span class='ocrx_word' id='word_1_1019' title='bbox 2101 2016 2184 2050; x_wconf 87' lang='lat' dir='ltr'>nobis</span> <span class='ocrx_word' id='word_1_1020' title='bbox 2209 2018 2289 2057; x_wconf 80' lang='lat' dir='ltr'>quod</span> <span class='ocrx_word' id='word_1_1021' title='bbox 2302 2018 2375 2050; x_wconf 85' lang='lat' dir='ltr'>filius</span> 
     </span>
     <span class='ocr_line' id='line_1_132' title="bbox 1308 2056 2373 2103; baseline -0.001 -15"><span class='ocrx_word' id='word_1_1022' title='bbox 1308 2057 1395 2098; x_wconf 81' lang='lat' dir='ltr'>Regis</span> <span class='ocrx_word' id='word_1_1023' title='bbox 1411 2057 1537 2088; x_wconf 88' lang='lat' dir='ltr'>Franciae</span> <span class='ocrx_word' id='word_1_1024' title='bbox 1553 2057 1729 2090; x_wconf 87' lang='lat' dir='ltr'>Lodowicus</span> <span class='ocrx_word' id='word_1_1025' title='bbox 1747 2056 1892 2096; x_wconf 85' lang='lat' dir='ltr'>quoddam</span> <span class='ocrx_word' id='word_1_1026' title='bbox 1913 2058 2059 2089; x_wconf 87' lang='lat' dir='ltr'>castellum</span> <span class='ocrx_word' id='word_1_1027' title='bbox 2080 2058 2162 2103; x_wconf 78' lang='lat' dir='ltr'>ipsius</span> <span class='ocrx_word' id='word_1_1028' title='bbox 2170 2056 2301 2088; x_wconf 86' lang='lat' dir='ltr'>Gaufridi</span> <span class='ocrx_word' id='word_1_1029' title='bbox 2318 2058 2373 2088; x_wconf 90' lang='lat' dir='ltr'>ob-</span> 
     </span>
     <span class='ocr_line' id='line_1_133' title="bbox 1307 2095 2374 2136; baseline -0.001 -9"><span class='ocrx_word' id='word_1_1030' title='bbox 1307 2096 1422 2136; x_wconf 83' lang='lat' dir='ltr'>fiderat,</span> <span class='ocrx_word' id='word_1_1031' title='bbox 1439 2096 1518 2135; x_wconf 86' lang='lat' dir='ltr'>quod</span> <span class='ocrx_word' id='word_1_1032' title='bbox 1533 2095 1715 2127; x_wconf 86' lang='lat' dir='ltr'>Muncuntur</span> <span class='ocrx_word' id='word_1_1033' title='bbox 1730 2097 1839 2128; x_wconf 90' lang='lat' dir='ltr'>dicitur.</span> <span class='ocrx_word' id='word_1_1034' title='bbox 1880 2097 1994 2136; x_wconf 76' lang='lat' dir='ltr'>Quibus</span> <span class='ocrx_word' id='word_1_1035' title='bbox 2008 2096 2121 2135; x_wconf 79' lang='lat' dir='ltr'>auditis,</span> <span class='ocrx_word' id='word_1_1036' title='bbox 2138 2105 2190 2126; x_wconf 89' lang='lat' dir='ltr'>nos</span> <span class='ocrx_word' id='word_1_1037' title='bbox 2203 2095 2296 2126; x_wconf 88' lang='lat' dir='ltr'>statim</span> <span class='ocrx_word' id='word_1_1038' title='bbox 2309 2106 2374 2126; x_wconf 91' lang='lat' dir='ltr'>ver-</span> 
     </span>
     <span class='ocr_line' id='line_1_134' title="bbox 1307 2133 2377 2174; baseline 0 -9"><span class='ocrx_word' id='word_1_1039' title='bbox 1307 2135 1349 2166; x_wconf 90' lang='lat' dir='ltr'>sus</span> <span class='ocrx_word' id='word_1_1040' title='bbox 1372 2144 1460 2173; x_wconf 71' lang='lat' dir='ltr'>partes</span> <span class='ocrx_word' id='word_1_1041' title='bbox 1481 2135 1537 2165; x_wconf 86' lang='lat' dir='ltr'>illas</span> <span class='ocrx_word' id='word_1_1042' title='bbox 1558 2134 1748 2174; x_wconf 88' lang='lat' dir='ltr'>divertimus,</span> <span class='ocrx_word' id='word_1_1043' title='bbox 1771 2143 1802 2166; x_wconf 89' lang='lat' dir='ltr'>ut</span> <span class='ocrx_word' id='word_1_1044' title='bbox 1823 2136 1848 2165; x_wconf 87' lang='lat' dir='ltr'>ei</span> <span class='ocrx_word' id='word_1_1045' title='bbox 1870 2145 2087 2166; x_wconf 87' lang='lat' dir='ltr'>occurreremus</span> <span class='ocrx_word' id='word_1_1046' title='bbox 2104 2144 2110 2164; x_wconf 92' lang='lat'>:</span> <span class='ocrx_word' id='word_1_1047' title='bbox 2136 2133 2178 2164; x_wconf 82' lang='lat' dir='ltr'>Ita</span> <span class='ocrx_word' id='word_1_1048' title='bbox 2193 2133 2271 2172; x_wconf 87' lang='lat' dir='ltr'>quod</span> <span class='ocrx_word' id='word_1_1049' title='bbox 2284 2135 2312 2164; x_wconf 91' lang='lat' dir='ltr'>in</span> <span class='ocrx_word' id='word_1_1050' title='bbox 2329 2134 2377 2165; x_wconf 89' lang='lat' dir='ltr'>die</span> 
     </span>
     <span class='ocr_line' id='line_1_135' title="bbox 1308 2172 2376 2212; baseline -0.002 -8"><span class='ocrx_word' id='word_1_1051' title='bbox 1308 2173 1422 2204; x_wconf 62' lang='lat' dir='ltr'>Sanctae</span> <span class='ocrx_word' id='word_1_1052' title='bbox 1435 2172 1580 2204; x_wconf 84' lang='lat' dir='ltr'>Trinitatis</span> <span class='ocrx_word' id='word_1_1053' title='bbox 1595 2173 1699 2204; x_wconf 85' lang='lat' dir='ltr'>fuimus</span> <span class='ocrx_word' id='word_1_1054' title='bbox 1712 2173 1785 2211; x_wconf 88' lang='lat' dir='ltr'>apud</span> <span class='ocrx_word' id='word_1_1055' title='bbox 1801 2173 1967 2212; x_wconf 77' lang='lat' dir='ltr'>Parthenai3</span> <span class='ocrx_word' id='word_1_1056' title='bbox 1985 2173 2035 2204; x_wconf 87' lang='lat' dir='ltr'>ubi</span> <span class='ocrx_word' id='word_1_1057' title='bbox 2050 2172 2161 2204; x_wconf 69' lang='lat' dir='ltr'>Comes</span> <span class='ocrx_word' id='word_1_1058' title='bbox 2174 2172 2211 2203; x_wconf 92' lang='lat' dir='ltr'>de</span> <span class='ocrx_word' id='word_1_1059' title='bbox 2226 2172 2376 2210; x_wconf 86' lang='lat' dir='ltr'>Marchia,</span> 
     </span>
     <span class='ocr_line' id='line_1_136' title="bbox 1309 2210 2372 2244; baseline -0.002 0"><span class='ocrx_word' id='word_1_1060' title='bbox 1309 2213 1344 2244; x_wconf 86' lang='lat'>&amp;</span> <span class='ocrx_word' id='word_1_1061' title='bbox 1359 2211 1470 2243; x_wconf 68' lang='lat' dir='ltr'>Comes</span> <span class='ocrx_word' id='word_1_1062' title='bbox 1487 2212 1522 2243; x_wconf 90' lang='lat' dir='ltr'>de</span> <span class='ocrx_word' id='word_1_1063' title='bbox 1542 2211 1588 2242; x_wconf 93' lang='lat' dir='ltr'>Au</span> <span class='ocrx_word' id='word_1_1064' title='bbox 1609 2213 1617 2241; x_wconf 94' lang='lat' dir='ltr'>i</span> <span class='ocrx_word' id='word_1_1065' title='bbox 1630 2212 1663 2242; x_wconf 90' lang='lat' dir='ltr'>ad</span> <span class='ocrx_word' id='word_1_1066' title='bbox 1676 2221 1728 2242; x_wconf 90' lang='lat' dir='ltr'>nos</span> <span class='ocrx_word' id='word_1_1067' title='bbox 1743 2221 1883 2243; x_wconf 87' lang='lat' dir='ltr'>venerunt</span> <span class='ocrx_word' id='word_1_1068' title='bbox 1897 2221 1967 2242; x_wconf 93' lang='lat' dir='ltr'>cum</span> <span class='ocrx_word' id='word_1_1069' title='bbox 1979 2211 2059 2243; x_wconf 56' lang='lat' dir='ltr'>disto</span> <span class='ocrx_word' id='word_1_1070' title='bbox 2076 2210 2220 2243; x_wconf 85' lang='lat' dir='ltr'>Gaufrido</span> <span class='ocrx_word' id='word_1_1071' title='bbox 2233 2211 2270 2242; x_wconf 88' lang='lat' dir='ltr'>de</span> <span class='ocrx_word' id='word_1_1072' title='bbox 2286 2211 2372 2242; x_wconf 84' lang='lat' dir='ltr'>Lezi-</span> 
     </span>
     <span class='ocr_line' id='line_1_137' title="bbox 1309 2221 2045 2291; baseline 0 -10"><span class='ocrx_word' id='word_1_1073' title='bbox 1309 2260 1382 2291; x_wconf 89' lang='lat' dir='ltr'>nan,</span> <span class='ocrx_word' id='word_1_1074' title='bbox 1401 2251 1535 2283; x_wconf 69' lang='lat' dir='ltr'>facientes</span> <span class='ocrx_word' id='word_1_1075' title='bbox 1548 2221 1630 2281; x_wconf 49' lang='lat' dir='ltr'>nofiis</span> <span class='ocrx_word' id='word_1_1076' title='bbox 1642 2250 1812 2290; x_wconf 86' lang='lat' dir='ltr'>homagium</span> <span class='ocrx_word' id='word_1_1077' title='bbox 1826 2251 1859 2282; x_wconf 88' lang='lat'>&amp;</span> <span class='ocrx_word' id='word_1_1078' title='bbox 1873 2249 2045 2281; x_wconf 85' lang='lat' dir='ltr'>fidelitatem.</span> 
     </span>
    </p>

    <p class='ocr_par' dir='ltr' id='par_1_54' title="bbox 1308 2287 2379 2553">
     <span class='ocr_line' id='line_1_138' title="bbox 1345 2287 2377 2328; baseline -0.001 -8"><span class='ocrx_word' id='word_1_1079' title='bbox 1345 2289 1384 2321; x_wconf 89' lang='lat' dir='ltr'>Et</span> <span class='ocrx_word' id='word_1_1080' title='bbox 1398 2291 1463 2328; x_wconf 87' lang='lat' dir='ltr'>quia</span> <span class='ocrx_word' id='word_1_1081' title='bbox 1478 2290 1552 2328; x_wconf 87' lang='lat' dir='ltr'>prius</span> <span class='ocrx_word' id='word_1_1082' title='bbox 1565 2289 1715 2320; x_wconf 69' lang='lat' dir='ltr'>tractatum</span> <span class='ocrx_word' id='word_1_1083' title='bbox 1729 2297 1786 2320; x_wconf 88' lang='lat' dir='ltr'>erat</span> <span class='ocrx_word' id='word_1_1084' title='bbox 1799 2289 1871 2320; x_wconf 90' lang='lat' dir='ltr'>inter</span> <span class='ocrx_word' id='word_1_1085' title='bbox 1885 2298 1938 2319; x_wconf 89' lang='lat' dir='ltr'>nos</span> <span class='ocrx_word' id='word_1_1086' title='bbox 1954 2289 1987 2320; x_wconf 91' lang='lat'>&amp;</span> <span class='ocrx_word' id='word_1_1087' title='bbox 1996 2288 2149 2320; x_wconf 89' lang='lat' dir='ltr'>Comitem</span> <span class='ocrx_word' id='word_1_1088' title='bbox 2162 2287 2322 2328; x_wconf 82' lang='lat' dir='ltr'>Marchiae,</span> <span class='ocrx_word' id='word_1_1089' title='bbox 2339 2288 2377 2320; x_wconf 86' lang='lat' dir='ltr'>de</span> 
     </span>
     <span class='ocr_line' id='line_1_139' title="bbox 1309 2325 2378 2366; baseline 0 -8"><span class='ocrx_word' id='word_1_1090' title='bbox 1309 2327 1364 2358; x_wconf 89' lang='lat' dir='ltr'>filia</span> <span class='ocrx_word' id='word_1_1091' title='bbox 1385 2328 1481 2359; x_wconf 87' lang='lat' dir='ltr'>nostra</span> <span class='ocrx_word' id='word_1_1092' title='bbox 1497 2328 1644 2366; x_wconf 85' lang='lat' dir='ltr'>Johanna,</span> <span class='ocrx_word' id='word_1_1093' title='bbox 1662 2326 1721 2357; x_wconf 83' lang='lat' dir='ltr'>filio</span> <span class='ocrx_word' id='word_1_1094' title='bbox 1742 2326 1792 2358; x_wconf 87' lang='lat' dir='ltr'>suo</span> <span class='ocrx_word' id='word_1_1095' title='bbox 1813 2327 1902 2358; x_wconf 88' lang='lat' dir='ltr'>danda</span> <span class='ocrx_word' id='word_1_1096' title='bbox 1927 2328 1955 2357; x_wconf 91' lang='lat' dir='ltr'>in</span> <span class='ocrx_word' id='word_1_1097' title='bbox 1975 2327 2130 2365; x_wconf 87' lang='lat' dir='ltr'>Uxorem,</span> <span class='ocrx_word' id='word_1_1098' title='bbox 2148 2325 2177 2356; x_wconf 85' lang='lat' dir='ltr'>id</span> <span class='ocrx_word' id='word_1_1099' title='bbox 2197 2327 2222 2357; x_wconf 91' lang='lat' dir='ltr'>ei</span> <span class='ocrx_word' id='word_1_1100' title='bbox 2236 2327 2378 2358; x_wconf 84' lang='lat' dir='ltr'>conceffi-</span> 
     </span>
     <span class='ocr_line' id='line_1_140' title="bbox 1309 2365 2377 2405; baseline -0.002 -7"><span class='ocrx_word' id='word_1_1101' title='bbox 1309 2375 1388 2405; x_wconf 69' lang='lat' dir='ltr'>mus,</span> <span class='ocrx_word' id='word_1_1102' title='bbox 1405 2367 1473 2398; x_wconf 87' lang='lat' dir='ltr'>licet</span> <span class='ocrx_word' id='word_1_1103' title='bbox 1487 2367 1552 2397; x_wconf 87' lang='lat' dir='ltr'>Rex</span> <span class='ocrx_word' id='word_1_1104' title='bbox 1566 2365 1744 2396; x_wconf 72' lang='lat' dir='ltr'>Francorum</span> <span class='ocrx_word' id='word_1_1105' title='bbox 1766 2375 1830 2396; x_wconf 83' lang='lat' dir='ltr'>eam</span> <span class='ocrx_word' id='word_1_1106' title='bbox 1851 2365 1886 2396; x_wconf 91' lang='lat' dir='ltr'>ad</span> <span class='ocrx_word' id='word_1_1107' title='bbox 1900 2375 1972 2403; x_wconf 87' lang='lat' dir='ltr'>opus</span> <span class='ocrx_word' id='word_1_1108' title='bbox 1986 2365 2034 2395; x_wconf 90' lang='lat' dir='ltr'>filii</span> <span class='ocrx_word' id='word_1_1109' title='bbox 2048 2365 2086 2395; x_wconf 91' lang='lat' dir='ltr'>sui</span> <span class='ocrx_word' id='word_1_1110' title='bbox 2099 2374 2225 2403; x_wconf 82' lang='lat' dir='ltr'>peteret,</span> <span class='ocrx_word' id='word_1_1111' title='bbox 2242 2365 2287 2396; x_wconf 85' lang='lat' dir='ltr'>sed</span> <span class='ocrx_word' id='word_1_1112' title='bbox 2302 2366 2377 2396; x_wconf 87' lang='lat' dir='ltr'>frau-</span> 
     </span>
     <span class='ocr_line' id='line_1_141' title="bbox 1311 2402 2378 2445; baseline 0.001 -10"><span class='ocrx_word' id='word_1_1113' title='bbox 1311 2405 1440 2436; x_wconf 86' lang='lat' dir='ltr'>dulenter</span> <span class='ocrx_word' id='word_1_1114' title='bbox 1453 2428 1463 2445; x_wconf 82' lang='grc'>,</span> <span class='ocrx_word' id='word_1_1115' title='bbox 1487 2414 1631 2435; x_wconf 69' lang='lat' dir='ltr'>memores</span> <span class='ocrx_word' id='word_1_1116' title='bbox 1657 2405 1735 2434; x_wconf 91' lang='lat' dir='ltr'>enim</span> <span class='ocrx_word' id='word_1_1117' title='bbox 1755 2404 1858 2434; x_wconf 87' lang='lat' dir='ltr'>fuimus</span> <span class='ocrx_word' id='word_1_1118' title='bbox 1881 2405 1972 2442; x_wconf 82' lang='lat' dir='ltr'>neptis</span> <span class='ocrx_word' id='word_1_1119' title='bbox 1991 2403 2117 2442; x_wconf 77' lang='lat' dir='ltr'>nostrae,</span> <span class='ocrx_word' id='word_1_1120' title='bbox 2142 2402 2297 2435; x_wconf 89' lang='lat' dir='ltr'>Lodovico</span> <span class='ocrx_word' id='word_1_1121' title='bbox 2317 2404 2378 2436; x_wconf 85' lang='lat' dir='ltr'>filio</span> 
     </span>
     <span class='ocr_line' id='line_1_142' title="bbox 1311 2441 2378 2483; baseline -0.001 -9"><span class='ocrx_word' id='word_1_1122' title='bbox 1311 2443 1335 2473; x_wconf 86' lang='lat' dir='ltr'>F</span> <span class='ocrx_word' id='word_1_1123' title='bbox 1337 2445 1438 2474; x_wconf 82' lang='lat' dir='ltr'>ranciae</span> <span class='ocrx_word' id='word_1_1124' title='bbox 1460 2443 1548 2483; x_wconf 86' lang='lat' dir='ltr'>Regis</span> <span class='ocrx_word' id='word_1_1125' title='bbox 1568 2442 1640 2473; x_wconf 86' lang='lat' dir='ltr'>datae</span> <span class='ocrx_word' id='word_1_1126' title='bbox 1656 2466 1666 2482; x_wconf 81' lang='grc'>,</span> <span class='ocrx_word' id='word_1_1127' title='bbox 1691 2442 1725 2472; x_wconf 89' lang='lat'>&amp;</span> <span class='ocrx_word' id='word_1_1128' title='bbox 1740 2442 1810 2473; x_wconf 85' lang='lat' dir='ltr'>illius</span> <span class='ocrx_word' id='word_1_1129' title='bbox 1825 2443 1865 2472; x_wconf 90' lang='lat' dir='ltr'>rei</span> <span class='ocrx_word' id='word_1_1130' title='bbox 1880 2450 2013 2473; x_wconf 85' lang='lat' dir='ltr'>eventus:</span> <span class='ocrx_word' id='word_1_1131' title='bbox 2033 2441 2090 2473; x_wconf 90' lang='lat' dir='ltr'>Sed</span> <span class='ocrx_word' id='word_1_1132' title='bbox 2106 2443 2215 2472; x_wconf 89' lang='lat' dir='ltr'>utinam</span> <span class='ocrx_word' id='word_1_1133' title='bbox 2228 2441 2276 2472; x_wconf 89' lang='lat' dir='ltr'>det</span> <span class='ocrx_word' id='word_1_1134' title='bbox 2294 2443 2378 2473; x_wconf 85' lang='lat' dir='ltr'>nobis</span> 
     </span>
     <span class='ocr_line' id='line_1_143' title="bbox 1310 2480 2379 2552; baseline 0 -39"><span class='ocrx_word' id='word_1_1135' title='bbox 1310 2482 1391 2552; x_wconf 77' lang='lat' dir='ltr'>Deuss</span> <span class='ocrx_word' id='word_1_1136' title='bbox 1407 2483 1545 2521; x_wconf 85' lang='lat' dir='ltr'>majorem</span> <span class='ocrx_word' id='word_1_1137' title='bbox 1559 2481 1595 2512; x_wconf 88' lang='lat' dir='ltr'>de</span> <span class='ocrx_word' id='word_1_1138' title='bbox 1609 2482 1667 2512; x_wconf 93' lang='lat' dir='ltr'>hoc</span> <span class='ocrx_word' id='word_1_1139' title='bbox 1682 2481 1828 2522; x_wconf 86' lang='lat' dir='ltr'>maritagio</span> <span class='ocrx_word' id='word_1_1140' title='bbox 1841 2491 1895 2520; x_wconf 86' lang='lat' dir='ltr'>pro</span> <span class='ocrx_word' id='word_1_1141' title='bbox 1903 2489 2016 2512; x_wconf 69' lang='lat' dir='ltr'>sentum</span> <span class='ocrx_word' id='word_1_1142' title='bbox 2033 2505 2043 2520; x_wconf 84' lang='lat'><strong>‚</strong></span> <span class='ocrx_word' id='word_1_1143' title='bbox 2059 2490 2146 2519; x_wconf 88' lang='lat' dir='ltr'>quam</span> <span class='ocrx_word' id='word_1_1144' title='bbox 2160 2480 2197 2511; x_wconf 88' lang='lat' dir='ltr'>de</span> <span class='ocrx_word' id='word_1_1145' title='bbox 2211 2480 2261 2512; x_wconf 86' lang='lat' dir='ltr'>illo</span> <span class='ocrx_word' id='word_1_1146' title='bbox 2273 2480 2379 2513; x_wconf 79' lang='lat' dir='ltr'>fuimus</span> 
     </span>
     <span class='ocr_line' id='line_1_144' title="bbox 1308 2529 1461 2553; baseline -0.013 0"><span class='ocrx_word' id='word_1_1147' title='bbox 1308 2531 1366 2553; x_wconf 91' lang='lat' dir='ltr'>con</span> <span class='ocrx_word' id='word_1_1148' title='bbox 1379 2529 1461 2552; x_wconf 79' lang='lat' dir='ltr'>ecun.</span> 
     </span>
    </p>

    <p class='ocr_par' dir='ltr' id='par_1_55' title="bbox 1307 2557 2378 2707">
     <span class='ocr_line' id='line_1_145' title="bbox 1346 2557 2374 2600; baseline -0.001 -10"><span class='ocrx_word' id='word_1_1149' title='bbox 1346 2559 1439 2591; x_wconf 88' lang='lat' dir='ltr'>Nunc</span> <span class='ocrx_word' id='word_1_1150' title='bbox 1457 2569 1554 2591; x_wconf 90' lang='lat' dir='ltr'>autem</span> <span class='ocrx_word' id='word_1_1151' title='bbox 1567 2582 1577 2598; x_wconf 89' lang='lat'>‚</span> <span class='ocrx_word' id='word_1_1152' title='bbox 1599 2559 1684 2600; x_wconf 83' lang='lat' dir='ltr'>gratia</span> <span class='ocrx_word' id='word_1_1153' title='bbox 1697 2557 1772 2597; x_wconf 90' lang='lat' dir='ltr'>Dei,</span> <span class='ocrx_word' id='word_1_1154' title='bbox 1789 2557 1851 2588; x_wconf 85' lang='lat' dir='ltr'>data</span> <span class='ocrx_word' id='word_1_1155' title='bbox 1866 2557 1907 2589; x_wconf 91' lang='lat' dir='ltr'>est</span> <span class='ocrx_word' id='word_1_1156' title='bbox 1922 2558 2005 2590; x_wconf 89' lang='lat' dir='ltr'>nobis</span> <span class='ocrx_word' id='word_1_1157' title='bbox 2019 2558 2232 2597; x_wconf 77' lang='lat' dir='ltr'>opportunitas,</span> <span class='ocrx_word' id='word_1_1158' title='bbox 2251 2566 2282 2590; x_wconf 93' lang='lat' dir='ltr'>ut</span> <span class='ocrx_word' id='word_1_1159' title='bbox 2297 2566 2374 2589; x_wconf 84' lang='lat' dir='ltr'>extra</span> 
     </span>
     <span class='ocr_line' id='line_1_146' title="bbox 1308 2596 2378 2636; baseline -0.004 -6"><span class='ocrx_word' id='word_1_1160' title='bbox 1308 2598 1466 2630; x_wconf 63' lang='lat' dir='ltr'>Pietaviam</span> <span class='ocrx_word' id='word_1_1161' title='bbox 1482 2600 1511 2629; x_wconf 92' lang='lat' dir='ltr'>in</span> <span class='ocrx_word' id='word_1_1162' title='bbox 1526 2599 1674 2636; x_wconf 86' lang='lat' dir='ltr'>capitalem</span> <span class='ocrx_word' id='word_1_1163' title='bbox 1691 2598 1842 2627; x_wconf 89' lang='lat' dir='ltr'>inimicum</span> <span class='ocrx_word' id='word_1_1164' title='bbox 1856 2596 1987 2627; x_wconf 81' lang='lat' dir='ltr'>nostrum</span> <span class='ocrx_word' id='word_1_1165' title='bbox 2007 2597 2121 2636; x_wconf 81' lang='lat' dir='ltr'>Regem</span> <span class='ocrx_word' id='word_1_1166' title='bbox 2137 2596 2312 2626; x_wconf 87' lang='lat' dir='ltr'>Francorum</span> <span class='ocrx_word' id='word_1_1167' title='bbox 2334 2598 2378 2626; x_wconf 88' lang='lat' dir='ltr'>in-</span> 
     </span>
     <span class='ocr_line' id='line_1_147' title="bbox 1307 2633 2373 2707; baseline -0.002 -40"><span class='ocrx_word' id='word_1_1168' title='bbox 1307 2638 1464 2707; x_wconf 52' lang='lat' dir='ltr'>{irgamus3</span> <span class='ocrx_word' id='word_1_1169' title='bbox 1483 2638 1517 2669; x_wconf 88' lang='lat'>&amp;</span> <span class='ocrx_word' id='word_1_1170' title='bbox 1529 2637 1593 2668; x_wconf 85' lang='lat' dir='ltr'>haec</span> <span class='ocrx_word' id='word_1_1171' title='bbox 1605 2636 1687 2669; x_wconf 88' lang='lat' dir='ltr'>vobis</span> <span class='ocrx_word' id='word_1_1172' title='bbox 1701 2634 1867 2668; x_wconf 80' lang='lat' dir='ltr'>mandamus</span> <span class='ocrx_word' id='word_1_1173' title='bbox 1881 2659 1891 2675; x_wconf 90' lang='lat'>,</span> <span class='ocrx_word' id='word_1_1174' title='bbox 1916 2644 1947 2666; x_wconf 88' lang='lat' dir='ltr'>ut</span> <span class='ocrx_word' id='word_1_1175' title='bbox 1961 2635 1998 2666; x_wconf 89' lang='lat' dir='ltr'>de</span> <span class='ocrx_word' id='word_1_1176' title='bbox 2011 2633 2178 2666; x_wconf 68' lang='lat' dir='ltr'>successibus</span> <span class='ocrx_word' id='word_1_1177' title='bbox 2189 2633 2292 2666; x_wconf 89' lang='lat' dir='ltr'>nostris</span> <span class='ocrx_word' id='word_1_1178' title='bbox 2304 2644 2373 2674; x_wconf 82' lang='lat' dir='ltr'>gau—</span> 
     </span>
    </p>

    <p class='ocr_par' dir='ltr' id='par_1_56' title="bbox 1332 2685 1405 2707">
     <span class='ocr_line' id='line_1_148' title="bbox 1332 2685 1405 2707; baseline -0.027 0"><span class='ocrx_word' id='word_1_1179' title='bbox 1332 2685 1405 2707; x_wconf 69' lang='lat' dir='ltr'>mus.</span> 
     </span>
    </p>
   </div>
   <div class='ocr_carea' id='block_1_37' title="bbox 1343 2747 2379 2791">
    <p class='ocr_par' dir='ltr' id='par_1_57' title="bbox 1343 2747 2379 2791">
     <span class='ocr_line' id='line_1_149' title="bbox 1343 2747 2379 2791; baseline -0.003 -9"><span class='ocrx_word' id='word_1_1180' title='bbox 1343 2751 1434 2783; x_wconf 90' lang='lat' dir='ltr'>Teste</span> <span class='ocrx_word' id='word_1_1181' title='bbox 1448 2751 1558 2791; x_wconf 86' lang='lat' dir='ltr'>meipso</span> <span class='ocrx_word' id='word_1_1182' title='bbox 1569 2750 1643 2791; x_wconf 84' lang='lat' dir='ltr'>apud</span> <span class='ocrx_word' id='word_1_1183' title='bbox 1656 2750 1821 2790; x_wconf 86' lang='lat' dir='ltr'>Parthenai,</span> <span class='ocrx_word' id='word_1_1184' title='bbox 1838 2759 1914 2781; x_wconf 88' lang='lat' dir='ltr'>anno</span> <span class='ocrx_word' id='word_1_1185' title='bbox 1933 2749 2031 2789; x_wconf 83' lang='lat' dir='ltr'>Regni</span> <span class='ocrx_word' id='word_1_1186' title='bbox 2055 2747 2144 2780; x_wconf 85' lang='lat' dir='ltr'>nostri</span> <span class='ocrx_word' id='word_1_1187' title='bbox 2158 2749 2274 2780; x_wconf 90' lang='lat' dir='ltr'>decimo</span> <span class='ocrx_word' id='word_1_1188' title='bbox 2289 2749 2379 2782; x_wconf 73' lang='lat' dir='ltr'>sexto:</span> 
     </span>
    </p>
   </div>
   <div class='ocr_carea' id='block_1_38' title="bbox 1331 2896 2352 2998">
    <p class='ocr_par' dir='ltr' id='par_1_58' title="bbox 1331 2896 2352 2998">
     <span class='ocr_line' id='line_1_150' title="bbox 1331 2896 2352 2950; baseline -0.002 -16"><span class='ocrx_word' id='word_1_1189' title='bbox 1331 2900 1491 2950; x_wconf 83' lang='lat' dir='ltr'>Johannes</span> <span class='ocrx_word' id='word_1_1190' title='bbox 1511 2903 1578 2935; x_wconf 83' lang='lat' dir='ltr'>Rex</span> <span class='ocrx_word' id='word_1_1191' title='bbox 1594 2903 1625 2933; x_wconf 88' lang='lat' dir='ltr'>in</span> <span class='ocrx_word' id='word_1_1192' title='bbox 1636 2900 1845 2948; x_wconf 62' lang='lat' dir='ltr'>proteflionem</span> <span class='ocrx_word' id='word_1_1193' title='bbox 1856 2900 1952 2946; x_wconf 74' lang='lat' dir='ltr'>fitam</span> <span class='ocrx_word' id='word_1_1194' title='bbox 1969 2899 2095 2946; x_wconf 61' lang='lat' dir='ltr'>fitftipn</span> <span class='ocrx_word' id='word_1_1195' title='bbox 2111 2896 2226 2933; x_wconf 84' lang='lat' dir='ltr'>Kathel</span> <span class='ocrx_word' id='word_1_1196' title='bbox 2242 2902 2352 2947; x_wconf 83' lang='lat' dir='ltr'>Regem</span> 
     </span>
     <span class='ocr_line' id='line_1_151' title="bbox 1661 2946 2020 2998; baseline -0.003 -15"><span class='ocrx_word' id='word_1_1197' title='bbox 1661 2947 1792 2983; x_wconf 82' lang='lat' dir='ltr'>Connoth</span> <span class='ocrx_word' id='word_1_1198' title='bbox 1806 2952 1837 2981; x_wconf 81' lang='lat' dir='ltr'>in</span> <span class='ocrx_word' id='word_1_1199' title='bbox 1855 2946 2020 2998; x_wconf 82' lang='lat' dir='ltr'>I-beernia.</span> 
     </span>
    </p>
   </div>
   <div class='ocr_carea' id='block_1_39' title="bbox 1309 3032 2524 3458">
    <p class='ocr_par' dir='ltr' id='par_1_59' title="bbox 1309 3032 2524 3335">
     <span class='ocr_line' id='line_1_152' title="bbox 1309 3032 2524 3105; baseline -0.002 -38"><span class='ocrx_word' id='word_1_1200' title='bbox 1309 3035 1398 3104; x_wconf 69' lang='lat' dir='ltr'>RFs,</span> <span class='ocrx_word' id='word_1_1201' title='bbox 1406 3034 1436 3080; x_wconf 90' lang='lat' dir='ltr'>X</span> <span class='ocrx_word' id='word_1_1202' title='bbox 1451 3035 1611 3105; x_wconf 56' lang='lat' dir='ltr'>chsticiario</span> <span class='ocrx_word' id='word_1_1203' title='bbox 1632 3034 1682 3067; x_wconf 91' lang='lat' dir='ltr'>suo</span> <span class='ocrx_word' id='word_1_1204' title='bbox 1696 3034 1863 3072; x_wconf 84' lang='lat' dir='ltr'>Hiberniae,</span> <span class='ocrx_word' id='word_1_1205' title='bbox 1878 3035 1912 3067; x_wconf 72' lang='grc' dir='ltr'>δε</span> <span class='ocrx_word' id='word_1_1206' title='bbox 1923 3035 2058 3066; x_wconf 88' lang='lat' dir='ltr'>omnibus</span> <span class='ocrx_word' id='word_1_1207' title='bbox 2074 3033 2181 3066; x_wconf 88' lang='lat' dir='ltr'>ballivis</span> <span class='ocrx_word' id='word_1_1208' title='bbox 2195 3035 2229 3066; x_wconf 88' lang='lat'>&amp;</span> <span class='ocrx_word' id='word_1_1209' title='bbox 2242 3032 2373 3065; x_wconf 84' lang='lat' dir='ltr'>fidelibus</span> <span class='ocrx_word' id='word_1_1210' title='bbox 2395 3032 2471 3065; x_wconf 88' lang='lat' dir='ltr'>Ann.</span> <span class='ocrx_word' id='word_1_1211' title='bbox 2483 3034 2524 3065; x_wconf 88' lang='lat' dir='ltr'>D.</span> 
     </span>
     <span class='ocr_line' id='line_1_153' title="bbox 1393 3083 2510 3105; baseline -0.001 -1"><span class='ocrx_word' id='word_1_1212' title='bbox 1393 3084 1433 3104; x_wconf 78' lang='lat' dir='ltr'>uis</span> <span class='ocrx_word' id='word_1_1213' title='bbox 1502 3085 1527 3105; x_wconf 91' lang='lat' dir='ltr'>c.</span> <span class='ocrx_word' id='word_1_1214' title='bbox 2419 3083 2472 3103; x_wconf 87' lang='lat'>121</span> <span class='ocrx_word' id='word_1_1215' title='bbox 2503 3096 2510 3102; x_wconf 93' lang='lat'><strong>.</strong></span> 
     </span>
     <span class='ocr_line' id='line_1_154' title="bbox 1348 3082 2506 3151; baseline -0.003 -9"><span class='ocrx_word' id='word_1_1216' title='bbox 1348 3098 1521 3143; x_wconf 63' lang='lat' dir='ltr'>Mandamus</span> <span class='ocrx_word' id='word_1_1217' title='bbox 1534 3114 1616 3143; x_wconf 90' lang='lat' dir='ltr'>vobis</span> <span class='ocrx_word' id='word_1_1218' title='bbox 1630 3111 1708 3151; x_wconf 92' lang='lat' dir='ltr'>quod</span> <span class='ocrx_word' id='word_1_1219' title='bbox 1724 3113 1942 3151; x_wconf 80' lang='lat' dir='ltr'>manuteneatis,</span> <span class='ocrx_word' id='word_1_1220' title='bbox 1959 3112 1993 3143; x_wconf 87' lang='lat'>&amp;</span> <span class='ocrx_word' id='word_1_1221' title='bbox 2005 3113 2171 3151; x_wconf 81' lang='lat' dir='ltr'>protegatis,</span> <span class='ocrx_word' id='word_1_1222' title='bbox 2189 3111 2224 3143; x_wconf 91' lang='lat'>&amp;</span> <span class='ocrx_word' id='word_1_1223' title='bbox 2239 3110 2372 3142; x_wconf 88' lang='lat' dir='ltr'>defenda-</span> <span class='ocrx_word' id='word_1_1224' title='bbox 2393 3116 2445 3140; x_wconf 78' lang='lat' dir='ltr'>An.</span> <span class='ocrx_word' id='word_1_1225' title='bbox 2464 3082 2506 3141; x_wconf 55' lang='lat'>12⁵.</span> 
     </span>
     <span class='ocr_line' id='line_1_155' title="bbox 1310 3150 2455 3190; baseline -0.003 -9"><span class='ocrx_word' id='word_1_1226' title='bbox 1310 3152 1344 3182; x_wconf 91' lang='lat' dir='ltr'>tis</span> <span class='ocrx_word' id='word_1_1227' title='bbox 1364 3151 1501 3181; x_wconf 63' lang='lat' dir='ltr'>diledlum</span> <span class='ocrx_word' id='word_1_1228' title='bbox 1521 3151 1652 3182; x_wconf 88' lang='lat' dir='ltr'>nostrum</span> <span class='ocrx_word' id='word_1_1229' title='bbox 1672 3150 1777 3181; x_wconf 90' lang='lat' dir='ltr'>Kathel</span> <span class='ocrx_word' id='word_1_1230' title='bbox 1798 3150 1913 3190; x_wconf 82' lang='lat' dir='ltr'>Regem</span> <span class='ocrx_word' id='word_1_1231' title='bbox 1938 3150 2079 3181; x_wconf 85' lang='lat' dir='ltr'>Connoth</span> <span class='ocrx_word' id='word_1_1232' title='bbox 2100 3151 2134 3181; x_wconf 92' lang='lat'>&amp;</span> <span class='ocrx_word' id='word_1_1233' title='bbox 2154 3159 2256 3181; x_wconf 90' lang='lat' dir='ltr'>omnes</span> <span class='ocrx_word' id='word_1_1234' title='bbox 2276 3159 2319 3180; x_wconf 87' lang='lat' dir='ltr'>res</span> <span class='ocrx_word' id='word_1_1235' title='bbox 2338 3150 2371 3180; x_wconf 93' lang='lat'>&amp;</span> <span class='ocrx_word' id='word_1_1236' title='bbox 2391 3150 2455 3189; x_wconf 82' lang='lat' dir='ltr'><em>Joh.</em></span> 
     </span>
     <span class='ocr_line' id='line_1_156' title="bbox 1309 3186 2508 3228; baseline -0.004 -8"><span class='ocrx_word' id='word_1_1237' title='bbox 1309 3189 1493 3228; x_wconf 83' lang='lat' dir='ltr'>poffeffiones</span> <span class='ocrx_word' id='word_1_1238' title='bbox 1514 3189 1570 3220; x_wconf 90' lang='lat' dir='ltr'>suas</span> <span class='ocrx_word' id='word_1_1239' title='bbox 1587 3191 1618 3219; x_wconf 90' lang='lat' dir='ltr'>in</span> <span class='ocrx_word' id='word_1_1240' title='bbox 1638 3189 1759 3227; x_wconf 87' lang='lat' dir='ltr'>partibus</span> <span class='ocrx_word' id='word_1_1241' title='bbox 1782 3188 1898 3228; x_wconf 77' lang='lat' dir='ltr'>vestris3</span> <span class='ocrx_word' id='word_1_1242' title='bbox 1916 3198 1971 3221; x_wconf 90' lang='lat' dir='ltr'>nec</span> <span class='ocrx_word' id='word_1_1243' title='bbox 1986 3189 2028 3226; x_wconf 91' lang='lat' dir='ltr'>ei,</span> <span class='ocrx_word' id='word_1_1244' title='bbox 2046 3187 2093 3219; x_wconf 89' lang='lat' dir='ltr'>vel</span> <span class='ocrx_word' id='word_1_1245' title='bbox 2108 3188 2158 3218; x_wconf 91' lang='lat' dir='ltr'>suis</span> <span class='ocrx_word' id='word_1_1246' title='bbox 2172 3188 2309 3226; x_wconf 79' lang='lat' dir='ltr'>inferatis,</span> <span class='ocrx_word' id='word_1_1247' title='bbox 2326 3186 2371 3218; x_wconf 90' lang='lat' dir='ltr'>vel</span> <span class='ocrx_word' id='word_1_1248' title='bbox 2393 3193 2452 3216; x_wconf 80' lang='lat' dir='ltr'>Pac.</span> <span class='ocrx_word' id='word_1_1249' title='bbox 2466 3189 2508 3216; x_wconf 87' lang='lat'>16.</span> 
     </span>
     <span class='ocr_line' id='line_1_157' title="bbox 1309 3225 2508 3265; baseline -0.003 -8"><span class='ocrx_word' id='word_1_1250' title='bbox 1309 3228 1406 3258; x_wconf 88' lang='lat' dir='ltr'>inferri</span> <span class='ocrx_word' id='word_1_1251' title='bbox 1419 3229 1583 3265; x_wconf 86' lang='lat' dir='ltr'>permittatis</span> <span class='ocrx_word' id='word_1_1252' title='bbox 1596 3227 1741 3265; x_wconf 80' lang='lat' dir='ltr'>in&#39;uriam‚</span> <span class='ocrx_word' id='word_1_1253' title='bbox 1760 3227 1920 3257; x_wconf 89' lang='lat' dir='ltr'>molestiam</span> <span class='ocrx_word' id='word_1_1254' title='bbox 1934 3226 1980 3257; x_wconf 90' lang='lat' dir='ltr'>vel</span> <span class='ocrx_word' id='word_1_1255' title='bbox 1993 3235 2145 3265; x_wconf 87' lang='lat' dir='ltr'>gravamen</span> <span class='ocrx_word' id='word_1_1256' title='bbox 2160 3239 2170 3264; x_wconf 78' lang='lat'>3</span> <span class='ocrx_word' id='word_1_1257' title='bbox 2195 3236 2250 3257; x_wconf 91' lang='lat' dir='ltr'>nec</span> <span class='ocrx_word' id='word_1_1258' title='bbox 2269 3225 2371 3264; x_wconf 89' lang='lat' dir='ltr'>aliquid</span> <span class='ocrx_word' id='word_1_1259' title='bbox 2390 3227 2455 3264; x_wconf 82' lang='lat' dir='ltr'>Joh.</span> <span class='ocrx_word' id='word_1_1260' title='bbox 2470 3237 2508 3254; x_wconf 85' lang='lat' dir='ltr'>m.</span> 
     </span>
     <span class='ocr_line' id='line_1_158' title="bbox 1312 3265 2505 3306; baseline -0.005 -10"><span class='ocrx_word' id='word_1_1261' title='bbox 1312 3265 1452 3296; x_wconf 76' lang='lat' dir='ltr'>sinistrum</span> <span class='ocrx_word' id='word_1_1262' title='bbox 1464 3266 1501 3296; x_wconf 90' lang='lat' dir='ltr'>de</span> <span class='ocrx_word' id='word_1_1263' title='bbox 1514 3276 1550 3296; x_wconf 88' lang='lat' dir='ltr'>eo</span> <span class='ocrx_word' id='word_1_1264' title='bbox 1564 3275 1614 3295; x_wconf 89' lang='lat' dir='ltr'>cre</span> <span class='ocrx_word' id='word_1_1265' title='bbox 1633 3267 1681 3296; x_wconf 90' lang='lat' dir='ltr'>atis</span> <span class='ocrx_word' id='word_1_1266' title='bbox 1694 3273 1728 3295; x_wconf 79' lang='lat' dir='ltr'>ex</span> <span class='ocrx_word' id='word_1_1267' title='bbox 1744 3265 1921 3306; x_wconf 87' lang='lat' dir='ltr'>suggestione</span> <span class='ocrx_word' id='word_1_1268' title='bbox 1935 3266 2120 3296; x_wconf 87' lang='lat' dir='ltr'>inimicorum</span> <span class='ocrx_word' id='word_1_1269' title='bbox 2132 3265 2265 3302; x_wconf 89' lang='lat' dir='ltr'>suorum,</span> <span class='ocrx_word' id='word_1_1270' title='bbox 2274 3273 2372 3302; x_wconf 86' lang='lat' dir='ltr'>quam-</span> <span class='ocrx_word' id='word_1_1271' title='bbox 2396 3274 2469 3303; x_wconf 82' lang='lat' dir='ltr'><em>13.n.</em></span> <span class='ocrx_word' id='word_1_1272' title='bbox 2479 3274 2505 3292; x_wconf 89' lang='lat'>2.</span> 
     </span>
     <span class='ocr_line' id='line_1_159' title="bbox 1312 3303 1713 3335; baseline -0.002 -1"><span class='ocrx_word' id='word_1_1273' title='bbox 1312 3304 1361 3335; x_wconf 73' lang='lat' dir='ltr'>diii</span> <span class='ocrx_word' id='word_1_1274' title='bbox 1377 3305 1460 3335; x_wconf 86' lang='lat' dir='ltr'>nobis</span> <span class='ocrx_word' id='word_1_1275' title='bbox 1474 3303 1593 3334; x_wconf 89' lang='lat' dir='ltr'>fideliter</span> <span class='ocrx_word' id='word_1_1276' title='bbox 1607 3303 1713 3334; x_wconf 86' lang='lat' dir='ltr'>existet.</span> 
     </span>
    </p>

    <p class='ocr_par' dir='ltr' id='par_1_60' title="bbox 1312 3340 2374 3419">
     <span class='ocr_line' id='line_1_160' title="bbox 1349 3340 2374 3382; baseline -0.001 -10"><span class='ocrx_word' id='word_1_1277' title='bbox 1349 3343 1427 3382; x_wconf 73' lang='lat' dir='ltr'>Qiia</span> <span class='ocrx_word' id='word_1_1278' title='bbox 1440 3343 1545 3380; x_wconf 86' lang='lat' dir='ltr'>ipsum,</span> <span class='ocrx_word' id='word_1_1279' title='bbox 1564 3344 1597 3373; x_wconf 67' lang='grc' dir='ltr'>ὃς</span> <span class='ocrx_word' id='word_1_1280' title='bbox 1612 3344 1708 3372; x_wconf 84' lang='lat' dir='ltr'>omnia</span> <span class='ocrx_word' id='word_1_1281' title='bbox 1723 3342 1767 3372; x_wconf 87' lang='lat' dir='ltr'>sua</span> <span class='ocrx_word' id='word_1_1282' title='bbox 1783 3344 1811 3372; x_wconf 88' lang='lat' dir='ltr'>in</span> <span class='ocrx_word' id='word_1_1283' title='bbox 1825 3342 2037 3380; x_wconf 67' lang='lat' dir='ltr'>preteetionem</span> <span class='ocrx_word' id='word_1_1284' title='bbox 2051 3342 2085 3373; x_wconf 92' lang='lat'>&amp;</span> <span class='ocrx_word' id='word_1_1285' title='bbox 2100 3340 2293 3374; x_wconf 74' lang='lat' dir='ltr'>defensionem</span> <span class='ocrx_word' id='word_1_1286' title='bbox 2307 3349 2374 3371; x_wconf 84' lang='lat' dir='ltr'>nos-</span> 
     </span>
     <span class='ocr_line' id='line_1_161' title="bbox 1312 3380 2087 3419; baseline -0.004 -6"><span class='ocrx_word' id='word_1_1287' title='bbox 1312 3390 1384 3413; x_wconf 90' lang='lat' dir='ltr'>tram</span> <span class='ocrx_word' id='word_1_1288' title='bbox 1399 3381 1564 3418; x_wconf 88' lang='lat' dir='ltr'>suscepimus</span> <span class='ocrx_word' id='word_1_1289' title='bbox 1579 3380 1713 3419; x_wconf 87' lang='lat' dir='ltr'>quamdiu</span> <span class='ocrx_word' id='word_1_1290' title='bbox 1726 3381 1809 3411; x_wconf 91' lang='lat' dir='ltr'>nobis</span> <span class='ocrx_word' id='word_1_1291' title='bbox 1824 3381 1942 3412; x_wconf 88' lang='lat' dir='ltr'>fideliter</span> <span class='ocrx_word' id='word_1_1292' title='bbox 1955 3381 2087 3413; x_wconf 80' lang='lat' dir='ltr'>servierit.</span> 
     </span>
    </p>

    <p class='ocr_par' dir='ltr' id='par_1_61' title="bbox 1348 3418 1881 3458">
     <span class='ocr_line' id='line_1_162' title="bbox 1348 3418 1881 3458; baseline -0.002 -8"><span class='ocrx_word' id='word_1_1293' title='bbox 1348 3418 1387 3450; x_wconf 90' lang='lat' dir='ltr'>Et</span> <span class='ocrx_word' id='word_1_1294' title='bbox 1400 3420 1430 3449; x_wconf 88' lang='lat' dir='ltr'>in</span> <span class='ocrx_word' id='word_1_1295' title='bbox 1445 3419 1525 3458; x_wconf 90' lang='lat' dir='ltr'>hujus</span> <span class='ocrx_word' id='word_1_1296' title='bbox 1537 3419 1577 3449; x_wconf 92' lang='lat' dir='ltr'>rei</span> <span class='ocrx_word' id='word_1_1297' title='bbox 1590 3418 1802 3458; x_wconf 85' lang='lat' dir='ltr'>testimonium²</span> <span class='ocrx_word' id='word_1_1298' title='bbox 1820 3421 1881 3452; x_wconf 86' lang='lat' dir='ltr'>&amp;c.</span> 
     </span>
    </p>
   </div>
   <div class='ocr_carea' id='block_1_40' title="bbox 1309 3491 2370 3576">
    <p class='ocr_par' dir='ltr' id='par_1_62' title="bbox 1309 3491 2370 3576">
     <span class='ocr_line' id='line_1_163' title="bbox 1347 3491 2370 3534; baseline -0.004 -6"><span class='ocrx_word' id='word_1_1299' title='bbox 1347 3494 1439 3528; x_wconf 91' lang='lat' dir='ltr'>Teste</span> <span class='ocrx_word' id='word_1_1300' title='bbox 1460 3495 1568 3533; x_wconf 84' lang='lat' dir='ltr'>meipso</span> <span class='ocrx_word' id='word_1_1301' title='bbox 1590 3495 1663 3534; x_wconf 86' lang='lat' dir='ltr'>apud</span> <span class='ocrx_word' id='word_1_1302' title='bbox 1685 3495 1821 3527; x_wconf 63' lang='lat' dir='ltr'>Sannum</span> <span class='ocrx_word' id='word_1_1303' title='bbox 1844 3495 1973 3528; x_wconf 87' lang='lat' dir='ltr'>Maxent.</span> <span class='ocrx_word' id='word_1_1304' title='bbox 1992 3494 2127 3530; x_wconf 82' lang='lat' dir='ltr'>vicefimo</span> <span class='ocrx_word' id='word_1_1305' title='bbox 2145 3493 2229 3526; x_wconf 86' lang='lat' dir='ltr'>tertio</span> <span class='ocrx_word' id='word_1_1306' title='bbox 2248 3493 2295 3525; x_wconf 90' lang='lat' dir='ltr'>die</span> <span class='ocrx_word' id='word_1_1307' title='bbox 2308 3491 2370 3524; x_wconf 53' lang='lat' dir='ltr'>Auss</span> 
     </span>
     <span class='ocr_line' id='line_1_164' title="bbox 1309 3534 1937 3576; baseline 0.002 -11"><span class='ocrx_word' id='word_1_1308' title='bbox 1309 3535 1401 3576; x_wconf 87' lang='lat' dir='ltr'>gusti,</span> <span class='ocrx_word' id='word_1_1309' title='bbox 1417 3544 1494 3565; x_wconf 87' lang='lat' dir='ltr'>anno</span> <span class='ocrx_word' id='word_1_1310' title='bbox 1506 3534 1604 3574; x_wconf 80' lang='lat' dir='ltr'>Regni</span> <span class='ocrx_word' id='word_1_1311' title='bbox 1617 3534 1706 3565; x_wconf 90' lang='lat' dir='ltr'>nostri</span> <span class='ocrx_word' id='word_1_1312' title='bbox 1720 3534 1836 3567; x_wconf 87' lang='lat' dir='ltr'>decimo</span> <span class='ocrx_word' id='word_1_1313' title='bbox 1851 3535 1937 3567; x_wconf 85' lang='lat' dir='ltr'>sexto.</span> 
     </span>
    </p>
   </div>
   <div class='ocr_carea' id='block_1_41' title="bbox 1308 3607 2367 3730">
    <p class='ocr_par' dir='ltr' id='par_1_63' title="bbox 1308 3607 2367 3730">
     <span class='ocr_line' id='line_1_165' title="bbox 1348 3607 2367 3652; baseline -0.004 -9"><span class='ocrx_word' id='word_1_1314' title='bbox 1348 3610 1521 3643; x_wconf 90' lang='lat' dir='ltr'>Mandatum</span> <span class='ocrx_word' id='word_1_1315' title='bbox 1534 3610 1575 3641; x_wconf 91' lang='lat' dir='ltr'>est</span> <span class='ocrx_word' id='word_1_1316' title='bbox 1587 3610 1629 3642; x_wconf 91' lang='lat' dir='ltr'>H.</span> <span class='ocrx_word' id='word_1_1317' title='bbox 1650 3611 1769 3642; x_wconf 91' lang='lat' dir='ltr'>Dublin.</span> <span class='ocrx_word' id='word_1_1318' title='bbox 1789 3612 2010 3651; x_wconf 84' lang='lat' dir='ltr'>Archiepiscopo</span> <span class='ocrx_word' id='word_1_1319' title='bbox 2025 3607 2104 3647; x_wconf 89' lang='lat' dir='ltr'>quod</span> <span class='ocrx_word' id='word_1_1320' title='bbox 2118 3615 2193 3639; x_wconf 88' lang='lat' dir='ltr'>emat</span> <span class='ocrx_word' id='word_1_1321' title='bbox 2206 3607 2367 3652; x_wconf 75' lang='lat' dir='ltr'>Escarletms</span> 
     </span>
     <span class='ocr_line' id='line_1_166' title="bbox 1310 3646 2367 3689; baseline -0.003 -8"><span class='ocrx_word' id='word_1_1322' title='bbox 1310 3659 1449 3688; x_wconf 87' lang='lat' dir='ltr'>quantum</span> <span class='ocrx_word' id='word_1_1323' title='bbox 1461 3649 1563 3680; x_wconf 88' lang='lat' dir='ltr'>viderit</span> <span class='ocrx_word' id='word_1_1324' title='bbox 1578 3650 1707 3687; x_wconf 87' lang='lat' dir='ltr'>expedire</span> <span class='ocrx_word' id='word_1_1325' title='bbox 1719 3650 1754 3681; x_wconf 90' lang='lat' dir='ltr'>ad</span> <span class='ocrx_word' id='word_1_1326' title='bbox 1775 3652 1857 3682; x_wconf 88' lang='lat' dir='ltr'>robas</span> <span class='ocrx_word' id='word_1_1327' title='bbox 1871 3650 1970 3682; x_wconf 86' lang='lat' dir='ltr'>dandas</span> <span class='ocrx_word' id='word_1_1328' title='bbox 1983 3648 2112 3689; x_wconf 80' lang='lat' dir='ltr'>Regibus</span> <span class='ocrx_word' id='word_1_1329' title='bbox 2124 3647 2273 3678; x_wconf 83' lang='lat' dir='ltr'>Hibermae</span> <span class='ocrx_word' id='word_1_1330' title='bbox 2288 3646 2321 3677; x_wconf 93' lang='lat'>&amp;</span> <span class='ocrx_word' id='word_1_1331' title='bbox 2336 3654 2367 3678; x_wconf 48' lang='grc' dir='ltr'>εδ</span> 
     </span>
     <span class='ocr_line' id='line_1_167' title="bbox 1308 3688 1743 3730; baseline 0 -11"><span class='ocrx_word' id='word_1_1332' title='bbox 1308 3689 1353 3722; x_wconf 85' lang='lat' dir='ltr'>liis</span> <span class='ocrx_word' id='word_1_1333' title='bbox 1366 3688 1494 3721; x_wconf 87' lang='lat' dir='ltr'>fidelibus</span> <span class='ocrx_word' id='word_1_1334' title='bbox 1510 3688 1635 3721; x_wconf 85' lang='lat' dir='ltr'>Domini</span> <span class='ocrx_word' id='word_1_1335' title='bbox 1647 3688 1743 3730; x_wconf 88' lang='lat' dir='ltr'>Regis.</span> 
     </span>
    </p>
   </div>
   <div class='ocr_carea' id='block_1_42' title="bbox 1878 3762 2210 3804">
    <p class='ocr_par' dir='ltr' id='par_1_64' title="bbox 1878 3762 2210 3804">
     <span class='ocr_line' id='line_1_168' title="bbox 1878 3762 2210 3804; baseline -0.015 -9"><span class='ocrx_word' id='word_1_1336' title='bbox 1878 3767 1932 3796; x_wconf 87' lang='lat' dir='ltr'>Per</span> <span class='ocrx_word' id='word_1_1337' title='bbox 1944 3763 2069 3804; x_wconf 74' lang='lat' dir='ltr'>Amfrm.</span> <span class='ocrx_word' id='word_1_1338' title='bbox 2091 3762 2123 3792; x_wconf 78' lang='lat' dir='ltr'>de</span> <span class='ocrx_word' id='word_1_1339' title='bbox 2137 3763 2210 3791; x_wconf 74' lang='lat' dir='ltr'>Den.</span> 
     </span>
    </p>
   </div>
   <div class='ocr_carea' id='block_1_43' title="bbox 1319 3837 2372 3852">
    <p class='ocr_par' dir='ltr' id='par_1_65' title="bbox 1319 3837 2372 3852">
     <span class='ocr_line' id='line_1_169' title="bbox 1319 3837 2372 3852; baseline 0 409"><span class='ocrx_word' id='word_1_1340' title='bbox 1319 3837 2372 3852; x_wconf 95' lang='lat' dir='ltr'> </span> 
     </span>
    </p>
   </div>
   <div class='ocr_carea' id='block_1_44' title="bbox 1367 3884 2519 3941">
    <p class='ocr_par' dir='ltr' id='par_1_66' title="bbox 1367 3884 2519 3941">
     <span class='ocr_line' id='line_1_170' title="bbox 1367 3884 2519 3941; baseline -0.005 -15"><span class='ocrx_word' id='word_1_1341' title='bbox 1367 3889 1394 3916; x_wconf 44' lang='grc' dir='ltr'>ἒ*</span> <span class='ocrx_word' id='word_1_1342' title='bbox 1420 3894 1470 3926; x_wconf 88' lang='lat' dir='ltr'>De</span> <span class='ocrx_word' id='word_1_1343' title='bbox 1485 3897 1596 3940; x_wconf 81' lang='lat' dir='ltr'>treugis</span> <span class='ocrx_word' id='word_1_1344' title='bbox 1606 3905 1661 3940; x_wconf 86' lang='lat' dir='ltr'>per</span> <span class='ocrx_word' id='word_1_1345' title='bbox 1675 3892 1844 3941; x_wconf 83' lang='lat' dir='ltr'>quindecim</span> <span class='ocrx_word' id='word_1_1346' title='bbox 1859 3889 1921 3923; x_wconf 74' lang='lat' dir='ltr'>dies</span> <span class='ocrx_word' id='word_1_1347' title='bbox 1939 3891 2070 3924; x_wconf 70' lang='lat' dir='ltr'>Francia</span> <span class='ocrx_word' id='word_1_1348' title='bbox 2087 3890 2162 3935; x_wconf 84' lang='lat' dir='ltr'>Regi</span> <span class='ocrx_word' id='word_1_1349' title='bbox 2178 3884 2312 3930; x_wconf 81' lang='lat' dir='ltr'>conceffis.</span> <span class='ocrx_word' id='word_1_1350' title='bbox 2389 3898 2405 3916; x_wconf 50' lang='grc' dir='ltr'>ὕ</span> <span class='ocrx_word' id='word_1_1351' title='bbox 2415 3898 2438 3926; x_wconf 82' lang='lat'>1.</span> <span class='ocrx_word' id='word_1_1352' title='bbox 2458 3906 2519 3933; x_wconf 79' lang='lat'><strong>¹90·</strong></span> 
     </span>
    </p>
   </div>
   <div class='ocr_carea' id='block_1_45' title="bbox 1309 3961 2512 4054">
    <p class='ocr_par' dir='ltr' id='par_1_67' title="bbox 1309 3961 2512 4054">
     <span class='ocr_line' id='line_1_171' title="bbox 1309 3961 2512 4041; baseline -0.004 -35"><span class='ocrx_word' id='word_1_1353' title='bbox 1309 3974 1530 4037; x_wconf 35' lang='lat' dir='ltr'>VEnerabili·</span> <span class='ocrx_word' id='word_1_1354' title='bbox 1544 3979 1617 4016; x_wconf 84' lang='lat' dir='ltr'>patri</span> <span class='ocrx_word' id='word_1_1355' title='bbox 1633 3979 1678 4024; x_wconf 41' lang='grc' dir='ltr'>δε.</span> <span class='ocrx_word' id='word_1_1356' title='bbox 1688 3978 1783 4009; x_wconf 90' lang='lat' dir='ltr'>amico</span> <span class='ocrx_word' id='word_1_1357' title='bbox 1795 3978 1829 4021; x_wconf 66' lang='lat' dir='ltr'>iri</span> <span class='ocrx_word' id='word_1_1358' title='bbox 1839 3973 1961 4020; x_wconf 80' lang='lat' dir='ltr'>Christo</span> <span class='ocrx_word' id='word_1_1359' title='bbox 1969 3971 2290 4041; x_wconf 49' lang='lat' dir='ltr'>karissimopMagistro</span> <span class='ocrx_word' id='word_1_1360' title='bbox 2304 3971 2370 4002; x_wconf 83' lang='lat' dir='ltr'>Ro-</span> <span class='ocrx_word' id='word_1_1361' title='bbox 2388 3961 2465 3994; x_wconf 74' lang='lat' dir='ltr'><strong>Ann-</strong></span> <span class='ocrx_word' id='word_1_1362' title='bbox 2474 3961 2512 3992; x_wconf 77' lang='lat' dir='ltr'>D=</span> 
     </span>
     <span class='ocr_line' id='line_1_172' title="bbox 1390 4008 2500 4054; baseline -0.005 -10"><span class='ocrx_word' id='word_1_1363' title='bbox 1390 4015 1472 4046; x_wconf 90' lang='lat' dir='ltr'>berto</span> <span class='ocrx_word' id='word_1_1364' title='bbox 1491 4016 1563 4046; x_wconf 85' lang='lat' dir='ltr'>Titl.</span> <span class='ocrx_word' id='word_1_1365' title='bbox 1583 4017 1680 4048; x_wconf 63' lang='lat' dir='ltr'>San&amp;</span> <span class='ocrx_word' id='word_1_1366' title='bbox 1698 4016 1831 4054; x_wconf 82' lang='lat' dir='ltr'>Stepham</span> <span class='ocrx_word' id='word_1_1367' title='bbox 1853 4024 1882 4044; x_wconf 82' lang='lat' dir='ltr'>in</span> <span class='ocrx_word' id='word_1_1368' title='bbox 1898 4012 1984 4042; x_wconf 88' lang='lat' dir='ltr'>Ceho</span> <span class='ocrx_word' id='word_1_1369' title='bbox 1997 4011 2105 4042; x_wconf 90' lang='lat' dir='ltr'>Monte</span> <span class='ocrx_word' id='word_1_1370' title='bbox 2144 4010 2278 4042; x_wconf 77' lang='lat' dir='ltr'>resbitero</span> <span class='ocrx_word' id='word_1_1371' title='bbox 2294 4008 2368 4041; x_wconf 86' lang='lat' dir='ltr'>Car-</span> <span class='ocrx_word' id='word_1_1372' title='bbox 2414 4009 2500 4039; x_wconf 87' lang='lat'>1214.</span> 
     </span>
    </p>
   </div>
   <div class='ocr_carea' id='block_1_46' title="bbox 1309 4040 2503 4118">
    <p class='ocr_par' dir='ltr' id='par_1_68' title="bbox 1309 4040 2503 4118">
     <span class='ocr_line' id='line_1_173' title="bbox 1309 4040 2503 4118; baseline 0.018 -34"><span class='ocrx_word' id='word_1_1373' title='bbox 1309 4050 1394 4085; x_wconf 73' lang='lat' dir='ltr'>dinan</span> <span class='ocrx_word' id='word_1_1374' title='bbox 1404 4054 1438 4086; x_wconf 91' lang='lat'>&amp;</span> <span class='ocrx_word' id='word_1_1375' title='bbox 1452 4053 1630 4094; x_wconf 76' lang='lat' dir='ltr'>Apostohcae</span> <span class='ocrx_word' id='word_1_1376' title='bbox 1644 4054 1714 4094; x_wconf 56' lang='lat' dir='ltr'>sedis</span> <span class='ocrx_word' id='word_1_1377' title='bbox 1728 4054 1855 4094; x_wconf 66' lang='lat' dir='ltr'>Legae,</span> <span class='ocrx_word' id='word_1_1378' title='bbox 1873 4051 2018 4092; x_wconf 58' lang='lat' dir='ltr'>JOhanffic</span> <span class='ocrx_word' id='word_1_1379' title='bbox 2029 4049 2128 4082; x_wconf 65' lang='lat' dir='ltr'>0³de</span> <span class='ocrx_word' id='word_1_1380' title='bbox 2142 4051 2245 4090; x_wconf 52' lang='lat' dir='ltr'>gram’</span> <span class='ocrx_word' id='word_1_1381' title='bbox 2262 4050 2371 4118; x_wconf 35' lang='lat' dir='ltr'>&amp;emb</span> <span class='ocrx_word' id='word_1_1382' title='bbox 2386 4043 2450 4116; x_wconf 47' lang='lat'>522.</span> <span class='ocrx_word' id='word_1_1383' title='bbox 2460 4040 2503 4075; x_wconf 38' lang='lat'>¹⁶³</span> 
     </span>
    </p>
   </div>
  </div>
 </body>
</html>
