2570 4261
23 270 99 310 ¹Anii.
113 276 153 308 D.

43 323 125 355 1255.

29 1706 84 1738 ⁵¹¹1.
100 1707 165 1745 896.

885 193 928 233 Ο
1036 196 1085 237 Μ
1193 196 1212 237 Ι

167 274 269 305 bebitis
280 285 331 306 vos
343 275 522 315 favorabiles,
537 275 686 307 benivolos
706 277 739 309 &
759 278 895 317 benignos
912 302 922 317 ,
946 280 980 310 δε
994 282 1101 312 nullum
1120 282 1150 311 in
1168 281 1226 312 hoc

167 314 276 353 prorsus
289 316 524 354 impedimentum
541 316 719 354 praestabitis,
736 324 783 346 aut
797 316 976 348 obstaculum
991 321 1142 359 apponetis
1178 319 1228 348 In-

167 352 236 382 colis
248 354 332 383 etiarn
345 354 467 391 ejusdem
480 353 610 384 Civitatis
624 356 656 385 ὃς
670 355 753 384 totius
767 354 805 383 sui
819 354 957 386 districtus
976 367 1023 394 per
1040 367 1067 388 te
1078 368 1110 388 ac
1126 357 1228 387 Haere-

167 390 215 420 des
229 391 300 429 ipsos
314 391 432 421 fidantiae
452 392 643 429 remittentur,
664 393 697 422 δε
709 393 875 422 renovabitis
897 394 1003 434 insuper
1017 397 1056 427 eis
1071 397 1227 434 privilegia,

167 439 237 459 cum
248 430 325 467 super
338 429 395 459 hoc
409 430 445 459 ab
460 428 584 459 Ecclesia
599 431 644 460 vel
660 431 694 460 ab
708 431 770 469 ipsis
783 431 885 461 fueritis
898 435 1033 471 requisiti·
1061 436 1094 464 δε
1109 436 1137 463 in
1155 444 1226 463 cun-

165 467 217 497 &is
230 469 280 498 suis
290 468 458 497 libertatibus
471 468 505 497 &
520 468 740 498 immunitatibus
756 468 853 498 eadem
868 469 949 506 plene
963 458 1167 502 conservabitur
1174 471 1226 502 Ci-

164 506 252 543 vitas,
268 507 304 535 ita
319 505 395 542 quod
410 505 596 535 Beneventan.
612 516 660 543 per
680 514 772 536 totum
794 507 895 537 Siciliae
915 507 1051 548 Regnum
1072 511 1156 540 libere
1172 511 1227 548 ire,

166 544 270 573 morari
283 545 392 574 valeant
407 544 440 574 δε
456 543 544 573 redire
556 567 566 582 ,
589 554 622 574 ac
639 546 840 582 negotiationes
862 547 895 576 &
916 549 1100 578 mercimonia
1115 558 1226 578 exerce-

167 592 215 619 re,
233 591 287 612 nec
299 582 336 611 eis
350 582 440 619 aliqua
460 581 581 621 specialis
601 583 714 612 servitus
736 583 906 622 imponetur.
943 586 1028 617 Silvas
1043 588 1141 625 etiam,
1160 587 1228 626 lapi-

166 619 232 658 des,
249 629 360 650 arenam
374 620 419 650 seu
434 620 625 658 puteolanam,
644 621 748 663 aliaque
767 623 928 660 materialia,
946 625 979 654 ὃς
999 635 1118 664 quaeque
1132 635 1228 654 neces—

167 657 233 687 saria
248 658 282 688 ad
297 659 497 696 reparationem
509 658 636 688 Civitatis
648 659 785 697 ejusdem,
803 668 832 690 tu
855 662 950 698 tuique
970 662 1123 701 Haeredes,
1141 673 1170 693 ut
1184 665 1227 693 ci-

166 696 220 725 tius
235 696 269 726 &
282 696 463 727 commodius
476 697 590 735 reparari
605 697 708 735 valeat,
725 697 870 728 liberaliter
885 702 1036 738 exponetis.

204 733 340 765 Universi
352 743 444 765 autem
461 733 608 774 Comites,
624 735 742 765 Barones
754 736 787 766 &
800 736 937 775 Nobiles,
955 749 988 768 ac
1002 749 1102 769 omnes
1116 739 1226 770 Civita-

166 778 225 811 tes,
243 774 277 804 &
288 773 437 812 specialiter
451 772 633 810 Neapolitan.
647 775 680 804 &
694 773 818 813 Capuan.
840 776 997 816 cunCtaque
1010 777 1125 816 Castra,
1144 777 1227 807 Villae

166 820 200 840 ac
215 811 265 841 alia
277 811 340 842 loca
353 811 388 841 de
402 810 509 850 Regno
523 812 556 842 &
570 819 638 842 terra
652 812 805 850 priedi'etis,
824 813 857 843 &
870 823 970 844 omnes
981 817 1100 845 omnino
1118 815 1228 855 Regni-

166 849 239 879 ·colae
254 859 303 887 per
313 857 342 879 te
355 849 471 888 tuosque
484 849 620 880 Haeredes
634 851 662 880 in
677 851 755 880 bono
768 860 897 890 regentur
920 852 1006 892 statu,
1025 853 1141 892 ipsisque
1156 854 1227 883 boni

166 888 242 924 usuS,
257 888 318 925 jura
332 889 365 919 &
381 888 465 917 bonae
477 887 689 918 consuetudines
700 889 886 919 servabuntur.

204 924 333 956 Centum
355 925 437 956 Milia
454 929 525 956 vero
542 927 673 957 librarum
688 950 697 965 ,
724 938 787 965 quae
811 928 936 965 praefatus
956 928 1145 960 Praedecessor
1161 930 1229 967 tibi,

163 963 199 994 ad
213 965 436 1002 prosecutionem
452 966 559 1004 negotii
574 965 694 1003 ejusdem
718 966 810 1003 Regni
824 989 833 1003 ,
857 968 1014 998 concedere
1037 969 1080 999 vel
1102 976 1228 998 mutuare

164 1003 308 1042 promisit,
326 1011 356 1033 ut
371 1002 472 1033 dicitur
486 1025 497 1041 ,
521 1004 603 1033 nobis
617 1004 650 1034 &
664 1004 798 1034 Ecclesia:
819 1005 961 1035 Romame
975 1029 984 1044 ,
1010 1015 1061 1036 tuo
1080 1007 1113 1036 δε
1127 1006 1230 1035 Haere-

164 1041 237 1071 dum
249 1049 364 1071 tuorum
378 1042 513 1080 nomine,
528 1043 649 1072 omnino
664 1042 785 1072 dimitte}
801 1065 810 1081 ,
835 1045 965 1073 faciendo
979 1045 1091 1082 pastum
1106 1045 1138 1075 &
1155 1043 1231 1074 suffi-

166 1079 290 1147 ciergtem
309 1080 445 1111 cautelam
463 1079 498 1110 de
514 1081 565 1111 illis
580 1088 635 1112 ate
649 1081 694 1111 vel
714 1081 774 1118 ipsis
788 1081 957 1113 Haeredibus
977 1083 1088 1113 ulterius
1108 1093 1167 1112 non
1181 1093 1231 1123 pe-

166 1125 214 1148 ten
235 1128 263 1148 is.

205 1155 316 1187 Verum
336 1155 501 1187 Cariffimus
522 1158 552 1188 in
573 1156 688 1188 Christo
710 1157 780 1188 filius
800 1158 893 1189 noster
1029 1158 1141 1189 Illustris
1165 1159 1231 1189 Rex

170 1193 282 1234 Angliae
300 1195 380 1226 Pater
399 1204 461 1226 tuus
482 1204 533 1226 tuo
554 1197 671 1226 nomine
693 1197 774 1226 nobis
794 1197 946 1236 nostrisque
965 1196 1175 1227 Succefloribus
1198 1198 1231 1227 &

170 1233 305 1264 Ecclesiae
320 1234 449 1264 Roman.
462 1243 515 1272 pro
530 1234 647 1274 praefatis
662 1234 768 1273 Regno
784 1236 816 1264 ὃς
832 1243 901 1265 terra
916 1237 1101 1273 juramentum
1117 1235 1232 1265 fidelita-

171 1273 205 1302 tis
215 1272 265 1302 sub
279 1273 371 1302 forma
385 1272 497 1302 inferius
511 1280 646 1303 contenta
659 1272 814 1311 praestabit,
832 1274 865 1303 &
880 1275 907 1303 in
923 1275 1050 1303 manibus
1065 1274 1134 1303 illius
1146 1283 1232 1313 quem

170 1310 206 1340 ad
219 1310 275 1341 hoc
288 1311 437 1351 specialiter
450 1310 619 1341 destinamus
634 1333 643 1348 ,
669 1311 750 1340 nobis
768 1311 801 1340 &
815 1312 864 1348 ipsi
879 1311 1011 1341 Eccleliae
1025 1322 1076 1349 pro
1091 1320 1119 1342 te
1133 1312 1232 1351 ligium

172 1350 338 1389 homagium
352 1349 450 1387 faciet,
467 1358 500 1379 ac
519 1349 641 1378 formam
650 1349 798 1386 juramenti
812 1349 970 1385 hujusmodi
982 1350 1098 1380 seriatim
1114 1360 1163 1390 per
1178 1351 1233 1380 suas

173 1387 302 1418 Patentes
318 1388 433 1418 Litteras
451 1386 499 1417 sub
515 1386 563 1416 suo
578 1386 675 1426 Sigillo
695 1387 727 1416 &
748 1395 793 1417 tua
813 1386 891 1416 Bulla
915 1389 1006 1418 Aurea
1025 1389 1106 1418 nobis
1125 1389 1232 1419 mittet:

174 1426 225 1456 Tu
239 1428 308 1457 vero
317 1449 327 1464 ,
346 1436 413 1456 cum
427 1425 460 1456 ad
474 1433 585 1456 aetatem
608 1425 770 1463 quindecim
786 1424 935 1456 Annorum
960 1428 1117 1463 perveneris
1130 1450 1139 1464 ,
1165 1428 1234 1465 jura-

175 1471 305 1495 mentum
320 1466 353 1496 &
367 1465 533 1502 homagium
546 1463 702 1502 hujusmodi
714 1463 890 1501 personaliter
903 1466 1062 1495 renovabis:
1083 1465 1174 1495 fornia
1186 1476 1234 1496 au-

174 1510 233 1534 tem
246 1503 390 1539 juramenti
407 1503 465 1533 hoc
480 1502 539 1539 est,

211 1540 236 1570 E
255 1551 275 1571 0
288 1565 297 1580 ,
322 1541 437 1581 plenum
452 1541 598 1580 &ligium
619 1538 804 1579 vassallagium
823 1540 925 1571 faciens
939 1540 1073 1572 Ecclesite
1094 1541 1238 1572 Romanae

175 1589 228 1618 pro
270 1589 344 1620 egno
357 1580 459 1610 Siciliae
474 1580 507 1610 &
521 1587 579 1609 tota
593 1587 681 1616 terra,
700 1589 763 1615 quae
777 1578 817 1608 est
833 1581 900 1610 citra
909 1580 1009 1610 Fatum
1022 1581 1105 1620 usque
1119 1581 1154 1611 ad
1168 1591 1239 1611 con-

174 1618 241 1648 finia
258 1627 391 1649 terrarum
410 1618 490 1657 ipsius
505 1617 638 1647 Ecclefiae
652 1639 661 1654 ,
683 1625 797 1659 excepta
816 1618 939 1649 Civitate
960 1618 1148 1650 Beneventan.
1169 1629 1238 1649 cuni

177 1657 258 1694 ipsius
269 1657 374 1696 juribus
389 1658 422 1688 δε
439 1656 610 1694 pertinentiis
628 1656 757 1685 universis
772 1678 781 1693 ,
804 1657 839 1686 ab
856 1657 908 1687 hac
922 1657 990 1687 hora
1009 1658 1038 1687 in
1060 1667 1138 1687 antea
1153 1657 1239 1687 fidelis

178 1697 212 1726 &
225 1696 361 1726 obediens
375 1705 425 1726 ero
441 1695 461 1714 ³¹²
477 1695 560 1725 beato
576 1693 659 1723 Petro
677 1694 710 1724 &
727 1693 856 1724 Domino
877 1705 944 1726 meo
964 1695 1048 1735 Papae
1062 1696 1238 1734 Alexandro,

177 1734 283 1772 suisque
298 1733 507 1765 Successoribus
525 1732 665 1762 canonice
687 1733 868 1772 intrantibus,
886 1734 1051 1773 Sanetaeque
1065 1735 1239 1773 Apostolicae

178 1772 306 1804 Roman.
322 1771 457 1802 Ecclesiae
471 1780 482 1809 3
506 1780 567 1801 non
581 1779 631 1800 ero
645 1771 673 1799 in
689 1770 805 1800 consilio
819 1794 828 1810 ‚
853 1781 899 1802 aut
915 1773 1065 1810 consensu,
1084 1773 1127 1803 vel
1143 1773 1237 1812 faffto,

177 1819 210 1841 ut
229 1811 316 1841 vitam
336 1810 454 1848 perdant
466 1832 476 1848 ,
500 1817 548 1839 aut
565 1809 731 1839 membrum
746 1832 755 1847 ,
779 1818 826 1840 aut
847 1811 988 1848 capiantur
1009 1811 1082 1842 mala
1094 1813 1238 1850 captione,

176 1848 339 1879 Consilium
352 1850 442 1887 vero,
460 1847 537 1887 quod
551 1847 640 1877 michi
654 1847 785 1878 credituri
798 1848 858 1879 sunt
870 1859 918 1887 per
933 1849 975 1888 se,
993 1858 1038 1880 aut
1058 1860 1105 1888 per
1121 1851 1240 1881 nuncios

178 1887 252 1925 suoe,
275 1887 332 1918 five
367 1897 395 1917 er
411 1887 546 1924 Litteras,
562 1885 597 1916 ad
616 1895 715 1916 eorum
734 1886 908 1925 dampnum,
926 1898 973 1918 me
995 1888 1115 1926 sciente,
1134 1890 1240 1919 nemini

177 1927 299 1966 pandam
315 1937 322 1956 ;
376 1934 388 1956 t
401 1949 410 1963 ,
435 1925 455 1955 fi
474 1925 582 1956 scivero
601 1923 660 1954 fieri
675 1947 685 1962 ,
706 1925 752 1955 vel
768 1928 925 1965 procurari,
942 1928 987 1956 seii
1000 1927 1109 1957 uastari
1122 1927 1241 1966 aliquid,

179 1965 259 2003 quod
273 1965 305 1995 sit
320 1964 354 1996 ad
366 1965 488 2005 ipsorum
502 1963 676 2001 dampnum,
690 1963 758 2005 illud
770 1974 824 2005 pi2o
838 1964 916 2004 posse
930 1975 996 1995 meo
1008 1965 1176 2004 impediam,
1191 1967 1223 1996 &
1233 1989 1243 2003 ,

182 2005 203 2036 si
218 2003 353 2041 impedire
368 2013 425 2034 non
441 2002 570 2041 postem,
587 2001 653 2031 illud
673 2002 711 2031 eis
726 2004 875 2070 significare
887 2005 1011 2041 curabo,
1029 2003 1165 2041 Papatum
1181 2004 1242 2034 Ro-

183 2052 259 2072 man.
274 2043 308 2072 &
321 2043 418 2080 regalia
432 2041 527 2073 Sanffi
541 2040 617 2070 Petri
631 2041 689 2070 tam
702 2041 731 2070 in
777 2050 849 2080 egno
863 2042 966 2072 Siciliae
981 2065 990 2080 ,
1012 2051 1096 2080 quam
1110 2043 1173 2072 alibi
1187 2043 1245 2072 exi-

181 2080 296 2119 stentia,
313 2081 424 2120 adjutor
442 2082 480 2110 eis
493 2089 544 2109 ero
558 2078 592 2109 ad
612 2078 807 2116 retinendum,
825 2080 857 2110 &
872 2080 1099 2118 defendendum,
1117 2092 1149 2111 ac
1164 2090 1245 2111 recu-

181 2120 335 2160 perandum
343 2142 354 2158 ,
365 2120 399 2150 &
412 2126 570 2157 recuperata
581 2117 822 2148 manutenendum
836 2127 934 2148 contra
945 2129 1066 2149 omnem
1078 2119 1244 2158 hominem,

181 2159 219 2190 iic
234 2168 282 2188 me
297 2157 376 2188 Deus
389 2157 498 2196 adjuvet
512 2157 545 2187 &
561 2156 625 2186 haec
639 2154 741 2186 saneta
755 2155 914 2195 Evangelia.

220 2195 253 2226 In
269 2197 387 2237 optione
400 2206 514 2235 quoque
530 2195 562 2225 &
577 2194 755 2232 beneplacito
776 2195 828 2224 erit
850 2195 993 2226 Romanae
1009 2195 1144 2226 Ecclesiae
1159 2196 1202 2226 vel
1219 2204 1247 2226 te

183 2236 219 2267 &
234 2234 370 2265 Haeredes
384 2243 447 2265 tuos
465 2243 569 2264 vocare
589 2232 623 2262 ad
640 2231 829 2272 praestandum
843 2234 875 2265 δε
891 2234 1051 2264 faciendum
1090 2234 1247 2264 ersonaliter

184 2274 398 2304 Sacramentum
416 2273 551 2304 fidelitatis
568 2271 714 2311 &ligium
727 2271 893 2310 homagium
910 2272 1048 2303 Romano
1092 2272 1200 2303 ontifici
1213 2274 1246 2304 &

182 2312 277 2343 eidem
291 2311 441 2350 Ecclefiae,
459 2309 622 2342 dummodo
637 2309 672 2340 ad
689 2309 747 2340 hoc
765 2310 816 2340 tibi
835 2312 868 2342 ὃς
886 2310 1055 2342 Haeredibus
1074 2311 1134 2352 ipsis
1156 2320 1248 2342 tutum

182 2351 283 2382 locum
298 2351 417 2381 statuant
434 2351 468 2381 &
483 2350 635 2389 assignent,
653 2348 699 2379 vel
713 2348 835 2390 aliquem
858 2348 1040 2380 Cardinalem
1054 2350 1134 2389 ipsius
1148 2349 1249 2380 Eccle-

184 2391 249 2429 siae,
267 2390 312 2421 seu
325 2390 429 2428 alium,
446 2389 493 2427 qui
504 2389 568 2419 vice
582 2387 707 2417 Roman.
722 2386 867 2417 Pontisicis
875 2388 1091 2418 Sacramentum
1105 2390 1178 2424 juxta
1193 2389 1251 2418 for-

185 2438 282 2467 mam,
300 2438 366 2466 quae
376 2428 496 2465 superius
511 2426 551 2456 est
563 2425 703 2462 expressa,
721 2425 754 2455 &
765 2425 930 2468 homagium
944 2427 1074 2464 recipiat,
1092 2426 1234 2456 destinare.

223 2467 371 2497 Caeterum
382 2465 562 2501 donationes,
578 2462 790 2501 concessiones,
809 2465 1038 2494 confirmationes
1057 2467 1091 2495 &
1110 2466 1251 2505 privilegia

183 2515 202 2535 a
213 2505 351 2544 praedidffi
366 2502 574 2542 Praedecessore
583 2501 629 2532 vel
649 2510 664 2531 a
677 2501 759 2530 nobis
774 2510 842 2530 cum
862 2501 1118 2540 Subscriptionibus
1132 2503 1249 2533 fratrum

186 2543 350 2574 nostrorum
364 2541 455 2580 faeta,
471 2541 578 2571 dilectis
591 2539 652 2569 filiis
667 2561 676 2575 ,
701 2539 842 2569 nobilibus
855 2539 928 2571 Viris
961 2540 1132 2580 Bertholdo,
1150 2541 1252 2571 Oddo-

186 2582 218 2612 ni
231 2582 265 2612 ὅ(
280 2581 441 2612 Lodowico
454 2603 464 2618 ,
490 2579 617 2609 fratribus
638 2576 856 2621 Marchionibus
875 2578 910 2608 de
928 2563 1121 2609 sloumburch
1137 2602 1147 2617 ,
1172 2579 1253 2610 firma

188 2621 199 2650 i
220 2620 266 2658 sis,
286 2621 391 2658 integra
413 2619 446 2649 δε
467 2618 569 2648 illibata
590 2617 765 2654 manebunt,
788 2616 930 2657 iidemque
951 2619 1118 2648 tenebuntur
1131 2620 1160 2648 in
1175 2619 1253 2648 bono

216 2667 260 2688 atu
270 2681 280 2697 ,
297 2658 330 2689 ὃς
343 2659 379 2688 eis
389 2656 530 2687 concessae
542 2656 592 2686 sibi
606 2655 744 2685 libertates
757 2679 766 2693 ,
792 2657 888 2694 gratiae
904 2679 913 2694 ,
937 2666 1094 2695 caeteraque
1105 2657 1154 2687 alia
1168 2656 1255 2687 serva—

190 2698 314 2735 buntur,
331 2706 363 2727 ac
378 2697 474 2726 omnia
484 2695 601 2732 donata,
619 2693 784 2724 confirmata
803 2695 837 2724 δε
851 2695 982 2725 concessa
998 2696 1035 2726 eis
1050 2706 1066 2726 a
1084 2695 1146 2725 sede
1162 2694 1256 2733 Apos-

190 2735 276 2766 tolica
290 2746 339 2773 per
353 2742 381 2765 te
396 2733 637 2765 confirmabuntur
652 2732 730 2772 ipsiS,
749 2733 782 2763 ὃς
795 2732 831 2763 de
843 2743 922 2763 novo
941 2735 1024 2764 etiam
1039 2744 1087 2772 per
1108 2743 1154 2764 tua
1170 2735 1256 2774 privi-

191 2773 261 2812 legia
283 2773 498 2810 concedentur,
524 2782 557 2802 ac
573 2771 785 2811 privilegiorum
808 2771 1043 2811 Apostolicorum
1058 2796 1067 2812 ,
1093 2783 1157 2811 quae
1179 2774 1257 2812 super

191 2813 254 2881 hii}i
259 2812 377 2851 habent,
396 2810 577 2842 confirmatio
589 2811 626 2840 eis
640 2811 672 2841 ὅ(
689 2809 724 2839 de
743 2810 834 2841 verbo
853 2810 887 2841 ad
908 2811 1029 2842 verbum
1050 2812 1196 2842 renovatio
1209 2821 1258 2850 per

193 2860 222 2882 te
255 2860 290 2881 et.
1007 2872 1009 2874 .

233 2890 319 2920 Reffi
333 2897 425 2919 autem
440 2887 560 2919 redditus
573 2887 677 2918 horum
692 2887 827 2918 omnium
835 2910 845 2927 ,
861 2888 994 2927 (exceptis
1007 2887 1178 2919 Senescalcia
1189 2889 1260 2926 ejus-

194 2928 262 2959 dem
277 2928 390 2967 Regni,
406 2928 439 2957 &
453 2927 534 2964 ipsius
548 2925 727 2957 Senescalciae
742 2926 895 2957 redditibus
906 2950 916 2965 ,
942 2930 972 2958 in
991 2927 1162 2966 Apostolico
1175 2928 1260 2967 privi-

195 2967 270 3005 legio
280 2975 315 2996 ex
335 2964 424 3001 reffis,
443 2975 476 2995 ac
490 2964 574 2995 Mille
585 2965 742 3004 quingentis
750 2964 856 2995 Unciis
867 2964 937 2996 Auri
948 2965 1074 3004 Annuis,
1089 2966 1183 2996 eidem
1193 2965 1259 2995 Ber-

193 3004 293 3034 tholdo
355 3003 482 3034 archioni
496 3002 588 3043 quoad
606 3004 704 3034 vixerit
726 3003 874 3041 concessis)
897 3004 1036 3035 summam
1048 3005 1094 3034 seu
1109 3005 1258 3035 valentiam

196 3051 315 3081 quatuor
331 3041 450 3072 Milium
465 3043 611 3072 unciarum
625 3041 693 3072 Auri
709 3043 785 3073 annis
801 3042 911 3081 singulis
924 3053 985 3074 non
998 3043 1199 3074 transcendant.

233 3080 381 3110 Nolumus
393 3087 506 3118 tamen,
523 3079 543 3109 fi
557 3079 629 3110 forte
642 3079 677 3110 de
690 3080 743 3110 hiis
755 3088 830 3111 tanta
842 3082 948 3111 summa
962 3081 1101 3122 praediffis
1115 3081 1261 3112 Marchio-

196 3119 280 3150 nibus
297 3128 358 3148 non
372 3118 519 3156 proveniat
537 3119 681 3148 annuatim
693 3141 703 3157 ,
725 3120 802 3159 quod
818 3121 966 3150 occasione
988 3121 1070 3159 hujus
1086 3120 1262 3160 expressionis

198 3156 306 3198 possint
318 3157 420 3197 aliquid
430 3163 524 3196 petere
536 3155 606 3186 ultra
619 3155 721 3187 donata
735 3158 768 3188 &
781 3158 946 3189 confirmata
958 3159 1119 3198 hujusmodi
1134 3158 1177 3189 vel
1191 3168 1262 3188 con-

200 3196 274 3227 cessa
288 3219 297 3234 ,
321 3206 373 3233 pro
395 3196 497 3234 quibus
517 3194 652 3233 siquidem
666 3196 718 3225 tibi
737 3197 770 3227 &
785 3196 954 3228 Haeredibus
971 3199 1023 3228 tuis
1039 3198 1073 3228 ad
1095 3198 1214 3234 servitia,
1234 3198 1263 3226 in

201 3233 373 3272 Apostolicis
385 3232 506 3274 expressa
520 3233 682 3272 privilegiis,
699 3241 845 3266 teneantur
859 3246 865 3265 :
892 3235 995 3266 eisdem
1015 3238 1098 3267 etiam
1116 3235 1263 3265 Marchio-

201 3275 285 3304 nibus
298 3272 334 3303 de
347 3272 474 3313 dampnis
485 3271 521 3302 de
534 3271 633 3309 quibus
649 3271 710 3310 ipsis
723 3272 876 3304 satisfacere
884 3275 1060 3315 promisimus
1068 3299 1077 3314 ,
1096 3285 1148 3305 nos
1160 3274 1193 3304 ad
1206 3274 1263 3303 hoc

201 3313 236 3343 δε
257 3311 420 3341 Romanam
442 3309 596 3340 Ecclesiam
617 3308 770 3349 obligantes
783 3334 794 3350 ,
816 3312 1030 3344 satisfactionem
1044 3337 1054 3352 ,
1078 3313 1111 3344 ad
1134 3322 1219 3351 quam
1238 3320 1265 3342 te

201 3349 357 3388 obligabis,
373 3348 525 3388 impendes.

240 3388 290 3418 De
303 3387 502 3418 donationibus
514 3388 585 3417 vero
599 3387 633 3417 &
647 3386 893 3427 concessionibus,
908 3390 944 3420 ab
958 3390 1060 3420 eodem
1074 3388 1265 3420 Praedcccsso-

202 3436 250 3466 re,
268 3426 314 3457 vel
332 3436 347 3456 a
364 3426 447 3456 nobis
460 3424 496 3454 de
510 3424 627 3455 fratrum
646 3424 810 3456 nostrorum
824 3428 940 3458 consilio
958 3429 1037 3459 factis
1049 3451 1058 3465 ,
1086 3427 1189 3458 dilecffi
1208 3428 1265 3457 filio

202 3464 310 3495 Nobili
440 3462 512 3493 Viro
525 3461 638 3493 Comiti
651 3462 791 3494 Casertan.
809 3464 895 3496 simile
917 3476 965 3504 per
979 3476 1006 3497 te
1029 3466 1075 3496 fiet
1094 3467 1127 3496 &
1148 3466 1265 3496 servabi-

204 3512 266 3542 tur,
281 3504 318 3534 ita
331 3510 423 3533 tamen
436 3501 513 3540 quod
527 3500 664 3545 reddituS,
681 3501 778 3545 exhiis
791 3505 1000 3545 provenientes,
1017 3505 1140 3535 duorum
1147 3505 1266 3535 Milium

205 3539 368 3572 Unciarum
382 3540 452 3571 Auri
464 3548 608 3570 annuatim
619 3540 770 3570 valentiam
784 3551 844 3572 non
855 3543 998 3574 excedant.

246 3580 319 3611 Sane
341 3579 488 3618 praedictus
508 3578 573 3608 Rex
593 3577 704 3616 Angliae
725 3578 806 3609 Pater
824 3581 858 3611 &
880 3581 996 3612 dilectus
1010 3581 1079 3611 filius
1093 3581 1196 3611 nobilis
1209 3580 1261 3609 Vir

207 3618 386 3650 Odowardus
406 3618 488 3648 frater
508 3618 566 3655 tui,
583 3626 616 3646 ac
629 3617 721 3656 plures
734 3617 770 3646 de
782 3617 950 3652 Proceribus
962 3621 994 3652 δί
1010 3620 1180 3650 Consiliariis
1194 3620 1266 3657 ipso-

208 3667 274 3688 rum
296 3658 328 3688 &
346 3658 398 3687 tuis
426 3655 558 3695 jurabunt
577 3655 655 3694 quod
675 3656 867 3692 procurabunt
887 3668 939 3695 pro
958 3658 1053 3699 posse,
1071 3667 1103 3688 ac
1124 3659 1199 3688 bona
1212 3657 1266 3688 fide

207 3695 374 3726 laborabunt
393 3679 427 3726 ἐξ
447 3695 551 3738 facient
570 3693 665 3733 quod,
680 3693 830 3738 postquam
850 3695 885 3725 ad
898 3705 1010 3728 aetatem
1027 3696 1190 3735 quindecim
1206 3696 1266 3726 An-

208 3743 314 3765 norum
331 3743 504 3775 perveneris,
519 3740 713 3770 juramentum
734 3731 871 3762 fidelitatis
891 3744 944 3774 pro
963 3736 1102 3773 praedistis
1114 3735 1219 3774 Regno
1234 3736 1266 3766 &

207 3779 279 3802 terra
294 3772 420 3803 Roman.
435 3770 569 3801 Pontifici
583 3771 616 3800 &
628 3769 762 3812 Ecclesiae
776 3769 920 3801 Romanae
934 3774 1090 3811 praestabis,
1106 3784 1138 3804 ac
1157 3782 1269 3813 propter

208 3808 270 3841 hoc
282 3811 381 3850 ligium
397 3811 430 3841 &
446 3810 612 3847 homagium
624 3808 707 3838 facies
719 3808 753 3838 &
764 3808 883 3851 jurabiS,
903 3809 936 3840 &
949 3811 1067 3842 servabis
1080 3821 1270 3850 quaecumque

207 3847 304 3887 supra,
323 3851 398 3880 circa
417 3848 559 3878 Articulos
581 3846 616 3876 de
635 3845 759 3885 Imperio
774 3854 969 3887 continentur,
988 3850 1022 3880 &
1036 3851 1134 3880 omnia
1146 3850 1271 3888 praemis-

207 3885 250 3924 sa,
264 3895 348 3925 prout
369 3888 467 3926 scripta
481 3886 541 3916 sunt
555 3885 673 3924 superius
685 3885 719 3915 &
733 3884 873 3922 expressa,
889 3887 1026 3917 concedes
1041 3888 1074 3918 &
1090 3899 1104 3918 a
1126 3889 1271 3926 probabis,

208 3923 244 3953 ὃς
264 3927 487 3964 acceptationem
502 3933 617 3961 eorum,
635 3932 668 3952 ac
680 3922 898 3967 promissionem
910 3922 946 3952 de
958 3924 1094 3955 servandis
1106 3898 1161 3956 siiis
1175 3927 1272 3957 omni-

208 3957 261 3991 bus
281 3964 435 3994 renovabis.
474 3963 513 3994 Et
532 3961 660 4003 praefatus
679 3960 787 3999 insuper
809 3961 874 3990 Rex
892 3959 973 3991 Pater
992 3971 1053 3993 tuus
1068 3972 1120 3995 tuo
1134 3966 1272 4002 nomine,

210 4008 244 4029 ac
260 4007 292 4030 tu
311 4002 395 4031 etiam
410 4002 501 4033 modo
516 4001 594 4038 super
609 4000 714 4029 horum
728 4000 860 4041 omniurn
875 4000 1092 4041 approbatione,
1106 4004 1274 4041 acceptatio-

209 4046 264 4075 ne,
282 4039 463 4070 concessione
483 4050 517 4070 ac
536 4037 720 4077 promissione
739 4037 774 4067 de
795 4038 855 4075 ipsis
874 4037 1029 4077 servandis,
1044 4040 1078 4070 &
1094 4040 1130 4070 de
1144 4050 1213 4071 reco
1233 4041 1276 4070 ni-

208 4075 286 4106 tione
306 4076 384 4115 quod
405 4077 543 4118 Regnum
560 4079 594 4110 ὃ(
608 4085 708 4108 terram
723 4075 857 4115 praedieta
869 4075 919 4107 sub
932 4076 1050 4116 praefatis
1064 4078 1223 4110 conditioni
1244 4089 1275 4111 us

1320 198 1346 238 s
1456 200 1481 240 s
1589 203 1638 244 A.
2258 209 2337 258 ἰη

1272 284 1393 326 recipitis
1411 284 1444 314 &
1459 287 1556 328 tenetis
1576 297 1591 317 a
1604 287 1736 318 Romana
1749 288 1888 328 Ecclesia,
1906 289 2012 320 facietis
2026 289 2060 320 &
2074 288 2234 320 concedetis
2246 289 2328 320 nobis

1272 321 1305 350 δε
1325 325 1373 358 ipsi
1394 322 1526 353 Ecclesiae
1548 326 1710 364 privilegia;
1737 328 1770 357 δε
1789 336 1818 357 tu
1838 337 1907 358 cum
1922 328 1956 358 ad
1980 328 2144 367 praedidhm
2165 327 2328 367 quindecim

1272 358 1424 389 Annorum
1440 369 1551 391 aetatem
1571 365 1694 401 veneris,
1712 365 1807 395 similia
1820 365 1847 395 su
1869 376 1896 396 er
1910 366 1961 396 hiis
1974 366 2116 406 privilegia
2129 368 2227 396 iterato
2242 367 2275 396 ὃς
2289 366 2325 396 de

1270 405 1350 426 novo
1370 398 1515 442 concedes.
1553 399 1608 438 Et,
1633 402 1652 431 si
1672 402 1761 440 forte,
1784 375 1867 441 quoti)
1880 405 1964 442 absit,
1983 405 2055 435 infra
2074 405 2191 434 eandem
2213 413 2325 435 aetatem

1271 433 1430 478 decesseris,
1450 436 1550 480 Ijsaeres
1571 447 1632 481 tuus
1654 439 1716 469 haec
1731 442 1841 479 omnia,
1859 442 1877 472 fi
1890 444 1985 473 minor
1997 442 2159 482 quindecim
2174 442 2262 472 Annis
2275 452 2324 471 ex-

1272 480 1379 517 titerit,
1405 474 1527 505 similiter
1546 476 1634 506 faciet.
1672 477 1702 507 Si
1724 489 1792 508 vero
1813 480 1903 517 major
1925 481 1969 510 vel
1989 480 2150 519 quindecim
2175 480 2324 511 Annorum

1270 510 1353 554 fuerit
1372 512 1443 556 infra
1461 513 1503 543 sex
1523 513 1649 557 Menses,
1667 515 1731 554 post
1744 515 1886 547 decessum
1898 525 1994 556 tuum,
2011 518 2058 549 ista
2071 528 2181 558 peraget
2195 522 2227 550 &
2242 528 2328 548 com-

1271 550 1374 588 plebit,
1398 560 1460 594 quia
1503 562 1545 582 uae
1564 563 1593 582 in
1614 552 1679 591 hiis,
1703 555 1777 584 circa
1798 563 1840 591 te,
1860 555 1935 591 supra
1956 557 1988 586 &
2010 557 2078 586 infra
2098 557 2231 594 dicimus,
2251 558 2325 587 circa

1271 596 1351 617 tuum
1372 597 1455 619 etiam
1509 590 1629 620 aeredeni
1649 592 1816 622 intendimus
1830 594 1862 623 ὃς
1876 594 2003 623 volumus
2014 594 2069 624 esse
2084 594 2165 625 dista.
2205 594 2293 633 Qod
2307 595 2327 625 si

1271 635 1320 668 per
1341 627 1462 656 eundem
1481 628 1591 669 Regem
1615 628 1726 659 Patrem
1746 639 1826 660 tuum
1841 640 1891 660 tuo
1905 633 2021 661 nomine
2033 642 2064 662 ac
2079 643 2126 672 per
2140 642 2168 663 te
2181 635 2279 663 omnia
2292 633 2325 663 &

1271 665 1372 703 singula
1390 665 1544 709 supradieta
1564 668 1731 706 approbata,
1748 669 1880 699 concessa
1902 670 1935 699 &
1955 678 2108 708 acceptata,
2129 672 2161 701 &
2183 672 2325 710 privilegia

1271 702 1349 745 super
1369 703 1421 732 hiis
1433 705 1520 742 fasta,
1538 706 1571 735 ὃς
1587 715 1635 742 per
1648 707 1816 736 venerabiles
1832 707 1925 737 fratres
1940 708 2049 738 nostros
2206 709 2326 739 Archie-

1270 744 1415 785 piscopum
1436 742 1614 773 Cantuarien.
1634 745 1667 775 ὃς
1687 743 1873 775 Hereforden.
1893 755 1925 775 ac
1944 746 2033 776 Elien.
2049 746 2219 785 Episcopos,
2238 748 2271 778 &
2283 747 2326 777 di-

1272 779 1359 808 le6tos
1373 779 1443 809 filios
1601 781 1745 812 Abbatem
1761 783 2006 814 Westmonasterii
2017 807 2026 823 ,
2041 784 2201 822 johannem
2221 784 2329 815 Mansel

1273 816 1292 835 *
1312 816 1494 860 Praepositum
1518 818 1693 850 Beverlacen.
1708 831 1740 851 ac
1754 822 1860 852 nobiles
1873 821 1955 852 Viros
1968 822 2156 862 Rodulphum
2171 823 2258 853 filium
2271 822 2330 852 Ni-

1274 855 1362 892 colai,
1383 855 1562 901 Bettrandum
1581 858 1617 888 de
1630 858 1742 896 Olivel,
1760 860 1793 890 &
1809 860 1857 890 Ro
1877 862 1966 890 etium
1982 861 2017 891 de
2031 861 2207 900 Torquelin,
2223 861 2267 891 vel
2279 861 2328 891 ali-

1294 902 1344 936 uos
1356 903 1399 936 ⁴ei<
1411 904 1448 924 eis
1456 917 1465 932 ,
1480 895 1536 925 aliis
1548 898 1750 936 nequeuntibus
1762 898 1807 927 vel
1821 908 1860 927 no
1870 900 1978 928 entibus
1990 899 2116 929 interesse
2124 922 2133 937 ,
2152 901 2276 930 ordinata
2294 900 2327 930 &

1299 931 1456 975 abilita,.&
1478 943 1525 970 per
1538 935 1659 978 eundem
1674 935 1786 975 Regem
1803 937 1835 966 ὃ(
1848 945 1875 966 te
1887 937 1999 966 admissa
2011 939 2044 968 ὃς
2060 946 2169 974 recepta
2179 961 2187 975 ,
2206 938 2254 967 sub
2268 937 2330 967 illo-

1273 978 1336 998 rum
1358 970 1390 999 ὃ(
1409 971 1489 1009 ipsius
1511 971 1597 1011 Regis
1617 983 1649 1003 ac
1671 981 1721 1004 tuo
1744 974 1842 1013 Sigillis
1862 975 1932 1004 infra
1946 975 2009 1005 Kal.
2025 975 2180 1006 Decembr.
2194 977 2326 1013 proximo

1272 1015 1400 1037 venturas
1420 1018 1480 1037 non
1501 1009 1618 1047 fuerint,
1641 1011 1805 1051 supradidtae
1828 1013 2011 1052 approbatio,
2031 1014 2190 1050 innovatio,
2209 1023 2328 1042 conces-

1274 1045 1373 1089 fi9,&.
1385 1045 1579 1090 confirmatio,
1594 1058 1658 1086 quas
1680 1050 1777 1079 tibi&
1793 1050 1960 1080 Haeredibus
1976 1052 2026 1080 tuis
2039 1051 2088 1081 sub
2101 1050 2244 1088 praemiffis
2259 1061 2331 1081 con-

1276 1083 1428 1127 ditionibus
1445 1084 1578 1124 facimus,
1596 1086 1694 1116 nullius
1713 1088 1821 1124 penitus
1842 1088 1892 1117 sint
1911 1089 2026 1126 valoris,
2041 1089 2086 1119 sed
2109 1099 2206 1120 vacuae
2226 1089 2333 1126 prorsus

1277 1122 1311 1152 &
1326 1132 1419 1152 inanes
1433 1123 1566 1161 existant,
1582 1124 1617 1153 ita
1634 1124 1710 1161 quod
1725 1125 1773 1155 tibi
1787 1126 1821 1156 ὅ(
1835 1125 2003 1156 Haeredibus
2014 1127 2065 1156 tuis
2079 1127 2107 1155 in
2123 1127 2238 1164 praefatis
2254 1127 2334 1167 Reg-

1275 1169 1315 1189 no
1337 1161 1371 1191 &
1392 1169 1461 1190 terra
1480 1161 1588 1192 nullum
1602 1164 1723 1192 omnino
1732 1165 1775 1201 jus
1789 1164 1928 1202 tribuant,
1946 1164 2110 1202 nullumque
2120 1165 2234 1196 afferant
2250 1175 2335 1195 com-

1276 1198 1396 1228 modum
1419 1199 1464 1229 vel
1485 1198 1638 1236 effe&um;
1659 1201 1733 1231 salvo
1754 1201 1805 1231 tibi
1828 1202 1861 1232 &
1877 1201 2045 1231 Haeredibus
2058 1202 2118 1239 ipsis
2133 1204 2213 1232 omni
2224 1206 2300 1242 jure,
2314 1203 2334 1234 si

1275 1237 1352 1280 quod
1371 1238 1421 1267 tibi
1441 1238 1474 1267 &
1492 1239 1529 1268 eis
1544 1240 1697 1278 competit,
1716 1240 1822 1269 ratione
1837 1241 1957 1278 praefatae
1972 1239 2175 1276 concessionis,
2190 1240 2224 1270 de
2237 1242 2335 1271 αυξῒο-

1276 1283 1354 1304 ritate
1373 1285 1406 1305 ac
1427 1275 1559 1306 mandato
1572 1277 1697 1313 praedieti
1711 1276 1922 1308 praedecessoris
1934 1289 1949 1308 a
1963 1286 2120 1308 memorato
2135 1278 2278 1316 Nomio,
2297 1280 2331 1310 &

1276 1314 1358 1342 etiam
1375 1315 1481 1357 ratione
1495 1315 1689 1352 praedietarum
1704 1316 1925 1346 confirmationis
1938 1317 1971 1347 &
1985 1315 2171 1347 concessionis
2185 1316 2220 1345 ab
2235 1317 2336 1347 eodem

1277 1350 1483 1382 Praedeceflore
1504 1353 1639 1383 faerarum
1661 1354 1712 1384 tibi
1734 1355 1766 1384 &
1781 1355 1840 1392 ipsis
1852 1353 2037 1392 Haeredibus,
2056 1355 2125 1384 sicut
2137 1354 2223 1392 dicis,
2237 1364 2269 1385 ac
2284 1354 2334 1385 sal-

1278 1390 1319 1420 vis
1333 1392 1414 1420 etiarn
1429 1390 1511 1421 nobis
1524 1392 1556 1421 &
1570 1391 1703 1422 Ecclesiae
1718 1391 1861 1423 Romanae
1874 1394 1954 1422 omni
1964 1394 2025 1432 jure
2037 1403 2069 1423 ac
2083 1392 2258 1430 defensione,
2273 1402 2335 1430 quae

1278 1428 1359 1458 nobis
1379 1430 1413 1459 &
1433 1430 1482 1469 ipsi
1503 1429 1636 1461 Ecclesiae
1656 1439 1841 1470 competunt,
1867 1440 1965 1461 contra
1985 1431 2047 1461 illas.
2085 1430 2238 1461 Ριτεεεάὶὲὶο,1
2258 1432 2335 1461 enim

1279 1466 1530 1507 Archiepiscopum
1545 1491 1555 1506 ,
1581 1468 1753 1509 Episcopum
1774 1469 1863 1499 Elicii.
1881 1470 2022 1500 Abbatem
2036 1492 2046 1507 ,
2068 1469 2226 1509 RadulFum
2240 1492 2249 1507 ,
2274 1468 2341 1499 Ber-'-

1278 1505 1408 1548 trandum
1431 1507 1464 1536 &
1485 1506 1662 1547 Rogerium,
1679 1508 1745 1538 loco
1766 1508 1860 1538 diletsti
1881 1508 1929 1538 filii
1947 1507 2034 1537 nostri
2057 1506 2096 1537 O.
2113 1507 2208 1538 Saniti
2223 1507 2339 1538 Adriani

1280 1542 1406 1574 Draconi
1427 1543 1595 1583 Cardinalis,
1614 1546 1646 1576 &
1666 1546 1759 1576 dileeti
1774 1546 1822 1576 filii
1980 1546 2071 1576 Eleeti
2088 1545 2254 1584 Lugdunen.
2268 1555 2341 1585 prae-

1279 1581 1327 1612 fati
1344 1582 1471 1621 Magistri
1486 1584 1593 1614 Alberti
1605 1583 1719 1614 Notarii
1735 1583 1841 1621 nostri,
1860 1585 1893 1614 ὃς
1907 1584 2045 1615 nobilium
2060 1583 2194 1614 Virorum
2209 1584 2337 1614 Thomae

1280 1620 1316 1650 de
1336 1620 1472 1651 Sabaudia
1493 1622 1633 1661 Comitis,
1647 1622 1722 1652 Petri
1743 1622 1778 1653 de
1793 1622 1944 1661 Sabaudia,
1964 1624 1996 1653 ὅ(
2009 1623 2153 1662 quondam
2168 1621 2243 1653 Petri
2258 1622 2338 1652 Cac-

1281 1668 1386 1702 cepore
1398 1659 1599 1690 Archidiaconi
1614 1660 1738 1691 Wellen.
1759 1662 1822 1699 quia
1836 1661 1952 1691 istorum
1966 1662 1998 1692 &
2012 1661 2211 1706 praediftorum
2224 1660 2339 1701 Episco-

1281 1706 1310 1736 pi
1330 1697 1519 1728 Hereforden.
1536 1698 1713 1736 &Johannis
1732 1699 1838 1730 Mansel
1853 1700 1995 1730 arbitrium
2010 1710 2039 1730 in
2050 1699 2222 1739 apponendis
2236 1701 2266 1729 in
2282 1699 2338 1729 hoc

1282 1737 1398 1775 negotio
1419 1736 1628 1767 conditionibus
1650 1737 1739 1768 didius
1756 1737 1821 1768 Rex
1843 1737 1923 1767 Pater
1937 1747 1998 1769 tuus
2010 1739 2080 1769 olim
2095 1747 2146 1769 tuo
2161 1739 2280 1767 nomine
2293 1747 2342 1768 ac-

1282 1776 1423 1813 ceptavit,
1438 1775 1567 1806 duximus
1580 1776 1615 1806 de
1628 1775 1733 1807 assensu
1748 1777 1828 1814 ipsius
1842 1776 2029 1807 Hereforden.
2045 1778 2084 1807 tui
2102 1777 2135 1807 ὃ(
2148 1775 2267 1814 ejusdem
2282 1776 2342 1806 Re-

1283 1814 1323 1881 gis
1342 1815 1529 1852 procuratoris
1549 1814 1581 1844 &
1604 1813 1712 1844 Nuntii
1734 1815 1922 1854 subrogandos
1934 1839 1944 1854 ,
1973 1825 2024 1855 pro
2043 1825 2079 1845 eo
2099 1814 2174 1852 quod
2193 1814 2342 1853 praeditstus

1309 1859 1381 1882 etrus
1401 1851 1567 1890 Caccepore
1585 1861 1641 1882 erat
1659 1854 1720 1891 jam
1742 1861 1883 1892 mortuus,
1899 1854 1933 1883 &
1953 1855 2066 1893 reliqui,
2082 1861 2206 1922 lpropter
2224 1853 2341 1882 nimiam

1283 1889 1439 1920 distantiam
1449 1914 1458 1929 ,
1476 1901 1536 1921 non
1550 1890 1660 1928 possent
1675 1891 1828 1922 commode
1841 1892 1886 1922 vel
1902 1891 1982 1922 facile
1999 1892 2069 1922 infra
2115 1891 2147 1921 al.
2161 1891 2227 1929 ipsas
2240 1892 2268 1920 in
2283 1890 2343 1921 Ari-

1281 1928 1334 1966 glia
1350 1931 1510 1962 convenite.

1320 1967 1350 1997 Si
1368 1977 1462 1997 autem
1475 1991 1485 2006 ,
1512 1977 1580 1998 cum
1602 1966 1636 1997 ad
1659 1968 1713 2004 jam
1736 1967 1843 1998 distam
1863 1975 1975 1998 aetatem
1997 1967 2171 2006 Qindecim
2193 1967 2344 1997 Amiorum

1305 2006 1457 2044 erveneris,
1476 2006 1687 2036 Sacramentum
1707 2005 1842 2036 fidelitatis
1864 2006 1990 2036 Roman.
2011 2006 2143 2036 Pontifici
2163 2006 2196 2036 ὃς
2210 2005 2344 2035 Ecclesiae

1319 2053 1431 2074 omanae
1451 2054 1510 2074 non
1531 2044 1686 2074 exhibueris
1699 2066 1708 2081 ,
1734 2045 1767 2074 &
1788 2045 1886 2083 ligium
1905 2045 1943 2074 eis
1964 2045 2130 2083 homagium
2151 2055 2210 2074 non
2232 2044 2345 2082 feceris,

1287 2082 1319 2112 &
1342 2092 1402 2112 non
1422 2083 1553 2121 juraveris
1572 2092 1603 2111 ea
1625 2092 1688 2120 quae
1709 2083 1785 2113 circa
1806 2083 1935 2122 Capitula
1953 2082 1988 2112 de
2012 2084 2133 2121 Imperio
2154 2083 2272 2120 superius
2285 2082 2346 2112 sunt

1285 2121 1404 2157 expressa
1413 2145 1422 2159 ,
1441 2122 1474 2152 &
1487 2120 1624 2159 praemissa
1646 2121 1744 2151 omnia
1758 2121 1793 2151 de
1815 2131 1895 2152 novo
1909 2131 1968 2151 non
1982 2123 2169 2159 acceptaveris
2184 2122 2216 2152 &
2231 2130 2348 2150 conces-

1285 2158 1365 2197 seris,
1385 2161 1418 2191 &
1432 2160 1572 2200 privilegia
1585 2159 1664 2197 super
1678 2160 1728 2189 liiis
1743 2171 1804 2190 non
1817 2160 2008 2197 renovaveris,
2022 2161 2068 2190 vel
2084 2170 2142 2191 non
2160 2160 2255 2190 feceris
2269 2160 2348 2189 itera-

1287 2205 1320 2227 to
1342 2198 1491 2236 postquam
1510 2198 1649 2238 requisitus
1669 2198 1704 2228 de
1721 2198 1773 2228 hiis
1795 2209 1843 2239 per
1862 2198 1952 2229 sedem
1974 2198 2167 2238 Apostolicam
2188 2197 2270 2228 fueris
2283 2220 2292 2236 ,
2314 2198 2348 2228 &

1289 2235 1353 2276 post
1375 2238 1580 2276 requisitionem
1599 2237 1757 2274 hujusmodi
1773 2247 1821 2275 pei·
1834 2237 1877 2267 sex
1892 2236 2035 2267 Mensium
2047 2236 2163 2274 spatium
2176 2236 2350 2276 expestatus,

1290 2284 1326 2304 eo
1339 2275 1397 2319 ipso
1410 2276 1446 2343 alkli
1460 2276 1541 2344 omrg
1552 2275 1614 2313 jure
1627 2275 1829 2316 praedkstorum
1844 2275 1940 2314 Regni
1954 2276 1987 2306 &
2002 2284 2083 2305 terrae
2096 2275 2175 2306 cadas
2186 2274 2304 2305 totaliter
2317 2274 2351 2305 δε

1310 2323 1421 2344 enituSi
1443 2325 1458 2344 a
1493 2324 1520 2344 er
1540 2324 1575 2344 as.

1289 2323 1308 2354 p
1327 2351 1388 2382 Sub
1407 2324 1527 2389 praesgtis
1547 2353 1555 2382 i
1576 2352 1631 2383 itur
1650 2351 1859 2383 conditionibus
1879 2352 2000 2382 eundern
2032 2349 2219 2381 Hereforden.
2238 2350 2354 2392 Episco-

1290 2400 1360 2430 pum
1382 2390 1530 2421 Nuntium
1552 2361 1585 2422 ἓ(
1605 2400 1815 2430 procuratorem
1842 2399 1923 2420 tuum
1941 2399 1992 2420 tuo
2011 2390 2128 2419 nomine
2145 2389 2181 2419 de
2199 2388 2305 2429 Regno
2318 2390 2351 2420 &

1293 2436 1363 2458 terra
1385 2429 1524 2468 praedicitis
1546 2439 1596 2469 per
1608 2429 1740 2469 anulum,
1758 2429 1792 2459 de
1807 2427 1933 2459 Consilio
1946 2429 1979 2459 δε
1993 2426 2095 2457 assensu
2110 2427 2225 2457 fratrum
2241 2428 2352 2458 nostro-

1291 2476 1356 2496 rum
1372 2467 1580 2505 investivimus,
1599 2477 1683 2506 quem
1699 2469 1728 2497 in
1745 2468 1863 2507 Signum
1878 2467 1958 2505 hujus
1978 2465 2148 2495 investiturae
2162 2466 2212 2495 tibi
2225 2466 2354 2497 duximus

1293 2504 1504 2544 destinandum,
1522 2506 1720 2546 possessionem
1742 2505 1941 2544 praedidmrum
1962 2503 2056 2543 Regni
2077 2503 2111 2534 &
2132 2512 2214 2534 terrae
2234 2504 2284 2534 sub
2305 2504 2356 2534 eis-

1295 2542 1362 2573 dem
1383 2544 1594 2574 conditionibus
1615 2545 1788 2583 procuratori
1806 2543 1968 2582 assignantes
1989 2543 2096 2580 eidem,
2111 2543 2190 2572 &ab
2203 2542 2262 2582 ipso
2275 2541 2357 2580 post·

1295 2581 1416 2611 modum
1437 2583 1599 2621 recipientes
1619 2592 1671 2613 tuo
1689 2583 1807 2612 nomine
1821 2581 2017 2621 possessionem
2029 2581 2147 2610 eandem
2163 2590 2247 2618 quam
2260 2582 2356 2619 utique

1296 2629 1349 2657 pro
1370 2628 1398 2650 te
1418 2621 1531 2650 interim
1553 2621 1718 2659 retinemus,
1742 2629 1793 2657 ut,
1815 2630 1882 2649 cum
1904 2630 1952 2657 per
1973 2619 2094 2649 eundem
2109 2617 2222 2658 Regem
2243 2618 2357 2650 Patrem

1296 2666 1378 2688 tuum
1401 2666 1451 2688 tuo
1471 2659 1588 2688 nomine
1608 2669 1640 2689 ac
1663 2669 1712 2696 per
1731 2667 1759 2688 te
1773 2658 1912 2696 praemissa
1927 2658 2077 2698 approbata
2093 2657 2126 2687 &
2141 2666 2282 2698 acceptata
2295 2658 2355 2688 fue-

1298 2697 1369 2735 rint,
1385 2697 1418 2727 &
1437 2706 1485 2735 per
1503 2697 1632 2735 praefatos
1654 2696 1907 2736 Archiepiscopum
1921 2698 1955 2728 &
1970 2696 2036 2726 alios
2051 2694 2176 2726 ordinata
2190 2697 2223 2727 ὃ(
2239 2695 2356 2728 stabilita

1299 2735 1453 2765 secundum
1474 2735 1593 2765 modum
1615 2736 1733 2773 superius
1753 2735 1923 2766 declaratum
1938 2758 1948 2774 ,
1978 2735 2011 2765 &
2033 2733 2181 2774 postquam
2202 2735 2288 2765 etiam
2306 2745 2357 2774 ea,

1297 2783 1361 2813 quae
1375 2774 1411 2804 de
1424 2774 1547 2813 expensis
1561 2775 1594 2804 ὅ(
1609 2775 1666 2804 aliis
1680 2774 1792 2804 inferius
1806 2774 1936 2804 dicuntur
1951 2774 1984 2804 ὃς
1998 2774 2206 2811 exprimuntur,
2223 2773 2359 2811 adimple-

1299 2820 1326 2843 ta
1346 2813 1500 2850 eXtiterint,
1518 2812 1615 2843 eadem
1638 2812 1775 2843 Possessio
1795 2812 1829 2843 ad
1849 2820 1877 2842 te
1891 2812 2007 2851 tuosque
2018 2810 2153 2842 Haeredes
2165 2812 2250 2842 libere
2265 2821 2359 2843 rever-

1300 2858 1380 2881 tatur.

1339 2889 1448 2920 Verum
1467 2889 1614 2928 postquam
1634 2889 1668 2920 ad
1683 2897 1795 2920 aetatem
1808 2889 1969 2930 quindecim
1982 2898 2120 2918 annorum
2134 2889 2308 2927 perveneriS,
2325 2888 2359 2919 &

1325 2928 1442 2959 raediCtis
1459 2928 1611 2966 assenseris,
1629 2929 1740 2966 ipsaque
1758 2929 1963 2967 acceptaveris,
1982 2927 2001 2957 si
2019 2935 2083 2957 ante
2096 2927 2296 2957 nichilominus
2312 2937 2361 2964 per

1303 2937 1420 3007 IRegem
1439 2967 1604 3005 praedictum
1624 2967 1658 2997 &
1673 2975 1702 2996 te
1716 2968 1867 3008 approbata
1884 2968 1916 2998 &
1932 2975 1979 3006 per
1991 2967 2150 2996 nominatos
2164 2965 2362 3005 Archiepisco-

1304 3015 1375 3045 pum
1398 3006 1432 3036 &
1451 3005 1517 3035 alios
1532 3005 1657 3035 ordinata
1670 3006 1703 3036 &
1718 3005 1842 3043 firmata,
1860 3012 1890 3035 ut
1904 3003 2076 3042 praemissum
2089 3003 2146 3041 est,
2163 3003 2281 3043 fuerint,
2299 3004 2363 3034 Ro-

1303 3054 1387 3074 mana
1408 3043 1531 3074 Ecclesia
1549 3044 1599 3074 tibi
1622 3044 1655 3074 &
1676 3042 1847 3073 Haeredibus
1866 3044 1936 3081 tuis,
1953 3042 1973 3072 si
1994 3052 2043 3083 per
2057 3051 2108 3073 vos
2122 3042 2157 3072 de
2171 3042 2229 3073 hoc
2242 3043 2362 3074 extiterit

1302 3083 1444 3122 requisita,
1462 3081 1685 3112 Concessionem
1700 3081 1736 3112 de
1751 3082 1867 3120 praefatis
1880 3081 1986 3121 Regno
1999 3081 2032 3112 δε
2047 3090 2119 3111 terra
2133 3080 2169 3111 de
2185 3091 2266 3111 novo
2280 3081 2362 3112 faciet

1302 3121 1352 3151 sub
1374 3120 1596 3151 Conditionibus
1615 3120 1781 3158 antediffls,
1805 3120 1860 3150 illae
1882 3128 1995 3158 tamen,
2018 3129 2082 3158 quae
2143 3128 2234 3150 terunt
2252 3121 2363 3150 interim

1304 3158 1424 3190 totaliter
1444 3160 1477 3190 &
1501 3158 1615 3189 finaliter
1627 3158 1787 3197 adimpleri,
1802 3158 1822 3188 si
1836 3158 1870 3188 de
1883 3158 1942 3196 ipfis
1956 3158 2037 3189 fuerit
2052 3167 2099 3188 me
2119 3159 2149 3188 io
2163 3166 2290 3196 tempore
2306 3158 2364 3196 ple-

1304 3199 1381 3228 narie
1393 3197 1617 3235 satisfa&um,ita
1628 3197 1705 3241 quod
1721 3206 1772 3236 pro
1785 3197 1823 3226 eis
1837 3196 1876 3227 nil
1889 3196 2007 3237 amplius
2022 3197 2094 3236 exigi
2107 3195 2191 3237 possit
2207 3196 2253 3227 vel
2265 3196 2365 3227 debeat

1308 3237 1338 3266 in
1351 3236 1476 3267 futurum
1485 3260 1494 3274 ,
1512 3237 1630 3266 minime
1642 3235 1798 3265 inserentur.

1345 3274 1480 3313 Denique
1500 3275 1660 3304 nominatus
1680 3273 1744 3303 Rex
1766 3273 1848 3304 Pater
1862 3282 1924 3304 tuus
1937 3283 2036 3304 omnes
2049 3273 2194 3313 expensaS,
2212 3272 2247 3302 ab
2261 3271 2362 3302 Eccle-

1306 3313 1341 3343 sia
1363 3323 1415 3350 pro
1434 3313 1564 3352 Negotio
1583 3311 1711 3351 praediffl
1733 3311 1828 3352 Regni
1849 3312 1952 3342 Siciliae
1972 3312 2054 3342 factas
2075 3312 2224 3348 haetenus,
2241 3319 2304 3347 quae
2322 3311 2360 3340 as-

1307 3351 1432 3382 cendunt
1453 3351 1536 3390 usque
1556 3351 1589 3381 ad
1611 3351 1749 3381 summam
1763 3360 1877 3381 centum
1892 3351 1923 3381 ὃς
1940 3351 2049 3390 triginta
2063 3351 2185 3389 quinque
2200 3349 2310 3378 milium
2325 3351 2359 3380 &

1304 3390 1518 3429 quingentarum
1538 3389 1570 3418 &
1591 3388 1768 3428 quadraginta
1788 3389 1821 3420 &
1844 3390 1924 3419 unius
1938 3388 2100 3418 Marcarum
2114 3388 2255 3417 bonorum
2270 3396 2363 3416 novo-

1306 3438 1370 3458 rum
1391 3429 1425 3458 &
1444 3428 1573 3467 legalium
1592 3427 1810 3467 Sterlingorum,
1828 3428 1858 3458 in
1879 3437 1933 3466 qua
1946 3429 2042 3465 utique
2054 3426 2162 3456 summa
2174 3425 2274 3468 viginti
2288 3425 2362 3456 milia

1308 3466 1472 3497 Marcarum
1493 3465 1694 3504 Sterlingorum
1708 3466 1839 3496 similium
1855 3466 1935 3495 nobis
1948 3466 1980 3496 &
1995 3464 2122 3495 fratribus
2135 3462 2233 3493 nostris
2247 3472 2280 3494 ex
2294 3463 2363 3494 libe-

1307 3505 1411 3535 ralitate
1422 3505 1516 3535 oblata
1530 3504 1602 3542 regia
1616 3504 1812 3542 includuntur,
1830 3504 1911 3543 plene
1924 3504 2046 3534 restituet
2059 3503 2092 3533 &
2105 3501 2253 3541 persolvet:
2272 3511 2305 3532 ac
2319 3503 2363 3532 in-

1306 3543 1385 3581 super
1406 3542 1441 3573 de
1460 3542 1602 3581 dampnis,
1617 3543 1738 3580 expensis
1753 3543 1786 3573 &
1801 3542 1943 3580 interesse,
1964 3552 1996 3572 ac
2009 3541 2082 3579 aliis,
2098 3549 2161 3579 quae
2172 3539 2225 3570 hac
2238 3540 2361 3571 occasio-

1310 3592 1346 3611 ne
1369 3582 1555 3612 intervenient
1570 3603 1580 3618 ,
1612 3581 1724 3621 plenam
1744 3580 1956 3611 satisfaetionem
1976 3579 2127 3617 impendet.
2160 3577 2253 3617 Hujus
2270 3587 2364 3609 autem

1309 3619 1427 3650 summae
1452 3619 1552 3649 solutio
1574 3619 1610 3649 ita
1634 3619 1697 3658 fiet,
1716 3618 1862 3656 videlicet,
1888 3618 1965 3657 quod
1989 3618 2065 3647 idem
2084 3615 2150 3647 Rex
2168 3616 2269 3648 decem
2290 3618 2366 3648 milia

1309 3657 1491 3695 Marcarum,
1508 3658 1544 3687 de
1568 3657 1705 3694 praediffis
1727 3658 1823 3697 viginti
1844 3658 1971 3694 milibus,
1989 3655 2073 3693 usque
2094 3655 2128 3685 ad
2150 3655 2263 3686 Festum
2280 3655 2367 3686 Nati-

1309 3697 1400 3727 vitatis
1428 3696 1595 3726 Dominicae
1623 3697 1752 3733 proximo
1785 3704 1956 3726 venturum:
1998 3693 2060 3724 Alia
2081 3703 2150 3724 vero
2170 3694 2269 3726 decem
2291 3695 2366 3724 milia

1308 3734 1492 3772 postmodum
1512 3733 1596 3773 usque
1618 3734 1653 3763 ad
1674 3734 1787 3771 sequens
1808 3733 1922 3764 Festum
1943 3732 2039 3762 Sanffi
2060 3732 2208 3763 Michaelis
2229 3731 2311 3764 nobis
2331 3734 2364 3762 ὃς

1311 3773 1413 3803 eisdem
1435 3772 1560 3802 fratribus
1576 3772 1726 3802 exhibebit.
1765 3770 1802 3801 Et
1818 3772 1836 3800 si
1851 3771 1922 3801 forte
1935 3771 1964 3799 in
1978 3770 2037 3828 ipso
2050 3769 2122 3801 festo
2137 3770 2223 3802 saneti
2237 3770 2366 3801 Michae-

1311 3811 1343 3841 lis
1363 3811 1453 3841 di6ms
1473 3810 1538 3839 Rex
1552 3809 1696 3849 deputabit
1711 3810 1744 3840 &
1758 3809 1856 3839 statuet
1869 3809 1972 3849 aliquos
2026 3808 2142 3839 idoneos
2155 3810 2189 3840 &
2203 3809 2367 3840 sufficientes

1314 3849 1503 3886 MercatoreS,
1521 3857 1651 3885 acceptos
1670 3849 1769 3885 nobis,
1786 3848 1833 3885 qui
1851 3856 1903 3886 pro
1923 3846 2059 3884 praedietis
2079 3847 2190 3878 residuis
2208 3849 2242 3879 δε
2264 3847 2368 3877 ultimis

1313 3888 1414 3918 decem
1435 3886 1546 3916 milibus
1567 3887 1594 3916 se
1616 3886 1697 3915 nobis
1719 3886 1751 3916 ὃ(
1766 3885 1867 3915 eisdem
1882 3885 2008 3915 fratribus
2021 3885 2165 3925 obligent,
2183 3887 2216 3917 &
2231 3886 2369 3924 principa-

1315 3926 1353 3956 les
1375 3927 1404 3955 in
1427 3925 1479 3954 hiis
1498 3923 1668 3955 constituant
1685 3923 1842 3961 debitores,
1859 3923 1945 3953 iidem
1970 3923 2158 3962 Mercatores,
2176 3925 2196 3954 fi
2215 3923 2368 3961 voluerint,

1313 3964 1476 3995 dilationem
1498 3964 1583 4000 usque
1601 3961 1635 3992 ad
1655 3962 1728 3992 aliud
1750 3961 1865 3991 Festum
1886 3961 2054 3992 Dominicae
2075 3962 2251 3999 Nativitatis,
2275 3962 2368 3998 primo

1315 4003 1430 4040 sequens
1451 4000 1515 4044 post
1535 4001 1609 4031 idem
1624 4000 1738 4030 Festum
1752 3999 1848 4030 saneti
1863 3999 2029 4039 Michaelis,
2047 4011 2099 4038 pro
2110 4000 2248 4041 praedietis
2261 3999 2370 4029 residuis

1317 4042 1350 4072 &
1374 4041 1476 4070 ultimis
1496 4039 1594 4069 decem
1615 4039 1724 4068 milibus
1742 4038 1930 4076 persolvendis
1950 4037 2111 4069 habebunt:
2135 4039 2242 4068 Totam
2261 4047 2330 4067 vero
2342 4046 2371 4066 a·

1317 4079 1381 4110 liam
1401 4078 1540 4109 summam
1562 4076 1743 4117 expensarum
1762 4076 1896 4109 saetarum
1915 4076 1980 4109 Rex
1994 4077 2049 4117 ipse
2064 4076 2134 4109 infra
2146 4085 2269 4114 annum,
2287 4085 2369 4143 egm-

2219 4122 2302 4151 putari
2323 4121 2371 4143 um

2345 291 2420 322 Anti.
2433 280 2476 320 151.

2377 337 2460 366 1225,

2350 819 2478 867 *41¹ng

2384 3820 2513 3856 *1.893.
2553 3799 2556 3801 *
