2560 4261
711 155 822 197 ET
904 152 1174 196 ACTA

6 250 81 287 Ann.
92 247 133 280 D.
149 246 321 279 fendendurn
344 253 426 276 terras
445 242 566 274 Henrici
587 241 676 282 Regis
697 240 808 281 Angliae
822 264 831 278 ‚
857 239 1099 283 quemadmodum
1119 245 1203 268 terras

27 297 110 328 1177.
150 295 225 317 meas
240 283 419 315 defenderent
435 283 455 312 si
470 283 564 312 civitas
577 290 640 311 mea
658 280 771 310 Parisius
784 278 891 311 obsessa
906 278 982 309 effer.

192 333 236 363 13.
255 323 332 354 Volo
347 323 429 352 etiam
466 318 522 349 uod
538 318 714 349 Mercatores
727 319 760 349 &
775 327 876 347 omnes
899 317 1043 355 homines,
1061 316 1120 346 tam
1133 313 1203 358 Cle-

149 364 217 402 rici,
236 362 321 400 quam
335 360 430 396 Laici,
445 330 484 387 de
497 365 566 386 terra
589 357 677 396 Regis
698 355 808 395 Angliae
826 365 893 386 curn
908 356 1040 385 omnibus
1059 354 1141 383 rebus
1153 353 1206 382 suis

151 402 240 433 securi
254 400 304 430 sint
319 399 352 429 ὃ(
367 405 466 435 pacem
481 395 600 425 habeant
613 405 663 432 per
675 404 774 425 omnes
790 402 873 424 terras
890 403 982 431 meas,
1001 395 1035 424 &
1050 401 1105 431 ego
1120 391 1204 421 Hen-

152 442 227 471 ricus
241 437 307 467 Rex
321 435 431 474 Angliae
445 432 567 463 similiter
582 433 651 463 volo
667 431 744 471 quod
759 432 935 462 Mercatores
958 433 992 463 &
1012 440 1129 467 omnm,
1147 430 1206 459 tam

152 477 259 509 Clerici
272 499 281 512 ,
305 473 391 512 quam
405 472 502 509 Laici,
520 471 555 501 de
569 478 638 501 terra
650 471 737 510 Regis
755 470 879 500 Franciae
894 480 962 500 cum
977 469 1110 500 omnibus
1124 468 1207 498 rebus

153 516 206 547 suis
218 513 306 544 securi
318 511 386 548 fint,
404 511 437 541 &
449 519 548 548 pacem
564 509 682 539 habeant
697 519 746 547 per
759 519 858 539 omnes
874 516 957 538 terras
970 517 1052 537 meas.
1070 505 1146 536 Haec
1161 516 1209 536 au-

153 562 212 584 tem
227 549 401 619 suprascripta
416 559 468 579 nos
480 547 594 578 firmiter
608 547 802 578 observaturos
816 547 992 585 promisimus
1013 547 1046 577 &
1056 545 1210 584 juravimus

151 592 182 622 in
197 599 255 628 prae
266 589 339 619 entia
491 597 495 602 ·

153 664 318 698 Venerabilis
334 667 411 695 Petri
424 662 500 694 tituli
528 663 621 694 Sanni
637 662 794 703 Chrysogoni
818 661 968 702 Presbyteri
984 658 1155 698 cardinalis,
1172 656 1211 695 ὀύ

154 704 285 736 Richardi
298 701 484 744 Wntonienfis
498 700 630 744 Epfiopi,
650 700 689 736 &-

156 743 298 783 Johannis
313 740 481 782 Carnotenfis
494 741 520 769 E
539 741 630 779 Ucopi,
648 738 687 775 ὠ

156 785 269 813 Henrici
284 778 430 819 Baiocensts
445 748 578 817 Eptssiipi,
597 777 635 812 &⁴

159 822 276 858 Frogerii
292 817 419 859 Sagienfis
434 816 569 856 Epfiopi,
586 814 625 851 &-

159 859 253 897 Egidii
266 855 428 896 Ebroicenfis
440 854 558 894 Epffcopi
566 879 575 892 ,
590 853 629 889 όν

163 899 274 930 Henna·
288 898 366 932 Regis
380 897 458 931 Regis
474 893 588 932 Angliae
599 892 679 932 filii,
698 888 737 930 &f

160 938 271 966 Comitis
284 931 446 970 Theobaldi,
463 930 502 967 ᾤ’

163 976 274 1004 Comitis
286 971 413 1010 wiberti,
431 968 469 1005 όν

164 1015 242 1043 Petri
258 1011 288 1040 de
303 1012 446 1047 Curtenai,
464 1006 503 1044 ὠ

164 1052 275 1080 Comitis
288 1051 399 1077 Simonis
414 1046 594 1089 Ebroicenfis,
613 1044 652 1082 &-

165 1086 306 1120 Wllielmi
321 1087 352 1116 de
366 1088 493 1124 Humez,
511 1084 550 1120 (θ’

167 1125 321 1159 Multorum
335 1123 465 1164 aliorum,
480 1131 540 1154 tam
555 1123 729 1163 clericorum,
745 1133 826 1165 quam
838 1121 990 1153 Laicorum.

26 1253 75 1285 ⁸1.
91 1262 137 1289 5²·
173 1245 200 1274 ²ss
213 1250 284 1282 Haec
303 1244 342 1290 est
356 1249 451 1280 Carta
471 1249 557 1293 Regis
574 1244 730 1280 Willielmi
746 1244 851 1276 Sicilia
865 1270 874 1285 ‚
901 1254 994 1289 quam
1006 1240 1084 1285 fecit
1103 1236 1228 1285 Johan-

218 1309 278 1339 nae,
304 1297 385 1328 Filiae
407 1298 536 1329 Henrici
560 1296 647 1338 Regis
676 1293 792 1338 Angliae
808 1317 818 1334 ,
844 1291 880 1324 de
897 1290 963 1323 dote
972 1290 1034 1335 sua
1047 1314 1057 1330 ,
1081 1300 1143 1335 qna
1161 1300 1228 1320 eam

215 1343 335 1377 dotavit
355 1343 403 1376 die
416 1340 726 1388 Desponfhtionisfitae.

27 1433 105 1468 Αῃῃ,
116 1432 157 1465 D,
174 1429 247 1491 IN
264 1430 380 1459 nomine
393 1426 449 1457 Dei
464 1426 562 1456 aeterni
575 1426 609 1456 &
622 1424 760 1455 salvatoris
774 1424 863 1455 nostri
874 1421 944 1463 jesu*
953 1423 1069 1455 Christi.
1088 1422 1191 1453 Amen.

49 1482 134 1511 1177,
242 1467 353 1497 Rerum
368 1464 472 1495 Foedus
484 1465 518 1495 &
533 1463 730 1494 Concordiam
751 1464 935 1494 humanarum
948 1487 957 1500 ,
984 1464 1054 1493 inter
1069 1470 1169 1492 caetera
1185 1469 1232 1499 pa-

29 1519 64 1543 Α,
83 1521 131 1551 24,
175 1506 215 1535 cis
230 1505 305 1535 bona
319 1528 329 1543 ,
353 1503 417 1543 ligat
438 1503 535 1533 fortius
559 1502 592 1532 &
614 1501 736 1542 astringit
759 1502 904 1533 vinculum
923 1501 1086 1541 conjugale3
1106 1499 1184 1539 quod
1200 1500 1233 1530 &

29 1554 62 1583 Η
88 1561 117 1581 2,
175 1543 335 1573 sacramenti
347 1541 490 1572 altitudine
503 1539 712 1578 venerandum,
731 1541 764 1570 ὃς
780 1541 835 1578 ipsa
855 1540 908 1570 suae
929 1539 1105 1570 institutionis
1125 1538 1165 1569 est
1180 1538 1234 1568 sin-

63 1576 70 1582 '
176 1581 317 1621 gularitate
330 1580 512 1619 praeclarum,
530 1581 563 1612 ὃς
575 1579 682 1610 solenni
696 1579 731 1609 ab
751 1580 831 1609 initio
852 1578 951 1609 mundi
968 1579 1001 1609 &
1016 1578 1151 1615 temporis
1163 1586 1235 1607 con-

176 1620 319 1652 suetudine
330 1619 509 1650 celebratum.

215 1657 303 1697 Cujus
317 1659 411 1696 itaque
422 1658 508 1688 virtus
522 1658 555 1688 &
568 1656 660 1687 forma
676 1681 685 1695 ,
710 1657 775 1695 quia
795 1655 831 1686 de
853 1655 947 1687 divina
965 1654 1139 1686 institutione
1156 1655 1237 1684 traxit

163 1698 336 1737 -originem,
353 1706 407 1727 nec
420 1695 456 1726 de
492 1703 589 1726 eccato
602 1695 691 1726 induit
712 1695 851 1725 maculam
865 1719 875 1733 ,
899 1702 953 1726 nec
974 1693 1010 1724 de
1033 1694 1157 1733 longaevi
1173 1693 1239 1723 serie

179 1736 313 1774 temporis
327 1759 337 1773 ,
356 1734 468 1765 desuetu
489 1735 538 1763 inis
559 1734 650 1772 potuit
671 1734 771 1763 sentire
781 1733 925 1771 jacturam.
959 1733 1125 1772 Quinetiam
1144 1731 1173 1761 id
1185 1732 1240 1761 ho-

179 1775 256 1806 noris
277 1773 437 1804 venerando
459 1771 571 1802 acceffit
586 1772 737 1812 mysterio,
756 1779 787 1802 ut
801 1773 883 1802 maris
898 1773 931 1802 ὃς
946 1771 1075 1801 foeminae
1090 1769 1240 1801 consensus

179 1814 211 1844 in
226 1811 460 1850 Matrimonium,
479 1810 586 1841 Christi
600 1812 633 1842 &
649 1810 783 1841 Ecclesiae
796 1819 886 1841 teneat
899 1811 1109 1841 sacramentum.

219 1851 307 1881 Tanti
327 1860 394 1891 ergo
415 1849 540 1890 mysterii
561 1850 668 1880 ratione
681 1875 690 1889 ,
717 1848 796 1879 simul
815 1851 849 1880 δε
873 1850 1053 1880 veneratione
1068 1847 1176 1878 inducti
1188 1857 1240 1878 nos

182 1887 266 1919 Will.
285 1889 378 1920 divina
392 1888 504 1919 favente
518 1888 683 1927 clementia,
701 1887 766 1917 Rex
781 1887 899 1926 Siciliae,
918 1887 1046 1918 Ducatus
1062 1886 1188 1925 Apuliae,
1207 1887 1241 1917 &

183 1926 357 1965 Principatus
372 1926 496 1965 Capuae,
510 1926 671 1965 johannam
685 1926 811 1956 Puellam
825 1926 909 1965 Regii
929 1926 1088 1956 excellentia
1108 1925 1153 1955 san
1174 1926 1242 1955 uinis

183 1965 392 1996 illustrissimam
408 1990 418 2003 ,
436 1965 533 1995 Filiam
548 1964 669 1995 Henrici
691 1964 830 2004 magnifici
846 1964 932 2004 Regis
953 1964 1127 2004 Anglorum,
1167 1964 1244 1994 ‘vino

185 2012 256 2035 nutu
272 2005 305 2035 ὃς
321 2004 396 2034 felici
411 2003 531 2041 auspicio
542 2028 552 2041 ,
570 2003 636 2034 sacri
651 2003 712 2043 lege
727 2005 899 2034 matrimonii
911 2005 944 2034 ὃς
960 2003 1075 2033 maritali
1089 2003 1172 2032 nobis
1188 2002 1244 2032 foe-

186 2042 254 2072 dere
267 2042 448 2086 copulamus,
466 2050 497 2072 ut
509 2041 619 2072 bonum
635 2043 799 2081 conjugium
811 2041 894 2072 castae
909 2041 1065 2072 dilectionis
1087 2040 1154 2071 fides
1168 2041 1246 2071 exhi-

186 2079 267 2120 beat;
286 2080 362 2111 unde
374 2080 456 2111 nobis
471 2081 500 2110 in
514 2080 659 2118 posterum
674 2081 765 2118 proles
786 2080 893 2119 Regia,
911 2079 980 2111 Deo
1001 2080 1100 2118 dante,
1119 2079 1247 2110 succedat

209 2129 253 2149 uae
265 2143 276 2157 ,
300 2118 387 2149 divini
406 2119 488 2158 gratia
511 2119 650 2157 muneris,
669 2120 803 2150 virtutum
824 2118 904 2150 iimul
924 2120 957 2151 &
980 2119 1088 2159 generis
1109 2118 1191 2149 titulo
1213 2117 1248 2148 ad

221 2167 236 2187 e
275 2159 283 2187 i
298 2157 382 2195 possit
397 2159 430 2189 &
445 2157 544 2188 debeat
560 2157 699 2197 fastigium
712 2157 861 2188 sublimari.

226 2166 304 2235 (guia
324 2206 393 2226 vero
414 2195 508 2227 nostra
528 2196 645 2234 dignum
666 2195 707 2227 est
730 2195 889 2227 cellitudine
903 2221 912 2234 ,
931 2204 961 2227 ut
977 2204 1034 2226 tarn
1048 2196 1145 2226 nobile
1158 2205 1190 2226 ac
1207 2197 1250 2226 in-

187 2234 263 2274 signe
278 2235 442 2274 conjugium
458 2233 569 2265 decenti
576 2235 697 2264 Dodario
710 2234 809 2265 debeat
824 2233 975 2273 honorari,
994 2245 1043 2273 per
1057 2235 1115 2265 hoc
1131 2234 1250 2273 praesens

186 2273 320 2311 scriptum
347 2273 444 2303 damus
473 2274 505 2304 δε
534 2274 563 2303 in
594 2273 754 2304 Dodarium
780 2273 964 2304 concedimus
988 2273 1109 2311 praefatte
1130 2274 1253 2314 Reginae

188 2310 355 2342 chariffimae
366 2312 463 2342 Uxori
477 2311 600 2350 nostrae,
618 2310 796 2342 Comitatum
812 2311 924 2343 Montis
946 2312 1041 2342 Sanffi
1064 2312 1181 2352 Angeh,
1200 2311 1252 2342 Ci-

189 2351 304 2380 vitatem
319 2350 428 2388 Siponti
437 2374 446 2388 ,
463 2351 497 2381 δε
512 2349 664 2381 Civitatem
679 2350 773 2382 Vestae
786 2360 854 2382 cum
868 2351 1001 2382 omnibus
1011 2350 1091 2390 justis
1107 2359 1253 2381 tenemen-

192 2389 226 2419 tis
242 2389 276 2419 ὃς
291 2390 461 2426 pertinentiis
476 2399 581 2419 earum.

230 2426 263 2457 In
283 2428 396 2458 servitio
418 2435 512 2458 autem
526 2427 711 2459 concedimus
727 2429 771 2466 ei,
788 2428 824 2459 de
837 2428 1022 2459 Tenementis
1037 2427 1161 2459 Comitis
1177 2427 1254 2457 Gol-

193 2464 256 2496 fridi
269 2489 280 2504 ,
306 2465 416 2496 Alesine
432 2490 441 2504 ,
460 2465 624 2496 Peschizam
636 2491 646 2505 ,
666 2466 781 2506 Bicum‚
801 2466 932 2506 Caprile,
950 2467 1104 2505 Baianum,
1123 2468 1156 2497 ὃς
1171 2466 1255 2496 Sflili-

193 2511 279 2541 zum⁷
298 2505 331 2535 &
345 2505 442 2534 omnia
455 2504 505 2534 alia
520 2514 584 2542 quae
598 2505 674 2535 idem
690 2504 799 2535 Comes
812 2505 847 2536 de
862 2505 974 2536 honore
988 2505 1109 2542 eiusdem
1124 2504 1255 2535 Comita-

196 2548 240 2572 tus
255 2541 367 2572 Montis
380 2542 475 2573 Sancti
488 2541 589 2582 Angeli
602 2551 697 2573 tenere
710 2542 870 2575 dinoscitur.

234 2578 428 2611 Concedimus
443 2582 527 2611 etiam
542 2582 567 2611 ei
580 2581 704 2612 {imiliter
716 2582 745 2611 in
758 2582 869 2613 servitio
885 2581 1100 2621 Caudelarium,
1119 2581 1256 2612 Sandium

197 2616 363 2657 Clericum,
380 2618 551 2658 Castellum,
570 2619 730 2659 Paganum,
748 2620 937 2659 Bersentium,
955 2622 988 2651 &
1004 2620 1180 2660 Caguanum.

213 2693 220 2700 ·
236 2655 299 2687 Insu
321 2666 351 2686 er
374 2657 558 2688 concedimus
580 2666 612 2688 ut
631 2659 682 2688 sint
703 2658 739 2688 de
751 2658 863 2689 honore
878 2659 957 2696 iplius
973 2659 1094 2689 Dodarii
1109 2657 1258 2689 Monaste-

197 2703 270 2725 rium
313 2695 387 2725 aneu
404 2695 541 2734 Johannis
562 2695 599 2725 de
622 2696 710 2726 Lama
724 2721 733 2735 ‚
758 2698 792 2728 δε
808 2696 1017 2728 Monasterium
1030 2697 1141 2728 Sanetae
1157 2696 1259 2727 Mariae

198 2732 236 2763 de
250 2732 368 2763 Pulsano
380 2743 447 2764 cum
460 2733 593 2764 omnibus
607 2734 794 2765 Tenementis
818 2745 881 2773 quae
901 2735 956 2773 ipsa
972 2734 1148 2765 Monasteria
1162 2743 1259 2765 tenent

198 2771 235 2801 de
256 2771 369 2802 honore
387 2770 514 2810 praedicti
535 2771 694 2803 Comitatus
716 2773 812 2804 Sanffl
833 2773 959 2813 Angeli3
977 2775 1013 2804 ita
1030 2773 1145 2813 quidem
1160 2775 1212 2804 uti
1233 2773 1259 2804 fii

197 2809 230 2841 R
266 2811 325 2849 ina,
343 2810 432 2841 Uxor
444 2810 538 2841 nostra
550 2810 699 2850 praedie’ca,
717 2813 815 2843 omnia
826 2810 934 2851 semper
947 2813 1131 2853 recognoscat
1144 2813 1179 2842 ab
1221 2823 1260 2842 ae-

200 2858 215 2878 r
252 2848 313 2879 ibus
333 2848 436 2879 nostris
452 2874 461 2888 ,
486 2849 568 2880 nobis
587 2849 680 2880 nostra
702 2850 879 2881 ordinatione
894 2852 923 2881 in
938 2851 1074 2891 Regnum
1087 2850 1261 2882 succedenti-

201 2887 271 2925 bus,
290 2888 323 2918 δε
337 2887 374 2918 de
384 2888 516 2918 omnibus
532 2888 695 2927 praescriptis
707 2889 894 2920 Tenementis
912 2889 1056 2921 servitium
1071 2914 1080 2928 ,
1106 2899 1190 2927 prout
1204 2890 1261 2919 exi-

198 2927 240 2966 git
255 2925 386 2956 Feodum
399 2936 517 2966 eorum,
535 2928 641 2967 integre
656 2928 690 2958 &
705 2927 808 2958 illibate
824 2929 883 2967 jam
906 2927 987 2959 dictis
1005 2928 1176 2959 Haeredibus
1195 2937 1261 2958 nos-

199 2965 249 2995 tris
263 2964 361 3003 faciat,
379 2965 413 2996 &
428 2973 538 2995 maneat
552 2965 660 3004 semper
675 2967 704 2996 in
719 2976 820 2997 eorum
834 2966 972 2998 fidelitate.

240 3001 288 3032 Ad
309 3002 389 3042 hujus
409 3011 502 3033 autem
524 3003 682 3035 donationis
704 3005 737 3036 ὃς
759 3004 947 3036 concessionis
967 3005 1074 3036 nostrae
1088 3006 1260 3036 memoriam

201 3040 237 3071 δε
258 3041 418 3071 inviolabile
439 3041 648 3073 firmamentum
663 3067 673 3081 ,
698 3043 815 3081 praesens
834 3044 1011 3084 privilegium
1033 3055 1083 3082 per
1104 3054 1200 3075 manus
1223 3045 1265 3075 A-

203 3078 327 3109 lexandri
340 3079 430 3110 nostri
443 3082 543 3111 notarii
557 3080 639 3111 scribi
654 3106 664 3120 ‚
682 3082 716 3112 &
730 3082 806 3112 bulla
819 3092 899 3112 aurea
914 3082 1013 3113 nostro
1024 3084 1132 3123 typario
1146 3084 1263 3121 impres-

204 3116 248 3155 sa,
265 3117 431 3148 roboratum
450 3118 551 3149 nostro
570 3119 674 3159 sigillo,
688 3119 815 3158 jussimus
831 3120 976 3159 decorari,
1002 3122 1032 3151 in
1047 3132 1105 3159 quo
1120 3122 1264 3152 familiares

201 3155 430 3233 Ezsffcrriipzcsoaliae
450 3156 576 3195 personae
596 3158 624 3189 se
645 3158 826 3198 scripserunt,
843 3169 935 3199 anno,
952 3159 1047 3191 mense
1061 3161 1094 3191 &
1109 3160 1265 3192 indictione

207 3269 267 3307 Ego
283 3269 421 3301 Walterus
436 3272 564 3304 Panorm.
582 3272 810 3313 Archiepifiopus.

207 3309 267 3345 Ego
282 3308 429 3347 alphanus
441 3314 560 3350 Capuan.
579 3312 804 3352 Archiepifiopus.

209 3346 268 3383 Ego
280 3349 336 3376 Ric.
356 3348 470 3387 Siracus.=
486 3352 539 3388 Epi
551 3358 632 3388 copus.

209 3386 270 3422 Ego
284 3384 386 3414 Barth.
406 3390 504 3425 Agrig.
547 3387 670 3428 pifiopus.

210 3424 269 3460 Ego
284 3424 435 3460 Reginadus
450 3427 550 3456 Baren.
570 3427 739 3467 Archiepifio
756 3437 794 3458 us.

211 3462 270 3499 Ego
283 3461 366 3491 Ntch.
380 3465 482 3500 primus
496 3464 576 3503 Meff
589 3466 719 3504 Archiepi
731 3474 813 3505 coput.

211 3501 271 3537 Ego
285 3502 328 3530 Ru
342 3511 371 3529 us
387 3498 557 3539 Corisbntinus
571 3503 701 3542 Archiepi
714 3513 794 3544 copus.

211 3538 271 3576 Ego
290 3541 318 3568 Τ
332 3538 454 3569 eobaldus
474 3538 628 3579 Episcopus,
647 3542 724 3574 Abb.
743 3542 842 3583 regalis
859 3542 1021 3586 Monasterii
1038 3545 1147 3577 Sanciae
1162 3546 1268 3577 Mariae

251 3587 340 3607 novae.

214 3616 278 3653 Ego
292 3615 359 3646 Rob.
379 3615 545 3657 Catanienfis
558 3615 703 3656 Epifiopus.

212 3655 273 3692 Ego
289 3655 367 3684 Wdo
381 3654 470 3694 Cephl.
493 3657 546 3693 Epi
559 3666 584 3684 co
601 3666 638 3684 us.

213 3694 273 3730 Ego
288 3692 368 3722 Elias
381 3694 496 3732 Tojanus
512 3663 649 3732 Epistpopus
665 3692 768 3726 Aeolus.

214 3733 274 3768 Ego
288 3730 386 3771 Justus
402 3735 505 3762 Mazz.
521 3730 665 3771 Epifiopus.

215 3769 425 3845 fgssffi'fft‘ri‘s
435 3768 780 3848 {ffisstffissssst‘ss‘pfflfim‘4

217 3847 277 3883 Ego
291 3846 398 3886 Johan.
419 3850 577 3878 Potentinus
592 3817 678 3887 Eplifin

218 3885 277 3922 Ego
291 3885 358 3915 Rob.
375 3887 407 3915 de
421 3889 530 3916 Bizino.

217 3922 276 3959 Ego
291 3923 357 3953 Rob.
373 3924 589 3955 Malcovenanz.

219 3960 278 3997 Ego
291 3961 454 3993 Alexander
469 3963 569 4002 Gupill.

222 3999 352 4029 Matheu5
368 4003 479 4031 Domini
491 4005 569 4040 Regis
584 3998 848 4040 ch—Cancellariutg

222 4035 281 4105 Εξρ
291 4038 356 4107 Βοῖῖ
376 4039 538 4108 ἓψὶταηισ
551 4044 647 4073 comes.

268 4084 318 4106 m.
353 4099 361 4106 .
404 4100 411 4107 .
453 4100 460 4109 ι

73 3809 122 3842 *1.
135 3820 182 3850 53.

1257 151 1731 194 PUBLICA.

1242 238 1300 274 Ego
1315 235 1469 275 Amphufits
1482 241 1571 266 comes
1582 237 1708 268 Scrullat.

1241 277 1300 312 Ego
1313 274 1450 304 Gocelinus
1466 278 1553 304 Comes
1566 278 1646 306 Lert.

1242 316 1301 351 Ego
1314 316 1393 351 Hugo
1408 316 1495 342 Comes
1511 317 1665 344 Catazarii.

1244 354 1302 389 Ego
1318 355 1374 381 Ric.
1395 352 1541 380 Fundanus
1553 355 1649 381 comes.

1246 393 1305 427 Ego
1320 389 1457 420 Walterus
1470 390 1502 419 de
1517 392 1598 418 Moac
1615 392 1680 427 regii
1686 387 1830 428 fortunati
1844 390 2110 422 stolii-Admiratus.

1246 430 1304 466 Ego
1318 427 1471 458 Aldwinus
1487 428 1518 457 de
1532 429 1670 465 Candida,
1689 430 1800 457 Domini
1814 432 1892 467 Regis
1911 430 2007 469 Seneft.

1246 467 1304 504 Ego
1318 467 1456 496 Berardus
1466 465 1560 503 gentil.
1576 469 1654 502 regiae
1663 469 1787 503 privata»
1802 467 1950 506 Maisnea'ae
1963 466 2187 509 Constabulariut.

1247 508 1306 542 Ego
1322 508 1378 535 Ric.
1388 504 1464 544 sacri
1479 507 1553 541 Regii
1568 503 1674 533 Palatii·
1687 506 1827 541 Logoteta.

1248 546 1308 580 Ego
1323 542 1432 573 Bamal.
1452 544 1483 572 de
1498 541 1667 581 monteforti
1680 545 1760 579 Magi
1783 554 1810 571 er
1825 543 2008 581 Justiciarius.

1250 583 1308 619 Ego
1323 581 1438 622 Perficus
1454 585 1542 621 Regiae
1556 584 1644 610 Curiae
1659 584 1739 617 Magi
1763 591 1790 610 er
1802 580 1987 620 Justiciariusi

1250 622 1309 658 Ego
1323 621 1474 650 Fredericus
1490 623 1578 657 Regiae
1593 623 1680 649 Curiae
1695 619 1880 659 Justiciarius.

2313 243 2388 274 Ann.
2398 244 2441 276 D.

2338 290 2354 314 ι
2361 284 2426 322 ¹782

1290 696 1364 728 Data
1376 698 1405 728 in
1419 697 1489 728 urbe
1503 696 1637 727 Panorm.
1655 696 1729 727 felici
1741 705 1791 734 per
1805 705 1903 728 manus

1294 773 1422 804 Walterii
1437 773 1601 804 venerabilis
1616 776 1742 804 Panorm.
1762 772 1975 814 Archiepifiopi,
1992 771 2031 809 ό·
2049 773 2161 804 Mamei
2175 776 2250 813 Regis
2263 777 2311 806 Vi·

1333 811 1536 841 ce-Cancellarii
1545 837 1554 850 ,
1571 811 1609 847 ό»

1294 851 1406 879 Ricardi·
1420 850 1583 880 mebtlis
1597 854 1682 881 Siras.
1701 848 1787 890 Episc.

1261 923 1385 956 Domini
1401 926 1489 967 Regis
1509 927 1714 966 Familiarium,
1732 926 1820 959 Anno
1834 927 2032 959 Incarnatioriis
2047 928 2213 959 Dominicae
2230 930 2316 965 1177:

1263 963 1367 1008 Mense
1380 965 1529 1009 Februarii.
1541 975 1596 1010 ¹10..
1611 966 1775 1010 indicitionq
1794 968 1889 1011 Regni
1904 970 1974 1011 vero
1992 967 2115 997 Domini
2135 966 2223 997 nostri
2236 966 2317 996 Will.

1263 1001 1322 1031 Dei
1338 1002 1435 1032 Gratia
1455 1004 1595 1042 magnifici
1617 1005 1650 1035 &
1666 1004 1852 1043 gloriosissimi
1864 1006 1950 1073 Regis

1962 1006 2081 1044 Siciliae,
2100 1005 2225 1036 Ducatus
2240 1005 2319 1042 Apu-

1263 1039 1326 1078 liae,
1344 1041 1378 1070 &
1393 1040 1566 1079 Principatus
1579 1041 1704 1079 Capuae,
1722 1042 1809 1073 Anno
1828 1052 1872 1072 11.

1889 1043 1917 1073 fe
1928 1045 2013 1074 iciter.
2032 1044 2136 1074 Amen.

1268 1173 1375 1208 Foedus
1410 1177 1447 1213 &⁴
1480 1175 1634 1208 Amicitia
1663 1177 1808 1207 innovata
1841 1179 1916 1207 inter
1942 1178 1986 1209 H.
2023 1180 2131 1225 Regem
2158 1181 2253 1227 Angl.
2284 1183 2322 1219 ώ-

1600 1220 1709 1269 Philip.
1736 1226 1845 1270 Regem
1863 1226 2005 1257 Francia.

1274 1317 1299 1339 1.
1319 1308 1375 1370 E
1385 1307 1455 1338 GO
1474 1307 1616 1346 Philippus
1632 1308 1690 1339 Dei
1711 1309 1798 1348 gratia
1812 1309 1877 1339 Rex
1892 1309 2066 1341 Francorum
2080 1335 2090 1348 ,
2108 1312 2141 1342 &
2154 1321 2208 1352 ego
2223 1312 2329 1344 Henri-
2348 1316 2423 1346 Arm.
2435 1312 2476 1343 D.

1395 1357 1444 1377 cus
1466 1346 1564 1390 eadem
1583 1348 1669 1390 gratia
1692 1347 1755 1377 Rex
1777 1347 1954 1387 Anglorum,
1973 1348 2114 1380 Volumus
2135 1351 2170 1380 ad
2181 1353 2329 1390 omnium,
2369 1353 2453 1384 1180.

1272 1386 1331 1416 tam
1346 1385 1521 1423 praesentium
1533 1396 1617 1423 quam
1630 1389 1803 1424 tuturorum,
1822 1388 1970 1424 pervenire
1984 1389 2126 1426 notitiam,
2145 1389 2224 1427 quod
2240 1390 2332 1420 foedus
2348 1397 2390 1423 A.
2407 1392 2457 1425 262

1274 1426 1308 1456 &
1322 1425 1473 1454 amicitiam
1509 1423 1565 1454 side
1577 1424 1687 1463 media,
1705 1425 1738 1455 ὅτ,
1753 1425 1935 1455 Sacramento
1951 1428 2161 1465 innovavimus,
2171 1437 2254 1465 quam
2268 1428 2332 1458 Do-
2352 1435 2390 1462 Η,
2407 1441 2435 1461 2.

1274 1464 1365 1531 minps
1380 1472 1458 1506 meus
1474 1449 1539 1493 Rex
1554 1463 1713 1502 Anglorum
1727 1462 1935 1495 firmaveramus
1955 1466 2026 1495 inter
2040 1475 2092 1495 nos
2105 1466 2290 1504 coramJueri
2305 1468 2336 1497 in

1274 1511 1331 1540 prae
1342 1509 1414 1532 entia

1277 1581 1355 1609 Petri
1368 1577 1444 1625 tituli
1457 1582 1483 1608 S.
1498 1578 1656 1618 Chryfiigoni
1670 1580 1822 1619 Presbyteri
1834 1579 2007 1620 Cardinalis,
2024 1580 2184 1621 Apostolicae
2197 1583 2270 1613 Sedis
2282 1585 2338 1613 Le-

1279 1617 1613 1698 Riflssiiiissfflntonienfis
1626 1659 1653 1686 E
1650 1657 1744 1696 ptstopi
1750 1682 1760 1696 ,

1280 1739 1316 1806 δὲ
1326 1735 1648 1803 alimum—plurimorum
1662 1733 1870 1774 Episcoporum
1883 1760 1893 1775 ,
1916 1735 2067 1768 Comitum
2082 1738 2116 1769 ὃς
2131 1737 2273 1770 Baronum
2296 1741 2345 1779 qui

1281 1787 1296 1807 a
1317 1784 1381 1806 eran
1399 1799 1408 1812 ,
1427 1784 1482 1804 viz.

1319 1824 1347 1844 2.
1367 1813 1458 1881 Qfd
1479 1812 1515 1842 iic
1530 1812 1621 1842 sumus
1645 1813 1678 1843 &
1692 1812 1800 1843 amodo
1820 1813 1951 1845 volumus
1966 1813 2023 1845 esse
2036 1816 2142 1854 amici,
2169 1816 2249 1855 quod
2269 1825 2344 1848 uter-

1284 1863 1340 1891 que
1359 1854 1409 1881 noi
1425 1850 1491 1881 rum
1510 1851 1586 1881 alteri
1606 1851 1763 1882 observabit
1782 1853 1868 1882 vitam
1882 1877 1892 1890 ,
1918 1854 1951 1883 &
1972 1854 2099 1883 membra
2149 1855 2181 1886 &
2200 1864 2344 1886 terrenum

1284 1893 1425 1922 honmem
1448 1889 1527 1919 suum
1544 1897 1643 1919 contra
1666 1899 1766 1919 omnes
1788 1890 1918 1919 homines
1941 1901 1994 1928 pro
2014 1891 2094 1928 posse
2107 1879 2163 1923 suo.
2183 1892 2221 1923 Et
2234 1894 2253 1924 ii
2288 1904 2346 1924 uae-

1285 1939 1399 1967 cunque
1414 1927 1530 1966 persona
1549 1927 1625 1957 alteri
1643 1926 1775 1958 nostrum
1798 1928 1903 1958 malum
1925 1928 2018 1959 facere
2035 1929 2258 1969 proesumpserit3
2309 1941 2348 1972 go

1286 1968 1428 1999 Henricus
1447 1967 1554 2005 juvabo
1577 1965 1739 2004 Philippum
1769 1965 1881 2005 Regem
1910 1966 2036 1997 Franciae
2065 1967 2228 2000 Dominum
2251 1980 2349 2001 meum

1287 2014 1387 2039 contra
1408 2015 1509 2036 omnes
1531 2004 1662 2035 homines
1684 2015 1737 2042 pro
1765 2006 1845 2042 posse
1857 2015 1941 2044 meo,
1962 2006 1994 2036 &
2009 2005 2074 2049 Ego
2087 2006 2230 2046 Philippus
2243 2009 2350 2046 juvabo

1288 2046 1450 2076 Henricum
1471 2043 1585 2083 Regem
1608 2043 1718 2081 Angliae
1732 2051 1830 2073 contra
1844 2054 1945 2074 omues
1960 2044 2091 2074 homines
2105 2055 2157 2083 pro
2172 2046 2252 2084 posse
2268 2057 2352 2086 meo,

1289 2085 1358 2115 sicut
1379 2084 1529 2113 hominem
1550 2083 1584 2114 &
1599 2081 1715 2112 fidelem
1727 2092 1843 2120 meum,
1861 2082 1941 2113 Salva
1956 2082 2028 2121 fide,
2047 2092 2132 2121 quam
2148 2084 2283 2116 debemus
2296 2086 2351 2116 ho-

1290 2123 1411 2154 minibus
1426 2121 1545 2158 nostris,
1564 2121 1696 2158 quamdiu
1710 2121 1758 2157 ipli
1772 2122 1856 2151 nobis
1872 2120 1958 2151 fidem
1974 2121 2130 2152 servabunt.

1330 2171 1356 2201 3.
1373 2160 1411 2191 Et
1426 2168 1523 2190 neuter
1538 2158 1672 2190 nostrum
1685 2158 1794 2190 amodo
1805 2160 1936 2190 retinebit
1949 2161 2097 2191 inimicum
2112 2161 2219 2193 alterius
2234 2165 2264 2193 in
2279 2162 2353 2194 terra

1288 2199 1350 2238 sua,
1369 2208 1403 2229 ex
1419 2209 1478 2237 quo
1493 2198 1559 2228 inde
1572 2198 1715 2236 requiritus
1728 2198 1818 2228 fuerit.

1329 2248 1358 2276 4.
1378 2237 1416 2268 Et
1430 2245 1460 2268 ut
1473 2239 1543 2267 inter
1557 2247 1610 2267 nos
1624 2236 1735 2267 tollatur
1749 2236 1857 2267 amodo
1870 2238 1963 2268 omnis
1976 2239 2089 2268 materia
2104 2237 2266 2278 discordiae,
2284 2249 2358 2271 con-

1292 2277 1423 2310 ceffimus
1444 2275 1478 2306 ad
1499 2277 1622 2307 invicem
1664 2275 1722 2306 uod
1743 2275 1779 2306 de
1798 2277 1877 2306 terris
1900 2277 1933 2307 &
1947 2276 2162 2314 posseffionibus
2176 2280 2209 2309 &
2224 2277 2359 2309 omnibus

1293 2317 1350 2347 aliis
1365 2315 1447 2346 rebus
1456 2324 1539 2353 ,quas
1547 2286 1882 2353 niodocliabemusstlter
1896 2314 2023 2346 adversus
2037 2315 2154 2346 alterum
2170 2316 2238 2346 nihil
2251 2316 2358 2347 amodo

1295 2363 1388 2393 petet,
1407 2362 1528 2391 excepto
1551 2363 1587 2383 eo
1609 2352 1646 2382 de
1669 2353 1821 2391 Alvernia,
1840 2352 1915 2384 unde
1933 2356 2081 2385 contentio
2094 2355 2165 2384 inter
2180 2365 2232 2386 nos
2247 2354 2305 2394 est,
2323 2356 2358 2386 δε

1295 2401 1415 2430 excepto
1437 2391 1526 2422 feodo
1544 2391 1581 2421 de
1601 2390 1705 2422 Castro
1726 2390 1864 2430 Radulfi3
1883 2393 1916 2423 &
1936 2393 2056 2430 exceptis
2080 2394 2193 2424 minutis
2215 2394 2304 2424 feodis
2324 2394 2359 2424 &-

1295 2432 1386 2463 divisis
1409 2439 1545 2461 terrarum
1564 2429 1723 2460 nostrarum
1745 2430 1781 2460 de
1801 2429 1894 2468 Berri,
1914 2430 1933 2461 fi
1955 2430 2085 2461 homines
2100 2431 2189 2462 nostri
2201 2431 2304 2470 aliquid
2317 2432 2359 2462 in-

1296 2471 1463 2508 terceperint
1479 2471 1551 2499 inter
1565 2468 1591 2498 se
1601 2493 1611 2506 ,
1628 2469 1674 2499 vel
1689 2468 1816 2499 adversus
1828 2469 1947 2499 alterum
1961 2468 2102 2500 nostrfim.

1335 2519 1361 2548 5.
1380 2508 1410 2538 Si
1427 2516 1520 2538 autem
1533 2507 1612 2544 super
1628 2507 1689 2550 his,
1707 2517 1770 2545 quae
1785 2507 1907 2545 superius
1919 2516 2034 2544 excepta
2047 2507 2123 2546 sunt,
2141 2517 2191 2546 per
2207 2508 2360 2545 nosmetip-

1295 2548 1338 2579 sos
1354 2547 1509 2578 convenire
1525 2556 1584 2575 non
1600 2553 1755 2583 poterimus
1765 2569 1775 2584 ,
1793 2545 1858 2585 Ego
1874 2545 2019 2584 Philippus
2034 2546 2101 2577 Rex
2117 2546 2292 2578 Francorum
2304 2545 2362 2580 ele-v

1297 2587 1325 2626 gi
1338 2594 1391 2616 tres
1407 2584 1580 2622 Episcopos,

1298 2658 1538 2703 Clarenioriterinsl’nz
1546 2683 1557 2698 ,
1849 2658 1999 2700 Recensem
2006 2683 2018 2699 ,

1302 2700 1502 2738 Nivernensem
1509 2723 1520 2737 ,

1337 2776 1376 2808 Et
1390 2784 1444 2806 tres
1458 2775 1597 2813 Barones,

1301 2857 1429 2884 Comitem
1441 2851 1623 2882 Theobaldum
1630 2875 1639 2889 ,
1658 2847 1697 2887 &

1853 2852 1966 2881 Petrum
1992 2852 2024 2882 de
2051 2853 2196 2882 Courtneia
2209 2875 2219 2891 ,
2245 2850 2364 2884 Patruos

1303 2893 1322 2913 ²*
1342 2896 1469 2922 Comitem
1485 2890 1630 2921 Robertum
1640 2915 1650 2928 ,
1665 2887 1704 2925 &-

1338 2968 1376 3001 Et
1390 2978 1444 3009 ego
1460 2967 1603 2998 Henricus
1618 2966 1685 2997 Rex
1700 2966 1811 3007 Angliae
1824 2966 1895 3007 elegi
1905 2974 1960 2998 tres
1971 2965 2144 3005 Episcopus,

1305 3044 1477 3077 Wllielmum
1492 3042 1745 3082 Cenomannenssm‚
1846 3043 1991 3073 Robertum
2005 3042 2224 3083 Nannetenftm5

1308 3088 1420 3115 Petrum
1436 3081 1677 3122 Petragoritenfi’m
1685 3106 1696 3121 ,

1343 3160 1382 3191 Et
1395 3168 1449 3191 tros
1462 3158 1597 3196 Barones,

1307 3239 1473 3268 Mauritium
1486 3236 1517 3265 de
1532 3239 1645 3273 Covun,

1856 3235 1970 3265 Petrum
1985 3235 2017 3265 de
2032 3237 2129 3265 Monte
2143 3231 2288 3271 Rabel,ex
2303 3239 2366 3271 par-

1309 3275 1486 3306 Wllielnmm
1499 3276 1644 3311 Maingot,

1896 3281 1924 3303 te
1937 3283 2016 3304 mea:

1310 3352 1373 3391 Qli
1390 3349 1519 3389 inquisita
1540 3351 1657 3381 veritate
1676 3348 1744 3380 hinc
1764 3347 1847 3387 inde,
1861 3349 1920 3379 tam
1936 3359 1985 3387 per
2000 3348 2114 3390 seipsos,
2133 3347 2220 3385 quam
2233 3348 2369 3386 perjura-

1309 3400 1405 3421 menta
1418 3390 1573 3420 hominum
1587 3398 1724 3420 terrarum
1739 3388 1864 3426 illarum,
1883 3388 2009 3426 praedicti
2023 3387 2154 3429 Epiicopi
2170 3387 2198 3416 in
2212 3386 2302 3417 verbo
2317 3396 2369 3417 ve-

1309 3430 1394 3459 ritatis
1413 3427 1548 3466 asserent,
1566 3429 1599 3459 δε
1620 3427 1699 3458 Laici
1713 3427 1848 3466 jurabunt
1860 3451 1869 3464 ,
1892 3425 1971 3463 quod
1986 3423 2120 3468 quicquid
2131 3426 2321 3464 cognoverint
2333 3424 2370 3456 de

1304 3468 1370 3507 jure
1386 3467 1496 3498 alterius
1515 3464 1650 3497 nostrum
1669 3465 1726 3496 esse
1739 3490 1748 3503 ,
1774 3464 1831 3495 hoc
1854 3466 1926 3494 inter
1944 3473 1996 3493 nos
2014 3463 2111 3493 dicent
2122 3486 2131 3500 ,
2153 3463 2187 3495 &
2201 3473 2254 3493 nos
2265 3473 2369 3494 eorum

1309 3506 1389 3537 dieto
1403 3505 1481 3536 bona
1494 3503 1549 3536 fide
1563 3504 1682 3535 firmiter
1697 3504 1838 3534 stabimus.

1349 3545 1376 3575 6.
1397 3543 1427 3574 Si
1446 3545 1517 3575 vero
1530 3553 1632 3574 omnes
1645 3543 1682 3573 illi
1694 3542 1841 3581 Episcopi,
1861 3549 1932 3583 quos
1946 3548 2000 3579 ego
2013 3538 2156 3583 Philippus
2169 3538 2258 3580 elegi,
2276 3541 2364 3571 inter-

1311 3583 1369 3614 effe
1387 3592 1447 3613 non
1466 3585 1600 3621 poterunt
1616 3607 1625 3620 ‚
1651 3580 1831 3611 nihilominus
1850 3578 1982 3608 stabimus
2001 3578 2081 3608 dieto
2099 3578 2215 3608 illorum
2226 3579 2369 3618 duorum,

1312 3623 1362 3660 qui
1380 3622 1558 3660 intererunt,
1576 3622 1610 3652 &
1623 3620 1642 3650 si
1653 3629 1754 3650 omnes
1767 3618 1904 3655 Barones,
1921 3626 1956 3647 ex
1970 3624 2048 3654 parte
2063 3615 2127 3646 mea
2139 3619 2292 3657 nominati,
2308 3628 2369 3648 non

1313 3661 1475 3698 intererint,
1492 3669 1546 3697 pro
1559 3669 1595 3689 eo
1608 3668 1668 3688 nou
1682 3656 1840 3687 remanebit
1873 3656 1940 3693 quin
1960 3655 2065 3685 stemus
2079 3653 2158 3686 dicto
2170 3655 2286 3690 illorum
2297 3657 2370 3686 duo-

1313 3708 1380 3730 rum
1399 3699 1447 3736 qui
1460 3700 1629 3728 intererunt:
1650 3695 1688 3725 Et
1700 3695 1823 3725 similiter
1836 3680 1872 3724 de
1885 3693 1951 3731 illis,
1969 3703 2040 3731 quos
2055 3702 2110 3733 ego
2128 3693 2272 3726 Henricus
2284 3695 2370 3734 elegi,

1312 3747 1374 3769 tam
1387 3737 1423 3766 de
1436 3736 1595 3774 Episcopis,
1615 3734 1701 3772 quam
1713 3732 1748 3762 de
1760 3732 1934 3770 Batonibus,
1947 3732 2102 3770 juravimus
2114 3733 2198 3763 enam
2213 3733 2293 3772 quod
2307 3732 2370 3763 nul-

1314 3777 1376 3807 lum
1389 3775 1495 3805 malum
1507 3774 1642 3803 faciemus
1655 3772 1692 3801 eis
1724 3781 1819 3809 ropter
1830 3772 1903 3809 hoe,
1921 3769 2000 3809 quod
2013 3771 2161 3802 veritatem
2175 3770 2302 3803 dixerint.

1355 3822 1381 3852 7.
1400 3812 1437 3843 Et
1458 3812 1478 3842 si
1497 3812 1588 3849 forte,
1609 3809 1688 3848 quod
1741 3820 1789 3841 eus
1808 3818 1913 3840 avertat
1925 3833 1934 3847 ‚
1959 3809 2032 3840 inter
2051 3819 2104 3840 nos
2124 3810 2160 3840 de
2178 3812 2257 3842 terris
2270 3809 2372 3840 nostris

1315 3853 1407 3890 aliqua
1426 3850 1537 3889 querela
1557 3851 1662 3879 oriatur
1674 3873 1683 3887 ,
1707 3859 1757 3887 per
1777 3849 1890 3880 eosdem
1908 3848 1986 3878 bona
1999 3847 2067 3887 fide,
2086 3850 2119 3880 &
2135 3849 2192 3879 sine
2205 3850 2280 3880 malo
2292 3851 2370 3887 inge-

1317 3893 1384 3927 nio,
1405 3890 1461 3919 sine
1481 3887 1613 3918 dilatione
1630 3889 1796 3918 terminetur
1810 3898 1816 3916 z
1843 3887 1873 3918 Si
1884 3896 1978 3917 autem
1989 3887 2081 3925 aliqua
2095 3887 2293 3928 praediCtarum
2307 3896 2370 3924 per-

1317 3929 1450 3961 sonarum
1463 3928 1575 3957 interim
1586 3935 1699 3957 mortua
1712 3926 1811 3964 fuerit,
1830 3926 1914 3956 altera
1927 3926 1995 3957 loco
2007 3926 2090 3964 ipsius
2101 3925 2287 3957 substituatur.

1359 3967 1385 3996 8.
1405 3966 1435 3996 Si
1453 3967 1524 3996 vero
1544 3965 1612 3995 alter
1631 3963 1764 3995 nostrum
1784 3966 1836 3994 iter
1858 3966 2086 4005 peregrinationis
2097 3966 2217 4004 arripere
2229 3964 2368 4000 voluerit,

1319 4004 1406 4042 alter,
1423 4004 1482 4044 qui⁴
1491 4004 1647 4034 remanebit
1659 4028 1668 4042 ‚
1691 4012 1795 4033 terram
1808 4002 1895 4041 illius,
1914 4005 2002 4042 quiin
2036 4004 2238 4042 eregrinatione
2252 4004 2318 4039 erit,
2334 4002 2369 4031 &

1320 4041 1452 4076 homines
1465 4043 1535 4077 licut
1547 4042 1593 4077 sua
1605 4043 1718 4083 propria
1729 4043 1763 4077 &
1776 4041 1937 4112 Domigica
1955 4041 2012 4076 side
2024 4044 2073 4076 'ter
2092 4040 2251 4080 custodiet,
2263 4042 2297 4072 &
2311 4048 2372 4068 ma-

2291 4085 2372 4107 num·
