2570 4261
97 164 174 196 Ann.
183 163 224 194 D.

116 212 199 241 1292.

95 244 164 270 Eav.
185 251 195 269 1
204 262 209 268 .

87 1131 162 1162 Ann.
174 1130 213 1161 D.

114 1180 196 1208 1292.

85 1212 153 1236 Com
159 1220 199 1236 en-

84 1247 119 1273 tio
127 1249 211 1275 tertia.

85 1293 101 1309 ²
115 1284 184 1321 Jun.

78 3017 209 3052 *II-545.

236 101 293 139 94

239 174 296 203 lens
310 181 344 203 ex
359 169 527 202 habundanti
541 166 764 199 condescendere
781 164 908 203 precibus
924 163 1093 194 eorumdem
1107 187 1118 200 ,
1135 162 1172 193 de
1186 162 1291 193 Consi-

240 212 280 241 lio
301 211 452 250 sapientum
467 232 476 246 ‚
504 208 589 237 trium
613 204 836 235 ebdomadarum
856 204 977 232 inducias
994 203 1020 233 (ti
1035 202 1151 231 decimo
1166 201 1210 231 die
1225 201 1293 231 dieti

243 249 350 280 Mentis
375 246 456 282 Maii)
482 243 619 275 conceisit
641 242 743 272 eisdem
754 265 763 279 ,
780 242 813 271 ad
828 239 1053 278 respondendum
1067 241 1173 277 precise
1185 241 1216 270 ὃ(
1251 250 1295 269 et-

239 287 380 325 empmrie
401 284 569 321 requisitioni
589 281 643 311 suae
658 280 817 317 pizedic’tie,
833 280 866 310 &
882 279 916 320 ad
933 279 1120 320 exhibendum
1145 279 1178 308 &
1199 281 1228 308 ol
1245 288 1294 308 en-

240 326 364 357 dendum
381 323 509 359 ulterius,
528 321 547 350 ii
565 329 628 357 quse
641 320 813 348 munimenta
827 317 872 347 vel
889 319 1006 354 scripta,
1027 321 1073 346 seu
1090 317 1193 354 quaevis
1209 317 1294 346 habe-

241 373 303 394 rent
326 363 375 392 alia
397 361 569 390 documenta
583 380 593 395 ,
618 366 682 395 quae
702 358 709 385 i
732 357 789 386 sum
805 355 966 385 Dominum
980 355 1094 393 Regem
1110 355 1125 383 a
1138 355 1199 392 jure
1214 355 1293 392 supe-

241 401 367 432 rioritatis
381 398 425 428 seu
440 398 540 427 directi
555 395 687 426 Dominii
699 366 767 425 dieii
783 393 878 433 Regni
892 394 1016 431 Scotiae,
1030 394 1063 424 ὃς
1079 394 1114 422 :ib
1129 394 1295 422 executione

241 441 286 471 seu
300 437 432 468 exercitio
448 434 594 472 difliJuris
610 433 720 471 possent
735 433 937 470 excludere,&
955 433 1072 461 tationes
1087 432 1120 461 &
1134 431 1294 460 documen-

241 487 267 508 ta
284 477 328 506 sia
343 499 352 513 ,
380 475 412 505 δε
434 484 486 511 pro
505 474 532 503 se
547 473 693 510 facientia,
709 482 758 510 per
774 470 906 501 validiora
919 471 952 500 &
966 469 1128 500 efficaciora
1139 469 1202 498 alius
1219 468 1294 498 infir-

239 525 324 546 mare.

276 554 353 591 Qiae
370 550 485 589 quidem
501 557 607 587 paratus
622 548 712 586 foret,
730 547 799 577 sicut
810 546 918 585 justum
931 545 1188 584 esset,admittere,
1205 545 1238 576 ὅτ
1254 544 1294 574 fa-

239 601 304 623 cere
327 590 406 628 quod
423 589 563 626 deberet,
590 587 723 617 mandans
767 585 884 616 taemilla
905 595 954 622 per
977 585 1165 614 venerabilem
1179 583 1292 613 Patrem

243 630 407 660 Dominum
430 627 465 657 Α.
484 625 710 657 Dunelmensem
761 625 908 661 piscopum
922 647 932 661 ,
960 622 1100 660 praedictis
1123 622 1268 659 Episcopis
1284 645 1294 659 ,

240 668 364 698 Ptaelatis
380 690 389 704 ,
415 666 597 701 Comitibus,
616 663 786 700 BatonibuS,
804 662 1003 701 MagnatibuS,
1019 661 1051 691 ὃς
1067 660 1242 697 Nobilibus,
1260 670 1293 690 ac

239 705 449 736 Communitati
465 704 560 743 Regni
575 702 678 732 Scotiae
691 700 840 738 antedicti,
855 709 932 739 Juxta
947 699 1072 730 sormam
1088 708 1151 737 qiiae
1165 699 1295 739 ptaedici-

237 753 299 781 tur,
316 744 449 774 nunciati.

278 784 339 821 Qii
364 783 434 812 veto
460 778 614 816 Episcopus
628 802 637 816 .,
654 777 774 815 praefatis
790 776 951 815 Episcopis‚
970 775 1110 813 Ptaelatis,
1128 775 1293 806 Comitibus

236 820 392 852 Batonibus
405 842 414 856 ,
438 817 596 848 Nobilibus
610 839 620 855 ,
645 818 678 848 &
694 816 904 846 Communitati
917 815 1012 853 Regni
1027 815 1134 845 Scotiae
1145 814 1293 852 antedicti,

238 870 287 890 me
307 858 436 889 Notario
456 855 628 893 infrascripto
651 855 782 892 prccsente
804 856 837 884 &
858 853 986 883 audiente
1000 878 1010 890 ,
1036 864 1067 883 ea
1087 853 1245 883 notificavit
1260 854 1292 883 &

235 897 431 933 denunciavit,
450 893 603 924 secundum
616 893 694 931 quod
707 894 887 930 exprimitur,
906 892 938 922 &
950 891 1044 923 eidem
1061 893 1076 922 a
1095 891 1212 930 praefiito
1228 891 1293 921 Do-

235 938 315 966 mino
331 934 414 974 Rege
431 933 595 964 mandatum
611 932 700 962 fuerat
718 932 752 963 &
768 932 936 970 injunctum.

271 1012 380 1042 Assum
393 1019 423 1041 ut
439 1010 531 1048 supra,
551 1008 702 1040 undecima
718 1007 763 1038 die
779 1009 899 1039 intrante
915 1006 1053 1046 praedicto
1069 1007 1163 1037 mense
1181 1006 1289 1046 Mayo,

235 1051 415 1090 praesentibus
428 1049 543 1080 testibus
556 1048 748 1086 supralctiptis.

236 1127 376 1191 ANno
398 1127 431 1158 δε
453 1125 610 1156 indiffione
632 1123 771 1162 praediffis
787 1148 796 1162 ,
821 1125 850 1154 in
872 1122 1015 1162 praesenti&
1029 1123 1104 1160 mei,
1123 1122 1237 1153 Notarii
1252 1122 1287 1152 ὃς

311 1166 445 1198 Testium
467 1164 683 1202 subscriptorum
699 1186 709 1201 ,
733 1163 897 1194 venerabilis
919 1162 1001 1192 Pater
1025 1161 1168 1191 Robertus
1184 1160 1287 1191 Batho-

232 1206 330 1236 niensis
353 1207 386 1237 ὃ(
407 1203 557 1233 Wellensis
578 1201 734 1239 Episcopus
755 1203 794 1238 (in
818 1203 896 1239 cujus
910 1211 962 1231 ore
974 1199 1124 1238 praedietus
1141 1199 1286 1230 Dominus

233 1244 386 1275 Edwardus
402 1242 466 1273 Rex
480 1241 590 1280 Angliae
606 1239 731 1278 illustris,
750 1250 797 1270 me
811 1239 936 1270 Notario
951 1238 1104 1277 praedie'to,
1122 1239 1155 1268 δε
1172 1248 1287 1268 venera-

233 1284 334 1313 bilibus
349 1280 616 1317 PatribusJohanne
632 1278 854 1317 Archiepiscopo
870 1277 1058 1315 Eboracensi,
1078 1277 1206 1307 Antonio
1222 1276 1286 1306 Du-

234 1321 385 1358 nelmensi,
403 1321 436 1350 &
451 1318 610 1348 Willielmo
627 1316 738 1355 Elyensi
754 1317 916 1356 EpiscopiS,
936 1317 969 1346 δε
983 1315 1126 1345 nonnullis
1142 1315 1197 1345 aliis
1214 1325 1285 1352 prae-

233 1360 353 1390 sentibus
376 1360 409 1390 &
432 1357 606 1388 audientibus
622 1378 631 1392 ,
650 1355 735 1386 verba
750 1355 808 1393 sua,
827 1355 952 1392 posuerat
967 1353 1107 1392 praedietis
1123 1353 1284 1392 Episcopis,

232 1398 356 1429 Praelatis
370 1421 379 1435 ‚
403 1395 569 1426 Comitibus
618 1394 787 1432 Batonibus,
806 1394 839 1424 δε
862 1393 1017 1423 Nobilibus
1033 1415 1043 1430 ,
1057 1393 1101 1430 jus
1121 1394 1156 1422 ad
1175 1392 1284 1422 dicium

231 1436 368 1476 Regnum
390 1435 497 1465 Scotiae
516 1417 728 1463 vendicantibus
743 1457 752 1471 ,
777 1442 809 1462 ac
833 1431 1041 1461 Communitati
1054 1431 1175 1469 ejusdem
1190 1431 1285 1469 Regni

228 1475 246 1506 s
260 1475 380 1505 ecialiter
403 1472 579 1512 exponenda)
603 1472 641 1500 eis
662 1471 713 1500 sibi
735 1470 863 1509 imposita
883 1471 916 1501 &
932 1470 1055 1508 injundta
1068 1469 1180 1500 dixit&
1196 1479 1284 1507 expo-

241 1515 298 1551 uit,
316 1522 349 1543 ex
363 1520 440 1550 pirte
455 1511 536 1549 ipsius
551 1510 673 1539 Domini
688 1509 774 1548 Regis
790 1509 879 1539 verbo
895 1518 989 1546 tenuS,
1005 1507 1136 1539 sermone
1150 1508 1283 1545 Gallico,

229 1553 307 1583 hunc
321 1551 495 1582 continentia
510 1548 704 1580 sententialiter
717 1548 898 1578 intellestum.

266 1625 521 1659 Excellentissimus
551 1625 688 1663 Princeps
703 1648 713 1662 ,
736 1623 882 1654 Dominus
906 1622 1001 1653 noster
1022 1622 1197 1660 Edwardus,
1224 1621 1283 1653 Dei

227 1667 313 1707 gratia
329 1690 338 1704 ,
363 1665 471 1696 illustris
496 1665 559 1694 Rex
576 1665 686 1694 Analiae
703 1662 867 1700 (desolatum
883 1662 984 1692 statum
1000 1662 1091 1701 Regni
1108 1661 1230 1698 Scotiae,
1249 1662 1282 1692 &

227 1715 262 1736 cx
274 1705 411 1742 Principis
425 1706 469 1734 seu
486 1702 572 1742 Regis
585 1688 938 1737 destitutioneturbatuim
956 1701 989 1731 δε
1007 1711 1065 1730 non
1086 1700 1167 1730 facile
1181 1709 1283 1730 nume-

228 1743 311 1775 randa
331 1743 452 1781 pericula
466 1766 475 1779 ,
500 1751 565 1779 quae
585 1740 676 1771 eidem
700 1740 804 1778 Regno
821 1764 831 1777 ,
856 1750 905 1777 pet
925 1738 1128 1769 dissensionum
1141 1739 1283 1776 turbines,

226 1783 341 1814 turbatis
357 1781 549 1820 Magnatibus,
567 1780 614 1817 qui
624 1779 657 1809 ad
673 1779 760 1816 ipsum
777 1778 913 1818 Regnum
925 1787 960 1807 ex
979 1777 1151 1808 successione
1165 1776 1283 1807 haeredi-

225 1821 294 1853 tatia
307 1821 333 1851 se
344 1821 387 1858 jus
401 1820 503 1849 habere
517 1818 709 1855 contendunt,
726 1826 859 1855 poterunt
874 1817 1023 1854 provenire
1037 1815 1224 1853 considerans)
1241 1815 1282 1845 ob

225 1858 410 1890 affefflonem
431 1858 464 1888 &
483 1856 650 1887 desiderium
662 1879 670 1894 ,
696 1855 775 1893 quod
793 1855 930 1891 habebat,
948 1856 981 1885 &
994 1855 1075 1884 habet
1089 1854 1123 1884 ad
1138 1853 1279 1884 universos

226 1899 261 1929 &
282 1897 401 1936 singulos
423 1905 548 1933 quorum
568 1896 648 1926 tuitio
674 1896 706 1925 ὅ(
728 1893 853 1924 defensio
867 1893 971 1930 spectat
985 1892 1019 1922 ad
1037 1903 1120 1929 eum,
1140 1903 1173 1923 ac
1187 1893 1222 1923 ad
1239 1891 1280 1922 fa-

226 1936 361 1967 ciendum
377 1934 512 1974 justitiam
535 1934 627 1964 unicui
651 1943 686 1963 ue
700 1956 709 1971 ,
736 1934 784 1971 qui
807 1932 840 1963 ad
864 1932 998 1970 Regnum
1015 1931 1183 1969 praedictum
1200 1931 1227 1960 se
1243 1931 1281 1961 'us

223 1975 327 2005 habere
341 1984 392 2012 pro
433 1975 489 2003 nit:
509 1982 542 2002 ac
557 1971 590 2001 ad
607 1971 634 2001 di
647 1971 794 2002 cordantes
810 1971 918 2000 animos
933 1971 961 2000 in
976 1969 1101 2007 pacificas
1118 1979 1227 2000 concor
1249 1971 1282 1999 iae

224 2015 331 2045 semitas
352 2023 381 2042 re
403 2010 566 2048 mendum,
601 2011 634 2040 δε
655 2012 683 2040 in
705 2009 776 2040 statu
799 2009 989 2047 tranquilitatis
1009 2009 1042 2039 ὀί
1064 2010 1138 2047 pacis
1157 2007 1281 2046 ejusdem

223 2052 321 2088 Regni
334 2051 472 2090 populum
483 2049 716 2080 conservandum.

262 2090 366 2127 Nuper
387 2088 539 2119 nonnullos
560 2087 584 2117 E
608 2087 714 2125 viscopos
727 2111 735 2124 ,
753 2085 904 2123 Praelatos,
923 2084 1071 2123 Comites,
1089 2084 1227 2121 Batones,
1243 2084 1277 2114 δε

223 2128 350 2160 Nobiles
371 2127 438 2158 dic‘li
462 2126 555 2166 Regni
598 2127 683 2155 cotice
700 2125 841 2162 requisivit
854 2149 863 2162 ,
881 2125 914 2155 &
928 2134 977 2163 per
992 2124 1049 2153 suas
1065 2124 1152 2154 literas
1166 2122 1282 2153 manda-

223 2168 265 2198 vit
281 2166 383 2196 eisdem
399 2188 409 2204 ,
436 2174 467 2195 ut
488 2166 516 2193 in
531 2163 670 2202 quindena
684 2163 814 2201 Pascliae',
833 2164 963 2200 proxime
978 2163 1126 2202 praeteriti,
1144 2163 1174 2192 in
1187 2161 1280 2192 confi-

222 2206 274 2236 nio
289 2204 456 2243 Regnorum
472 2203 582 2241 Angliae
596 2203 629 2232 &
643 2202 767 2239 Scotiae,
785 2202 940 2231 convenite
952 2208 1096 2239 curarent,
1112 2200 1146 2230 ad
1159 2200 1188 2230 lo
1212 2210 1280 2230 uen-

222 2243 293 2274 dum
313 2244 346 2273 &
368 2241 545 2273 trau-indum
565 2251 633 2270 curn
652 2240 711 2278 ipso
723 2264 732 2278 ,
761 2239 832 2277 apud
849 2239 985 2269 Norbam
999 2238 1186 2269 Dunelmensi
1235 2240 1278 2269 io-

222 2281 277 2313 cesi
292 2293 302 2318 3
325 2281 359 2310 ad
376 2290 464 2319 quem
478 2279 576 2309 locum
592 2278 668 2308 idem
684 2278 830 2308 Dominus
844 2277 909 2308 Rex
925 2301 935 2316 ‚
958 2278 987 2306 in
1010 2277 1068 2317 ipso
1082 2278 1206 2308 termino
1221 2301 1231 2314 ,
1249 2276 1276 2307 se

222 2319 391 2388 fignificaRat
409 2326 562 2348 venturum
582 2316 662 2355 super
676 2317 813 2354 aliquibus
826 2339 835 2355 ,
854 2325 918 2354 quse
934 2315 1049 2347 volebat
1063 2316 1165 2346 eisdem
1181 2315 1276 2346 dicere

223 2360 257 2391 δε
270 2368 339 2388 mon
369 2366 434 2387 rare.

259 2397 348 2435 Sane,
365 2395 446 2426 ἀίᾶο
462 2394 596 2425 Domino
610 2393 709 2424 nostro
724 2393 809 2430 Rege
823 2393 896 2431 apud
912 2393 1066 2431 Norbam,
1086 2394 1113 2422 in
1128 2391 1207 2422 didio
1223 2399 1278 2422 ter-

222 2436 303 2468 mino
315 2434 490 2474 personaliter
506 2432 679 2471 constituto,
695 2443 746 2463 vos
759 2432 907 2470 Episcopi,
925 2432 1050 2470 Praelati,
1068 2429 1277 2469 Comites,Ba-

222 2484 304 2505 rones
318 2497 328 2513 ,
348 2473 495 2509 Magnates
510 2496 519 2509 ,
539 2472 572 2502 &
593 2470 748 2509 Proceres,
767 2480 800 2500 ac
821 2471 944 2501 Nobiles
963 2471 1031 2501 ἀίξίἰ
1052 2470 1147 2509 Regni
1167 2469 1274 2500 Scotiae

222 2514 307 2551 (juxta
323 2512 532 2550 requisitionem
544 2510 576 2540 &
591 2509 912 2549 affignationem,vobis
923 2509 1051 2545 directas)
1066 2509 1100 2538 ad
1114 2509 1213 2539 locum
1228 2517 1275 2537 ac·

220 2551 349 2581 cedentes
370 2549 493 2580 eundem
511 2572 520 2586 ,
546 2549 754 2586 requisitionem
774 2549 975 2587 recognitionis
997 2547 1190 2584 superioritatis
1241 2547 1275 2577 &

220 2589 321 2619 direffi
345 2588 476 2619 Dominii
495 2586 583 2625 (quod
601 2586 690 2616 eidem
706 2586 840 2617 Domino
855 2585 954 2616 nostro
967 2586 1041 2624 Regi
1057 2587 1084 2616 in
1101 2586 1179 2616 dieto
1195 2568 1274 2624 Reg-

221 2637 262 2657 no
283 2628 388 2658 Scotiae
403 2627 560 2663 competit,
581 2625 613 2655 &
634 2624 715 2654 suurn
731 2625 783 2661 est)
798 2625 879 2654 vobis
893 2625 995 2655 saetam
1012 2624 1056 2662 (δε
1073 2626 1101 2654 in
1117 2625 1195 2662 cujus
1209 2632 1275 2662 pos-

210 2665 354 2703 sessione,
370 2665 414 2695 vel
429 2664 520 2703 quasi,
538 2662 737 2693 Anteceffores
751 2664 783 2693 ὃς
798 2662 995 2702 Progenitores
1008 2663 1065 2699 sui,
1085 2662 1199 2699 Angliue
1214 2661 1274 2690 Re-

221 2713 284 2743 ges,
301 2703 435 2742 Illusttes,
455 2704 470 2732 a
484 2701 647 2740 longissimis
659 2702 835 2738 temporibus
856 2701 998 2731 retroastis
1013 2725 1022 2739 ,
1046 2701 1176 2737 fuerunt,
1195 2698 1273 2737 quod

221 2753 272 2780 per
293 2742 441 2772 nonnullas
465 2740 623 2771 manifestas
644 2741 678 2771 &
699 2739 913 2769 evidentissimas
934 2740 1070 2776 rationes,
1088 2749 1121 2769 ac
1137 2746 1212 2768 certa
1223 2738 1274 2767 alia

222 2781 395 2811 documenta
408 2779 576 2811 sufficienter
591 2778 713 2815 apparet)
731 2777 898 2808 intellexistis
915 2778 1024 2816 plenius
1038 2779 1070 2808 ὃς
1085 2776 1210 2807 audistis:

264 2819 300 2850 Et
321 2818 398 2857 quod
421 2819 530 2848 idcirco
548 2816 638 2855 ipsum
653 2841 662 2854 ,
681 2825 713 2846 ut
725 2816 896 2855 superiorem
911 2819 944 2847 &
958 2815 1099 2846 directum
1114 2815 1277 2846 Dominum

224 2858 293 2888 dic‘ti
304 2858 400 2895 Regni
415 2857 519 2888 Scotiue
534 2880 543 2894 ,
561 2864 594 2886 ex
612 2854 782 2886 habundanti
795 2854 1015 2890 recongnoscere
1027 2855 1175 2891 curaretis,
1194 2854 1226 2884 &
1243 2853 1277 2882 si·-

226 2897 271 2933 bi,
289 2904 319 2925 ut
335 2895 465 2933 superiori
484 2896 518 2925 &
541 2893 650 2924 diseno
671 2893 752 2931 ipsius
774 2893 870 2930 Regni
885 2892 1036 2931 Domino,
1054 2893 1198 2931 pareretis;
1219 2890 1277 2921 adi-

225 2935 302 2965 ciens
320 2933 396 2963 idem
419 2934 563 2964 Dominus
582 2931 676 2962 noster
698 2931 763 2961 Rex
784 2931 861 2970 quod
876 2956 885 2969 ,
904 2931 923 2961 si
940 2932 1030 2969 aliqua
1041 2932 1194 2968 haberetis,
1211 2939 1275 2968 quae

226 2972 316 3009 ipsum
331 2971 347 3000 a
355 2972 417 3009 jure
430 2972 623 3009 superioritaris
637 2970 683 3000 seu
697 2969 796 3000 direffl
810 2970 943 3000 Dominii
958 2969 1091 3000 antedicti
1122 2970 1156 3000 &
1166 2969 1202 2999 ab
1213 2977 1277 2998 exe-

228 3011 343 3040 cutione
357 3010 402 3039 seu
416 3011 547 3040 exercitio
563 3008 632 3038 dieti·
644 3009 711 3046 juris
729 3009 748 3027 *³
769 3008 880 3046 possent
902 3008 1067 3039 excludere:
1087 2994 1125 3038 Et
1140 3009 1277 3044 rationes,

227 3050 261 3079 &
275 3048 447 3078 documenta
460 3048 519 3085 sua,
538 3050 569 3077 ἃ
584 3057 636 3084 pto
652 3047 678 3076 se
692 3047 835 3085 facientia,
854 3057 903 3084 per
916 3047 1049 3077 validiora
1062 3048 1095 3078 &
1107 3045 1278 3083 efficaciora,

225 3087 287 3116 alias
301 3085 457 3123 infirmare,
475 3086 518 3115 illa
533 3095 640 3123 pai-atus
655 3085 730 3116 foret
742 3108 753 3124 ,
778 3085 847 3116 sicut
858 3085 966 3124 justum
981 3085 1065 3123 esset,
1083 3084 1229 3115 admittere
1244 3085 1278 3116 &

223 3125 316 3156 facete
331 3124 407 3162 quod
419 3124 540 3154 deberet.

261 3162 343 3193 Cum
369 3164 479 3200 itaque,
498 3161 643 3199 praemissis
662 3160 758 3192 auditis
772 3185 781 3200 ,
806 3163 839 3194 ὃς
860 3163 967 3200 plenius
983 3161 1132 3193 inteneffls
1148 3162 1163 3191 Ξι
1178 3162 1279 3201 vobis,

226 3209 295 3232 tunc
317 3201 439 3231 inducias
459 3200 586 3239 peteretis
600 3224 609 3237 ,
632 3199 665 3229 ad
689 3200 890 3230 consulendum
914 3201 1070 3239 Episcopos
1083 3225 1092 3239 ,
1118 3199 1251 3230 Praelatos
1269 3223 1278 3238 ,

227 3240 359 3270 Comites
371 3262 382 3278 ,
408 3238 546 3277 BatoneS,
565 3238 706 3276 Nobiles,
724 3240 757 3269 δε
772 3239 1023 3270 Communitatem
1040 3238 1166 3276 praedit-”ti
1183 3239 1277 3278 Regni

226 3277 331 3308 Scotiae
348 3288 354 3307 :
384 3277 429 3307 Ac
451 3278 534 3307 etiam
550 3275 583 3306 ad
600 3276 827 3314 deliberandum,
846 3278 878 3308 ὅ(
896 3277 1119 3316 respondendum
1137 3277 1214 3314 supet
1230 3287 1278 3314 pe-

225 3317 280 3346 titis
296 3328 306 3353 3
331 3315 528 3353 concessaeque
548 3315 629 3345 vobis
644 3315 659 3344 a
686 3315 790 3345 inefato
806 3315 940 3346 Domino
954 3316 1054 3346 nostro
1068 3315 1151 3354 Rege
1165 3315 1279 3346 fuillent

224 3353 362 3392 induciae,
380 3353 526 3391 videlicet,
543 3353 650 3383 Trium
693 3352 899 3384 bdomadarum
921 3356 1038 3395 praecise
1061 3355 1094 3385 &
1116 3363 1279 3391 perempto-

228 3393 285 3422 ri‘e:
303 3394 334 3422 &
356 3403 405 3430 per
427 3402 479 3423 vos
502 3391 622 3421 demum
643 3391 769 3422 admissae
784 3392 817 3422 ad
834 3393 1060 3430 respondendum
1075 3392 1155 3429 super
1171 3393 1279 3431 petitis,

229 3430 263 3460 &
278 3430 311 3460 ad
326 3430 516 3461 exhibendum
531 3431 565 3460 &
579 3428 804 3467 ostendendum,
823 3431 842 3460 si
857 3441 912 3469 qua
927 3433 1118 3469 munimenta,
1133 3431 1180 3460 vel
1193 3431 1280 3468 scrip-

231 3474 277 3504 ta,
293 3468 337 3498 seu
357 3470 461 3506 qnaevis
482 3468 620 3498 haberetis
642 3468 692 3497 alia
711 3467 882 3499 documenta
898 3493 907 3508 ,
929 3480 992 3507 quie
1009 3469 1096 3508 ipsum
1114 3468 1279 3499 Dominum

233 3503 361 3535 nostrum
383 3507 496 3537 Reoem
516 3506 533 3535 {i
552 3507 613 3544 jure
637 3506 830 3543 supetioritatis
851 3507 896 3538 seu
919 3507 1019 3538 direcii
1034 3507 1169 3538 Dominii
1186 3507 1280 3546 Regni

232 3541 334 3571 Scotire
352 3530 494 3581 supradicii
510 3544 621 3582 possent
631 3545 777 3582 repellere,
795 3546 828 3575 &
842 3545 978 3576 Rationes
993 3548 1026 3577 &
1038 3545 1106 3584 Jura
1121 3555 1153 3575 ac
1175 3545 1280 3576 Docu-

233 3589 326 3610 menta
341 3581 399 3619 sua,
419 3584 450 3612 &
463 3593 515 3620 pro
531 3582 558 3613 se
572 3583 699 3613 facientia
714 3593 852 3613 enervare.

272 3615 310 3646 Et
319 3619 407 3660 'nichil
422 3622 542 3650 omnino
558 3644 567 3659 ,
592 3631 690 3651 contra
706 3621 858 3659 pnemiffa,
878 3632 926 3659 per
941 3621 1115 3660 Episcopoe,
1130 3621 1281 3660 Praelatos,

235 3653 364 3697 Comites
380 3679 389 3693 ,
415 3657 533 3702 Batones
546 3681 557 3697 ,
575 3658 737 3697 Magnates,
756 3660 789 3690 &
806 3659 929 3690 Nobiles
945 3661 1051 3698 praefati
1065 3661 1163 3698 Regni
1173 3660 1281 3692 Scotiae

236 3695 398 3732 PTOPOiWO,
416 3697 538 3727 exhibito
555 3698 598 3727 vel
613 3697 743 3735 ostenso,

274 3728 391 3766 Propter
414 3734 489 3776 quod
510 3736 609 3773 vobis,
628 3735 790 3773 EpiscopiS,
808 3734 947 3775 Praelatis,
965 3736 1146 3775 Comitum,
1164 3736 1282 3767 Batoni-

233 3768 303 3810 buS,
325 3767 498 3810 Magnatibus
510 3796 519 3809 ,
538 3772 694 3803 Nobilibus
709 3797 718 3811 ,
735 3775 769 3804 &
784 3773 992 3805 Communitati
1006 3775 1103 3815 Regni
1116 3775 1221 3806 Scotiae
1233 3774 1282 3805 sae—

235 3804 342 3843 pedidh
359 3827 368 3842 ,
393 3806 424 3836 &
446 3808 552 3850 singulis
574 3810 609 3840 de
633 3811 849 3842 Communitate
868 3812 965 3843 eadem
980 3836 990 3851 ,
1014 3814 1062 3845 hic
1083 3813 1281 3851 existentibus,

234 3843 365 3879 praefatus
388 3842 528 3876 Dominus
548 3848 641 3878 noster
656 3872 666 3887 ,
691 3849 845 3879 Edwatdus
868 3850 931 3880 Rex
953 3851 1065 3891 Angliae
1085 3851 1212 3888 illustris,
1231 3860 1280 3888 per

231 3890 303 3918 nos7
320 3879 481 3923 Robertum
496 3906 506 3925 ,
523 3886 701 3949 permistione
721 3887 816 3917 divina
830 3910 840 3924 ,
864 3887 1081 3920 Bathoniensem
1094 3890 1128 3921 &
1149 3888 1279 3918 Wellen-

231 3918 290 3963 (ἐξῆ
307 3917 478 3962 EfflsCOPum
494 3930 520 3963 in
533 3931 703 3965 inuat'atque
718 3925 862 3956 denuntiat
878 3927 972 3965 quod,
993 3929 1063 3959 curn
1079 3937 1113 3958 ex
1127 3936 1202 3965 parte
1215 3935 1278 3957 ves-

230 3963 276 3986 tra
293 3956 373 3987 dieto
386 3956 433 3988 die
445 3957 533 3989 nichil
546 3958 629 3991 fuerit
640 3964 816 4001 propositum
828 3985 839 4002 ,
861 3965 1017 3997 exhibitum
1029 3990 1041 4005 ,
1058 3966 1105 3999 vel
1117 3964 1279 4004 ostensum,

682 73 1479 126 CONVENTIONES,

1336 158 1416 202 quod
1432 160 1477 198 jus
1491 182 1500 197 ,
1524 162 1723 192 executionem
1737 185 1747 200 ,
1764 161 1809 191 seu
1826 159 1990 192 exercitium
2001 157 2075 196 Juris
2090 157 2286 198 superioritatis
2303 160 2337 192 &
2349 161 2393 193 di·
2413 163 2490 195 Ann.
2497 162 2540 198 D.

1336 198 1406 227 recti
1429 198 1561 228 Dominii
1579 198 1617 231 sui
1639 200 1766 238 praedicti
1781 199 1881 231 debeat
1892 198 2062 237 aliquatenus
2076 198 2231 236 impedire,
2249 201 2392 232 autetiam
2437 212 2522 242 1292.

2410 243 2477 271 Edv.
2500 252 2524 270 ι.

1536 73 1932 122 LITER'AE‚

1337 235 1486 266 retardare:

1354 313 1358 317 Β
1376 273 1542 316 Intentionis
1561 274 1615 305 fuce
1636 275 1680 307 es'c
1701 276 1729 306 in
1752 276 1868 316 negotio
1887 274 1946 313 ipso
1961 272 2115 312 procedere
2126 273 2189 312 jure
2199 276 2334 314 proprio,
2352 286 2395 307 ra-

1338 320 1417 342 tione
1438 314 1632 350 iuperioritatis
1648 316 1681 346 &
1702 315 1803 345 dircen
1825 314 1960 344 Dominii
1976 337 1985 351 ,
2015 313 2094 350 qriod
2114 313 2166 342 sibi
2188 313 2341 344 dinoscitur
2361 316 2392 345 in

1337 350 1444 393 Regno
1467 360 1631 388 competere
1651 362 1811 383 memorato
1824 375 1833 390 ,
1851 352 1884 382 ad
1899 351 2154 389 cognoscendum,
2171 350 2394 392 discutiendum,

1338 389 1371 419 &
1395 389 1594 432 diffiniendum
1617 390 1653 421 de
1671 392 1733 430 jure
1748 391 1917 431 singulariter
1932 389 2122 430 singulorum,
2142 391 2190 428 qui
2205 390 2239 420 ad
2253 391 2393 429 Regnum

1337 426 1505 463 praedietum
1517 429 1561 466 jus
1578 429 1627 459 sibi
1639 429 1789 460 vendicant
1807 439 1926 468 quoquo
1942 428 2039 459 inodo.

1377 464 1484 503 Unde,
1502 475 1536 495 ex
1551 476 1629 506 parte
1641 467 1719 505 supra
1734 469 1871 499 nominati
1886 468 2009 498 Domini
2024 464 2128 504 nostri,
2141 456 2235 504 Regis
2249 466 2394 508 Edwardi,

1338 501 1374 532 de
1387 502 1437 533 suo
1448 503 1555 542 speciali
1568 506 1700 536 mandato
1714 529 1724 544 ,
1742 507 1758 536 a
1772 507 1872 544 vobis,
1889 505 2005 536 Roberto
2019 504 2050 534 de
2065 507 2138 533 Brus
2155 504 2290 536 Domino
2306 506 2392 538 Vallis
2408 498 2526 566 gzss'fm

1339 540 1476 584 Anandiae
1492 565 1502 580 ,
1524 544 1571 580 qui
1592 544 1621 573 in
1643 544 1816 575 successione
1835 544 1961 582 piaeditsti
1980 544 2075 583 Regni
2086 542 2209 581 Scotiae,
2227 545 2298 574 inter
2308 545 2394 586 alios,

1339 588 1387 617 qui
1405 589 1449 618 jus
1471 580 1639 612 succedendi
1653 583 1682 612 in
1699 582 1774 613 idem
1794 583 1929 614 Remum
1944 582 2065 613 asserunt
2080 581 2106 611 se
2121 581 2236 620 habere,
2251 583 2297 621 jus
2309 585 2393 615 vobis

1338 627 1502 662 competere
1522 619 1613 650 dicitis
1629 645 1638 659 ,
1663 622 1816 660 quim-imus
1838 608 1872 652 ἓ(
1893 631 1945 652 vos
1963 622 2166 659 interrogamus
2180 643 2190 659 ,
2207 621 2238 650 in
2251 621 2396 658 praesentifi

1340 654 1547 696 Episcoporum
1560 682 1570 696 ,
1596 659 1781 690 Praelatorum
1793 684 1803 698 ,
1829 659 1982 691 Comitum
1999 683 2009 698 ,
2026 658 2186 697 Baronum,
2206 658 2243 688 M
2300 669 2396 700 atum,

1340 694 1374 724 &
1388 694 1564 734 Procerum,
1581 707 1615 728 ac
1627 697 1850 729 Communitatis
1867 698 2006 737 utriusque
2020 697 2115 736 Regni
2139 697 2186 728 hic
2201 698 2244 727 exi
2271 699 2396 738 entium;

1339 742 1394 771 an,
1413 733 1492 772 super
1508 736 1645 772 petitione
1660 736 1766 775 vestrci,
1783 736 1818 766 ad
1833 735 2040 767 succedendum
2063 737 2091 766 in
2112 721 2251 776 Regnum
2273 738 2394 774 ptaedic-

1340 778 1419 810 tum,
1438 783 1536 803 coram
1560 783 1720 805 memorato
1740 775 1873 805 Domino
1896 774 1996 805 nostro
2010 774 2093 821 Rege
2107 773 2233 814 Anghae,
2248 783 2393 815 tamquam

1339 819 1437 853 coram
1460 810 1601 849 superiore
1621 813 1654 843 &
1669 814 1779 843 directo
1795 813 1926 843 Domino
1938 813 2034 852 Regni
2049 813 2170 851 beotiae,
2185 814 2241 851 juri
2256 813 2327 845 state
2343 826 2394 847 ve-

1337 847 1411 878 litis?
1431 848 1475 892 Et·
1485 850 1528 893 ab.
1541 860 1578 880 eo
1591 875 1601 888 ,
1621 852 1655 881 &
1671 861 1770 882 coram
1783 861 1819 882 eo
1835 861 1947 891 petere,
1962 851 2143 891 respondere,
2161 852 2194 882 &
2207 853 2331 891 recipere
2345 854 2391 886 su-

1336 895 1386 924 per
1399 887 1455 917 hoc
1465 888 1578 926 justitiae
1590 891 1856 928 complementum?

1376 925 1423 969 Ad
1438 936 1501 970 qux
1515 928 1666 965 praedistus
1677 927 1808 958 Robertus
1822 930 1854 958 de
1870 931 1942 957 Brus
1955 927 2072 958 finaliter
2085 929 2119 960 &
2132 929 2272 968 expresse,
2291 940 2390 963 coram

1337 962 1483 1010 Episcopis
1497 989 1506 1003 ,
1532 966 1654 996 Praelatis
1669 990 1680 1006 ,
1705 966 1870 998 Comitibus
1884 991 1894 1005 ,
1917 966 2072 997 Bai-onibus
2088 992 2097 1005 ,
2123 966 2301 1006 Magnatibus
2318 993 2328 1008 ,
2355 971 2390 1002 ὃς

1337 1002 1556 1035 Communitate
1576 1005 1716 1043 praedietis
1761 1006 1794 1036 &
1814 1005 1893 1036 nullo
1918 1005 2132 1035 contradicente
2147 1007 2189 1036 vel
2206 1006 2390 1048 reclamante,

1335 1041 1494 1085 respondit,
1512 1044 1590 1081 quod
1606 1043 1717 1074 dietum
1730 1030 1895 1074 Dominum
1910 1042 2082 1074 Edwardum
2107 1042 2218 1080 Regem
2233 1045 2342 1085 Angli-ae
2360 1049 2390 1078 iri

1333 1079 1507 1123 superiorem
1530 1082 1564 1113 &
1585 1082 1736 1113 Direetum
1751 1082 1915 1113 Dominum
1932 1081 2028 1119 Regni
2043 1081 2148 1112 Scotiae
2161 1082 2275 1120 publice
2291 1094 2392 1125 recog-

1334 1122 1437 1162 noicit:
1455 1119 1493 1150 Et
1509 1123 1602 1163 aperte
1613 1121 1748 1152 concedit
1763 1121 1833 1151 stare
1842 1122 1898 1160 juri
1915 1131 2015 1151 coram
2029 1130 2066 1151 eo
2078 1120 2156 1159 supet
2166 1131 2228 1159 jure
2240 1122 2392 1154 successio-

1333 1166 1392 1196 nis,
1414 1159 1492 1195 quod
1507 1160 1557 1189 sibi
1568 1159 1601 1191 ad
1616 1160 1764 1198 praefatum
1774 1159 1910 1190 Reonum
1922 1160 2027 1189 Scoriae
2042 1160 2183 1196 competit
2217 1170 2316 1199 uoqwo
2324 1171 2390 1192 mo-

1331 1195 1389 1233 do,
1410 1196 1442 1226 &
1454 1198 1538 1227 etiam
1554 1198 1587 1229 ad
1601 1198 1771 1238 petendum,
1789 1185 2017 1239 respondendum
2031 1198 2065 1228 &
2080 1199 2200 1236 recipien
2223 1209 2272 1228 um
2286 1200 2322 1230 ab
2336 1210 2391 1239 eo,

1332 1235 1365 1265 &
1386 1244 1485 1278 coram
1504 1246 1541 1266 eo
1557 1261 1567 1276 ,
1591 1238 1661 1268 licut
1681 1239 1698 1268 a
1719 1238 1860 1275 superiore
1880 1238 1913 1269 &
1935 1237 2044 1267 direclo
2062 1235 2197 1267 Domino
2211 1237 2279 1268 dieii
2295 1237 2392 1278 Regni

1331 1272 1452 1312 Scotiae,
1471 1283 1501 1305 ut
1517 1277 1710 1314 praemittirur,
1728 1276 1972 1314 complementum
1982 1274 2094 1314 justitiae
2108 1276 2138 1305 in
2152 1275 2205 1306 hac
2221 1285 2306 1314 pirre.

1366 1310 1458 1348 Item,
1478 1313 1492 1342 ii
1515 1315 1597 1345 vobis
1610 1338 1620 1353 ,
1646 1314 1781 1344 Florentio
1794 1318 1893 1344 Comite
1907 1312 2082 1352 Hollandiae,
2100 1313 2147 1352 qui
2161 1315 2190 1344 in
2203 1314 2388 1347 Succeslione
2402 1328 2498 1358 mm,
2534 1333 2539 1342 =

1330 1350 1438 1387 praefati
1452 1350 1546 1391 Regni
1558 1352 1758 1392 Scotiae,inter
1772 1353 1858 1390 alios,
1877 1354 1926 1391 qui
1938 1353 1982 1391 jus
1995 1351 2161 1382 succedendi
2176 1353 2204 1383 in
2221 1354 2295 1384 idem
2306 1354 2386 1395 Reg-

1330 1467 1363 1495 &
1386 1476 1438 1496 vos
1457 1468 1659 1508 interrogamus
1674 1493 1684 1506 ,
1707 1469 1736 1498 in
1758 1468 1899 1506 praesentia
1920 1467 2126 1505 Episcoporum
2139 1492 2149 1507 ,
2176 1468 2361 1501 Praelatorum

1330 1503 1482 1550 Comitum
1498 1530 1506 1545 ,
1532 1506 1674 1538 Baronum
1688 1532 1698 1545 ,
1719 1506 1907 1546 Magnarum,
1925 1507 1959 1537 &
1973 1506 2148 1544 Procerum,
2165 1517 2198 1538 ac
2210 1496 2386 1540 Communil

1328 1550 1389 1573 tatis
1406 1545 1547 1583 utriusque
1562 1545 1656 1585 Regni
1692 1546 1740 1576 hic
1754 1545 1947 1583 existentium,
1967 1555 2021 1582 an,
2039 1544 2118 1585 supet
2129 1546 2265 1582 petitione
2277 1548 2385 1588 vestra,

1328 1580 1363 1610 ad
1385 1582 1593 1614 succedendum
1611 1586 1639 1615 in
1686 1593 1790 1624 egnum
1804 1583 1991 1622 praedietum,
2006 1593 2105 1614 coram
2120 1583 2237 1621 praefato
2251 1585 2386 1618 Domino

1328 1620 1428 1650 nostro
1443 1621 1524 1662 Rege
1537 1647 1547 1661 ,
1573 1631 1718 1662 tamquam
1740 1633 1838 1654 coram
1852 1623 1991 1660 superiore
2003 1622 2036 1653 &
2048 1621 2157 1653 directo
2168 1622 2302 1655 Domino
2317 1624 2386 1657 dieti

1329 1657 1422 1698 Regni
1443 1660 1549 1692 Scotiae
1564 1685 1573 1700 ,
1594 1663 1648 1700 juri
1669 1662 1740 1692 stare
1753 1662 1864 1692 velitis?
1883 1660 1921 1692 Et
1936 1661 1971 1691 ab
1987 1670 2040 1699 eo,
2059 1662 2092 1691 &
2108 1671 2205 1692 coram
2220 1672 2256 1693 eo
2273 1672 2386 1703 petere,

1328 1697 1512 1737 respondere,
1530 1701 1563 1731 &
1578 1702 1702 1738 recipere
1714 1700 1793 1738 super
1807 1701 1864 1730 hoc
1876 1699 1991 1739 justitiae
2005 1700 2271 1738 complementum?

1366 1736 1412 1766 Ad
1433 1747 1499 1781 'quae
1521 1739 1671 1776 praedidius
1686 1743 1776 1769 comes
1791 1738 1907 1769 finaliter
1919 1738 1953 1769 &
1968 1738 2091 1776 expresse
2105 1747 2204 1769 coram
2218 1738 2383 1784 Episcopis,

1328 1773 1469 1819 Bnelatis,
1488 1776 1667 1816 comitibus,
1685 1777 1857 1816 Batonibus,
1878 1775 2385 1817 Magnatibus,Communitateprae-

1328 1811 1412 1857 dn‘bs
1425 1836 1434 1851 ,
1460 1815 1493 1845 &
1514 1815 1593 1846 nullo
1615 1816 1827 1847 contradicente
1849 1815 1894 1846 vel
1916 1815 2085 1846 reclamante
2102 1838 2111 1853 ,
2128 1815 2288 1854 respondit,
2304 1817 2383 1855 quod

1327 1852 1497 1919 pjraedifitum
1512 1853 1678 1885 Dominum
1694 1855 1806 1895 Regem
1825 1853 1952 1894 Angliae,
1969 1855 1998 1884 in
2011 1853 2181 1891 superiorem
2196 1855 2229 1886 &
2243 1855 2385 1887 directum

1362 1900 1493 1934 ominum
1509 1892 1578 1923 dicii
1593 1893 1688 1931 Regni
1701 1894 1808 1925 Scotiae
1822 1893 1935 1931 publice
1949 1892 2143 1930 recognoscit:
2154 1892 2192 1923 Et
2204 1895 2298 1932 aperte
2312 1904 2384 1925 con-

1328 1928 1404 1959 cedit
1425 1929 1495 1962 stare
1512 1932 1568 1969 juri
1590 1942 1689 1962 coram
1712 1942 1749 1963 eo
1763 1957 1773 1971 ,
1798 1931 1878 1970 supet
1896 1932 1959 1970 jure
1973 1930 2169 1970 successionis,
2187 1931 2266 1970 quod
2285 1932 2334 1963 libi
2348 1932 2384 1964 ad

1327 1967 1475 2004 praefarum
1495 1969 1633 2010 Regnum
1657 1971 1765 2001 Scotiae
1783 1972 1922 2009 competit
1941 1980 2059 2008 quoquo
2078 1970 2185 2007 mod03
2203 1972 2238 2002 &
2252 1972 2336 2002 etiam
2348 1971 2384 2003 ad

1326 2007 1482 2043 petendum
1496 2031 1506 2047 ,
1532 2009 1757 2047 respondendum
1772 2032 1782 2047 ,
1799 2010 1833 2041 &
1844 2008 2038 2046 recipiendum
2051 2009 2087 2039 ab
2101 2018 2154 2047 eo,
2169 2009 2309 2040 &coram
2324 2020 2379 2050 eo,

1328 2044 1398 2075 sicut
1421 2047 1436 2076 ὲ
1457 2047 1476 2066 *
1498 2047 1637 2086 superiore
1659 2048 1692 2079 &
1712 2047 1822 2078 directo
1840 2047 1973 2078 Domino
1993 2047 2074 2086 ipsius
2096 2047 2191 2088 Regni
2213 2047 2335 2088 Scotiae,
2353 2058 2384 2081 ut
2400 2057 2533 2095 *11.546,

1326 2085 1519 2151 preiemittitur,
1538 2087 1784 2124 complementum
1795 2085 1909 2124 justitiae
1924 2087 1953 2116 in
1967 2086 2021 2116 hac
2036 2094 2121 2130 parte.

1378 2131 1436 2153 tem

1325 2238 1409 2283 libatio
1423 2238 1545 2269 Domini
1564 2240 1654 2270 nostri
1678 2240 1766 2277 Regis
1791 2240 1919 2279 Angliae,
1939 2241 1972 2271 &
1988 2239 2025 2270 de
2039 2239 2088 2270 suo
2100 2239 2208 2278 speciali
2227 2251 2293 2271 man
2314 2251 2380 2281 ato,

1325 2286 1474 2314 qu'xrlmus
1489 2279 1522 2309 &
1537 2289 1590 2309 vos
1606 2280 1810 2316 interrogamus
1826 2280 1854 2308 in
1889 2278 2012 2308 raesentia
2027 2277 2260 2318 Episcoporum,
2278 2279 2382 2310 Praela-

1324 2324 1419 2346 torum
1456 2315 1610 2348 Comitum
1625 2341 1635 2356 ,
1659 2316 1822 2355 Beronum,
1879 2325 2011 2356 agnatum
2025 2326 2058 2346 ac
2073 2315 2297 2348 Communitatis
2314 2320 2382 2350 utri-

1326 2354 1362 2384 us
1378 2364 1412 2384 ue
1427 2340 1526 2399 Regni
1573 2355 1620 2385 hic
1635 2355 1811 2386 existentium
1825 2366 1835 2392 3
1854 2365 1889 2385 an
1903 2355 1983 2393 super
1996 2355 2132 2392 petitione
2146 2355 2255 2395 vestra,
2272 2356 2306 2387 ad
2320 2357 2383 2388 suc-

1325 2402 1359 2423 cc
1379 2392 1485 2423 endum
1502 2403 1530 2423 in
1540 2379 1684 2432 Regnum
1697 2393 1885 2432 praedici-um,
1903 2403 2002 2424 coram
2015 2392 2158 2424 antedicto
2171 2393 2304 2425 Domino
2313 2405 2383 2426 nos-

1324 2439 1369 2461 tro
1390 2431 1471 2471 Rege
1492 2432 1602 2471 Angliae
1616 2457 1625 2470 ,
1644 2442 1790 2471 tamquam
1802 2442 1902 2463 coram
1917 2432 2057 2470 superiore
2071 2431 2105 2462 &
2119 2432 2230 2464 directo
2245 2433 2381 2465 Domino

1323 2470 1451 2507 praedidti
1470 2469 1565 2510 Regni
1583 2471 1687 2502 Scotiae
1702 2495 1712 2509 ,
1726 2471 1780 2510 juri
1799 2470 1869 2501 stare
1882 2470 1990 2501 velitis?
2007 2470 2045 2501 Et
2060 2471 2096 2500 ab
2110 2480 2165 2509 eo,
2182 2472 2216 2502 &
2230 2481 2328 2503 coram
2343 2483 2381 2504 eo

1321 2517 1417 2569 peter>e
1432 2532 1442 2548 ,
1468 2509 1635 2548 respondere
1649 2534 1658 2549 ,
1681 2510 1714 2541 &
1732 2510 1857 2548 recipere
1879 2508 1959 2548 super
1974 2508 2032 2540 hoc
2048 2507 2161 2547 justitiae
2182 2510 2382 2548 complemen-

1320 2556 1396 2578 tuin.

1359 2585 1406 2615 Ad
1430 2595 1493 2624 quae
1511 2585 1662 2624 ptaediikus
1677 2586 1815 2621 'Johannes
1829 2585 1946 2617 finaliter
1961 2586 1995 2617 &
2009 2585 2134 2624 expresse
2149 2595 2248 2618 coram
2263 2587 2383 2626 Episco-

1323 2625 1382 2662 pis,
1408 2623 1531 2654 Praelatis
1542 2649 1552 2662 ,
1572 2624 1737 2656 Comitibus
1751 2650 1761 2664 ,
1780 2625 1952 2663 Batonibus,
1970 2624 2168 2664 Magnatibus,
2186 2626 2219 2656 ὅ(
2233 2625 2381 2657 Commu-

1321 2665 1405 2693 nitate
1419 2662 1576 2702 praedidl-is,
1590 2665 1624 2695 &
1637 2664 1716 2694 nullo
1730 2663 1942 2694 contradicente
1956 2662 2001 2693 seu
2013 2663 2198 2701 reclamante,
2215 2664 2355 2701 respondit
2368 2676 2381 2703 ς

1321 2700 1401 2739 quod
1415 2701 1580 2738 praedirimm
1596 2701 1762 2732 Dominum
1777 2701 1890 2739 Regem
1901 2700 2028 2744 Angliae,
2045 2702 2075 2730 in
2095 2700 2266 2738 superiorem
2287 2702 2321 2732 &
2335 2702 2380 2732 di-

1322 2739 1433 2769 rectum
1457 2739 1620 2769 Dominum
1646 2739 1744 2776 Regni
1766 2738 1871 2770 Scotiae
1885 2738 1998 2776 publice
2013 2739 2207 2775 recognoscit:
2228 2738 2266 2769 Et
2280 2750 2294 2769 a
2317 2748 2377 2771 erte

1322 2776 1457 2808 concedit
1478 2777 1547 2807 state
1565 2778 1638 2816 juti,
1657 2787 1755 2807 coram
1769 2787 1821 2815 eo,
1839 2777 1919 2815 super
1930 2777 1992 2814 jure
2005 2775 2215 2815 Succeffionis,
2233 2788 2271 2816 qu
2326 2779 2377 2809 sibi

1321 2816 1355 2846 ad
1376 2823 1569 2846 memoratum
1591 2815 1728 2855 Regnum
1746 2815 1852 2846 Scotiae
1873 2815 2012 2852 competit
2031 2825 2150 2853 quoquo
2173 2815 2282 2855 modo,
2300 2818 2334 2848 ὃς
2349 2827 2380 2848 e-

1321 2856 1388 2886 tiam
1409 2854 1442 2883 ad
1464 2854 1617 2892 petendum
1632 2877 1642 2892 ,
1666 2852 1895 2893 respondendum
1910 2876 1920 2892 ,
1943 2854 1978 2884 &
1990 2853 2204 2892 recipiendum,
2220 2855 2256 2884 ab
2271 2865 2306 2885 eo
2342 2856 2378 2887 &

1321 2903 1420 2924 coram
1435 2902 1488 2931 eo,
1505 2892 1574 2923 sicut
1588 2893 1604 2922 Ξι
1616 2892 1756 2931 superiore
1771 2893 1805 2924 &
1825 2891 1934 2923 directo
1956 2891 2091 2922 Domino
2112 2891 2182 2922 dieii
2197 2892 2292 2934 Regni
2344 2904 2379 2925 0-

1321 2933 1385 2971 tiae,
1402 2940 1432 2962 ut
1445 2931 1641 2971 praemittitur,
1659 2931 1907 2969 complementum
1919 2929 2032 2969 justitiae
2043 2932 2073 2961 in
2084 2930 2137 2962 hac
2153 2939 2240 2970 parte.

1359 3005 1550 3039 Postmodum
1562 3015 1674 3046 autem,
1690 3007 1817 3039 Nobiles
1830 3007 1891 3039 Viri
1900 3031 1911 3047 ,

1360 3086 1497 3115 Patricius
1511 3085 1543 3114 de
1555 3083 1679 3115 Dombar
1693 3087 1783 3115 Comes
1796 3086 1828 3115 de
1842 3084 1990 3116 Marchia:

1363 3121 1525 3154 Willielmus
1539 3125 1570 3153 de
1584 3126 1637 3153 Ros
1645 3134 1654 3152 :

1361 3160 1500 3192 Walterus
1514 3162 1546 3191 a'e
1559 3161 1776 3201 Huntercumbe:
2395 3179 2451 3207 qm,

1361 3202 1522 3230 Procurator
1535 3202 1585 3239 Jeu
1605 3205 1781 3231 Attornatus
1803 3199 1948 3231 Willielmi
1969 3200 2001 3231 de
2021 3195 2114 3240 Vefiy,
2126 3206 2177 3238 pro
2189 3197 2242 3239 ἔχ’-[ὅ
2257 3197 2382 3231 Williel-

1360 3249 1492 3307 Rozfr'tus
1506 3276 1539 3305 de
1553 3277 1695 3317 Pynkmy,
1715 3275 1753 3313 &¹

1399 3313 1529 3346 Nicolaus
1542 3316 1575 3344 de
1585 3314 1673 3345 Soules
1682 3340 1692 3354 ,

1361 3390 1597 3436 Accedentes,se
1612 3393 1751 3430 petierunt
1764 3392 1890 3431 admitti,
1908 3392 2028 3431 quilibet
2047 3401 2099 3430 pei·
2119 3391 2146 3422 se
2156 3414 2167 3431 ,
2184 3391 2288 3423 scilicet
2303 3391 2378 3431 sepa-
2421 3388 2424 3392 ’

1323 3439 1407 3499 ᾔτηη
1422 3433 1747 3499 ,miiisczegissionZ-jugs,
1763 3431 1841 3500 ςὲοέ
1857 3431 1951 3469 quoad
1965 3429 2175 3462 succedendum
2188 3432 2218 3461 in

1413 3481 1429 3499 u
1555 3480 1559 3486 ·
1604 3479 1620 3498 e
1653 3480 1697 3500 ice
1718 3480 1764 3500 ant
1799 3480 1813 3500 a
1835 3480 1896 3500 ere·

1357 3478 1410 3538 {p
1423 3506 1542 3545 requisiti
1553 3516 1585 3536 ac
1603 3508 1778 3547 interrogati,
1818 3493 1911 3539 uilibet
1924 3517 1974 3546 pet
1990 3506 2034 3545 se,
2051 3507 2067 3536 a
2080 3506 2218 3545 praedksto
2233 3505 2376 3545 Episcopo

1324 3545 1480 3584 singillatim
1503 3553 1537 3574 ex
1559 3553 1636 3582 parte
1657 3547 1784 3584 praediCti
1839 3547 1931 3577 omini
1943 3545 2030 3585 Regis
2045 3544 2172 3585 Angliae,
2189 3547 2218 3576 in
2233 3543 2376 3583 ptaesentia

1323 3582 1553 3626 Episcoporum,
1577 3582 1763 3626 Praelatorum
1813 3585 1966 3618 Comitum
1980 3607 1990 3622 ,
2008 3583 2170 3622 Batonum,
2189 3582 2356 3622 Magnarum
2363 3604 2375 3620 ,

1322 3631 1356 3651 ac
1375 3621 1601 3667 Communitatis
1619 3623 1758 3661 utriusque
1778 3608 1874 3663 Regni
1895 3622 2001 3652 ibidem
2015 3621 2207 3659 praesentium3
2225 3630 2276 3664 an,
2293 3619 2376 3657 super

1324 3667 1460 3697 petitione
1481 3658 1528 3689 sua
1542 3681 1552 3697 ,
1577 3660 1610 3690 ad
1633 3661 1842 3692 succedendum
1857 3663 1887 3692 iri
1901 3660 2037 3699 Regnum
2053 3659 2157 3691 Scotiae
2168 3657 2373 3696 supradictum,

1325 3707 1427 3740 coram
1447 3697 1526 3734 supra
1546 3699 1694 3730 nominato
1715 3700 1850 3731 Domino
1872 3699 1901 3730 R
1939 3709 1955 3728 e
1972 3698 2083 3738 Angliae
2117 3705 2260 3734 nimquam
2274 3705 2374 3727 coram

1323 3735 1465 3775 superiore
1479 3737 1511 3766 &
1525 3734 1635 3767 direElo
1651 3737 1785 3769 Domino
1801 3738 1898 3777 Regni
1932 3737 2033 3774 cotiae,
2051 3721 2155 3767 veilent
2167 3734 2237 3763 stare
2247 3733 2318 3770 juri?
2336 3734 2376 3766 Et
2409 3754 2414 3758 ·

1325 3773 1365 3817 ab·
1375 3783 1428 3810 eo,
1447 3774 1480 3804 ὃς
1496 3783 1593 3805 coram
1607 3786 1642 3806 eo
1658 3785 1767 3815 petere,
1785 3775 1952 3814 respondere
1963 3775 1997 3805 &
2011 3775 2135 3812 recipere
2154 3771 2234 3813 super
2246 3772 2304 3803 hoc
2316 3773 2376 3811 jus-

1324 3812 1695 3894 titiffdggxmffigrffigu’mger
1717 3853 1744 3883 se
1766 3852 1882 3890 quilibet
1901 3850 2043 3893 separatim
2058 3871 2068 3886 ,
2089 3857 2189 3878 coram
2210 3846 2375 3891 Episcopi-i,

1323 3886 1445 3931 Praelatis
1459 3912 1468 3925 ,
1489 3887 1669 3930 Comitibus,
1685 3891 1838 3922 Britonibus
1849 3913 1859 3928 ,
1879 3887 2060 3927 Magnatibus
2072 3907 2084 3923 9
2101 3887 2135 3916 ὅτ
2158 3884 2376 3918 Communitate

1323 3925 1482 3970 praedietis,
1499 3928 1531 3958 ὅ(
1546 3928 1624 3959 nullo
1637 3928 1849 3960 contradicente
1864 3928 1909 3958 seu
1924 3926 2106 3961 reclamante,
2126 3924 2326 3963 responderunt
2340 3924 2376 3956 fi-
2424 3955 2427 3958 ,

1321 3964 1419 3997 naliter
1433 3965 1467 3998 ὅτ
1483 3967 1623 4007 expresse,
1641 3967 1720 4007 quod
1731 3967 1880 4007 praefatum
1892 3964 2057 3996 Dominum
2070 3961 2185 4002 Regem
2198 3962 2329 4033 Angliaefi,
2345 3964 2378 4032 ig

1330 1398 1401 1418 num
1417 1389 1538 1420 asserunt
1554 1391 1580 1422 se
1592 1392 1711 1430 habere,
1726 1393 1769 1436 jus
1782 1393 1863 1422 vobis
1880 1399 2043 1428 competere
2055 1391 2164 1429 dicitis,
2180 1401 2215 1422 ex
2230 1402 2388 1432 parteprae-
2402 1376 2454 1434 :7¹:25⁵
2460 1373 2521 1434 (Ξῖ

1329 1426 1397 1457 dieti
1413 1427 1537 1459 Domini
1558 1429 1645 1460 nostri
1661 1430 1750 1467 Regis
1762 1453 1771 1468 ,
1789 1431 1822 1461 &
1837 1429 1873 1460 de
1888 1430 1938 1460 suo
1951 1429 2060 1467 speClali
2072 1430 2205 1460 mandato
2222 1442 2387 1472 quaes¹¹¹³us>
2402 1444 2497 1473 laodic.

1422 2163 1426 2167 .
1442 2146 1471 2192 l}
1486 2134 1502 2153 a
1523 2125 1605 2169 vobis
1617 2148 1632 2169 ,ἡ
1644 2124 1778 2169 Jolqanne
1791 2126 1822 2154 de
1836 2123 1998 2169 Hastigzges,
2017 2125 2064 2163 qui
2076 2134 2106 2154 in
2122 2123 2305 2156 Successione
2320 2135 2382 2157 me·
2396 2133 2524 2171 Johannes

1325 2170 1426 2192 morati
1474 2173 1540 2200 egni
1554 2163 1677 2201 Scotiae,
1695 2173 1767 2207 inter
1779 2164 1865 2207 alios,
1883 2173 1931 2201 qui
1941 2173 1985 2202 Jus
2002 2162 2170 2208 succedendi
2184 2164 2294 2194 inidem
2302 2164 2381 2205 Reg-
2396 2172 2529 2209 deHafl1n3

1327 2209 1397 2230 num
1413 2200 1533 2232 asserunt
1552 2201 1579 2232 se
1592 2202 1710 2240 habere,
1721 2212 1766 2240 Jus
1779 2202 1860 2232 vobis
1874 2209 2038 2239 competere
2051 2201 2157 2239 dicitis,
2176 2211 2211 2232 ex
2223 2211 2301 2240 parte
2329 2213 2382 2233 rae-
2392 2221 2445 2247 ges.

2397 3095 2525 3131 Compei-⁴

2395 3138 2458 3160 tores
2465 3132 2526 3160 reli«

2230 3430 2377 3482 Pfaefflussn
2391 3443 2431 3468 M.
2452 3448 2478 3476 3.
