2570 4261
108 192 184 225 Anii.
201 190 243 222 D.

80 256 83 259 ,
131 240 213 267 1252.

108 275 172 298 Heu.
195 279 222 305 3.

99 1002 175 1033 Arin.
192 1000 231 1031 D.

122 1049 205 1078 1252.

98 1083 150 1107 An.
169 1081 212 1116 36.

97 1140 138 1183 Er
153 1138 210 1183 isu-
229 1179 231 1181 .

96 1202 160 1230 togr.

85 2600 142 2630 '1-
157 2599 223 2636 486.

87 2676 164 2707 Ann.
182 2673 223 2704 D.

110 2722 194 2751 1252.

88 2757 140 2782 An.
160 2754 202 2788 36.

89 2797 124 2821 Η.
142 2801 166 2827 3.

90 2834 130 2857 Ex
147 2833 202 2856 Au-

88 2874 152 2905 ngr.

97 3748 175 3780 Ann.
192 3748 233 3779 D.

120 3795 203 3824 1252.

98 3830 152 3854 An.
172 3835 215 3862 37.

100 3868 136 3891 H.
156 3874 181 3900 3.

99 3907 141 3930 Ex
154 3906 212 3929 Au-

98 3947 162 3977 logr-

271 123 345 162 172

265 198 292 227 in
305 195 393 226 coi—<le
406 193 546 226 contricio
558 193 592 224 &
608 191 726 230 humili,
743 191 811 230 pure
826 190 962 222 Domino
974 188 1133 227 adolentes,
1151 197 1184 218 ac
1200 184 1322 218 offeren-

262 244 303 266 tes
317 233 473 264 vestrorum
486 233 585 263 vitulos
599 231 756 268 labiorum,
775 229 881 260 instetis
893 229 1050 267 suppliciter
1065 227 1139 267 apud
1157 226 1245 294 ipsum
1257 234 1324 263 pro-

262 273 429 304 ceil'ionibus
443 273 475 302 ὃ(
492 270 611 307 letaniis,
630 270 774 307 praecipue
788 268 884 299 diebus
898 268 1063 298 Dominicis
1076 269 1109 298 ὅτ,
1124 266 1172 295 Fei
1188 266 1253 301 iVis,

300 312 393 349 Qvod
403 333 411 347 ‚
428 311 464 339 de
478 307 665 338 habundantia
679 307 784 347 pietatis
797 306 868 343 suae,
883 316 947 345 quse
962 307 1062 336 merita
1070 304 1227 342 supplicum
1238 310 1322 345 exce—

261 349 301 380 dit
325 352 358 380 ὃς
378 357 442 378 vota
458 369 467 384 ,
493 347 615 383 ejusdem
637 346 725 384 Regis
737 368 746 383 ,
763 346 796 376 «Sc
813 343 968 375 Comitivae
988 344 1044 375 suae
1066 344 1168 384 greffiis
1198 341 1325 370 faehclter

260 388 372 425 dirigat,
390 387 422 416 &
437 386 527 422 ipsum
541 386 571 415 in
586 386 730 423 propofiio
745 385 824 414 bono
836 384 1004 414 corroboret
1019 384 1052 414 &
1068 382 1227 412 conservet:
1287 417 1292 421 ¹

297 426 341 454 Ac
365 434 464 454 terrain
478 447 487 460 ,
533 433 597 454 uam
620 423 676 461 ipse
696 422 824 453 Christus
842 423 956 460 proprio
979 421 1110 458 sanguine
1132 417 1324 459 consecraVit,

258 463 383 503 praedieti
400 461 491 495 Regis
525 462 608 492 tudio
630 461 769 492 mediante
784 484 794 499 ,
817 461 852 492 de
868 461 1004 503 ,manibus
1022 460 1206 490 inimicorum
1220 454 1324 484 Crucis

258 502 390 538 eripiens,
409 501 530 530 restituat
546 501 634 531 cultui
648 499 814 537 christiano,
1194 534 1198 538 ,
1281 531 1286 537 ,

298 539 406 569 Votum
430 538 554 576 ejusdem
574 539 686 576 Regis,
705 540 738 569 ὃς
760 538 933 575 sequentium
954 545 1021 566 eum
1035 558 1046 574 ,
1063 535 1096 565 ad
1113 535 1169 572 ejus
1181 533 1322 562 liberatio-

259 587 325 609 nem
340 577 520 616 instantium,
538 579 568 608 in
581 578 658 608 viam
676 577 764 607 iiilutis
774 585 887 607 aeternae
901 573 1114 605 misericorditer
1128 570 1284 611 dirigendo.

293 653 362 684 Dat.
379 653 500 694 Petusii,
521 663 558 694 14
565 653 632 684 Kal.
642 652 792 684 Novemb.
807 650 992 683 Pontificatsis
1004 649 1092 680 nostri
1107 658 1184 679 anno
1196 647 1322 678 decimo.

614 729 741 760 Plumbeo
753 728 843 767 Sigillo
850 727 982 768 pendente
997 739 1015 756 a
1021 725 1073 769 filo
1090 723 1216 755 canabeo.

259 800 1320 817 ffl———ffl—

259 857 347 890 Bulla
365 855 400 889 de
421 869 476 888 non
488 854 686 902 permittendo
713 857 821 901 Regem
844 853 959 900 Angliae
975 849 1145 895 molestari,
1173 849 1321 896 quousque

519 917 608 937 rever
622 916 656 936 us
664 903 765 948 fuerit
781 915 800 934 a
817 904 914 936 ‘Te’rra
925 901 1046 947 slmffli.
1307 923 1311 927 -

295 990 476 1021 Nnocentius
491 988 662 1027 Episcopus,
678 988 771 1019 servus
792 988 935 1018 servorum
956 985 1014 1016 Dei
1046 983 1250 1015 venerabilibus
1264 982 1318 1011 fra-

305 1030 391 1060 tribu:
496 1027 668 1058 Loiidonien
695 1028 729 1058 δε
833 1025 984 1056 Cicestren
1008 1008 1172 1062 1⁴⁷2piscopis,
1186 1021 1319 1058 salutem,

256 1070 290 1100 ὃς
305 1067 499 1108 Apostolicam
517 1066 757 1097 benedifflonem.

293 1107 383 1143 Regis
397 1106 496 1136 aeterni
509 1106 664 1144 benignitas
677 1103 849 1134 carissimum
863 1104 892 1132 in
905 1101 1022 1132 Christo
1038 1100 1124 1131 filium
1140 1098 1271 1142 nostrum
1285 1137 1290 1142 .

308 1143 444 1175 illustrem
459 1143 570 1182 Regem
585 1143 700 1180 Angliae
714 1143 847 1182 insignem
861 1141 980 1172 reddidit
993 1148 1069 1170 tanta
1093 1139 1250 1169 diveriitate
1262 1147 1319 1168 vir-

257 1192 350 1215 tutum
366 1207 375 1221 ,
394 1183 472 1221 quod
494 1182 639 1221 personam
660 1182 740 1221 ipsius
762 1181 944 1220 praerogativa
964 1179 1067 1209 favoris
1088 1179 1121 1209 &
1143 1177 1237 1216 gratiae
1251 1185 1319 1214 pro-

255 1223 328 1261 sequi
349 1223 546 1260 delcetamur,
566 1220 609 1251 sed
625 1221 766 1259 praecipue
787 1219 840 1249 hiis
858 1219 1032 1259 temporibus
1046 1218 1076 1247 in
1089 1217 1187 1256 quibus
1201 1215 1257 1252 ipse
1274 1214 1318 1258 se,

254 1272 288 1292 ac
305 1262 349 1291 sua
372 1261 504 1300 proponit
518 1268 659 1298 exponere
680 1260 708 1288 in
723 1258 815 1289 Terra
837 1257 943 1294 sansta,
962 1254 1178 1298 obsequiisljesu
1193 1252 1318 1297 Christi,

253 1300 304 1330 sub
317 1299 363 1330 illo
375 1301 476 1339 jugiter
491 1299 589 1328 vivens
601 1296 706 1327 affectu
716 1320 725 1332 ,
741 1296 819 1335 quod
833 1297 865 1327 ὅ(
875 1295 1024 1334 magnifice
1038 1294 1156 1332 gloriam
1169 1292 1317 1322 divrnino-

255 1339 338 1369 minis
352 1347 465 1376 augeat,
484 1338 516 1368 sc
531 1337 671 1366 honorem
692 1334 869 1376 Apostolicce
882 1334 949 1365 sedis
966 1334 1058 1365 verbis
1072 1333 1105 1363 &
1120 1331 1251 1372 operibus
1265 1340 1318 1370 po-

258 1385 346 1407 tenter
361 1377 482 1407 exiollat.

294 1416 371 1454 Quia
385 1426 453 1446 vero
467 1413 581 1453 Regem
597 1421 656 1443 tam
670 1412 816 1451 nobilem,
833 1420 891 1442 tam
907 1411 1090 1449 praeclarum,
1109 1409 1188 1448 cujus
1209 1407 1316 1452 Proge-

251 1455 358 1484 nitorcs
373 1453 482 1483 inclitos
495 1452 598 1489 gaudet
613 1451 736 1482 Ecclesia
751 1451 806 1481 sem
828 1461 857 1480 er
869 1449 993 1480 habuisse
1012 1449 1131 1480 devotos
1144 1472 1153 1487 ,
1171 1447 1252 1478 decet
1273 1447 1316 1476 di-

252 1493 308 1523 &ae
329 1492 395 1522 sedis
409 1492 513 1522 auxilio
532 1491 569 1521 sic
591 1491 718 1527 protegi,
746 1490 782 1520 sic
812 1490 912 1526 overi,
936 1498 966 1519 ut
989 1488 1082 1518 eidem
1096 1512 1106 1526 ,
1123 1486 1203 1525 super
1217 1486 1316 1523 bonis,

251 1531 327 1561 nulla
349 1531 461 1570 indigne
481 1531 620 1566 irrogetur
644 1527 742 1567 injuria
761 1528 807 1559 vel
827 1527 952 1567 jafifflra,
970 1526 1015 1558 sed
1035 1527 1091 1565 ipsa
1107 1527 1197 1564 potius
1214 1525 1316 1555 illibata

250 1579 398 1608 maneant,
418 1570 450 1600 &
466 1568 561 1599 secura
573 1566 725 1598 consistant
738 1576 748 1603 ,·

287 1608 459 1639 Frateriiitati
480 1606 580 1637 vestrae
601 1616 649 1644 per
670 1604 838 1644 Apostolica
859 1604 958 1642 scripta
979 1602 1142 1634 mandamus
1157 1625 1166 1641 ,
1186 1601 1312 1640 quatinus

248 1646 371 1677 eundem
386 1647 461 1684 super
476 1646 570 1682 terris,
589 1644 693 1681 iuribus
706 1646 738 1676 &
753 1645 836 1674 bonis
849 1666 858 1681 ,
876 1652 940 1682 quae
956 1643 985 1672 in
1007 1641 1187 1678 Burdegalen.
1202 1643 1234 1672 &
1252 1641 1314 1670 Au-

247 1688 330 1716 xitan.
347 1685 505 1715 Provinciis
520 1685 650 1722 obtinet,
668 1682 814 1723 quousque
828 1681 862 1712 ad
871 1682 981 1720 propria
996 1680 1032 1710 de
1039 1675 1177 1720 praedietis
1190 1680 1314 1719 partibus

246 1724 387 1793 ἦῑὲεὶῐετ,
408 1723 476 1755 Deo
488 1723 630 1762 propitio,
647 1731 817 1760 revertatur,
837 1730 896 1751 non
910 1719 1072 1760 permittatis
1084 1721 1121 1750 ab
1141 1719 1235 1758 aliquo
1249 1728 1313 1748 mo-

247 1764 274 1794 le
300 1764 354 1793 ari:

287 1800 503 1839 Molestatores,
521 1808 567 1830 aut
583 1798 734 1836 invasores,
754 1798 797 1829 seu
811 1797 966 1829 turbatores
981 1796 1061 1834 ipsius
1073 1820 1083 1836 ,
1102 1796 1180 1835 super
1195 1795 1314 1834 praefatis

249 1841 345 1879 terris,
367 1841 476 1878 juribus
497 1839 530 1870 δε
552 1840 635 1869 boni<
650 1863 658 1873 ,
680 1847 846 1875 quacunque
866 1837 998 1875 dignitate
1014 1836 1060 1866 vel
1080 1836 1192 1865 honore
1204 1835 1316 1872 praeful—

248 1888 330 1918 gestit
347 1901 356 1917 ,
375 1879 533 1908 monitione
555 1877 710 1915 puemitia,
730 1886 777 1913 pei·
799 1875 1104 1905 excommunicationis
1123 1875 1152 1904 in
1168 1873 1311 1913 personas,

248 1917 282 1949 δε
301 1919 330 1947 in
347 1927 429 1947 terras
443 1927 542 1947 eorum
563 1915 705 1946 iiiterdie‘ti
724 1915 887 1953 sententias,
903 1923 952 1952 per
973 1923 1024 1943 vos
1038 1913 1083 1944 vel
1098 1922 1148 1951 per
1163 1912 1248 1950 alios,
1264 1922 1313 1950 ap-

250 1956 399 1996 pellatione
413 1955 563 1993 postpoiita
573 1977 580 1991 ,
598 1953 814 1992 compescendo.

287 1994 361 2024 Non
375 1994 548 2024 obstantibus
563 1991 765 2024 constitutione
779 1989 814 2022 de
825 1990 934 2022 duabus
952 1989 1033 2020 dietis
1045 1989 1119 2020 edita
1133 1991 1163 2020 in
1177 1988 1313 2020 Concilio

268 2033 382 2064 enerali*

246 2043 266 2074 g
284 2071 320 2101 Et
343 2072 361 2101 si
376 2057 516 2110 ’aliquibus
531 2069 571 2100 est
584 2070 620 2100 ab
640 2067 738 2099 eadem
758 2067 820 2098 sede
841 2067 999 2106 indultum,
1018 2066 1116 2105 quod,
1136 2066 1191 2097 fine
1207 2067 1313 2106 speciali

247 2109 381 2141 mandato
395 2111 492 2150 ipsius,
510 2109 705 2148 suspenlionis,
724 2108 769 2137 vel
784 2108 926 2137 interdicti
938 2117 986 2137 -aut
995 2106 1312 2143 excommunicationis,

247 2150 278 2180 in
293 2159 340 2178 eos
354 2159 413 2178 non
429 2148 511 2188 possit
527 2149 591 2178 ferri
608 2146 736 2176 ieiitentia
750 2157 760 2183 3
778 2146 832 2175 sive
856 2145 1047 2182 indulgentia,
1061 2144 1252 2182 cujuscunque
1272 2152 1314 2174 te-

247 2188 323 2218 noris
339 2187 453 2224 existat,
472 2186 507 2217 de
522 2197 575 2226 qua
591 2186 619 2215 in
634 2185 727 2216 litteris
738 2183 839 2214 nostris
852 2184 963 2222 plenam
977 2183 1009 2214 δε
1022 2182 1174 2223 expressam
1182 2191 1311 2221 oporteat

248 2226 307 2257 fieri
322 2228 506 2256 mentionem.

289 2264 400 2303 Quod,
417 2264 437 2294 si
452 2274 511 2294 non
527 2262 612 2292 ambo
626 2262 676 2292 hiis
690 2260 855 2300 exequendis
865 2261 1011 2300 potueritis
1025 2259 1169 2299 interesse,
1186 2260 1253 2291 alter
1261 2270 1310 2292 ve-

250 2301 340 2334 strum
354 2313 386 2333 ea
404 2303 605 2333 nichilominus
620 2310 779 2341 exequatur.

285 2379 353 2412 Dat.
369 2378 491 2419 Perusii,
509 2379 594 2410 Non.
610 2377 776 2409 Novembr.
798 2375 984 2408 Pontificati'is
997 2374 1085 2406 nostri
1099 2385 1174 2407 anno
1188 2376 1311 2408 decimo.

863 2453 917 2485 Sub
931 2453 985 2494 filo
998 2453 1102 2484 canabi.

299 2582 327 2609 ³*
356 2583 446 2615 Bulla
461 2581 497 2615 de
507 2582 682 2628 proterrione
698 2580 790 2626 usque
805 2578 849 2612 ad
857 2578 988 2612 reditum
1005 2590 1025 2611 a
1041 2581 1138 2612 ‘Terra
1147 2579 1265 2625 fictilia.

247 2666 465 2724 INnocentius
483 2665 654 2705 Episcopus,
672 2666 764 2697 servus
775 2665 919 2696 servorum
941 2664 1000 2694 Dei
1035 2664 1239 2695 venerabilibus
1256 2665 1312 2696 fra—

289 2707 377 2737 tribus
484 2704 666 2735 Londonien.
680 2705 713 2735 &
827 2702 986 2734 Cicestren.
998 2686 1165 2741 sspiscopis,
1178 2702 1292 2734 salutem
1300 2727 1310 2743 ,

250 2746 284 2776 &
300 2744 494 2782 Apostolicam
509 2743 748 2774 benedifrionem.

289 2783 376 2823 Regis
388 2783 484 2813 aeterni
500 2783 655 2821 benignitas
668 2781 840 2812 cariffimum
850 2781 879 2810 in
892 2779 1008 2810 Christo
1022 2779 1111 2810 filium
1126 2778 1254 2809 nostrum

250 2821 386 2852 illustrem
407 2820 518 2860 Regem
542 2821 652 2860 Angli-a:
670 2821 808 2857 insignem
830 2819 949 2850 reddidit
963 2817 1038 2849 tant&
1051 2817 1205 2849 diversitate
1221 2819 1311 2849 virtu-

250 2869 327 2896 tum,
347 2861 424 2898 quod
443 2861 588 2899 personam
608 2859 689 2897 ipsius
709 2857 893 2898 praerogativa
912 2858 1013 2887 favoris
1025 2857 1059 2888 &
1073 2857 1167 2896 gratiae
1184 2857 1261 2897 prose
1283 2859 1309 2887 ui

248 2898 438 2935 deieetamur,
457 2899 502 2929 sed
517 2899 659 2936 praecipue
672 2898 724 2928 hiis
734 2897 928 2937 temporibus,
946 2897 975 2925 in
992 2896 1092 2935 quibus
1103 2895 1156 2932 ipse
1169 2895 1209 2933 se,
1225 2867 1310 2927 acsua

247 2939 384 2975 proponit
395 2946 537 2976 exponere
553 2939 582 2966 iri
597 2936 692 2967 Terrfi
706 2936 800 2966 sancta
814 2935 952 2973 obsequiis
967 2934 1038 2965 Iehu
1053 2933 1180 2973 Christi,
1197 2935 1245 2965 sub
1259 2935 1308 2965 illo

245 2977 345 3015 jugiter
365 2977 463 3005 vivens
485 2975 587 3006 afli-&u
602 2999 610 3013 ,
629 2975 709 3014 quod
725 2976 758 3005 δε
777 2973 927 3012 magnifice
949 2974 1067 3012 gloriam
1081 2973 1168 3003 divini
1185 2975 1310 3003 nominis

245 3022 344 3082 angelat
358 3038 366 3052 ,
384 3014 419 3044 &
439 3015 579 3044 honorem
602 3013 778 3051 Apostolicoe
797 3011 865 3043 sedis
879 3013 971 3044 verbis
985 3013 1019 3043 &
1035 3010 1166 3050 operibus
1179 3021 1310 3050 potenter

245 3062 311 3083 exto
333 3062 367 3083 at.

284 3092 362 3131 Qiiz‘i
380 3100 448 3121 vero
469 3090 580 3129 Regem
601 3092 659 3120 tam
674 3091 818 3128 nobilem,
836 3091 894 3121 tiim
911 3089 1094 3128 praeclarum,
1112 3089 1190 3128 cujus
1209 3098 1310 3129 proge-

243 3131 348 3161 nitores
364 3130 473 3159 inclitos
490 3128 592 3168 gaudet
608 3128 729 3158 Ecclesia
749 3128 856 3166 semper
879 3128 1004 3159 habuisse
1019 3128 1155 3166 devotos,
1174 3128 1255 3158 decet
1269 3128 1312 3158 di-

245 3170 301 3199 &ae
318 3169 386 3200 sedis
405 3168 508 3197 auxilio
528 3167 564 3196 lic
586 3169 694 3206 protegi
709 3189 719 3204 ,
737 3167 774 3197 sic
797 3169 887 3197 foveri
902 3190 912 3205 ,
931 3176 961 3197 ut
975 3167 1071 3197 eidem
1087 3190 1096 3205 ,
1115 3166 1192 3204 super
1209 3168 1310 3206 bonis,

246 3208 319 3237 nulla
339 3207 453 3246 indigne
472 3207 607 3244 irrogetur
627 3206 726 3235 in'uria
748 3205 792 3235 vel
810 3206 915 3243 jaeiura
927 3228 937 3244 ,
953 3206 999 3236 sed
1019 3205 1075 3244 ipsa
1096 3206 1189 3244 potius
1209 3205 1311 3236 illibata

248 3255 394 3283 maneant,
413 3246 446 3276 ὃς
459 3244 551 3274 secura
563 3244 639 3273 consi
666 3251 724 3273 ant:

286 3284 457 3314 fraternitati
479 3282 576 3313 vestrae
600 3292 648 3319 per
670 3281 834 3322 Apostolica
855 3281 955 3320 scripta
978 3281 1164 3320 mandamus,
1184 3282 1312 3319 quatinus

248 3322 368 3352 cundem
383 3323 460 3361 super
476 3323 570 3358 terris,
583 3321 691 3358 juribus
706 3321 739 3350 &
756 3322 852 3358 nonis,
871 3331 934 3360 quae
955 3322 985 3352 in
1005 3321 1186 3361 Burdcgalen.
1201 3322 1234 3352 &
1250 3320 1312 3351 Au-

247 3361 330 3390 xitan.
346 3361 504 3392 Provinciis
519 3360 649 3396 obtinet,
667 3359 728 3390 &c.

284 3434 350 3467 Dat.
365 3436 485 3476 Perusii,
503 3436 589 3467 Non.
605 3436 687 3467 Nov.
702 3434 886 3466 Pontificatus
900 3436 988 3466 nostri
1004 3446 1081 3467 anno
1095 3435 1222 3467 decimo.

961 3513 1014 3543 Sub
1019 3512 1073 3553 filo
1090 3512 1198 3542 canabi.

525 3658 574 3689 De
589 3655 719 3702 fiabsidio
733 3669 788 3703 pro
810 3658 907 3690 Terra
918 3656 1040 3702 siana.

253 3736 380 3792 REX
403 3738 642 3779 Archiepiscopis,
660 3743 719 3772 ὅτε.
732 3742 854 3772 salutem.

365 3774 444 3806 Cum
454 3780 617 3808 venei-abilis
627 3789 701 3817 pater
717 3780 868 3820 Episcopus
881 3778 1086 3819 Cycestrensis,
1105 3778 1139 3808 ad
1152 3777 1312 3808 instantiam

253 3813 377 3844 nostram
394 3837 403 3848 ,
428 3814 463 3844 de
494 3814 627 3846 Concilio
652 3818 751 3848 nostro
765 3842 774 3855 ,
799 3818 963 3848 auetoritare
987 3817 1151 3856 Apostolica
1173 3818 1313 3857 benigne,

253 3861 368 3921 propter
390 3851 489 3882 Deum
505 3875 514 3889 ,
533 3853 645 3897 salutem
667 3858 841 3893 animarum,
858 3856 958 3885 Terrae
974 3857 1075 3887 sanc'tae
1092 3855 1261 3894 subsidium,
1278 3856 1313 3886 δε

274 3897 393 3921 onorem
402 3890 531 3935 nostrum
540 3913 548 3928 ,
566 3893 734 3933 aflumpserit
748 3905 820 3924 onus
835 3895 868 3925 &
882 3893 1012 3925 officium
1026 3894 1232 3934 praedicationis
1239 3892 1314 3923 Cru-

253 3932 294 3960 cis
307 3929 419 3959 'Christi
436 3929 635 3972 exequendum
649 3955 658 3969 ,
673 3933 874 3963 collectionem
894 3932 1014 3963 decimae
1036 3932 1239 3963 beneficiorum
1254 3931 1314 3962 Ec-

252 3968 466 3998 clesiastieorum
502 3977 530 3997 in
545 3968 691 3998 subsidium
706 3971 848 4006 praedidiae
865 3971 980 4009 Terrae,
996 3971 1162 4002 auctoritate
1174 3970 1313 4009 praemiffii

253 4006 337 4037 nobis
357 3990 498 4037 concess}
511 4028 520 4044 ‚
537 4006 571 4037 δε
585 4006 638 4037 alia
658 4007 795 4046 facienda,
815 4018 879 4047 quae
898 4010 1039 4046 pertinent
1052 4008 1088 4040 ad
1100 4008 1315 4050 dietum-nego-

1342 2210 1398 2239 ›bis
1412 2210 1477 2241 effer
1497 2211 1575 2250 quod
1597 2220 1664 2250 gens
1686 2210 1780 2241 nostra
1800 2211 1911 2248 propria
1928 2209 2034 2240 crucesi

723 95 1525 148 CONVVENTIONES‚
1577 97 1966 148 LIT'ERAE,

1362 184 1452 227 tium,
1470 192 1519 222 per
1537 182 1672 223 Regnum
1685 184 1834 223 nostrum,
1853 195 1903 224 per
1917 184 1961 224 se,
1976 185 2010 216 ἃ
2024 192 2074 224 per
2089 184 2155 216 alios
2169 183 2308 225 idoneos,
2325 186 2425 228 quibus
2443 180 2520 214 Arm.
2532 176 2570 217 D.

1363 231 1439 252 vices
1451 222 1508 265 suas
1523 221 1603 261 super
1616 222 1673 253 lioc
1687 224 1795 255 duxerit
1808 224 2065 262 committendum,
2471 231 2556 261 1252.

1366 299 1371 304 ι
1404 259 1494 290 Vobis
1512 259 1697 299 supplicamus
1708 285 1718 300 ,
1732 265 1862 293 attentius
1877 272 2005 302 rogantes
2019 264 2052 294 &
2066 272 2209 294 exorantes
2222 264 2253 294 in
2272 262 2425 304 Domino,
2444 265 2507 290 Hm-
2529 269 2563 300 3³

1364 308 1395 328 in
1420 297 1492 336 fide,
1510 309 1563 337 qua
1590 299 1675 338 Deo,
1693 302 1726 331 δε
1749 302 1833 331 nobis
1858 302 2019 340 tenemini,
2039 303 2200 333 mandantes
2226 303 2369 341 quatinus,
2383 304 2425 333 ob

1363 346 1492 381 amorem
1511 337 1661 376 crucefixi,
1680 340 1758 377 cujus
1776 342 1923 380 negotium
1944 341 2046 379 geritur
2058 342 2088 371 in
2101 341 2155 372 hac
2169 349 2262 380 parte,
2277 341 2311 372 ὃς
2324 341 2364 371 ob
2382 351 2425 371 re-

1364 385 1520 418 verentiam
1539 376 1665 407 nostram
1676 399 1687 415 ‚
1707 379 1757 408 fibi
1777 379 1810 409 ὅ(
1826 380 1882 409 aliis
1895 402 1904 416 ,
1922 389 1993 418 quos
2012 389 2064 417 pro
2086 379 2225 419 praediffiffi
2246 380 2364 419 negotio
2376 389 2427 417 per

1363 413 1466 457 litteras
1484 415 1550 459 suas.
1560 414 1595 445 ad
1615 426 1668 445 nos
1685 417 1840 453 contigerit
1858 416 1986 447 destinari
2005 418 2194 449 favorabiliter
2205 418 2374 455 assistentes,
2393 419 2424 448 in

1364 453 1498 496 omnibus
1512 453 1580 497 hiis,
1597 462 1661 497 quae
1675 456 1772 497 contin
1813 464 1845 486 nt
1856 455 1986 486 officium
1998 456 2186 494 supradistum
2196 479 2206 494 ,
2219 457 2253 487 ad
2268 457 2428 494 promotio-

1365 499 1433 519 nem
1454 490 1524 522 dieti
1541 501 1648 535 negotii
1662 514 1672 530 ,
1690 496 1769 523 conii
1791 504 1839 524 um
1852 518 1862 532 ,
1880 495 2015 525 auxilium
2027 517 2037 534 ,
2055 496 2088 526 ὃς
2110 495 2239 526 favorem
2259 495 2427 526 benivolum

1363 528 1491 566 praebere
1503 529 1645 561 studeatis:

1404 566 1533 610 Tantum
1545 570 1734 613 facientes-ut,
1753 578 1852 609 praeter
1871 573 1969 603 merita
1981 582 2045 611 quae
2060 572 2143 603 vobis
2156 571 2221 601 inde
2233 572 2394 604 accrescent
2410 582 2428 604 a

1365 602 1518 648 Domino,
1533 609 1615 638 vobis
1634 609 1765 638 universis
1781 610 1814 639 &
1830 610 1939 649 lingulis
1959 611 2047 641 teneri
2059 610 2208 640 debeamus
2223 610 2254 639 in
2267 610 2363 640 vestris
2377 621 2428 641 ne-

1363 651 1449 711 goatligs
1462 668 1473 683 ,
1497 655 1583 683 penes
1602 655 1654 676 nos
1674 647 1874 686 expediendis,
1898 657 1972 688 grata
1987 648 2176 681 vicissitudine
2196 647 2231 680 ad
2253 650 2356 687 gratias
2366 648 2427 690 spe.-

1382 693 1390 712 i
1433 692 1453 711 s.

1397 719 1432 750 In
1447 721 1542 760 cujus,
1559 723 1623 754 &c.

1399 797 1490 829 Teste
1504 799 1586 839 Rege
1599 799 1672 838 apud
1688 799 1884 842 Merleberge,
1905 812 1938 844 13
1951 803 1997 835 die
2015 803 2212 836 Novembris:

2000 884 2055 911 Per
2068 883 2172 920 Regem.

1475 1003 1597 1035 Littera
1615 1004 1698 1049 Papae
1713 1001 1750 1035 de
1766 1002 1946 1050 expeditione
1964 1005 1995 1036 in
2016 1005 2147 1037 Terram
2158 1004 2310 1049 fimslam.

1398 1086 1584 1132 Nnocentio,
1604 1087 1664 1119 Dei
1677 1089 1775 1128 gralia,
1791 1090 1905 1119 summo
1917 1088 2065 1128 Pontifici,
2083 1089 2241 1129 Henricus,
2258 1090 2355 1120 eadem
2362 1099 2423 1130 gra·
2442 1080 2517 1112 Ann.
2532 1081 2570 1116 D·

1409 1133 1463 1164 tia,
1482 1125 1547 1156 Rex
1562 1127 1690 1166 Angliae,
1708 1127 1767 1158 ἃς.
1783 1127 1904 1158 salutem.
2463 1129 2547 1160 1253·

1396 1164 1472 1195 Nori
1487 1167 1598 1202 ignorat
1612 1166 1737 1196 saiidlitas
1751 1166 1840 1196 vestra
1855 1166 1931 1206 quod
1941 1190 1950 1205 ,
1968 1176 2035 1196 cum
2045 1166 2331 1205 Dominusjohannes
2345 1165 2421 1205 Rex,
2439 1162 2491 1189 An,
2510 1170 2555 1196 37·

1359 1202 1442 1234 Pater
1457 1197 1565 1243 noster,
1584 1206 1672 1235 vitam
1688 1204 1801 1235 exceffit
1813 1206 1977 1244 praesentem
1987 1229 1995 1241 ,
2011 1206 2093 1235 nobis
2108 1204 2198 1235 adhuc
2213 1205 2282 1235 infra
2297 1205 2418 1236 adultam
2439 1202 2474 1226 H.
2496 1208 2522 1234 3·

1360 1251 1475 1272 aetatem
1491 1243 1687 1282 existentibus,
1705 1245 1756 1274 sub
1767 1243 1813 1274 alis
1826 1244 1892 1274 sedis
1907 1243 2084 1282 Apostolicae
2092 1243 2194 1274 defensi
2208 1244 2309 1274 fuimus
2322 1253 2421 1275 contra
2440 1236 2529 1274 Claus.

1361 1281 1518 1312 multorum
1531 1283 1711 1313 inimicorum
1725 1282 1863 1321 incursus,
1881 1284 1914 1314 ὃς
1930 1293 1997 1313 tunc
2012 1283 2150 1313 caractere
2164 1283 2182 1302 ²*
2198 1282 2300 1313 Crucis
2313 1283 2425 1322 insigni·
2444 1284 2489 1310 37·

1358 1320 1395 1357 ti,
1413 1330 1498 1360 quem
1517 1320 1611 1361 postea
1628 1344 1637 1360 ,
1655 1321 1772 1351 consilio
1787 1321 1976 1360 quorumdam
1991 1344 2000 1359 ,
2020 1322 2056 1351 ab
2075 1322 2197 1352 humeris
2218 1321 2318 1352 nostris
2337 1321 2426 1359 depo-
2442 1317 2477 1340 H.
2498 1322 2525 1349 3·

1358 1367 1472 1397 nentes,
1491 1361 1643 1390 meruimus
1656 1369 1670 1389 a
1684 1369 1757 1390 voto
1771 1359 1873 1390 Crucis
1884 1360 1919 1390 ad
1932 1369 2043 1400 tempus
2056 1360 2176 1391 absolvi:
2439 1360 2476 1380 m.
2495 1348 2570 1386 ¹9st

1395 1397 1444 1427 Set
1456 1399 1513 1435 jam
1526 1421 1535 1436 ,
1562 1408 1621 1428 non
1643 1399 1813 1429 inmemores
1827 1399 1932 1429 horum
1947 1422 1956 1437 ,
1980 1409 2044 1438 quae
2060 1407 2128 1429 tunc
2147 1399 2230 1429 nobis
2245 1398 2423 1437 acciderunt,
2442 1391 2493 1418 Ἴ·
2506 1389 2570 1426 487«

1357 1434 1490 1479 Crucem·
1500 1436 1535 1466 de
1550 1447 1629 1466 novo
1643 1436 1823 1467 saluberrimo
1837 1447 1924 1475 voro,
1942 1439 2012 1468 licut
2031 1437 2169 1468 sandiitati
2187 1437 2287 1467 vestrae
2301 1448 2361 1467 non
2382 1437 2423 1467 est

1358 1477 1539 1514 incognitum
1554 1499 1563 1514 ,
1589 1476 1710 1505 humeris
1731 1474 1831 1506 nostris
1850 1475 2061 1513 assumpsimus,
2085 1485 2184 1506 verum
2196 1498 2207 1514 ,
2230 1485 2298 1506 cum
2313 1486 2372 1506 nori
2392 1477 2424 1507 sit

1359 1520 1469 1581 {ultum
1483 1513 1714 1583 igiiuslPrincipis
1729 1524 1815 1553 opus,
1831 1516 1978 1554 negotium
1992 1512 2094 1544 Crucis
2106 1537 2116 1553 ,
2137 1522 2168 1545 ut
2183 1523 2256 1545 tanta
2275 1525 2317 1545 res
2333 1525 2424 1556 expo-

1387 1562 1402 1581 u
1415 1561 1458 1590 at,
1475 1564 1489 1583 a
1510 1563 1549 1582 im
1580 1562 1639 1582 ere:

1395 1563 1579 1622 Sanctitateiii
1595 1591 1731 1630 vestram,
1749 1601 1818 1622 cum
1832 1591 1912 1622 omni
1925 1591 2026 1622 mentis
2038 1590 2162 1630 affecSiu,
2178 1590 2359 1623 devotissime
2373 1602 2424 1623 ro-

1359 1636 1455 1667 gamus
1470 1654 1480 1669 ,
1499 1639 1631 1669 quatenus
1652 1629 1815 1668 generaliter
1828 1653 1838 1667 ,
1859 1641 1906 1670 per
1926 1640 2024 1660 caetera
2046 1630 2149 1670 Regna
2170 1630 2425 1670 Christicolarum,

1360 1667 1463 1698 Crucis
1483 1670 1629 1708 negotium
1650 1669 1826 1708 solempniter
1869 1668 1993 1699 raedicari
2007 1691 2016 1707 ,
2042 1668 2123 1699 fimul
2144 1669 2178 1700 &
2200 1668 2354 1709 passagium
2370 1680 2426 1700 no-

1358 1706 1467 1747 strum,
1486 1708 1562 1746 quod
1583 1708 1714 1738 statutum
1737 1707 1778 1737 est
1792 1718 1807 1738 a
1829 1679 1913 1738 Fgsto
1926 1707 2092 1738 Nativitatis
2110 1707 2205 1738 Sanffl
2218 1707 2355 1746 johannis
2372 1709 2424 1740 Ba·-

1358 1745 1449 1788 ptista:
1464 1770 1473 1784 ,
1517 1748 1628 1776 roximo
1642 1747 1738 1777 futuro
1751 1747 1779 1777 iri
1795 1756 1849 1777 tres
1867 1755 1956 1777 annos
1968 1769 1978 1784 ,
1996 1756 2046 1784 per
2066 1745 2265 1777 Praedicatores
2286 1747 2423 1787 publicari

1358 1784 1476 1815 faciatis:
1496 1756 1641 1823 {rincipes
1653 1786 1738 1815 etiam
1751 1808 1760 1823 ,
1783 1785 1816 1815 ὅ(
1831 1785 1898 1815 alios
1912 1783 2093 1822 christianos,
2115 1785 2335 1825 crucesignatos,
2354 1796 2421 1818 mo-

1358 1822 1414 1860 dis,
1434 1823 1533 1861 quibus
1547 1823 1676 1862 expedire
1695 1824 1836 1862 videritis,
1855 1824 1965 1854 moneri
1976 1824 2093 1861 jubeatis
2108 1823 2140 1854 &
2160 1824 2256 1855 induci
2274 1824 2371 1864 quod,
2387 1826 2423 1857 ad

1355 1863 1510 1892 terminum
1535 1862 1707 1901 praedidtum
1722 1886 1732 1902 ,
1758 1861 1913 1892 secundum
1940 1871 2075 1892 vororum
2101 1862 2212 1893 suorum
2231 1863 2422 1903 exigentiam,

1355 1899 1565 1937 proficiscantur
1585 1901 1619 1931 ad
1641 1900 1865 1939 impendendum
1879 1923 1889 1940 ,
1913 1901 1969 1931 una
1989 1899 2140 1931 nobiscum
2152 1923 2163 1940 ,
2189 1903 2308 1939 negotio
2321 1901 2425 1935 Crucis

1355 1938 1504 1970 subsidium
1518 1940 1709 1970 desideratum.

1395 1977 1464 2008 Nos
1479 1980 1563 2009 eriam
1573 2002 1582 2014 ,
1597 1989 1646 2016 pei·
1662 1977 1790 2009 crucifixi
1804 1977 2023 2009 misericordiam
2039 2001 2048 2017 ,
2072 1979 2259 2009 totis-viribus
2274 1981 2375 2010 mentis
2388 1980 2423 2012 &

1357 2018 1499 2056 corporis,
1516 2018 1677 2057 caererisque
1691 2017 1865 2048 adminiculis
1878 2017 2058 2056 secularibus,
2076 2018 2127 2047 iter
2142 2017 2269 2048 nostrum
2287 2028 2425 2056 praepai‘a-

1357 2055 1450 2085 bimus
1465 2058 1498 2085 ad
1513 2056 1707 2095 exequendum
1726 2055 1896 2093 praedkstum
1918 2056 2065 2095 negotium
2085 2054 2189 2086 Crucis
2200 2079 2212 2095 ,
2235 2055 2270 2086 ad
2284 2057 2423 2087 excellen-

1357 2094 1425 2124 tiam
1441 2094 1556 2125 honoris
1572 2096 1667 2134 ipsius,
1687 2097 1764 2132 cujus
1780 2104 1877 2124 amore
1893 2093 2018 2124 Crucem
2032 2094 2191 2132 bajulamus.

1392 2131 1538 2164 Caeterum
1554 2157 1564 2172 ,
1589 2143 1656 2164 cum
1678 2133 1728 2163 soli
1753 2144 1813 2163 non
1839 2132 1977 2163 valeamus
1991 2155 2001 2171 ‚
2027 2132 2084 2162 sine
2106 2140 2275 2162 caeterorum
2298 2132 2423 2164 fidelium

1355 2172 1475 2211 auxilio,
1494 2182 1593 2203 votum
1609 2171 1727 2210 Crucis,
1746 2181 1776 2202 ut
1790 2172 1918 2209 deceret,
1935 2170 2081 2209 expedire,
2101 2181 2234 2211 perquam
2247 2171 2350 2202 durum
2367 2183 2423 2203 no-

2091 2219 2117 2240 ta
2131 2211 2158 2240 se
2176 2210 2324 2240 diverteret
2340 2211 2420 2250 ali-as,

1355 2249 1441 2286 quam
1456 2249 1607 2280 nobiscum
1623 2249 1798 2289 personaliter
1811 2250 1841 2278 iri
1853 2248 1972 2278 Terram
1987 2248 2047 2278 sane
2063 2259 2127 2286 am,
2144 2250 2286 2288 praecipue
2301 2259 2369 2280 cum
2382 2249 2419 2281 de

1354 2297 1438 2327 gente
1455 2289 1564 2327 propria
1580 2290 1716 2326 majorem
1731 2297 1857 2327 geramus
1871 2287 2019 2324 fiduciam,
2039 2297 2124 2325 quam
2140 2288 2234 2318 aliena.

1390 2326 1479 2365 Super
1495 2327 1633 2364 praedictis
1644 2328 1741 2365 igitur,
1760 2328 1816 2357 tam
1824 2326 1923 2356 Tei‘rae
1934 2325 2052 2363 iiinfiae,
2072 2328 2155 2364 quam
2169 2327 2250 2356 nobis
2264 2325 2343 2358 solita
2357 2327 2417 2358 cle-

1355 2366 1471 2396 mentiae
1483 2365 1582 2396 vestrae
1597 2366 1774 2403 providentia
1785 2365 1924 2395 salubriter
1937 2363 2092 2404 prospicere
2105 2374 2166 2394 nori
2180 2366 2301 2396 omittat.

1390 2442 1478 2473 Teste
1493 2442 1575 2482 Rege
1587 2442 1661 2481 apud
1675 2441 1801 2473 Westm.
1817 2442 1865 2472 28.
1879 2441 1923 2472 die
1932 2441 2065 2480 Januarii.

1676 2588 1736 2618 Pro
1753 2587 1932 2619 Vicecomite
1949 2587 2096 2619 Leoman.

1353 2679 1480 2737 REX
1497 2680 1649 2711 venerabili
1663 2681 1692 2709 in
1706 2678 1824 2711 Christo
1836 2679 1906 2719 patri
2010 2678 2108 2709 eadem
2121 2680 2208 2718 gratia
2215 2678 2347 2711 Auximi,
2363 2678 2419 2710 Ar·
2436 2675 2513 2706 Ann-
2527 2667 2570 2707 D·

1419 2720 1615 2758 chiepiscopo,
1633 2718 1755 2748 salntem.
2240 2734 2242 2737 .
2457 2723 2543 2754 1253.

1389 2758 1522 2789 Diledtus
1535 2759 1567 2788 &
1583 2757 1668 2788 fidelis
1682 2756 1777 2787 noster
1791 2755 1859 2786 Arri.
1874 2754 1986 2786 Oston.
2002 2753 2175 2786 Vicecomes
2194 2755 2333 2787 Leoman.
2353 2766 2415 2796 gra·
2433 2756 2486 2781 An.
2508 2763 2554 2791 37·

1352 2797 1379 2826 vi
1395 2798 1477 2827 nobis
1499 2795 1703 2836 conquestione
1724 2793 1888 2824 monstravit
1912 2793 1990 2833 quod
2011 2803 2064 2823 vos
2082 2794 2202 2832 injuriati
2221 2793 2284 2824 estis
2304 2794 2414 2834 eidem,
2433 2796 2467 2819 H·
2492 2801 2517 2828 3-

1352 2835 1496 2875 spoliando
1516 2835 1606 2873 ipsum
1628 2835 1788 2873 juramentis
1807 2834 1841 2864 &
1858 2831 2031 2862 fidelitatibus
2050 2831 2202 2862 hominum
2216 2832 2328 2863 suorum
2344 2856 2354 2871 ,
2378 2834 2412 2865 &
2436 2831 2535 2866 Vascon.
2553 2840 2559 2864 j

1351 2874 1565 2912 possessionibus
1579 2873 1645 2912 suis,
1664 2873 1693 2903 in
1708 2871 1899 2902 Comitatibus
1912 2871 1948 2901 de
1961 2870 2126 2901 Fezenciac.
2141 2871 2174 2902 δε
2190 2871 2350 2902 Armaniac.
2432 2867 2541 2902 Pan&
2554 2873 2559 2879 “

1390 2912 1446 2951 Et,
1465 2915 1527 2953 quia
1542 2913 1616 2943 idem
1623 2911 1795 2942 Vicecomes
1809 2911 1900 2940 homo
1909 2909 1987 2949 ligius
2002 2909 2128 2940 &fidelis
2140 2909 2234 2940 noster
2242 2909 2302 2949 est,
2316 2911 2415 2941 &ob-
2434 2911 2510 2934 Cart.
2526 2908 2570 2945 37·⁴

1352 2951 1447 2992 sequio
1463 2951 1560 2983 nostro
1575 2952 1671 2990 jugiter
1687 2949 1822 2988 intendit,
1839 2949 1873 2979 &
1886 2950 1912 2978 ei
1925 2949 2016 2979 deesse
2032 2958 2092 2978 non
2106 2949 2261 2986 poterimus
2275 2950 2344 2988 quiri
2359 2950 2416 2980 cir-
2437 2950 2470 2973 H·
2489 2955 2514 2982 3·

1352 3001 1385 3021 ca
1405 2990 1594 3020 commodum
1614 2990 1647 3020 &
1667 2988 1810 3019 honorem
1829 2987 1910 3018 suuni
1932 2986 2092 3017 salvandum
2110 2988 2144 3018 &
2165 2987 2418 3028 promovendum,
2437 2993 2474 3012 m·
2489 2993 2509 3019 4
2524 2983 2552 3011 l·

1352 3029 1499 3060 confilium
1518 3029 1549 3059 &
1560 3030 1694 3067 juvamen
1710 3026 1836 3057 nostrum
1855 3026 1999 3056 liberaliter
2020 3025 2222 3065 inpendamuus
2235 3050 2246 3067 ,
2270 3036 2323 3058 vos
2334 3036 2418 3064 roga-
2435 3029 2462 3060 P·
2483 3031 2509 3050 ¹·

1352 3078 1414 3137 milis
1426 3069 1459 3098 &
1473 3068 1617 3136 hortamcpr
1628 3067 1777 3111 ¹diligenter
1789 3065 1916 3104 quatinus
1927 3064 2092 3106 praedietam
2105 3065 2235 3104 injuriam
2245 3064 2297 3096 sibi
2311 3065 2418 3097 faciatis

1353 3116 1387 3138 ce
1397 3115 1477 3138 eriter
1492 3116 1577 3137 emen
1597 3116 1644 3137 ari.

1388 3183 1478 3215 Teste
1492 3183 1600 3222 meipso
1614 3182 1688 3220 apud
1702 3180 1810 3219 Milan,
1829 3181 1971 3212 tricesimo
1983 3180 2028 3211 die
2043 3179 2155 3219 Aprilis.

1391 3260 1491 3290 Eodem
1505 3259 1579 3289 modo
1585 3257 1716 3298 stribitur
1730 3257 1899 3297 Baronibus,
1917 3256 2058 3288 Mlitibus
2070 3259 2216 3287 Auxitan.
2230 3256 2360 3296 Civibus,
2376 3256 2416 3292 ὠ·

1354 3303 1407 3330 toti
1423 3302 1510 3328 Curiae
1526 3301 1675 3328 Comitatus
1690 3299 1843 3327 Fezenciac.

1389 3376 1490 3406 Eodem
1504 3375 1578 3405 modo
1586 3373 1716 3413 scribitur
1731 3373 1900 3412 Baronibus,
1920 3371 2060 3403 Militibus
2073 3395 2083 3412 ,
2107 3371 2285 3412 Burgenfibus
2302 3371 2335 3402 de
2350 3372 2415 3401 No-

1349 3414 1501 3454 guartrko,
1519 3412 1557 3448 &
1572 3416 1623 3442 toti·
1639 3415 1726 3443 Curiae
1741 3416 1891 3442 Comitatus
1904 3414 2070 3442 Armaniac.
2407 3441 2410 3444 ,

1400 3559 1496 3591 Carta
1517 3558 1549 3590 P.
1571 3555 1605 3589 de
1627 3555 1805 3600 Sabaudia‚
1830 3556 1865 3589 de
1878 3557 2052 3602 juramento
2070 3551 2161 3585 eundi
2181 3551 2226 3586 ad
2239 3554 2367 3586 Terram

1641 3606 1784 3651 faustam
1801 3610 1833 3638 in
1850 3607 2004 3638 Comitiva
2021 3604 2117 3648 Regis.

2428 3703 2506 3736 Ann.
2522 3705 2564 3738 D.

2453 3752 2537 3784 1253.

2428 3787 2480 3811 Aa.
2496 3793 2560 3832 375

2428 3825 2462 3850 H.
2478 3830 2505 3858 3.

2428 3863 2490 3887 Pat-
2501 3867 2550 3896 3⁷-

2428 3901 2462 3926 H.
2484 3907 2511 3934 3.
2549 3895 2560 3927 .“

2431 3946 2457 3964 n.
2473 3935 2520 3965 26.

1352 3697 1641 3768 ΚΕέζρφῃίὺυς,
1660 3699 1721 3743 ἔξεο.
1734 3699 1856 3729 fiilutem.
1905 3736 1911 3741 ἱ
2194 3698 2197 3702 ’
2334 3732 2339 3737 ¹

1467 3744 1544 3767 ciatis
1558 3737 1635 3776 quod
1656 3738 1773 3768 diletstus
1786 3738 1824 3768 &
1835 3734 1925 3767 fidelis
1946 3733 2040 3764 noster
2054 3732 2153 3763 Petrus
2171 3731 2208 3761 de
2222 3729 2356 3761 Sabaudia
2374 3731 2411 3762 de

1351 3776 1447 3807 eundo
1460 3774 1610 3842 nobisfcum
1623 3776 1657 3806 ad
1671 3776 1793 3806 Terram
1805 3774 1935 3806 Santram
1947 3772 2024 3803 dedit
2037 3771 2119 3802 nobis
2132 3769 2189 3800 suas
2199 3768 2326 3800 Patentes
2338 3769 2411 3802 litte-

1352 3825 1394 3845 ras
1409 3814 1459 3844 sub
1474 3814 1525 3843 liac
1550 3824 1640 3843 orma.

1392 3851 1538 3882 Omnibus
1551 3852 1694 3890 praesentes
1706 3853 1806 3884 litteras
1819 3849 1980 3889 inspecturis
1991 3871 2002 3886 ,
2020 3845 2065 3878 vel
2077 3844 2209 3890 audituris
2220 3868 2231 3884 ‚
2258 3844 2356 3877 Petrus
2373 3846 2410 3879 de

1352 3890 1488 3928 Sabaudia
1499 3889 1620 3922 salutem.
2284 3907 2286 3910 ψ

1390 3929 1490 3960 Sciatis
1500 3929 1600 3968 quod,
1616 3939 1691 3961 >cum
1703 3929 1849 3960 Henricus
1863 3926 1930 3957 Rex
1948 3924 2074 3992 Anlgliae‚
2094 3921 2233 3952 caraAEtere
2247 3925 2340 3968 crucis
2359 3924 2413 3954 do-

1354 3969 1469 3999 minicae
1482 3968 1625 4008 insignitus
1640 3992 1650 4007 ,
1672 3979 1706 4007 pa
1764 3970 1823 3998 'um
1842 3966 1920 3996 suum
1934 3965 1966 3994 in
2011 3969 2100 4005 errem
2116 3960 2248 3991 Sanstam
2269 3961 2414 3994 stabilierit

1352 4008 1384 4038 i„
1398 4006 1581 4039 mogon&
1590 4007 1727 4046 joham}
1777 4003 1870 4046 ptistae
1880 4000 2091 4034 annoDornim
2103 3999 2184 4038 1256.
2196 4009 2264 4039 nos,
2280 4001 2316 4032 ad
2329 4001 2411 4070 gmm

2354 4048 2419 4070 ene.
