2570 4261
0 547 41 571 4η.
70 551 95 577 7.

0 587 16 609 Ξ.
41 591 63 607 i.

0 621 83 657 'ascum
93 627 106 654 7
112 638 118 644 .

5 1633 83 1663 Ann.
94 1629 135 1661 D.

26 1679 110 1708 1279.

6 1714 59 1737 Au.
75 1713 103 1735 ὁ.

5 1753 36 1776 Ε.
57 1757 80 1774 ι.

6 1791 65 1813 Pas.
92 1795 117 1820 7.

7 1829 38 1851 Ε.
59 1833 81 1850 i.

5 1872 43 1891 m.
62 1870 104 1897 ¹5·

21 2516 98 2548 Ann.
112 2514 152 2544 D.

54 2563 139 2591 1279.

20 2597 76 2622 An.
96 2603 123 2628 7.

22 2637 53 2659 E.
77 2642 100 2658 i.

24 2671 158 2706 Vasconff.

24 2715 56 2738 E.
75 2717 98 2734 1.

23 2757 60 2775 m.
79 2755 104 2779 ς.

25 2786 146 2819 *11.i40

48 3831 174 3867 vAnu-D

71 3881 156 3910 1279.

50 3916 103 3940 An.
123 3920 149 3946 7.

52 3955 83 3978 Ε.
111 3959 134 3976 1.

54 3989 176 4024 Vasconff

52 4030 84 4054 E.
106 4034 128 4053 i.

53 4073 90 4093 m.
110 4072 139 4099 5.

676 200 785 240 ET
868 200 1134 240 ACTA
1218 196 1679 238 PUBLICA.

177 398 226 429 De
247 395 376 440 confheto
394 394 586 441 Juramento
598 422 607 436 ,
629 398 745 427 nomine
768 398 853 443 Regis
872 423 882 438 ‚
907 397 1042 442 Epiftopo
1058 398 1143 441 sigge-

524 444 608 489 gensi
616 442 785 488 prestando.

133 531 219 591 RE
231 530 261 561 X
280 531 428 561 venerabili
450 531 479 560 in
502 529 618 560 Christo
634 531 700 568 patri

206 570 293 599 lutem
307 570 340 599 δι’.
353 570 537 599 dilectionem
556 569 696 598 finceram.

173 607 268 645 Cum,
286 608 354 637 sicut
368 608 567 644 intelleximus,
584 606 707 636 Domini
726 616 804 637 terrae
821 607 910 647 Agen.
927 609 974 646 qui
995 618 1047 648 pro
1061 616 1189 646 tempore

138 646 265 683 fuerunt,
280 646 473 676 consueverint
487 646 569 676 vobis
583 646 616 675 ὃ(
629 645 872 682 praedecessoribus
885 645 979 677 vestris
993 645 1135 686 quoddam
1151 645 1190 674 fa-

139 694 202 715 cere
212 687 400 724 juramentum
409 707 419 722 ,
1151 708 1155 711 .

176 721 213 753 Et
228 725 279 752 nos
292 722 325 753 ad
341 721 498 752 fiiciendum
516 721 582 751 illud
597 722 780 758 juramentum
794 723 889 761 vobis,
903 730 1033 762 tanquam
1048 721 1192 751 Dominus

138 760 164 790 A
186 761 304 797 enensiS‚
323 761 356 791 &
371 761 477 789 ratione
490 759 608 788 dominii
627 767 706 789 tetrae
721 760 871 798 Agenenfis
883 770 1034 790 teneamur.

198 800 369 829 aternitatem
382 797 501 829 vestram
516 796 662 827 affeeiuoie
676 807 819 836 rogamuS,
837 800 961 837 quatinus
973 797 1139 837 praedietum
1149 796 1194 838 ju-

138 845 295 867 ramentum
311 838 325 865 a
345 859 350 864 .
372 859 378 864 .
398 859 404 864 .
433 836 588 866 Senescallo
609 836 706 865 nostro
728 836 869 875 Agenensi
882 860 892 874 ,
918 846 1003 879 quem
1025 836 1059 866 ad
1078 836 1135 864 hoc
1155 839 1195 863 ta-

139 874 272 919 ciendurn
292 875 424 913 ponimus
445 875 477 905 δε
497 873 691 904 constituimus
706 874 773 904 loco
786 874 889 913 nostri,
907 885 935 904 in
951 874 1043 904 torma
1061 871 1195 904 consueta

141 923 197 944 reci
219 921 289 943 ratis:

816 531 957 570 Episcopo
975 530 1112 571 Agenensi
1122 553 1131 569 ,
1149 529 1188 560 sa-

209 951 319 981 olumus
333 958 423 980 autem
437 950 470 981 ὃ(
484 950 665 980 concedimus
681 949 755 988 quod
766 974 775 989 ,
794 962 842 989 per
854 952 1044 989 receptionem
1056 948 1197 988 hujusmo-

141 990 171 1021 di
185 989 328 1028 juramenti
342 999 357 1018 a
377 1012 382 1017 .
402 1012 407 1017 .
426 1012 432 1018 .
451 988 603 1018 Senescallo
620 988 718 1018 nestro
733 1013 742 1026 ,
758 991 838 1019 vobis
852 1013 861 1028 ,
878 991 911 1021 &
926 989 1021 1020 vestris
1034 987 1196 1018 [1166611011-

143 1030 193 1059 bus
207 1052 217 1067 ,
236 1028 269 1057 &
288 1026 420 1057 Ecclefiae
442 1027 578 1065 Agenenfi
592 1027 699 1056 nullum
714 1028 897 1065 imposterum
911 1028 1101 1067 praeiudicium
1114 1035 1198 1065 gene-

143 1075 233 1104 retur,
251 1075 304 1095 nec
319 1065 424 1095 factum
439 1064 510 1094 istud
524 1065 557 1095 ad
573 1065 797 1104 consequentiam
812 1066 881 1096 trahi
896 1065 986 1106 poffit.

181 1104 214 1134 In
229 1104 305 1141 cujus
321 1105 360 1133 rei
375 1103 568 1134 testimonium
582 1104 629 1134 has
640 1104 738 1134 litteras
752 1104 858 1136 nostras
868 1104 926 1134 fier-i
937 1103 1054 1134 fecimus
1066 1109 1199 1140 patenteS,

146 1142 245 1174 nostro
260 1142 346 1182 sigillo
362 1141 491 1180 sigillatas.

182 1224 250 1255 Dat.
271 1224 342 1264 apud
356 1223 526 1255 Albevillam
537 1230 635 1264 quarto
649 1222 693 1254 die
704 1224 790 1262 Junii.

186 1303 240 1335 Ista
255 1305 343 1334 littera
355 1304 508 1344 duplicatur
520 1326 530 1341 ‚
549 1311 640 1332 tamen
659 1302 715 1333 istis
727 1304 817 1334 verbis
830 1326 839 1342 ‚
858 1304 888 1333 in
903 1313 958 1334 una
971 1302 1090 1340 ipsarum
1104 1301 1203 1331 littera-

148 1353 229 1381 rum,
247 1346 276 1372 in
289 1345 408 1372 animam
425 1341 559 1381 nostram,
577 1340 682 1371 additis.

188 1495 246 1525 Pro
262 1488 404 1537 Johanne
421 1493 534 1524 Comite
551 1493 728 1534 Britannia,
756 1491 800 1525 ad
815 1493 942 1525 ‘Ierram
952 1491 1093 1538 slmffz‘vzm
1112 1495 1168 1524 iter

599 1550 763 1586 arreptura.

154 1627 280 1686 REX
298 1631 448 1669 omnibus,
465 1629 525 1661 &e
536 1629 657 1661 salutern.

263 1667 359 1698 Sciatis
374 1669 453 1706 quod
467 1692 476 1705 ,
494 1669 529 1699 de
566 1669 632 1698 ratia
647 1667 741 1699 nostr-3.
757 1668 864 1706 speciali
879 1691 888 1707 ‚
903 1668 1089 1699 concessimus
1103 1667 1208 1697 dilec‘to

158 1704 232 1735 fratri
247 1728 256 1743 ,
274 1706 306 1736 &
326 1706 399 1737 fideli
413 1707 510 1737 nostro
524 1730 533 1744 ,
547 1678 671 1744 {iohanni
683 1708 718 1737 de
733 1707 869 1737 Britannia
905 1707 1016 1738 Comiti
1032 1707 1210 1737 Richemun-

156 1744 228 1781 diae,
245 1745 291 1782 qui
307 1744 343 1775 de
360 1744 471 1775 licentia
491 1744 588 1775 nostra
608 1745 781 1782 profecturus
794 1744 834 1775 est
850 1730 887 1774 ars
895 1745 1010 1776 Curiam
1026 1745 1210 1781 Romanam,

157 1783 191 1813 &
202 1782 303 1811 exinde
316 1784 448 1822 proponit
461 1783 495 1813 ad
510 1791 610 1814 terram
625 1784 757 1814 Sandiam
771 1785 888 1821 arripere
908 1785 957 1814 iter
967 1784 1047 1814 suum
1056 1807 1066 1822 ‚

168 1858 173 1863 1
194 1820 301 1858 Qiod,
318 1821 338 1851 si
351 1822 495 1861 contingat
509 1832 577 1859 nos,
596 1821 668 1852 infra
681 1823 903 1860 quinquennium
923 1825 939 1852 ‘a
954 1832 1081 1859 tempore
1096 1821 1213 1852 confec-

154 1860 237 1888 tionis
257 1858 431 1896 praesentium
449 1883 458 1897 ,
479 1859 579 1890 alicubi
599 1861 750 1890 exercitum
770 1860 898 1891 nostrum
918 1861 1093 1891 summouere
1106 1885 1116 1898 ,
1135 1859 1212 1889 idern

152 1897 313 1935 johannes,
330 1899 476 1928 occasione
489 1898 650 1929 Comitatus
666 1899 806 1937 praedic‘ti,
825 1907 871 1929 aut
885 1899 997 1930 aliarum
1017 1908 1149 1929 terrarum
1169 1897 1215 1928 vel

156 1943 402 1975 tenementorum,
420 1947 485 1974 quae
498 1937 533 1967 de
547 1938 627 1967 nobis
643 1945 718 1968 tenet
733 1938 762 1968 in
783 1939 872 1975 capite
885 1960 895 1975 ,
913 1948 971 1968 nori
990 1938 1088 1968 habeat
1106 1935 1216 1967 necesse

157 1975 308 2004 excercitui
325 1975 364 2004 illi
377 1975 551 2012 personaliter
566 1975 708 2014 interesse,

198 2012 281 2043 Dum
292 2021 387 2043 tamen
399 2023 448 2053 per
463 2013 523 2044 suos
537 2014 694 2052 servitium,
713 2013 777 2044 inde
792 2014 935 2052 debitum,
956 2015 1036 2044 nobis
1051 2013 1097 2043 fiat
1110 2036 1119 2051 ,
1135 2020 1217 2050 prout

164 2051 271 2094 nobis,¹
283 2052 316 2081 &
342 2051 556 2082 antecessoribus
580 2052 680 2082 nostris
696 2076 706 2090 ,
724 2052 850 2093 Regibus
872 2052 983 2092 Angli-az
1007 2053 1037 2082 in
1063 2050 1219 2088 hujusmodi

160 2089 340 2127 exercitibus,
358 2089 416 2119 fieri
430 2090 513 2121 debet
528 2091 561 2121 &
577 2090 729 2122 consuevit.

200 2127 234 2157 In
250 2128 340 2166 cujus,
357 2129 418 2159 &c.
433 2138 482 2168 per
496 2128 604 2159 dietum
617 2130 840 2169 quinquennium
852 2130 999 2160 duraturas.

160 2206 269 2284 Jurlgiat.
287 2218 336 2249 per
357 2217 475 2240 manum
497 2208 627 2249 Magistri
643 2208 700 2239 Th.
722 2208 791 2240 Bek.
812 2209 884 2249 apud
905 2209 1032 2240 Westm.
1059 2218 1159 2248 quarto
1177 2210 1221 2240 die

189 2380 239 2411 De
253 2377 338 2411 modo
353 2381 566 2424 juramentum
576 2379 730 2427 praestandi
749 2382 869 2426 Major}
882 2384 919 2418 &ff
940 2379 1074 2414 Scabinis
1093 2380 1201 2414 Abba-

444 2429 560 2473 tisvillae
571 2455 581 2470 ‚
603 2439 658 2474 per
675 2432 798 2462 Comites
818 2433 949 2462 Pontivl.

171 2516 374 2577 EDwardus
387 2540 397 2555 ,
412 2516 469 2547 Dei
491 2517 577 2556 grati&
588 2541 597 2556 ‚
616 2516 682 2548 Rex
704 2517 814 2557 Angliae
829 2541 838 2556 ,
858 2516 1001 2550 Dominus
1013 2517 1176 2557 Hiberniae,
1192 2521 1226 2551 ὅτ.

244 2555 313 2585 Dux
328 2555 502 2593 Aquitani-ie,
520 2555 629 2586 Comes
643 2556 759 2587 Pontivi
773 2557 805 2587 δε
823 2557 988 2587 Monstrolii
1004 2580 1013 2595 ,
1030 2558 1063 2587 &
1079 2558 1229 2595 Alianora,

172 2592 272 2624 eadem
285 2593 388 2631 gratia,
404 2593 532 2632 Regina,
553 2594 681 2625 Domina
693 2618 703 2633 ,
718 2595 752 2625 &
768 2594 916 2625 Comitiffa
936 2596 1064 2626 locorum
1078 2596 1230 2632 proedicto-

174 2641 235 2662 rum
272 2633 326 2669 ejus
339 2641 426 2670 uxor,
443 2633 461 2651 ²*
481 2633 628 2671 universis,
645 2633 820 2670 praesentibus
834 2634 866 2664 &
877 2634 990 2673 futuris,

211 2655 328 2700 N⁵otum
348 2670 463 2700 facimus
481 2672 558 2708 quod
571 2694 581 2709 ,
599 2681 648 2711 per
670 2679 793 2702 mortem
808 2672 908 2702 nobilis
924 2673 1062 2703 Dominae
1073 2673 1230 2711 Johannae,

177 2708 319 2747 quondam
334 2708 595 2752 ReginaelCastellae
608 2711 641 2740 &
658 2709 806 2749 Legionis,
822 2710 953 2750 Pontivi,
969 2711 1172 2742 Monsti'olii&
1183 2712 1232 2741 Ai-

177 2746 308 2777 bemarlae
323 2746 500 2785 Comitissae,
519 2757 587 2778 terra
602 2749 635 2779 &
650 2747 809 2778 Comitatus
817 2748 931 2779 Pontivi
943 2749 977 2779 ad
990 2759 1041 2779 nos
1054 2750 1215 2787 devenerit,

213 2785 251 2815 Et
263 2784 297 2815 ad
317 2785 410 2816 villam
430 2785 636 2824 Abbatisvillae,
653 2796 706 2826 pro
727 2787 862 2855 homagiis
875 2787 991 2826 nostris,
1011 2789 1043 2818 ὃ(
1054 2789 1233 2826 juramentis,

173 2834 206 2855 ac
221 2823 408 2861 fidelitatibus,
427 2834 442 2853 a
458 2823 588 2862 Maiore,
607 2825 640 2855 &
653 2825 794 2863 Scabinis,
860 2834 917 2856 tota
930 2825 1146 2857 Communitate
1158 2827 1232 2858 villae

174 2861 319 2904 praediCtae
335 2862 491 2901 capiendis,
509 2864 536 2892 in
551 2864 673 2893 adventu
688 2862 784 2894 nostro
796 2863 1003 2903 devenerimus,

214 2900 268 2940 Ipsi
281 2900 393 2938 Major,
410 2902 443 2931 &
456 2900 570 2931 Scabini
584 2924 593 2939 ‚
611 2912 643 2932 ac
659 2910 716 2932 tota
735 2902 868 2941 praediff’ta
882 2902 1099 2942 Communitas,
1113 2905 1153 2934 ob
1169 2914 1234 2934 nos-

178 2948 230 2970 trae
244 2939 343 2978 Regia:
358 2938 510 2976 Maiestatis
524 2941 724 2978 reverentiam,
738 2942 886 2978 juramenta
905 2941 997 2973 nostra
1012 2965 1021 2981 ,
1037 2952 1086 2982 per
1101 2952 1234 2981 procura-

177 2986 266 3014 toreS,
281 2979 312 3006 in
325 2977 428 3006 animas
438 2977 558 3016 nostras,
578 2979 660 3008 nobis
676 2979 852 3017 praesentibus
866 2980 1056 3019 personaliter,
1070 2982 1104 3012 &
1117 2981 1236 3011 consen-

179 3016 327 3052 tientibus,
344 3024 526 3054 receperunt,
545 3017 608 3046 licet
628 3018 657 3046 in
670 3017 792 3057 personis
807 3017 906 3048 nostri's
924 3019 1075 3056 juramenta
1088 3019 1236 3060 praediffita,

182 3061 212 3084 ut
225 3052 374 3091 dicebant,
391 3053 482 3083 facere
495 3062 669 3092 teneremur,

220 3090 290 3134 Nos
303 3094 392 3135 vero,
410 3092 462 3127 eis,
481 3093 514 3123 &
529 3093 621 3122 litteris
633 3093 699 3130 suis,
717 3095 750 3125 &
766 3094 968 3126 instrumentis.
982 3106 1046 3134 quae
1061 3107 1076 3127 a
1089 3095 1240 3137 praedeces-

183 3129 289 3160 foribus
303 3129 421 3168 nostris,
440 3128 604 3160 Comitibus
617 3130 745 3170 Pontivi,
761 3133 932 3172 habuerunt,
946 3144 980 3164 ac
994 3136 1078 3165 etiam
1093 3135 1240 3174 privilegiis

184 3167 252 3206 suis,
270 3168 360 3198 usibus
372 3168 406 3198 ὃς
421 3167 662 3200 consuetudinibus
675 3193 685 3208 ,
701 3180 813 3210 propter
833 3172 890 3203 hoc
904 3195 914 3211 ,
931 3173 1032 3212 aliquid
1049 3174 1242 3212 praejudicium

186 3207 310 3248 generari
321 3206 460 3245 nolentes,

225 3244 364 3275 Volumus
397 3246 429 3275 &
443 3246 481 3288 eis
496 3245 695 3284 concedimus,
734 3258 767 3278 ro
781 3249 862 3278 nobis
876 3249 909 3279 ὃς
922 3249 1119 3280 successoribus
1132 3249 1243 3287 nostris,

189 3281 355 3327 Comitibus
368 3268 500 3327 l'oritivi,
518 3283 595 3328 quod
608 3285 688 3329 suece
713 3295 776 3316 ores
788 3286 890 3324 nostri,
901 3287 1029 3318 Comites
1044 3288 1244 3327 Pontivi,qui-

189 3331 237 3359 qui
252 3320 369 3365 fuerint,
388 3331 493 3351 ratione
507 3321 670 3353 Comitatus
689 3322 804 3354 Pontivi
840 3336 898 3355 non
922 3336 1015 3357 tamen
1028 3327 1122 3365 Repes
1136 3327 1245 3366 Anglite

190 3360 317 3397 inune‘ti,
333 3368 488 3402 juramenta
507 3359 589 3390 dictis
609 3359 715 3398 Majori
729 3384 738 3398 ‚
756 3362 789 3392 &
803 3347 944 3403 fiammis,
962 3365 1059 3395 &toti
1104 3375 1248 3395 ommuni-

193 3399 243 3428 tati
256 3397 417 3438 praeditstae,
436 3408 464 3427 in
478 3397 600 3428 adventu
613 3398 677 3436 suo,
695 3398 811 3438 faciant,
828 3410 911 3438 prout
925 3403 1013 3434 nostri
1029 3403 1249 3441 praedeceffore5,

193 3436 309 3467 Pontivi
323 3435 468 3481 Comites,
487 3435 577 3465 facere
590 3437 808 3474 consueverunt,
822 3440 983 3476 juramentis
994 3441 1093 3472 nostris
1126 3452 1175 3482 per
1182 3452 1248 3479 pro-

192 3483 330 3506 curatores
344 3474 421 3504 fatus
435 3473 487 3503 hac
501 3474 564 3504 vice
576 3474 695 3512 eisdem,
712 3486 771 3506 non
785 3476 971 3517 obstantibus,
1101 3466 1109 3481 ⁷

231 3511 268 3543 Et
283 3520 312 3542 ut
326 3512 465 3550 praemissa
479 3511 559 3542 firma
573 3513 606 3543 &
619 3513 782 3543 inconcussa
794 3515 980 3553 imposterum
989 3525 1163 3555 remaneant,
1178 3526 1250 3555 prae-

195 3551 253 3595 sens
268 3551 411 3591 Scriptum
425 3550 588 3591 Sigillorum
608 3550 770 3583 nostrorum
785 3556 941 3587 munimine
964 3558 1146 3597 praecepimus
1165 3556 1250 3585 robo-

193 3599 255 3620 rari.
820 3612 822 3615 -

232 3670 300 3701 Dat.
315 3670 387 3708 apud
404 3669 613 3701 Abbatisvillam
625 3670 700 3701 sexto
712 3670 756 3702 die
765 3671 862 3712 Junii,
880 3684 955 3706 anno
971 3675 1093 3706 Domini
1107 3674 1253 3705 millesimo

197 3709 390 3740 ducentesimo
404 3709 604 3749 sepniagefimo
617 3718 703 3739 nono.

228 3851 339 3884 Forma
355 3851 560 3897 staram-enti,
587 3848 667 3896 qnod
681 3852 747 3882 Rex
757 3850 829 3894 fieri
842 3850 918 3894 fecit
935 3857 966 3885 in
986 3857 1122 3887 animam
1131 3855 1225 3900 fitam

530 3896 698 3931 hominibus
716 3897 752 3930 de
766 3896 937 3933 Albevilla.

182 4005 188 4012 -
289 3985 482 4020 Emorandum
497 4012 507 4027 ,
526 3988 603 4026 quod
623 3988 686 4018 haec
707 3987 748 4018 est
762 3987 854 4017 forma
875 3986 1051 4028 sacramenti,
1068 3989 1146 4029 quod
1159 3989 1266 4020 Domi—

304 4035 356 4055 nus
373 4025 438 4057 Rex
452 4027 512 4057 fieri
526 4028 592 4057 fecit
607 4049 617 4064 ,
635 4027 664 4056 in
683 4027 806 4056 animam
827 4025 919 4064 suam,
937 4035 987 4066 per
1001 4026 1165 4058 Dominum
1183 4028 1268 4058 Tho-

207 4070 284 4092 mam
298 4062 334 4093 de
347 4063 516 4105 Sandivico‚
530 4065 714 4098 Senescauum
729 4063 861 4104 Pontivi,
878 4064 912 4096 &
925 4063 1002 4106 quod
1013 4065 1142 4098 Domina
1156 4066 1267 4106 Regina

2192 193 2264 234 181

1233 280 1354 310 similiter
1376 281 1441 312 fecit
1455 305 1464 319 ,
1483 283 1511 311 in
1526 283 1646 311 animam
1666 282 1738 312 stiam
1751 305 1761 320 ,
1777 291 1827 322 per
1844 279 2007 311 Dominum
2023 277 2184 318 Johannem
2199 277 2283 307 Ferre
2296 276 2370 306 Ann.
2384 274 2423 305 D.

1231 319 1348 348 militem
1362 319 1438 349 suum
1451 319 1615 356 successive,
1633 321 1777 357 videlicet,
2252 353 2256 358 ,
2324 323 2406 350 1279·

1271 355 1319 386 Ke
1333 367 1405 386 nous
1419 358 1566 395 garderuns
1580 357 1615 386 les
1629 368 1692 387 cors
1701 381 1710 395 ,
1728 359 1760 387 &
1773 358 1810 387 les
1824 358 1902 387 biens
1913 357 1948 387 de
1961 366 2012 386 nos
2025 365 2092 394 gens
2108 354 2143 384 de
2157 353 2282 385 Albevil—
2299 357 2365 381 Edu,
2383 363 2405 379 i.

1232 393 1258 423 le
1270 403 1336 423 cum
1356 394 1392 424 de
1406 405 1463 425 noz
1475 395 1575 424 homes
1586 417 1596 432 ,
1615 396 1648 425 ὅ(
1668 396 1725 425 leur
1739 395 1875 433 chartres,
1894 396 1926 425 ὃς
1941 396 1998 424 leur
2012 394 2170 434 privileges,
2188 392 2224 421 ke
2237 400 2283 420 eus

1233 439 1284 461 unt
1305 432 1340 462 de
1359 442 1410 461 nos
1431 432 1576 462 Ancestres
1588 432 1697 463 Cuntes
1710 433 1746 463 de
1758 433 1875 471 Puntif,
1894 434 1927 462 &
1943 434 2001 462 leur
2013 432 2159 462 franchiies
2178 431 2209 460 δε
2225 429 2284 458 leur

1233 469 1278 537 pisa
1294 480 1325 515 es
1337 494 1346 508 ,
1366 470 1401 500 ke
1423 471 1440 500 il
1463 478 1580 510 purront
1594 479 1640 509 par
1655 472 1713 501 leur
1727 471 1870 510 privileges
1882 480 1999 510 acquere
2011 493 2020 508 ,
2039 469 2128 500 solum
2144 469 2181 499 les
2194 467 2284 506 usages

1254 518 1270 537 e
1308 518 1398 538 rance.

1271 545 1308 576 Et
1323 546 1463 576 sciendum
1476 545 1571 584 quod,
1586 546 1651 576 licet
1663 545 1809 584 Burgenses
1824 545 1949 584 praediffl
1962 546 1978 575 a
1993 554 2135 584 tempore,
2150 553 2208 584 quo
2223 554 2284 575 non

1234 584 1335 620 poterit
1353 584 1446 614 haberi
1468 586 1606 613 memoria
1621 607 1629 622 ,
1645 585 1684 614 usi
1702 585 1803 613 iuer-int
1818 584 1952 623 aliquibus
1970 584 2137 614 libertatibus
2156 584 2200 614 vel
2214 593 2284 614 con-

1233 621 1435 660 suetudinibus3
1455 632 1502 659 per
1519 622 1597 651 usuin
1613 631 1706 652 tamen
1727 622 1803 651 illum
1819 632 1877 651 non
1894 622 2039 660 adquiritur
2054 623 2091 651 eis
2106 623 2144 658 jus
2158 620 2286 659 aliquod,

1233 659 1384 690 secundum
1405 660 1637 690 consuetudinem
1661 661 1682 689 F
1685 661 1804 697 ranciae,
1822 670 1875 690 nec
1891 660 1975 689 currit
1995 659 2125 689 Domino
2142 661 2286 699 praescrip-

1235 699 1294 736 tio,
1312 699 1361 728 nisi
1375 699 1427 728 illae
1442 699 1578 728 libertates
1592 698 1636 728 vel
1652 697 1862 728 consuetudines
1874 698 2068 728 contineantur
2082 699 2110 726 in
2125 708 2224 728 eorum
2232 698 2290 736 pri-

1235 736 1352 774 vilegiis,
1369 738 1414 765 vel
1429 737 1502 766 nasci
1525 744 1653 775 poterunt
1667 745 1701 765 ex
1715 744 1811 765 tenore
1826 736 1990 766 eorumdem
2004 758 2013 772 ,
2030 736 2097 779 sifut
2117 745 2165 774 per
2180 736 2289 766 Domi-

1235 784 1303 803 num
1319 773 1490 812 Episcopum
1505 775 1639 805 Ambian.
1654 775 1687 804 ὃς
1702 783 1750 810 per
1762 773 1927 804 Dominum
1938 774 2101 812 johannem
2115 773 2150 803 de
2169 773 2288 813 Nigello

1235 810 1382 842 Comitem
1401 811 1531 852 Pontivi,
1550 813 1598 850 qui
1614 812 1675 842 sunt
1688 813 1724 842 de
1739 813 1854 842 contilio
1868 813 1952 852 Regis
1974 812 1996 842 F
1998 813 2114 848 rancice,
2129 812 2270 842 testantur.

1415 903 1525 933 Forma
1538 900 1724 945 fizcramenti
1734 900 1815 944 ργζὶῑὲῗί
1826 911 1878 945 per
1899 912 1942 932 eos
1965 901 2016 946 ipsi
2031 903 2112 946 Regi.

1239 987 1387 1047 FOrma
1401 996 1493 1018 autern
1502 988 1651 1025 juramenti
1667 988 1742 1028 quod
1766 988 1861 1022 Maior
1873 988 1906 1017 δε
1921 987 2031 1018 Scabini
2045 989 2077 1018 &
2094 986 2293 1018 Communitas

1307 1026 1456 1056 Albevillae
1469 1026 1595 1056 fecerunt
1608 1027 1786 1064 corporaliter
1800 1026 1938 1055 Dominae
1954 1026 2072 1064 Regin-„e
2081 1035 2226 1065 ,tanquam
2234 1025 2294 1054 hae-

1242 1065 1377 1096 reditariae
1390 1065 1502 1101 primo,
1517 1065 1549 1094 ὃς
1567 1063 1661 1103 postea
1674 1063 1806 1093 Domino
1821 1063 1896 1101 Regi
1906 1085 1914 1099 ,
1932 1064 1988 1101 ejus
2004 1066 2122 1102 marito,
2139 1065 2201 1093 haec
2216 1063 2265 1092 est.

1280 1103 1327 1133 Ke
1343 1112 1413 1132 nous
1431 1102 1508 1131 bone
1531 1101 1566 1130 fei
1579 1101 1612 1131 &
1626 1102 1714 1131 leaute
1726 1111 1777 1131 vos
1793 1110 1936 1137 porteruns
1950 1103 1982 1130 &
2002 1112 2016 1130 a
2028 1112 2077 1131 vos
2090 1112 2177 1141 genz,
2195 1109 2295 1131 contre

1242 1150 1313 1172 totes
1335 1149 1407 1180 genz
1420 1162 1429 1177 ,
1447 1140 1483 1169 ke
1505 1147 1620 1177 purront
1639 1140 1718 1170 vivre
1732 1140 1764 1170 δε
1779 1139 1866 1169 morit·
1882 1161 1892 1176 ,
1907 1139 1939 1168 ὃς
1953 1140 2088 1170 0136111ὲ115
2100 1140 2202 1170 serrum
2217 1150 2232 1169 a
2248 1145 2298 1169 vos

1246 1180 1426 1210 Lus-tenanz.

1267 1317 1324 1355 Pr?
1344 1312 1472 1356 Majore
1493 1314 1529 1349 ὠ
1545 1309 1679 1344 δἐιτύἱηὶς
1698 1315 1733 1345 V
1732 1312 1784 1344 illae
1807 1311 1843 1344 de
1864 1314 1945 1353 Rue,
1970 1310 2005 1343 de
2019 1311 2193 1355 juramento
2200 1309 2279 1351 ficut

1629 1359 1764 1405 superius
1777 1358 1909 1406 prastito.

1314 1449 1421 1481 Dward
1437 1473 1446 1488 ,
1464 1459 1512 1489 par
1528 1447 1550 1479 la
1564 1457 1646 1488 grace
1660 1447 1695 1478 de
1715 1447 1781 1478 Deu
1796 1471 1805 1486 ,
1824 1445 1883 1478 Roi
1896 1445 2084 1487 d'Engleterre
2100 1471 2109 1485 ,
2125 1449 2158 1479 &
2172 1447 2303 1477 Alianore
2318 1441 2392 1473 Arm·
2408 1440 2449 1472 D·

1325 1489 1349 1519 sa
1375 1488 1542 1529 Cumpayne
1567 1497 1583 1516 a
1606 1495 1674 1517 touz
1695 1495 1760 1517 ceus
1777 1507 1783 1518 ‚
1809 1486 1843 1516 ke
1863 1486 1937 1516 ceste
1958 1487 2035 1516 lettre
2050 1494 2163 1517 veri-unt
2177 1487 2209 1516 δε
2222 1494 2306 1516 orunt
2320 1491 2423 1548 Al279·

1248 1528 1330 1558 salUZ.
2348 1532 2360 1547 r}
2367 1540 2372 1546 -
2384 1531 2397 1555 7
2405 1541 2411 1547 .

1288 1565 1367 1596 Cum
1388 1575 1437 1604 par
1459 1564 1483 1594 la
1502 1562 1652 1593 Duchesce
1673 1562 1767 1598 nostre
1782 1562 1866 1593 chere
1881 1572 1957 1592 mere
1973 1586 1982 1601 ,
2002 1563 2034 1593 ὃ(
2049 1562 2135 1592 noble
2148 1561 2243 1592 Darne
2253 1558 2306 1600 Jo-
2325 1563 2354 1586 E*
2378 1568 2399 1585 ¹·

1253 1604 1324 1634 hane
1339 1627 1349 1642 ,
1390 1613 1418 1632 ar
1441 1603 1465 1632 la
1487 1610 1569 1640 grace
1588 1602 1624 1631 de
1643 1600 1720 1631 Dieu
1742 1601 1834 1630 aukun
1855 1609 1913 1631 tens
1933 1601 2030 1631 Roine
2052 1601 2087 1630 de
2100 1600 2211 1630 Castele
2224 1601 2257 1630 &
2269 1600 2305 1630 de
2321 1598 2453 1634 Vascon.7.

1254 1643 1354 1682 Lyon,
1392 1641 1517 1671 ountesse
1531 1640 1566 1669 de
1580 1638 1691 1677 Puntif,
1709 1643 1723 1655 *Ρ
1741 1640 1776 1669 de
1788 1639 1937 1676 Mustroil,
1953 1640 1985 1669 &
1999 1639 2035 1669 de
2048 1638 2243 1668 Aubemarl.le
2250 1638 2302 1668 ho·
2318 1640 2347 1662 E·
2371 1644 2393 1662 1·

1254 1691 1319 1711 nurs
1333 1681 1366 1711 &
1380 1680 1404 1710 la
1418 1679 1514 1709 Cunte
1527 1678 1562 1707 de
1577 1677 1676 1707 Puntif
1685 1687 1735 1707 nos
1747 1677 1818 1707 feust
1833 1677 2042 1707 heritablement
2053 1677 2188 1714 eschene,
2319 1684 2354 1700 m.
2377 1682 2402 1708 3-

1296 1718 1348 1748 Par
1366 1719 1430 1755 quei
1450 1718 1468 1746 li
1483 1716 1602 1754 Meires,
1621 1717 1654 1747 &
1671 1715 1709 1745 les
1730 1715 1864 1745 Eskevins
1884 1715 1957 1746 dela
1973 1714 2109 1745 Comune
2122 1715 2157 1745 de
2170 1715 2253 1752 Rue,
2272 1715 2308 1745 ke
2320 1713 2382 1740 *lh
2396 1718 2457 1745 ¹4¹·

1259 1757 1299 1787 est
1312 1756 1407 1786 nostre
1418 1755 1497 1793 ville,
1512 1765 1564 1784 nos
1576 1754 1783 1784 demandassent
1797 1754 1932 1783 serement
1968 1754 2003 1784 de
2016 1754 2074 1783 leur
2088 1753 2219 1784 Chartres
2235 1754 2266 1784 ὅ(
2275 1752 2311 1783 de

1255 1796 1315 1825 leur
1330 1795 1420 1833 usages
1435 1795 1525 1831 tenir,
1539 1793 1642 1823 donees
1657 1802 1704 1829 par
1718 1792 1755 1822 les
1770 1793 1916 1831 Seigneurs
1929 1777 1965 1822 (16
1981 1791 2081 1823 Puntif
2091 1802 2142 1822 nos
2156 1792 2310 1830 Ancesurs,

1257 1835 1276 1864 11
1292 1843 1358 1864 60111
1372 1835 1389 1863 11
1403 1832 1545 1872 disoyent,

1294 1872 1331 1902 Et
1346 1872 1364 1902 li
1380 1871 1502 1901 avantdit
1519 1869 1640 1905 Meires,
1656 1869 1689 1899 &
1707 1868 1857 1907 Eskevins‚
1873 1869 1905 1899 &
1919 1868 1943 1899 la
1956 1868 2108 1907 Comune,
2127 1879 2178 1906 pur
2197 1868 2221 1898 la
2236 1878 2315 1898 reve-

1261 1920 1345 1940 rence
1359 1913 1393 1939 de
1406 1909 1500 1938 nostre
1517 1907 1571 1938 real
1587 1906 1708 1945 Majeste
1724 1929 1734 1945 ,
1751 1907 1787 1937 tel
1801 1907 1943 1937 Serement
1959 1908 2032 1937 aient
2046 1908 2099 1945 pris
2110 1907 2145 1937 de
2158 1906 2251 1938 nostre
2265 1906 2316 1937 leal

1262 1949 1424 1979 Procureur

1296 1987 1334 2017 Et
1346 1996 1392 2024 par
1407 1970 1441 2016 ki’
1452 1994 1498 2015 eus
1511 1994 1562 2013 nos
1571 1991 1641 2013 ount
1653 1983 1692 2013 fet
1705 1983 1850 2013 Serement
1865 1984 1898 2014 &
1912 1983 2125 2021 feaute,d'estre
2137 1993 2151 2014 a
2167 1993 2217 2013 nos
2225 1982 2317 2013 obeis-

1261 2025 1335 2063 sant,
1352 2026 1385 2055 &
1515 2022 1550 2052 de
1564 2023 1608 2052 vie
1623 2023 1655 2052 ὃς
1671 2022 1706 2051 de
1720 2023 1864 2058 membre,
1881 2022 1914 2052 &
1927 2022 1962 2051 de
1976 2023 2076 2052 terrein
2092 2023 2182 2052 honui·
2195 2046 2204 2059 ,
2221 2031 2288 2052 cuni
2302 2031 2318 2052 a

1263 2065 1321 2095 leur
1336 2062 1406 2093 dreit
1420 2061 1571 2100 Seigneur,
1589 2070 1625 2089 en
1638 2068 1709 2089 totes
1721 2060 1833 2097 choses,
1852 2061 1885 2090 ὃ(
1901 2063 1914 2090 ἐι
1931 2069 1989 2090 noz
2003 2060 2070 2090 Lius
2084 2069 2185 2090 tenanz
2198 2069 2205 2089 t

1301 2102 1339 2132 Et
1352 2110 1404 2140 pur
1418 2110 1452 2130 ce
1468 2101 1504 2129 ke
1516 2108 1567 2128 nos
1581 2108 1618 2128 ne
1629 2099 1726 2128 volum
1747 2100 1804 2128 mie
1821 2099 1856 2127 ke
1871 2099 1896 2128 le
1915 2098 2075 2137 Serement‚
2091 2099 2126 2128 ke
2149 2099 2185 2128 fet
2202 2098 2259 2128 leur
2276 2097 2316 2127 est·

1265 2151 1312 2180 par
1327 2139 1421 2170 nostre
1434 2138 1588 2177 Procurur,
1607 2137 1664 2167 leur
1677 2136 1769 2176 peusse
1782 2146 1873 2166 turner
1889 2147 1904 2167 a
1937 2137 2074 2175 rejudice,
2084 2137 2182 2167 voluns
2196 2136 2228 2166 ὃς
2237 2146 2319 2176 gran-

1265 2189 1327 2210 tuns
1350 2178 1385 2207 ke
1402 2200 1411 2215 ‚
1434 2186 1481 2216 par
1502 2185 1535 2206 ce
1554 2175 1698 2205 Serement
1710 2197 1720 2213 ,
1737 2185 1772 2204 ne
1792 2176 1885 2214 seyent
1926 2175 2063 2212 esturbes,
2078 2185 2114 2205 ne
2132 2174 2166 2204 de
2179 2175 2236 2204 leur
2249 2174 2320 2204 dreit

1264 2218 1390 2257 aloynes,
1409 2216 1457 2253 qui
1470 2225 1521 2245 nos
1534 2214 1606 2243 heirs
1619 2212 1726 2243 Cuntes
1738 2212 1773 2242 de
1791 2212 1892 2243 Puntif
1901 2236 1910 2250 ‚
1927 2215 2023 2253 quine
2038 2214 2129 2252 seyent
2142 2212 2188 2243 Re
2206 2223 2218 2242 s
2233 2223 2320 2253 enoy-

1265 2267 1319 2295 ne,
1337 2265 1373 2286 ne
1387 2254 1479 2284 facerit
1496 2254 1520 2282 le
1533 2252 1677 2282 Serement
1691 2251 1780 2281 solum
1795 2251 1832 2281 les
1851 2251 1942 2290 usages
1961 2251 1998 2282 de
2013 2252 2038 2282 la
2054 2252 2117 2282 Vile
2131 2251 2167 2281 de
2214 2263 2264 2291 ue,
2282 2262 2319 2282 en

1266 2296 1291 2326 la
1306 2303 1418 2324 manere
1433 2292 1468 2321 ke
1483 2292 1576 2321 nostre
1591 2290 1748 2321 Ancessbur
1763 2289 1852 2320 l'ount
1865 2290 1920 2320 fait.

1305 2333 1342 2363 Et
1361 2342 1397 2361 en
1412 2330 1581 2370 tesmoimge
1600 2328 1636 2359 de
1655 2328 1731 2360 ceste
1752 2328 1836 2359 chose
1857 2328 1916 2359 leur
1935 2338 2032 2360 avoms
2054 2328 2093 2359 fet
2107 2328 2164 2359 fere
2176 2337 2222 2360 ces
2234 2329 2325 2360 lettres

1270 2371 1416 2412 presentes.

1306 2448 1470 2480 Donneesii
1488 2443 1609 2486 Logard.
1622 2456 1657 2477 en
1670 2447 1714 2477 lan
1728 2446 1764 2477 de
1778 2455 1858 2485 grace
1874 2454 1956 2485 1279.

1309 2525 1478 2555 Consimiles
1492 2525 1592 2554 litteras
1611 2523 1692 2553 habet
1708 2523 1907 2553 Communitas
1922 2521 1958 2551 de
1970 2520 2101 2561 Croteye.

1309 2563 1476 2593 Cotilimiles
1494 2563 1594 2592 litteras
1615 2562 1697 2592 habet
1719 2561 1791 2592 Villa
1809 2561 1853 2590 seu
1874 2558 2073 2590 Cornmunitas
2093 2559 2130 2590 de
2150 2558 2330 2589 Mareskene·

1275 2609 1341 2632 tere.

1312 2638 1478 2668 Consimiles
1493 2638 1593 2667 litteras
1604 2637 1688 2667 habet
1703 2637 1900 2668 Communiras
1915 2635 1999 2666 Villae
2012 2636 2047 2667 de
2059 2635 2159 2666 Cressi.

1311 2677 1481 2707 Consimiles
1496 2677 1595 2706 litteras
1611 2677 1693 2705 habet
1706 2675 1906 2705 Communitas
1921 2675 2003 2705 Villae
2016 2675 2052 2705 de
2066 2675 2199 2705 Waulan.

1313 2715 1481 2746 Consimiles
1495 2714 1593 2744 litteras
1605 2714 1687 2744 habet
1703 2714 1798 2744 Abbas
1809 2714 1843 2744 de
1858 2713 1963 2743 San&o
1974 2712 2073 2752 Jocio,
2087 2712 2255 2751 conjunctus
2261 2718 2329 2742 cum

1278 2754 1493 2784 Communitate
1508 2752 1629 2790 ejuldem
1643 2752 1738 2782 Villze.

1315 2791 1480 2822 Consimilas
1497 2791 1595 2821 litteras
1611 2791 1694 2820 habet
1707 2789 1906 2820 Communitas
1920 2790 2002 2820 Villae
2016 2789 2052 2820 de
2066 2789 2188 2820 Areines.

1316 2830 1485 2862 Consimiles
1498 2829 1598 2859 litteras
1611 2829 1693 2859 habet
1707 2829 1905 2860 Communitas
1916 2828 1997 2859 Villae
2011 2828 2046 2858 de
2060 2825 2239 2866 Mustenoyll.

2216 2905 2221 2918 0

1281 2966 1330 2997 De
1347 2960 1501 3004 omnibus,
1527 2975 1586 3008 qux
1605 2966 1636 2994 in
1656 2959 1839 2994 Civitatibus
1858 2964 1981 2994 lemov.
2004 2964 2160 2994 Catnrcen.
2179 2971 2215 2999 (y
2232 2962 2338 2993 Petra·

1318 3023 1386 3092 gbor.
1404 3010 1487 3091 Πέιῑοίὶ
1504 3008 1607 3043 debent
1617 3037 1627 3053 ,
1654 3010 1812 3045 Wllielmo
1828 3009 1863 3043 de
1882 3010 2042 3052 Valentia,
2067 3012 2182 3042 nomine
2197 3011 2284 3055 Regis
2300 3009 2338 3040 li-

1350 3071 1422 3092 ercm
1445 3070 1478 3091 15.

1286 3146 1575 3208 EXcellentiffimo
1596 3146 1718 3187 Principi
1733 3171 1742 3186 ,
1761 3147 1902 3178 kariffimo
1926 3147 2134 3187 consanguineo
2154 3148 2188 3178 &
2211 3146 2343 3177 Domino
2359 3143 2433 3173 Ann.
2447 3139 2491 3172 D-

1362 3187 1429 3225 suo,
1447 3185 1595 3225 Philippo,
1612 3185 1670 3216 Dei
1690 3186 1787 3226 gratia,
1811 3186 1936 3217 Franciae
1957 3186 2029 3226 Regi
2045 3209 2056 3224 ,
2073 3186 2138 3216 Rex
2153 3185 2264 3225 Angliae
2278 3185 2344 3214 salu·
2361 3190 2464 3248 AI279-

1288 3235 1355 3257 tem.
2389 3231 2412 3248 ⁷¹·
2434 3230 2459 3255 7·

1324 3262 1487 3294 Celsitudini
1502 3260 1599 3291 vestrae
1614 3261 1786 3292 kariffimum
1799 3262 1948 3300 Patruum,
1961 3263 1995 3293 &
2007 3262 2117 3293 fidelem
2126 3261 2252 3291 nostrum
2261 3258 2344 3298 ,Gu-
2362 3263 2390 3285 E·
2417 3267 2441 3284 1·
2491 3296 2495 3298 ,

1287 3304 1414 3333 lielmum
1434 3301 1469 3330 de
1489 3299 1613 3329 Valentia
1637 3299 1763 3330 Militem
1775 3324 1785 3339 ,
1803 3301 1989 3331 exhibitorem
2009 3301 2184 3341 praesentium
2199 3323 2209 3336 ,
2224 3298 2343 3329 destina-
2360 3297 2493 3332 &scon-70

1289 3352 1352 3371 mus
1366 3340 1400 3369 ad
1412 3337 1609 3376 requirendum
1625 3338 1657 3367 &
1673 3339 1863 3376 recipiendum
1879 3341 1893 3369 a
1906 3340 1987 3369 vobis
2000 3362 2008 3376 ,
2028 3339 2071 3369 vel
2087 3338 2218 3368 mandato
2232 3337 2344 3376 vestro,
2360 3338 2387 3362 E·
2408 3343 2431 3361 1·

1289 3377 1411 3410 universa
1430 3378 1462 3408 &
1480 3375 1582 3413 fingula
1598 3398 1607 3413 ‚
1625 3386 1688 3414 quae
1707 3386 1756 3416 per
1777 3387 1828 3407 vos
1847 3377 1907 3407 fimt
1927 3378 2008 3406 nobis
2021 3376 2192 3406 tradenda&
2206 3375 2345 3406 liberanda
2362 3382 2397 3401 m.
2412 3381 2440 3408 5.

1289 3419 1320 3448 in
1333 3416 1499 3447 Civitatibus
1513 3416 1546 3444 &
1562 3414 1727 3445 Diocesibus
1742 3415 1925 3445 Lemovicen.
1940 3414 2089 3445 Caturcen.
2104 3416 2137 3445 &
2151 3414 2298 3452 petragor,
2314 3423 2348 3444 ac

1291 3457 1375 3486 etiam
1389 3453 1525 3484 xancton
1541 3452 1610 3481 ultra
1624 3451 1741 3483 fluvium
1758 3453 1931 3483 Charenton.

1328 3493 1457 3523 Necnon
1470 3491 1503 3521 ad
1520 3489 1672 3529 petendum
1687 3491 1721 3521 &
1736 3492 1933 3531 requirendum
1948 3490 2092 3521 deliberari
2106 3488 2216 3532 surprisa
2229 3512 2239 3527 ,
2257 3489 2349 3528 saffira,

1294 3533 1340 3563 vel
1357 3531 1420 3562 alias
1439 3536 1575 3568 amparata
1589 3537 1638 3565 per
1651 3539 1701 3559 vos
1713 3553 1723 3568 ,
1739 3532 1898 3569 genitorem
1922 3529 2044 3559 vestrum
2061 3550 2070 3566 ‚
2089 3531 2218 3566 genteive
2233 3528 2349 3565 vestras,

1293 3579 1430 3600 eorumve
1444 3567 1622 3604 auctoritate,
1638 3577 1701 3605 quae
1735 3570 1825 3598 enitor
1838 3568 1950 3605 noster,
1967 3567 2011 3597 vel
2026 3576 2091 3604 nos,
2111 3566 2155 3596 seu
2170 3574 2265 3605 gentes
2283 3576 2350 3596 nos—

1295 3618 1346 3639 trae
1362 3607 1425 3645 post
1444 3614 1542 3644 pacem
1555 3626 1564 3642 ,
1581 3604 1688 3635 dudum
1737 3607 1812 3636 etam
1830 3607 1903 3635 inter
1923 3606 1994 3642 ipsos
2013 3604 2150 3642 genitores
2164 3603 2290 3642 nostros,
2309 3613 2351 3634 te-

1294 3648 1407 3678 nuimus
1426 3646 1454 3674 in
1473 3644 1547 3674 terris
1584 3643 1720 3683 raediffis,
1741 3645 1774 3675 &
1791 3645 1897 3682 quaein
1912 3644 1972 3681 ipsis
1985 3643 2060 3672 terris
2077 3641 2111 3672 ad
2130 3652 2181 3672 nos
2199 3644 2352 3682 pertinent,

1295 3686 1340 3716 seu
1377 3685 1496 3713 ertinere
1509 3691 1548 3721 po
1572 3689 1637 3719 unt,
1655 3682 1700 3711 vel
1715 3681 1818 3712 debent
1830 3691 1945 3721 quoquo
1960 3679 2065 3719 modo,

1364 3732 1395 3752 os
1413 3719 1561 3751 affec‘tuose
1579 3728 1704 3759 rogantes
1722 3722 1846 3760 quatinus
1865 3719 2001 3757 praedicto
2022 3717 2125 3750 Patruo
2137 3717 2237 3750 nostro
2251 3718 2353 3750 faciatis

1300 3761 1447 3793 deliberari
1459 3756 1601 3798 praemiffa.

1339 3841 1407 3871 Dat.
1421 3839 1494 3880 apud
1508 3836 1620 3877 Logard
1634 3836 1683 3867 sub
1699 3838 1784 3878 sigillo
1797 3836 1912 3876 nostro,
1921 3847 1979 3877 quo
1993 3838 2096 3868 utimur
2109 3838 2266 3876 inpartibus
2273 3835 2356 3867 trans-

1306 3880 1432 3917 marinis,
1449 3878 1553 3909 octavo
1565 3875 1610 3906 die
1618 3875 1696 3914 Junii
1703 3899 1713 3914 ,
1730 3886 1805 3907 anno
1817 3874 1913 3915 Regni
1924 3876 2014 3908 nostri
2024 3876 2150 3916 septimo.

2319 4100 2364 4130 DQ
