2570 4261
724 116 835 184 ET
918 144 1183 185 ACTA
1265 143 1740 189 PUBL‘ICA.

17 216 145 252 Ann.D.
162 223 287 256 tionibus
301 225 364 264 ipsis
379 224 523 264 praefixus,
542 223 697 262 interpellat
713 235 766 263 pro
781 227 916 265 homine;
934 229 983 266 &,
1002 228 1067 266 post
1088 229 1165 259 diem
1181 229 1224 267 ip*-

44 256 129 294 ¹289·
163 261 241 301 sum,
259 264 315 295 sola
327 274 408 294 mora
420 264 571 295 commisi-a
585 264 731 294 morosum
743 267 831 304 arguit
846 266 878 295 &
894 268 1048 296 convincit.

14 296 81 325 Ην·
101 305 125 322 ¹·
200 301 300 333 Nobis
312 302 444 340 tandem,
462 304 491 332 in
503 301 605 332 Itinere
620 302 730 340 positis,
745 304 820 340 juxta
838 304 963 340 promiffi
978 304 1167 335 Conventum
1187 303 1223 334 ad

163 339 290 371 vestrum
307 340 460 372 Carcerem
476 341 616 377 venienti,
634 340 723 377 Aquis
737 342 766 370 in
782 341 949 380 Provincia,
965 353 1033 372 cum
1054 343 1136 372 literis
1160 352 1223 372 ves-

161 379 234 417 tris,
266 379 414 416 praedidius
432 378 528 408 Abbas
547 378 657 416 Synake
677 379 758 408 nobis
778 381 924 418 occurrit,
957 382 984 410 in
1009 382 1108 418 quibus
1128 381 1223 410 litteris

164 417 245 454 (cum
265 427 314 454 per
336 417 450 446 eosdem
473 415 647 453 Episcopum
668 417 701 446 ὃς
716 416 858 447 Abbatem
893 418 961 449 sicut
975 419 1133 456 credimus,
1152 428 1223 455 prae-

162 455 232 485 dieti
254 455 367 484 termini
387 456 547 492 prorogatio
566 456 650 491 petita
673 455 779 492 fuerit,
812 456 845 486 &
864 442 961 486 litterae
982 457 1083 487 vestrae
1097 480 1106 495 ,
1131 467 1222 494 nuper

161 492 326 522 transmiffae
339 493 438 530 nobis,
449 492 506 522 hoc
521 493 691 529 exprimunt)
707 492 802 523 form&
814 494 892 531 super
907 495 964 525 hoc
979 496 1118 532 petitionis
1133 496 1221 525 omis-

2270 163 2324 202 55

1293 229 1348 259 Per
1369 231 1596 268 prosecutionem
1618 235 1689 264 vero
1713 233 1846 264 tractatus
1859 232 1999 272 ejusdem,
2018 235 2034 264 a
2044 234 2125 273 jure,
2141 233 2226 275 nobis
2238 242 2315 271 quae-
2333 233 2407 263 Anii.
2421 234 2471 269 D',

1256 266 1324 305 s1t0,
1342 267 1421 306 super
1443 269 1607 300 liberatione
1629 271 1742 310 nostra,
1759 271 1923 302 nostrorum
1944 272 2099 302 liberorum
2121 271 2315 310 &oblidum,
2353 274 2438 311 1289.

1256 306 1290 335 &
1314 305 1489 337 restitutione
1513 308 1708 344 praediCtarum
1729 311 1838 349 triginta
1860 311 1969 340 milium
1982 310 2167 340 Mai-charum
2183 310 2316 349 Argenti,
2334 312 2400 339 Edv.
2420 320 2445 340 i.

1256 344 1342 386 nobis·
1359 344 1525 387 faciendis-‘a
1546 347 1645 385 vobis,
1662 357 1729 377 cum
1748 358 1795 386 per
1808 358 1860 378 nos
1875 358 1934 378 non
1946 348 2049 378 steterit
2063 350 2130 386 quin
2145 350 2231 386 parati
2245 348 2315 377 esle-

1240 407 1245 411 .
1259 391 1321 410 mus
1336 391 1364 411 in
1378 383 1517 412 condidhs
1532 383 1599 414 loco
1613 385 1647 415 &
1659 386 1782 416 termino
1796 386 1922 417 vestrum
1936 386 2088 417 Carcerem
2100 388 2246 425 reintrare,
2260 386 2316 416 dis-

1258 419 1358 449 cedere
1372 430 1431 450 non
1445 420 1615 451 intendimus
1631 433 1749 460 quoquo
1761 425 1860 454 modo.

1296 457 1365 487 Nec
1389 460 1503 489 miretur
1527 459 1617 489 vestra
1636 461 1765 491 nobilitas
1782 462 1801 491 fi
1817 461 1930 492 missivis
1943 462 2040 493 litteris
2055 463 2168 501 vestris,
2184 472 2250 501 quas
2266 471 2317 500 per

1261 495 1461 526 Guillielmum
1476 496 1655 541 Raytnundi,
1674 499 1837 529 familiarem
1851 500 2004 530 liberorum
2019 501 2198 539 nostrorum,
2212 503 2242 530 in
2254 509 2317 537 par-

165 530 210 568 fit,
225 539 285 560 non
302 530 417 561 dabatur
430 530 512 560 nobis
525 530 664 560 fruetuosa
678 531 790 569 dilatio,
809 532 846 562 set
861 533 1007 570 promiffio
1022 533 1150 571 quaedam
1163 534 1225 563 inu-

166 568 221 598 tilis
234 568 335 606 fiebat,
353 569 386 600 ὅ(
401 569 516 606 mitum
531 569 695 607 umbratile,
711 580 790 608 quae,
809 571 858 600 nisi
870 570 904 601 ad
919 572 1016 602 locum
1039 572 1224 610 condic‘lum,

164 605 237 637 infra
257 606 389 637 statutum
408 608 437 637 in
455 605 703 637 Conventionibus
721 610 891 647 terminum,
908 610 1075 640 venissemus
1098 609 1224 640 vestrum

167 643 322 675 Carcerem
336 646 438 675 intrare
451 645 550 682 parati,
567 654 616 681 per
631 655 726 676 earum
739 649 942 678 continentiam
960 649 992 678 δε
1011 657 1158 686 tenorem,
1177 648 1226 677 de-

166 682 308 714 ducebant
330 693 381 714 nos
401 684 430 712 in
453 684 490 712 rei
513 683 651 713 familiaris
670 684 860 723 dispendium,
878 686 1007 716 oblidum
1020 688 1053 718 &
1071 686 1226 716 liberorum

167 720 335 752 nostrorum
348 720 552 760 commissum,
569 721 651 751 famae
663 723 768 753 nostrae
781 733 865 762 grave
878 725 1070 763 praejudicium
1079 747 1088 762 ,
1106 726 1139 755 &
1156 734 1227 754 con-

169 759 291 791 scientiae
305 759 489 790 intollerabile
505 758 715 791 detrimentum.

207 796 306 827 Habet
318 797 453 835 siquidem
467 797 607 828 dictarum
620 798 772 829 litterarum
787 799 942 830 vestrarum
955 800 1051 839 series,
1068 800 1110 838 (ut
1124 811 1226 831 eorum

167 837 288 874 propriis
311 836 403 866 verbis
426 837 548 873 utamur)
571 837 667 875 quod,
693 838 713 867 si
735 838 912 869 conditiones
933 849 1033 869 omnes
1055 840 1099 868 vel
1121 840 1229 869 illarum

166 874 307 912 aliquam,
327 883 389 911 quae
408 873 468 905 sunt
490 875 519 904 in
540 875 674 914 traetatu,
693 886 746 914 pro
765 877 860 907 nostia
880 878 1058 914 liberatione,
1083 878 1154 907 inter
1176 888 1227 907 vos

166 912 202 942 &
213 922 265 942 nos
280 912 392 951 habito,
411 912 638 950 comprehensae,
652 914 738 952 usque
751 915 784 944 ad
808 915 946 945 Kalendas
968 915 1146 946 Novembris
1167 926 1228 945 non

167 950 378 988 impleverimus
395 952 491 989 (prout
504 952 645 981 attendere
660 954 836 990 promiliinus
855 956 887 984 ὅ(
906 954 1033 992 implere)
1056 954 1089 984 ὃς
1110 955 1150 983 ob
1172 955 1228 984 lioc

167 988 198 1057 ἱὲ]
224 998 342 1026 poenam
364 989 411 1020 seu
436 999 534 1028 peenas
553 990 739 1022 incideremus
765 993 842 1030 juxta
862 992 985 1023 formam
1006 991 1139 1023 tradititiis
1161 993 1230 1030 ejus-

191 1036 253 1056 em·

206 1051 330 1096 Po⁷enam
344 1066 389 1097 seu
403 1076 520 1106 poenas,
537 1066 619 1098 vobis
633 1067 815 1098 commissam
827 1067 872 1098 seu
895 1068 1075 1106 commissas,
1095 1078 1155 1098 non
1177 1079 1231 1106 po-

170 1105 256 1134 teritis
268 1104 327 1135 ullo
340 1105 449 1143 modo,
467 1115 522 1136 nec
537 1107 679 1145 exigeretis
692 1106 708 1136 a
722 1107 821 1144 nobis,
840 1116 885 1136 aut
901 1107 1110 1137 Succesioribus
1120 1130 1129 1145 ,
1149 1107 1171 1136 F
1173 1107 1232 1136 idc—

167 1142 321 1181 jussoribus
342 1143 387 1173 seu
409 1143 681 1181 Expromifforibus,
701 1144 769 1174 datis
792 1145 807 1173 a
830 1145 912 1175 nobis
938 1155 990 1183 pro
1005 1146 1055 1175 illis
1069 1145 1232 1183 implendis,

172 1181 335 1212 dummodo
350 1182 419 1212 infra
434 1181 573 1212 Kalendas
589 1181 681 1212 Madii
695 1182 872 1213 conditiones
886 1183 1101 1221 adimpleremus
1115 1183 1234 1220 easdem,

172 1228 221 1250 aut
239 1219 393 1250 rediremus
412 1222 441 1250 in
463 1221 624 1258 captionem
645 1219 786 1258 vestram,
805 1230 890 1258 prout
908 1223 937 1251 in
957 1222 1075 1253 trac‘tatu
1096 1221 1234 1262 praedieto

173 1257 283 1296 plenius
298 1259 478 1297 continetur,

1260 534 1333 575 tibus
1347 534 1408 571 ipsis
1423 545 1613 574 morantium,
1632 536 1690 566 Die
1710 536 1888 575 Dominico,
1906 538 2063 575 penultimo
2081 539 2208 577 praedicti
2228 538 2318 569 Men-

1260 574 1292 601 lis
1305 572 1461 614 Osiobris,
1476 573 1548 611 apud
1564 574 1771 614 Perpignanum
1784 577 1813 604 in
1834 576 1893 605 sero
1915 578 2087 615 recepimus,
2105 576 2214 607 nostras
2234 577 2317 607 citius

1260 620 1319 640 non
1342 612 1460 641 fecimus
1480 612 1658 651 responsales,
1675 614 1826 651 quoniam,
1844 622 1957 651 propter
1977 615 2143 645 brevitatem
2164 615 2318 653 temporis,

1262 649 1295 679 &
1311 650 1480 679 continuum
1494 649 1646 681 discursum
1660 652 1779 690 itineris,
1797 652 1953 682 terminum
1965 651 2000 682 ad
2015 653 2243 691 respondendum
2256 661 2318 682 non

1261 687 1408 717 habuimus
1423 687 1570 718 laxiorem:

1296 725 1351 763 Et,
1369 735 1438 755 cum
1459 727 1559 756 mentis
1579 735 1752 764 conceptum
1773 728 1921 758 articularis
1943 727 2034 758 sermo
2055 728 2152 759 claritis
2165 729 2320 766 exprimat,

1262 773 1347 800 quam
1368 763 1514 802 scriptura,
1532 764 1622 794 Ecce!
1641 764 1674 794 ad
1693 776 1744 795 vos
1766 766 1970 803 praesentialiter
1993 768 2130 797 mittimus
2150 766 2319 806 praedi&um

1265 801 1406 831 Abbatern
1422 801 1549 840 Synake,
1559 802 1742 833 Berrrandum
1754 804 1789 834 de
1804 804 1945 835 Montiliis
1959 803 2229 843 Militem,dile6tos
2236 803 2321 834 Con-

1264 839 1390 877 siliarios,
1412 839 1557 870 familiares
1577 842 1610 873 &
1632 840 1724 871 fideles
1743 842 1871 880 nostros,
1887 844 1989 881 quibus
2012 844 2078 882 hiis,
2095 853 2160 882 quae
2182 842 2265 874 vobis
2284 850 2321 872 ex

1264 886 1341 915 parte
1357 877 1450 907 nostra
1468 879 1625 917 retulerint,
1643 879 1730 909 fidem
1744 880 1886 910 credulam
1902 881 2060 920 praeboetis;

1303 915 1356 952 Et,
1374 916 1449 945 veria
1469 918 1550 954 vice,
1575 917 1595 947 fi
1618 918 1708 955 placet
1726 918 1824 957 vobis,
1848 929 1934 957 quam
1954 919 2071 950 celerius
2086 919 2144 950 fieri
2163 917 2322 950 commode

1265 955 1383 991 poterit,
1402 953 1507 984 vestros
1523 956 1635 985 mittatis
1648 955 1801 993 Nuncios,
1821 964 1849 987 ut
1863 956 1897 987 ad
1915 959 1989 994 pacis
2008 959 2167 996 intentum,
2184 956 2321 989 viciffitu-

1264 992 1374 1022 din-ariis
1394 992 1440 1021 hic
1460 992 1524 1022 inde
1543 993 1721 1031 tractatibus,
1746 993 1898 1025 Annuente
1915 995 2011 1026 divina
2029 995 2178 1027 clementia
2191 1012 2202 1034 ,
2225 995 2324 1027 venire'

1266 1029 1436 1061 laudabiliter
1449 1031 1594 1061 valeamus.

1304 1105 1372 1137 Dat.
1392 1107 1419 1136 in
1433 1105 1568 1144 Campis,
1586 1106 1657 1136 inter
1669 1105 1786 1137 Collem
1800 1107 1836 1138 de
1850 1107 2033 1146 Paniczariis,
2048 1109 2081 1140 &
2092 1107 2326 1148 Junkeriam2die

1268 1145 1362 1182 primo
1377 1144 1566 1176 Novembris.
1587 1152 1612 1183 3.
1631 1144 1693 1175 Ind.

1271 1270 1299 1296 ᾗ
1325 1273 1431 1304 Litera
1458 1269 1672 1313 Testimonialis
1691 1270 1782 1317 [ἔφαν
1806 1270 2061 1316 Repraest’matione
2072 1274 2160 1318 Regis
2175 1269 2328 1321 Jerosbly‘.
2344 1286 2480 1322 ‘11444-

212 1297 346 1335 Qarum
357 1296 511 1327 litterarum
525 1295 665 1333 exemplar
677 1296 776 1334 vobis,
794 1297 972 1334 praesentibus
988 1297 1237 1336 inclusum,trans-
1423 1323 1583 1358 mitani&
1604 1319 1708 1353 Sicilia,
1724 1319 1772 1352 die
1786 1322 1943 1352 Mercurii
1952 1319 2082 1365 ficundo
2098 1322 2184 1353 ,VW-

174 1336 330 1373 mittimus,
347 1342 394 1371 ut,
410 1343 444 1364 ex
456 1334 514 1371 ipso
526 1334 655 1364 lectionis
668 1335 797 1372 aspectu,
814 1345 909 1365 earum
924 1336 1115 1367 insufficientia
1135 1346 1236 1375 pateat,

173 1374 209 1405 &
224 1373 337 1404 evidens
351 1373 491 1402 involutio
505 1371 722 1403 demonstretur.

212 1410 316 1441 Nostis
332 1410 449 1449 quidem
464 1410 560 1448 quod,
579 1410 598 1440 si
615 1419 649 1441 ex
662 1420 738 1448 parte
751 1410 846 1442 nostr-51
859 1420 1072 1443 conventorum
1087 1413 1235 1451 promissio

175 1449 336 1487 defeciffet,
354 1449 585 1479 incidebamusin
599 1459 699 1487 poenas
713 1450 876 1480 incursionis
897 1450 1060 1481 nostrorum
1081 1452 1236 1482 liberorum

176 1489 212 1519 &
225 1487 375 1518 obsidum:
397 1486 561 1517 Comitatsis
576 1486 664 1517 nostri
679 1487 855 1520 Provinciae:
874 1489 1004 1528 Triginta
1026 1489 1137 1520 milium
1159 1490 1239 1520 Mar-

176 1535 275 1556 carum
293 1526 415 1566 argenti,
439 1525 627 1563 depositarum
649 1537 733 1564 penes
754 1537 806 1557 vos
828 1537 881 1565 pro
903 1527 1151 1558 Conventionibus
1172 1528 1234 1566 ipsis

174 1564 340 1602 implendis:
366 1563 421 1603 Et,
447 1572 547 1602 praeter
565 1565 682 1594 aliarum
704 1574 868 1604 magnarum
886 1567 1072 1605 quantitatum
1094 1568 1237 1607 pecuniae,

177 1613 233 1641 pro
247 1602 349 1641 quibus
363 1603 512 1640 praedictus
525 1602 566 1634 R.
586 1603 671 1647 Angl.
687 1606 760 1648 apud
773 1614 825 1635 vos
841 1615 894 1642 pro
909 1605 991 1635 nobis
1006 1605 1094 1636 fuerat
1105 1607 1238 1636 interces-

1312 1403 1346 1434 N
1361 1403 1494 1434 Nomine
1509 1403 1633 1435 Domini
1648 1404 1737 1435 nostri
1745 1403 1820 1443 Jehu
1835 1403 1942 1435 Christi
1956 1404 2070 1444 Amen,
2351 1407 2426 1438 Ann.
2437 1406 2481 1438 DJ

1343 1442 1431 1473 Anno
1449 1442 1483 1472 N
1486 1443 1612 1473 ativitatis
1628 1443 1751 1480 ejusdem
1769 1442 1917 1474 millesimo
1930 1466 1940 1481 ,
1963 1443 2158 1475 ducentesimo
2164 1466 2176 1482 ,
2199 1443 2331 1484 ottuage-
2376 1446 2460 1481 1289.

1274 1480 1362 1519 fimo,
1387 1491 1484 1518 nono,
1507 1480 1553 1511 die
1568 1480 1722 1519 Mercurii,
1746 1481 1870 1512 secundo
1889 1481 1996 1512 Mensis
2013 1482 2194 1514 Novembris
2208 1507 2218 1521 ,
2242 1485 2331 1514 tertiae
2349 1489 2400 1515 Aa.
2418 1494 2460 1520 ¹7·

1275 1518 1459 1587 Indifftionis,
1477 1518 1663 1550 pontificatus
1684 1519 1808 1551 Domini
1829 1520 1969 1550 Nicholai
1989 1519 2074 1558 Papae
2087 1522 2176 1559 quarti
2194 1530 2271 1553 anno
2291 1521 2332 1552 se·
2350 1529 2379 1552 Ε.
2401 1533 2424 1551 i.

1276 1567 1333 1588 cun
1353 1568 1381 1588 o.
2350 1567 2389 1591 Ex
2404 1564 2463 1591 An<

1314 1596 1400 1634 Nos,
1419 1594 1596 1634 Rostaynus,
1612 1596 1791 1637 permissione
1805 1596 1901 1628 divina
1936 1596 2171 1635 Archiepiscopus
2193 1597 2333 1629 Arelatan.
2352 1610 2418 1639 togr2

31 2058 166 2099 ‘114434

175 1641 239 1679 sor,
257 1642 466 1672 incurrebamus
478 1649 587 1671 reatum
600 1643 728 1681 perjurii,
745 1642 902 1681 dampnum
913 1643 1051 1682 infamiae,
1071 1644 1104 1675 &
1123 1644 1235 1674 honore

180 1679 228 1710 Re
250 1680 297 1710 alis
312 1679 384 1712 tituli
397 1680 576 1718 privabimur.

249 1717 388 1756 ujusmodi
408 1718 491 1748 nobis
512 1725 589 1748 erant
608 1718 728 1749 utilitatis
748 1726 795 1749 aut
817 1720 967 1750 commodi
983 1719 1083 1751 vestrae
1097 1719 1239 1758 praedistae

177 1755 278 1787 litterae
299 1757 332 1787 &
351 1755 564 1794 promissiones,
583 1766 648 1794 quae
667 1757 778 1788 nullutn
799 1758 881 1788 nobis
900 1758 1064 1797 praestabant
1088 1759 1239 1798 auxilium,

179 1794 290 1826 nullum
303 1794 472 1825 defensionis
486 1802 629 1834 tutamen,
647 1797 716 1833 quin
728 1795 793 1834 post
805 1797 930 1834 praefatas
946 1797 1086 1828 Kalendas
1101 1797 1241 1828 Novem-

177 1829 234 1864 bris
253 1832 443 1864 incidiffemus
462 1834 491 1863 in
512 1843 626 1872 poenas,
645 1835 779 1873 expositas
799 1843 857 1865 tam
877 1837 1011 1874 turpiter,
1035 1836 1122 1873 quam
1142 1835 1242 1876 damp-

178 1872 268 1902 nole?
287 1871 438 1903 Noveritis
452 1871 516 1909 post
530 1871 620 1909 ipsum
634 1873 806 1912 terminum,
823 1873 904 1904 nobis
917 1874 1112 1904 deficientibus
1126 1875 1156 1904 in
1176 1885 1242 1913 pro—

176 1909 264 1940 miffis
286 1910 372 1941 nichil
389 1910 472 1941 vobis
492 1911 615 1941 omnino
633 1912 808 1950 petentibus,
826 1912 900 1942 labes
922 1914 951 1942 in
973 1913 1056 1942 nobis
1078 1914 1241 1943 remanebat

178 1949 307 1988 perjurii,
325 1949 435 1979 amiffio
450 1948 563 1988 Regalis
577 1950 666 1986 tituli,
684 1951 717 1981 ὅ(
730 1950 812 1981 famae
835 1952 971 1989 privatio,
990 1951 1073 1981 etiam
1094 1951 1177 1983 vobis
1199 1952 1242 1982 in-

180 1988 243 2018 vitis
256 1989 290 2019 &
305 1988 506 2025 renitentibus,
526 1987 697 2025 sequebatur.

217 2025 284 2056 Erat
303 2035 437 2066 praeterea
456 2026 485 2056 in
504 2025 600 2056 litteris
614 2026 676 2065 ipsis
689 2025 816 2057 defecffffls
830 2027 911 2064 alius,
927 2028 956 2057 in
970 2027 1099 2058 nostrum
1113 2027 1242 2066 praejudi-

182 2065 261 2096 cium
277 2065 296 2084 2*
312 2064 510 2102 manifestum,
530 2063 624 2103 quod,
641 2064 706 2103 post
720 2067 873 2097 terminum
898 2066 1005 2104 ipsum,
1023 2066 1106 2096 nobis
1127 2068 1156 2096 in
1178 2076 1244 2104 poe-

181 2113 229 2134 nas
243 2103 431 2133 incidentibus
447 2111 630 2142 praenotatas,
647 2103 704 2133 illas
720 2104 735 2134 a
750 2104 832 2135 nobis
847 2114 906 2135 non
928 2113 1040 2142 petere,
1058 2115 1113 2135 nec
1134 2105 1243 2144 exigere

179 2141 373 2180 spondebam,
390 2141 474 2172 dicite
488 2141 570 2171 nobis
585 2141 722 2181 proinde,
735 2142 885 2182 Princeps,
903 2143 990 2181 crim,
1007 2142 1070 2181 post
1084 2143 1173 2181 ipsum
1189 2152 1244 2174 ter-

180 2180 310 2218 minum,
328 2180 453 2211 liberi&
468 2179 578 2210 obsides
590 2180 677 2211 nostri
699 2181 780 2211 vobis
803 2181 914 2212 fuiffent
936 2182 1055 2219 incursi,
1073 2183 1106 2213 ὃς
1127 2183 1246 2219 pecunia

180 2229 234 2260 pro
249 2218 336 2256 pcenfi
349 2217 517 2256 commissa,
537 2229 600 2256 quae
614 2219 695 2249 nobis
708 2229 761 2257 pro
775 2219 900 2260 petendis
913 2220 974 2258 iplis
989 2221 1086 2258 petitio
1098 2220 1144 2251 vel
1163 2229 1246 2251 exac-

180 2258 223 2288 tio
245 2259 442 2295 competebat,
461 2266 531 2287 cum
550 2257 632 2287 vobis
653 2258 796 2296 provisum
816 2258 873 2288 esse
893 2257 928 2288 de
943 2258 1005 2295 ipsis
1020 2268 1069 2296 per
1084 2260 1246 2289 retentionis

183 2296 345 2327 remedium
366 2297 400 2327 &
422 2295 579 2326 cautelam?
596 2296 686 2326 Nulla
708 2297 811 2334 quippe
831 2297 909 2334 super
935 2297 985 2326 hiis
1006 2297 1120 2328 dabatur
1134 2299 1249 2337 petitio,

181 2343 252 2365 cum
266 2333 434 2365 sufficienter
447 2333 608 2371 provideret
622 2336 758 2373 retentio,
763 2336 841 2374 juxta
856 2334 922 2365 illud
936 2335 1048 2375 vulgare
1060 2336 1247 2375 colloquium,

183 2372 264 2412 quod
280 2374 348 2411 petis
364 2375 436 2403 intus
451 2373 542 2402 habes.

223 2411 397 2449 Sequebatur
412 2420 480 2449 ergo
496 2409 590 2447 quod,
605 2418 741 2447 quantum
754 2410 789 2441 ad
804 2410 982 2441 amissionem
997 2410 1162 2442 Comitatus
1176 2411 1249 2442 Pro-

184 2450 304 2488 vinciae,
325 2450 359 2480 &
374 2449 490 2479 aliarum
501 2449 688 2488 quantitatum
708 2450 850 2487 pecuniae,
868 2459 920 2486 pio
940 2450 1041 2486 quibus
1062 2450 1249 2481 intercesserat

184 2487 279 2518 >dietus
302 2488 368 2518 Rex
388 2487 435 2517 An
455 2487 498 2516 liae
511 2510 521 2525 ,
547 2496 670 2524 quorum
693 2488 791 2524 petitio
812 2489 846 2518 &
868 2488 976 2518 exastio
994 2488 1075 2518 vobis
1094 2498 1128 2518 ex
1152 2499 1247 2526 poenae

187 2524 390 2557 commissione
404 2525 438 2554 da
459 2533 533 2563 atur,
552 2524 685 2562 praedicta
699 2526 780 2555 nobis
792 2525 893 2556 vestrae
906 2526 1004 2556 litterae
1018 2526 1148 2564 prodesse
1168 2535 1250 2564 pote-

187 2572 266 2603 rant,
285 2573 457 2602 quamquam
475 2564 504 2592 in
525 2564 575 2593 hiis
594 2563 677 2593 etiarn
695 2573 796 2594 contra
815 2575 866 2595 vos
881 2574 966 2602 poena
978 2565 1129 2595 commissa
1141 2565 1248 2603 fuiffet,

187 2602 255 2634 licet
277 2612 326 2640 per
347 2602 412 2639 ipsas
433 2601 535 2633 vestras
552 2601 671 2640 litteras,
689 2603 718 2632 in
737 2602 789 2633 hiis
806 2611 902 2633 tamen
923 2603 1034 2634 duobus
1051 2604 1126 2643 pasti
1139 2603 1174 2633 de
1190 2613 1250 2634 non

188 2641 315 2681 petendo
329 2641 458 2678 exceptio
472 2640 660 2680 competisset.

228 2678 308 2709 Cum
324 2679 406 2718 igitur
419 2686 463 2709 tot
477 2679 560 2709 nobis
572 2678 704 2709 instarent
717 2678 855 2717 pericula,
873 2686 916 2711 tot
927 2680 1054 2710 enormia
1072 2679 1194 2719 dampna
1216 2681 1249 2712 &

187 2718 350 2757 praejudicia
362 2727 396 2748 ex
409 2716 482 2755 lapsu
496 2717 602 2756 praefati
615 2718 727 2748 termini
740 2718 939 2758 imminerent,
952 2729 1006 2750 nec
1018 2718 1121 2749 adeffet
1136 2721 1165 2749 in
1179 2729 1251 2757 prae-

187 2757 257 2788 senti
278 2755 453 2794 remedium,
472 2756 522 2785 nisi
541 2755 619 2794 quod
639 2756 673 2786 ad
693 2755 862 2786 destinatum
879 2757 979 2788 locum
1001 2757 1199 2788 accederemus
1222 2759 1251 2787 in

187 2795 329 2833 termino,
347 2795 434 2833 parati
447 2793 574 2825 vestrum
590 2795 691 2825 intrare
712 2794 883 2834 Carcerem,
902 2795 972 2826 sicut
990 2796 1085 2827 nostra
1107 2795 1253 2834 promisfio

188 2833 370 2872 continebat3
388 2834 510 2863 maxime
530 2832 611 2871 quod
626 2832 717 2864 dietus
731 2832 991 2873 Caesaraugustanus
1010 2834 1182 2874 Episcopus,
1201 2845 1253 2866 vos

189 2881 284 2940 pargre
291 2871 541 2941 ίῥισὶ.ιἰῗεὶρίεῐιάιιῐῐι
559 2881 628 2911 nos,
646 2873 680 2904 ὃ(
694 2871 896 2903 restituendum
911 2874 1061 2911 pecuniam
1072 2874 1106 2905 &
1124 2872 1252 2912 obsides,

191 2920 232 2941 no
256 2921 277 2940 is
302 2920 343 2941 cri
374 2920 408 2941 it:

230 2948 290 2978 Die
312 2921 404 2979 Lgnae
425 2947 528 2979 ultimo
549 2949 670 2987 proximi
694 2950 825 2987 praeteriti
845 2949 953 2980 Mensis
975 2950 1114 2981 octobris
1127 2975 1136 2989 ,
1162 2952 1195 2982 &
1215 2950 1255 2981 se-

214 2988 292 3016 uenti
313 2986 359 3017 die
381 2986 482 3017 Martis
506 2987 601 3026 primo
612 2987 771 3026 hujusmodi
787 2987 893 3019 Mensis
906 2988 1087 3020 Novembris
1118 2991 1146 3019 in
1170 2988 1254 3019 Festo

226 3025 338 3054 mnium
356 3024 546 3064 Sandrorum,
569 3026 639 3056 inter
658 3025 775 3057 Collem
794 3027 830 3057 de
851 3026 1017 3058 Paniczariis
1039 3028 1072 3058 ὃς
1111 3028 1254 3058 unkeriam

191 3063 340 3101 venimus,
365 3063 462 3101 ibique
484 3070 606 3101 utroque
625 3063 671 3094 die
689 3076 737 3103 per
761 3075 896 3105 magnum
916 3065 970 3096 diei
982 3066 1099 3104 spatium
1113 3066 1255 3105 stetimus,

193 3101 281 3139 usque
301 3101 335 3131 ad
354 3101 416 3132 solis
436 3101 587 3139 occasum,
610 3112 707 3133 coram
730 3103 865 3140 Praelatis,
890 3104 1057 3143 Religiolis,
1076 3106 1109 3137 δε
1133 3105 1256 3143 pluribus

192 3139 249 3170 aliis
255 3139 390 3209 dpersonis
409 3140 542 3179 ydoneis,
560 3141 590 3170 in
608 3141 712 3181 scriptis
735 3143 768 3174 &
789 3144 863 3175 vivae
885 3144 965 3175 vocis
990 3153 1099 3182 organo
1113 3143 1254 3182 protestati

192 3188 254 3217 quo
280 3203 290 3217 ,
307 3178 408 3209 debitis
421 3179 491 3209 loco
506 3179 539 3210 &
552 3179 691 3217 termino,
705 3181 735 3210 in
748 3182 985 3213 conventionibus
1005 3182 1143 3220 praedictis
1162 3182 1255 3222 praefi-

195 3218 254 3254 xis,
277 3226 442 3248 veneramus
462 3215 496 3246 ad
519 3216 636 3255 locum,
661 3219 744 3256 parati
763 3220 887 3251 vestrum
909 3222 1041 3252 reintrare
1062 3231 1203 3252 carcerem
1223 3222 1257 3252 &

195 3256 347 3293 pecuniam
367 3255 531 3294 obsidesque
553 3254 661 3299 nostros
681 3258 823 3296 recipere,
841 3269 895 3289 nec
916 3259 1002 3290 stabat
1024 3270 1074 3300 per
1098 3270 1149 3290 nos
1170 3261 1255 3297 quin,

191 3294 270 3332 juxta
283 3293 407 3324 formam
421 3293 682 3325 Convenuonumi
702 3294 807 3335 sarum,
826 3297 904 3335 quod
926 3299 1105 3336 promisimus
1127 3299 1257 3337 implere-

196 3341 276 3362 mus:
296 3331 367 3363 lllud
390 3332 467 3362 idern
487 3343 561 3370 cras,
579 3332 625 3362 die
685 3335 785 3365 ercurii
805 3335 901 3367 futuro
924 3338 1073 3375 proximo,
1091 3336 1125 3367 ad
1148 3338 1255 3367 habun-

197 3370 358 3401 dantiorem
371 3371 525 3409 cautelam,
542 3371 650 3409 facere,
665 3371 781 3402 auctore
794 3372 927 3405 Domino
936 3398 945 3413 ,
960 3376 1151 3413 intendentes3

239 3409 316 3477 Qgia
336 3418 405 3439 vero
426 3409 543 3439 tranare
564 3419 597 3439 ac
617 3418 767 3448 procurare
789 3421 905 3452 pacem,
924 3424 975 3451 pro
989 3415 1108 3452 viribus,
1126 3414 1257 3444 ferventi-

199 3447 252 3478 bus
292 3446 409 3478 esideriis
431 3446 614 3485 affectamus,
633 3447 740 3485 placeat
760 3449 842 3479 vobis
862 3451 891 3480 in
912 3453 1006 3490 aliquo
1026 3452 1110 3491 loco,
1135 3453 1260 3491 partibus

200 3486 257 3517 istis
269 3487 447 3525 propinquo,
466 3493 551 3524 prout
565 3486 677 3516 consilia
692 3486 783 3517 vestra
797 3487 987 3528 decreverint,
1003 3491 1146 3529 itinerare,

237 3524 307 3555 Nos
321 3525 399 3555 enirn
413 3525 486 3555 circa
500 3532 589 3562 partes
603 3523 666 3554 istas
679 3526 873 3565 morabimur,
884 3536 914 3558 ut
927 3528 1106 3560 habilioribus
1121 3529 1156 3560 N
1158 3529 1257 3559 uncio-

200 3572 267 3595 rum
285 3562 460 3594 missionibus
473 3585 483 3602 ,
515 3563 618 3594 mutuis
635 3563 669 3594 ὃς
688 3563 825 3602 scripturis
843 3565 928 3604 ipsam
947 3568 1106 3599 tractatibus
1124 3568 1257 3607 congruis

200 3602 332 3640 prosequi
353 3601 507 3640 valeamus,
525 3600 559 3631 ad
584 3610 670 3639 quarn
691 3601 729 3632 fic
750 3602 844 3632 nostra
865 3604 969 3635 laborat
991 3607 1127 3645 intentio,
1144 3607 1257 3645 sicque,

195 3642 274 3680 juxta
287 3639 494 3681 possibilitatem
507 3640 589 3670 nobis
601 3639 616 3669 31
629 3639 763 3671 Domino
775 3640 903 3672 traditam
931 3644 1035 3683 greffus
1050 3645 1257 3675 accommodos

199 3689 297 3718 parare
316 3678 504 3717 disponimus,
522 3677 616 3725 quod,
635 3678 654 3708 fi
669 3688 724 3722 'per
745 3688 798 3709 vos
819 3689 878 3710 non
901 3667 1021 3720 steterit,
1039 3683 1118 3713 illurn
1139 3684 1258 3722 habere,

200 3725 341 3749 annuente
354 3717 449 3748 divina
464 3718 566 3754 gratia,
584 3724 687 3760 poterit
701 3718 872 3748 executionis
896 3719 1052 3759 effecitum,
1070 3721 1106 3752 de
1125 3733 1184 3760 quo
1203 3733 1257 3760 pro

200 3756 356 3787 ordinabile
368 3756 517 3788 voluntatis
536 3755 680 3785 arbitrium
702 3763 827 3793 reputare
845 3758 969 3794 poteritis
989 3760 1189 3793 rationabiliter
1206 3771 1259 3793 vos

200 3802 378 3826 contentum.

242 3831 347 3863 Pacem
367 3834 462 3871 enirn,
485 3832 567 3863 novit
589 3830 761 3876 Altiffimus,
788 3832 954 3872 quaerimus,
1011 3846 1077 3867 cem
1098 3839 1258 3876 imitamur,

203 3876 236 3900 ut
255 3871 417 3911 poss'umns,
434 3872 467 3902 δε
484 3869 633 3901 vobiscum
653 3880 796 3908 praecipue
818 3871 846 3908 (a
864 3881 923 3909 quo
936 3882 973 3902 co
994 3875 1099 3906 ationes
1112 3876 1259 3907 honorum

203 3917 257 3937 nos
270 3911 404 3947 recepisse
414 3909 582 3947 recolimus,
600 3909 777 3939 tractationes
793 3908 923 3940 fraternas
944 3910 977 3941 &
997 3912 1153 3950 plurimum
1172 3916 1262 3946 curia-

204 3945 255 3982 les)
270 3954 317 3984 ut,
335 3957 384 3985 per
397 3949 591 3979 amoenitatem
606 3947 679 3984 pacis
693 3947 830 3985 ejusdem,
848 3946 949 3977 dentur
960 3948 997 3979 fic
1012 3950 1120 3982 Honor
1134 3953 1167 3984 ὃς
1183 3953 1260 3984 Gra-

204 3983 243 4014 tia
254 3983 388 4016 Ecclefiae
401 3987 517 4028 Sponsae
530 3986 602 4023 suae,
617 3986 683 4016 salus
698 3985 875 4023 Principibus
895 3987 971 4016 orbis
991 3995 1072 4019 terrae
1106 4000 1158 4030 per
1179 3992 1260 4031 quod

204 4030 352 4061 proveniat
363 4033 417 4064 pax
429 4027 459 4057 in
471 4025 567 4064 terris,
584 4025 618 4058 &
630 4024 734 4057 cantari
746 4023 829 4064 poffit
844 4025 932 4066 gloria
945 4025 975 4057 in
987 4013 1107 4065 excellis,

1275 1635 1309 1665 &
1325 1633 1418 1665 Frater
1432 1633 1611 1665 Guillielmus
1623 1634 1660 1665 de
1674 1634 1799 1666 Vilareto
1812 1634 1893 1666 Prior
1927 1635 2045 1673 ospitalis
2059 1636 2154 1667 Sancti
2176 1635 2269 1675 Egidii
2286 1636 2335 1674 Je-

1274 1672 1456 1703 rosolimitani
1471 1673 1500 1715 ip
1513 1671 1682 1712 Provincia,
1699 1683 1749 1711 per
1764 1673 1880 1712 praesens
1895 1673 2030 1715 scriptum
2044 1682 2148 1705 notum
2168 1674 2230 1705 fieri
2250 1676 2334 1706 volu-

1275 1720 1338 1741 mus
1353 1711 1516 1749 Univerlis,

1316 1749 1407 1788 Qiod
1422 1759 1490 1787 nos,
1507 1747 1540 1779 ad
1575 1760 1650 1780 reces
1662 1750 1696 1781 &
1717 1749 1927 1789 requisitionem
1944 1750 2038 1781 Incliti
2056 1750 2192 1789 Principis
2210 1750 2336 1782 Domini

1277 1786 1377 1818 Karoli
1398 1787 1528 1825 secundi,
1578 1790 1602 1819 ei
1624 1788 1953 1828 gratia,Jerosolimitani
1973 1790 2007 1820 &
2030 1788 2132 1820 Siciliae
2154 1789 2184 1820 R
2222 1790 2242 1819 is
2255 1789 2336 1820 Illus-

1279 1827 1341 1864 tris,
1356 1827 1526 1856 contulimus
1541 1837 1592 1857 nos
1606 1827 1635 1856 in
1650 1826 1827 1858 Cataloniam
1842 1837 1910 1858 cum
1931 1827 2053 1866 eodem,
2069 1829 2142 1858 inter
2164 1827 2213 1858 Co
2224 1828 2281 1857 lem
2300 1828 2337 1859 de

1278 1862 1445 1895 Paniczariis
1465 1865 1498 1895 &
1518 1863 1698 1904 Junkeriam,
1716 1866 1812 1904 ibique
1833 1865 1971 1903 praefflzsto
1989 1865 2035 1896 die
2054 1864 2178 1897 secundo
2198 1865 2337 1897 Novem-

1278 1902 1352 1941 bris,
1371 1904 1399 1933 in
1412 1903 1555 1943 praesentia
1568 1903 1681 1942 nostra,
1699 1905 1733 1935 δε
1754 1904 1992 1942 infrascriptorum
2013 1905 2143 1935 virorum
2164 1903 2337 1935 Ecclesiasti-

1277 1950 1399 1980 corum,
1421 1951 1479 1972 tam
1502 1940 1732 1981 Relioiosorum,
1757 1943 1843 1981 quam
1861 1942 2042 1981 secularium,
2066 1942 2231 1980 Baronum,
2256 1942 2338 1973 Mili-

1280 1987 1360 2018 tum,
1384 1980 1503 2010 aliorum
1526 1990 1561 2010 ue
1570 1966 1753 2018 ”Nobilium
1772 1981 1910 2019 Johannis
1927 1979 1963 2011 de
1981 1980 2095 2020 Capua,
2115 1982 2149 2012 &
2167 1979 2282 2012 Taffuri
2302 1981 2338 2011 de

1279 2017 1377 2048 eadem
1400 2026 1487 2056 terra,
1505 1990 1670 2056 Rmstolica
1691 2019 1853 2050 au&oritate
1875 2019 2083 2057 Notariorum,
2102 2020 2135 2050 &
2147 2019 2265 2050 aliorum
2276 2019 2339 2059 plu-

1279 2057 1352 2086 tium
1374 2056 1412 2086 ibi
1433 2056 1595 2095 astantium,
1613 2057 1690 2087 idem
1712 2057 1777 2088 Rex
1788 2057 2005 2096 Jerusolimitani
2018 2058 2051 2089 &
2067 2058 2169 2089 Siciliae
2183 2058 2340 2095 praesentari

1281 2093 1351 2125 fecit
1372 2094 1430 2125 duo
1451 2095 1568 2134 scripta,
1586 2094 1649 2131 &c.
1661 2103 1742 2134 prout
1758 2100 1788 2126 in
1809 2094 2015 2136 certificatoriis
2039 2094 2127 2126 ultimi
2142 2095 2283 2135 Octobris,
2301 2095 2340 2131 (ῤ’

1274 2136 1359 2172 primi
1374 2135 1452 2163 Nov.
1472 2134 1550 2174 usque
1563 2133 1621 2163 haec
1634 2133 1731 2164 verba.

1320 2171 1408 2202 Anno
1428 2171 1552 2202 Domini
1572 2173 1721 2203 millesimo
1737 2195 1747 2211 ,
1769 2171 1963 2203 ducentesimo
1976 2195 1985 2210 ,
2009 2171 2218 2211 octuagesimo,
2243 2182 2342 2211 nono,

1282 2209 1329 2240 die
1343 2210 1468 2241 secundo
1482 2210 1590 2241 Mensis
1602 2211 1801 2249 Novembris,
1819 2212 1906 2241 tertiae
1916 2210 2018 2240 Indict.
2033 2209 2144 2240 Coram
2157 2211 2239 2241 vobis
2257 2221 2344 2242 vene·-

1281 2248 1411 2279 rabilibus
1427 2249 1554 2280 Patribus
1576 2249 1714 2288 Praelatis,
1733 2249 1881 2289 Religiofis
1901 2249 2039 2287 personis,
2057 2250 2194 2279 annotatis
2214 2249 2343 2288 inferius,

1282 2287 1316 2318 &
1337 2287 1465 2318 Notariis
1481 2311 1491 2327 ,
1515 2289 1679 2319 auctoritate
1696 2288 1850 2325 apostolica
1903 2289 1937 2319 &
1957 2287 2014 2317 aliis
2034 2287 2210 2327 infrascriptis
2229 2287 2344 2318 testibus

1281 2325 1485 2393 {aeseiitialiter
1505 2326 1552 2357 hic
1573 2326 1767 2365 existentibus,
1784 2336 1838 2357 nos
1860 2311 1983 2356 karolus
1997 2325 2150 2363 secundus,
2169 2325 2227 2369 Dei
2241 2328 2343 2366 gratia,

1317 2373 1350 2393 ex
1366 2363 1583 2402 Jerosolimitani
1603 2366 1636 2396 ὃς
1654 2365 1774 2402 Sicilire,
1800 2363 1985 2402 protestamur
1998 2387 2008 2401 ,
2034 2365 2067 2394 &
2089 2363 2263 2394 ostendimus
2283 2367 2343 2395 evi-

1284 2401 1384 2432 denter
1401 2412 1499 2432 coram
1522 2404 1603 2433 vobis
1619 2426 1628 2442 ,
1654 2403 1731 2441 quod
1752 2402 1891 2440 praedicto
1911 2401 1972 2440 die,
1997 2401 2121 2432 secundo
2142 2401 2343 2441 Novembris,

1283 2440 1461 2477 personaliter
1480 2443 1609 2472 venimus
1626 2442 1698 2471 inter
1718 2441 1833 2472 Collem
1854 2440 1891 2470 de
1914 2439 2080 2470 Paniczariis
2101 2441 2134 2471 &
2152 2439 2318 2478 Junkeriam
2334 2465 2347 2480 ‚

1286 2476 1346 2513 &aa
1359 2486 1440 2517 prout
1454 2483 1482 2510 in
1496 2479 1589 2519 etfit'em
1596 2478 1681 2519 fitpra
1694 2483 1847 2510 memoratis
1860 2477 1939 2518 usque
1951 2478 2007 2508 haec
2019 2478 2123 2517 verba,
2141 2481 2202 2508 viz.

1322 2554 1429 2586 Adtum
1444 2555 1472 2584 in
1487 2554 1624 2593 praedicto
1639 2555 1724 2594 loco,
1742 2557 1812 2586 inter
1827 2554 1944 2585 Collem
1954 2553 1990 2584 de
2004 2553 2172 2584 Paniczariis
2186 2556 2220 2588 &
2233 2555 2343 2595 Junke.

1285 2594 1371 2632 riam,
1389 2603 1464 2623 anno
1477 2594 1588 2632 mense,
1604 2594 1666 2632 die,
1683 2594 1784 2624 indict.
1803 2594 1836 2625 ὃς
1851 2601 1981 2631 tempore
1996 2593 2170 2631 supradictis:

1320 2662 1518 2701 Praesentibus,

1286 2742 1385 2768 Fratre
1405 2740 1581 2769 Ganterando
1600 2740 1631 2770 de
1652 2742 1718 2769 Tous
1732 2743 1797 2770 Mo·
1835 2741 1950 2769 Domino
1971 2740 2073 2770 Inardo
2093 2740 2125 2770 de
2138 2742 2273 2771 Pontever
2285 2740 2345 2780 Ju‘-

1321 2776 1406 2807 nacho
1438 2777 1598 2818 Monasterii
1639 2780 1797 2808 Sanctorum

1325 2819 1466 2853 Crucium,
1485 2817 1586 2846 ordinis
1598 2816 1752 2856 cystercien-

1288 2857 1404 2885 Domino
1417 2854 1535 2884 Alberto
1553 2856 1671 2886 Archid.
1690 2854 1798 2886 Arela-

1325 2899 1382 2922 ten.

1288 2930 1421 2971 Magistro
1457 2930 1608 2962 Guillielmo
1642 2933 1674 2962 de
1712 2932 1798 2966 viridi

1324 2973 1423 3008 Campo
1439 2995 1448 3009 ‚
1485 2974 1615 3000 Canonico
1648 2973 1675 3000 E
1678 2970 1797 3001 boracen.

1322 3009 1428 3038 Nuncio
1451 3007 1560 3048 illustris
1589 3012 1667 3047 Regis
1690 3008 1799 3048 Angla-

1326 3057 1400 3085 rum,

1288 3086 1403 3115 Domino
1418 3086 1574 3116 Bertrando
1586 3089 1732 3126 Coronati,
1745 3090 1799 3117 Ca-

1326 3127 1417 3153 nonico
1431 3124 1592 3164 Nemaufi’n.

1290 3161 1422 3202 Magistro
1436 3163 1567 3202 Johanne
1586 3163 1726 3202 Fickeria,
1746 3167 1801 3194 Ca·-

1327 3204 1417 3230 nonico
1439 3200 1584 3241 Maffllien.

1289 3240 1406 3269 Domino
1419 3242 1530 3277 Hugone
1545 3240 1576 3269 a'e
1591 3243 1692 3269 Baucio
1700 3263 1711 3279 ,

1289 3279 1405 3307 Domino
1419 3279 1452 3308 de
1468 3282 1653 3316 Mayranicis‚

1289 3318 1405 3345 Domino
1419 3317 1574 3347 Bertrando
1587 3317 1618 3346 de
1633 3319 1752 3355 Balaio,

1290 3357 1406 3384 Domino
1420 3359 1520 3392 Berre,

1289 3395 1405 3422 Domino
1420 3394 1575 3433 Raymundo
1588 3393 1620 3422 de
1635 3395 1755 3433 Baucio,

1290 3433 1406 3460 Domino
1418 3433 1496 3462 Podii
1508 3432 1630 3461 Riccardi

1290 3472 1407 3499 Domino
1422 3469 1538 3511 Alstafio
1552 3471 1583 3499 de
1597 3454 1737 3509 Salrano,

1290 3511 1407 3538 Domino
1422 3508 1547 3548 Anfhfii,

1290 3549 1405 3577 Domino
1416 3551 1460 3577 Ra
1456 3546 1556 3587 ynaldo
1569 3545 1727 3576 Portelletto
1734 3569 1745 3586 ,

1291 3588 1406 3614 Domino
1419 3589 1520 3623 Sentii,

1291 3626 1406 3653 Domino
1420 3622 1570 3654 Guillielmo
1581 3624 1720 3662 Farandi,

1291 3665 1408 3692 Domino
1422 3661 1541 3700 Philippo
1555 3662 1586 3691 de
1599 3664 1701 3691 Laven
1709 3685 1719 3700 ‚

1292 3703 1408 3730 Domino
1426 3705 1521 3738 Cerre,

1872 2788 1946 2807 more

1835 2802 2117 2855 Domino’Raymundo
2132 2820 2240 2855 Durgi,

1835 2857 1951 2884 Domino
1965 2855 2086 2885 Gilberto
2100 2856 2132 2885 de
2146 2855 2309 2886 Barbaran.

1836 2895 1950 2923 Domino
1964 2895 2120 2935 Raymundo
2136 2895 2167 2924 de
2182 2893 2308 2933 Burlon,

1835 2935 1936 2961 Fratre
1950 2933 2092 2962 Bernardo
2112 2933 2145 2962 de
2165 2935 2240 2972 Ripis
2265 2932 2347 2972 altis,

1872 2971 1957 3000 ordin.
1977 2970 2092 3001 Militiae
2102 2970 2219 3010 Templi,

1836 3012 1936 3076 Fratre
1956 3009 2067 3040 Bartho
2090 3009 2226 3040 Monacho
2247 3010 2279 3040 de
2294 3012 2346 3039 Po-

1869 3056 1907 3086 pu
1919 3054 1961 3078 oto
1973 3066 1975 3068 -

1837 3088 1952 3116 Domino
1963 3071 2128 3126 iserengario
2144 3088 2176 3118 de
2188 3086 2270 3117 Podio
2284 3090 2346 3117 Sor-

1871 3135 1946 3162 guer.

1837 3165 1953 3194 Domino
1966 3163 2073 3202 Jacobo
2088 3165 2120 3194 de
2133 3165 2276 3201 Moredin‚

1837 3203 1953 3232 Domino
1963 3206 2128 3240 Berengario
2141 3203 2172 3232 de
2193 3201 2345 3239 Galderiir,

1838 3243 1952 3271 Domino
1966 3244 2130 3278 Berengario
2144 3241 2175 3270 de
2188 3239 2289 3278 Ulmis,

1838 3281 1954 3309 Domino
1968 3278 2119 3309 Guillielmo
2136 3279 2166 3309 de
2182 3282 2270 3315 Sana,

1838 3320 1954 3347 Domino
1967 3316 2118 3347 Guillielmo
2131 3317 2162 3346 de
2174 3315 2312 3346 Alanian.

1838 3358 1954 3432 D⁰⁷⁷¹J⁰
1973 3355 2113 3385 Arnando
2135 3355 2167 3385 de
2180 3356 2266 3385 Petra
2282 3361 2347 3393 pm

1874 3404 1904 3422 cu
1926 3405 1944 3422 a

1836 3416 1967 3461 Gerando'
1976 3434 2090 3469 Amici,

1836 3473 1952 3500 Domino
1965 3473 2042 3507 Tori,

1836 3508 1963 3538 Gerando
1979 3509 2010 3538 de
2025 3510 2168 3547 Symiana,

1836 3549 1953 3576 Domino
1968 3546 2120 3585 Casonove,

1836 3585 1963 3614 Gerando
1977 3583 2151 3620 Aldemarii,

1836 3626 1951 3652 Domino
1966 3623 1998 3652 de
2014 3620 2167 3658 Montiliis,

1839 3663 1917 3690 Petro
1931 3660 2071 3690 Bernardi
2083 3660 2115 3689 de
2127 3657 2263 3698 Efizana‘,

1836 3699 1977 3728 Bernardo
1992 3699 2023 3728 de
2041 3697 2210 3736 Durbando,

1292 3742 1408 3768 Domino
1421 3737 1575 3776 Burgundio
1591 3738 1622 3768 de
1635 3737 1716 3767 Podio
1738 3735 1798 3767 oli-
1835 3741 1948 3774 Hugone
1961 3736 1993 3766 de
2007 3738 2107 3766 Macca
2113 3734 2220 3775 plana,

1329 3787 1405 3806 veria

1291 3818 1406 3845 Domino
1411 3799 1575 3845 'Bertrando
1589 3814 1621 3844 de
1634 3812 1780 3852 Montiliis,

1837 3775 1959 3805 Gerardo
1981 3774 2012 3804 de
2029 3773 2168 3815 Bac‘irusts
2181 3796 2192 3814 ,
2221 3777 2290 3806 Cive
2306 3772 2346 3809 ά

1875 3816 2029 3843 Mercatore
2042 3815 2164 3844 Lucano.

1329 3891 1368 3922 Et
1387 3891 1509 3929 pluribus
1528 3889 1585 3920 aliis
1604 3888 1725 3921 Clericis
1747 3890 1780 3922 &
1803 3888 1912 3928 Laicis,
1929 3888 1965 3921 ad
1985 3889 2043 3921 hoc
2065 3889 2172 3922 vocatis
2191 3890 2225 3923 &
2246 3888 2346 3927 rogatis

1291 3930 1433 3962 Testibus.

1332 3992 1351 4012 *ὃ
1377 3991 1412 4022 In
1435 3997 1558 4031 quorum
1575 3989 1708 4022 omnium
1728 3988 1924 4022 testimonium
1942 3989 1977 4024 &
1997 3988 2167 4025 evidentiam
2190 3989 2348 4028 pleniorem
2362 3991 2493 4025 *114453

1295 4030 1402 4072 praefati

2309 4064 2352 4100 ΛΞ
