2570 4261
565 161 692 210 'ET
803 165 1124 209 ACTA

0 262 65 293 mn.
80 255 123 287 D.
139 254 175 285 de
185 253 280 286 Werk
294 254 324 284 in
337 253 482 294 Tyndale,
501 264 569 285 cum
582 254 766 292 pertinentiis,
785 252 874 282 versus
889 251 1075 283 venerabilem
1085 250 1198 280 Patrem
1244 287 1256 290 ἡ

0 290 2 294 ’
16 297 99 338 1308.
141 294 297 325 Antonium
313 292 500 323 Patriarcham
513 293 661 332 jerusalem
682 293 714 322 ὃ(
728 291 903 333 Episcopum
917 289 1148 319 Dunelmensem.
1173 326 1178 331 ο
1193 325 1199 330 ·

0 339 62 366 Edv.
77 343 105 361 2.
179 332 313 362 Volentes
327 331 421 361 eidem
434 331 600 361 Patriarchae
615 332 648 362 &
668 330 826 367 Epttcopo,
845 338 895 365 pro
916 336 996 365 grato
1017 329 1049 357 δε
1072 324 1201 370 laudab1li

142 369 274 407 servitio,
293 369 368 407 quod
381 369 440 399 tam
456 369 538 399 dieto
552 369 626 399 Patri
640 368 752 406 nostro,
770 368 855 405 quam
872 367 953 396 nobis
966 365 1120 403 impendit,
1138 373 1202 401 gra-

143 409 211 439 tiam
226 409 255 438 in
268 408 320 439 hac
335 414 410 445 parte
423 407 515 438 facere
528 406 674 444 specialem
683 429 691 444 ,
1014 442 1020 446 .
1091 441 1106 446 ..

181 447 200 466 *³
216 445 411 476 Conceffimus
432 446 457 475 ei
480 445 644 476 Manerium
662 443 845 482 praedietum,
863 451 930 472 cum
951 448 1137 479 pertinentiis,
1155 440 1205 483 ha-

145 483 271 514 bendum
287 484 320 514 &
333 482 483 513 tenendum
497 483 589 513 eidem
604 482 771 512 Patriarchae
787 482 820 511 ὃς
834 479 972 517 Episcopo
981 501 991 517 ,
1007 479 1042 509 ad
1056 488 1142 509 totam
1151 478 1205 508 V1-

144 521 310 589 tamnssuarn,
327 521 363 551 de
374 522 455 552 nobis
468 522 501 552 &
516 521 669 552 haeredibus
684 519 785 550 nostris
797 528 845 557 per
857 518 964 549 servitia
977 517 1041 548 inde
1061 517 1154 548 debita
1171 516 1204 547 δε

146 569 185 591 co
216 567 286 590 ueta.
483 581 487 585 .

184 597 220 629 In
234 598 329 635 cujus,
346 598 407 629 &c.

185 672 274 705 Teste
287 672 371 712 Rege
383 673 456 713 aqud
473 671 583 713 Wynd.
598 681 647 712 27.
662 671 709 702 die
726 670 809 702 Maii.

0 440 124 471 *111.86.

666 750 720 778 Per
734 748 818 777 breve
831 747 864 777 de
875 750 990 785 privato
1007 744 1105 783 sigillo.

154 817 243 888 ET
257 825 421 870 mandatum
436 825 476 856 est
493 825 625 870 Roberto
636 824 671 855 de
685 824 785 868 Barton
802 822 921 866 Custodi
937 821 1058 865 Manerii
1074 819 1212 859 praediffi,

231 864 307 903 quod
322 864 415 894 eidem
431 863 584 894 Patriachae
599 864 631 894 δε
653 862 792 900 Ep1scopo
811 860 974 903 Manerium
989 860 1055 890 illud
1071 869 1138 890 cum
1151 869 1214 897 per-

153 904 274 936 tinentiis
289 902 403 941 liberet,
420 902 580 933 habendum
595 903 624 931 in
640 900 734 931 forma
748 900 889 939 praediffita.

191 977 280 1011 Teste
293 986 324 1009 ut
335 977 425 1017 supra.

374 1125 621 1157 Procurator-ium
639 1132 694 1168 pro
720 1123 796 1167 Rege
819 1123 855 1159 (ῤ’
883 1121 1007 1167 Regina.

210 1207 334 1245 Dward‚
354 1217 400 1245 par
413 1207 437 1237 la
454 1217 535 1245 grace
550 1206 586 1236 de
601 1205 693 1244 Dieu,
711 1205 768 1235 Roi
780 1206 991 1243 d'Angleterre,
1009 1202 1143 1241 seigneur
1151 1201 1220 1233 d’Ir-

229 1246 311 1284 land,
328 1245 360 1277 &
375 1245 455 1276 Ducs
469 1245 685 1282 d'Aquitaigne,
704 1244 736 1274 ὃ(
752 1244 850 1274 Count
863 1245 898 1274 de
913 1242 1033 1273 Pountif
1045 1244 1076 1273 ὃς
1086 1242 1121 1272 de
1130 1240 1222 1271 Mon-

166 1284 271 1323 stroill,
289 1295 304 1315 a
318 1292 387 1314 touz
401 1293 482 1322 ceus,
499 1284 548 1322 qui
562 1282 646 1313 cestes
661 1282 792 1320 presentes
812 1282 900 1313 lettres
921 1289 1034 1312 verront
1054 1290 1091 1311 ou
1108 1287 1221 1317 orront,

166 1323 256 1354 Saluz.

203 1360 289 1391 Nous
303 1358 486 1396 vouslfesoms
500 1356 602 1388 affauer
617 1368 670 1396 que
687 1368 755 1388 nous
769 1356 966 1395 establiffoms,
983 1367 1000 1388 e
1014 1366 1112 1387 avoms
1126 1354 1221 1386 establi

165 1398 261 1429 nostre
275 1398 358 1428 chere
372 1398 405 1428 &
418 1397 471 1427 feal
487 1395 612 1427 Mo'nfire
621 1397 715 1436 Johan
734 1396 770 1426 de
786 1391 918 1437 Lamleye
933 1395 1086 1433 Chevaler,
1104 1401 1120 1424 e
1132 1393 1223 1424 nostre

166 1438 250 1467 chere
264 1434 351 1466 Clerk
365 1434 494 1466 Nichole
508 1435 543 1465 de
557 1434 672 1476 Gayton
681 1458 689 1473 ,
709 1445 760 1465 nos
772 1434 955 1474 Procurcurs,
973 1435 1005 1465 δε
1021 1442 1070 1463 nos
1078 1432 1225 1463 Attornetz

166 1485 203 1505 en
216 1473 310 1504 nostre
323 1473 364 1504 dit
373 1473 485 1503 Counte
501 1473 535 1503 de
545 1472 701 1504 Pountif&
719 1472 882 1503 Monstroill
894 1483 948 1503 oue
963 1473 1000 1502 les
1014 1479 1225 1509 appurtenantz,

207 1511 344 1543 Donant'z.
357 1523 372 1542 a
385 1522 448 1551 euS,
457 1512 489 1542 δε
501 1523 516 1542 a
530 1522 568 1542 un
578 1511 613 1541 de
625 1522 671 1542 eus
679 1535 688 1550 ,
697 1511 770 1549 plein
786 1522 853 1549 poer
861 1522 877 1541 e
889 1511 1004 1549 especial
1019 1509 1226 1546 maundement,

168 1561 205 1582 en
219 1550 311 1581 nostre
331 1560 424 1588 noun,
449 1549 485 1580 de
503 1560 655 1588 enquerre,
681 1550 717 1580 de
737 1550 928 1588 demaunder,
952 1559 968 1580 e
985 1549 1021 1579 de
1039 1547 1172 1578 defendet
1189 1546 1226 1577 les

169 1589 279 1626 causeS,
300 1589 345 1619 lez
361 1588 453 1619 resons
465 1611 474 1626 ,
499 1599 515 1618 e
531 1588 568 1618 les
590 1588 721 1618 droitures
745 1597 942 1626 appurtenantz
965 1599 980 1618 a
999 1585 1092 1617 nostre
1113 1585 1227 1616 Counte

169 1627 294 1660 avantdit
305 1650 316 1666 ,
341 1637 388 1665 par
405 1627 525 1657 devaurit
542 1635 610 1657 touz
623 1626 725 1665 Juges,
747 1637 763 1656 e
780 1635 916 1656 encontre
935 1635 1003 1656 tores
1021 1625 1145 1663 persones
1158 1646 1168 1662 ,
1192 1623 1228 1653 de

169 1666 297 1705 appeler,
313 1675 330 1696 e
343 1673 465 1703 appeaux
478 1675 514 1695 en
528 1665 619 1695 nostre
634 1675 710 1695 noun
726 1664 783 1695 fetz
796 1664 832 1695 de
840 1664 1019 1702 pursiure,de
1035 1668 1228 1701 compromet-

170 1714 231 1743 tre,
254 1704 290 1734 de
307 1704 436 1742 pacifier,
454 1702 611 1742 d’affentir‚
628 1704 646 1733 e
662 1703 697 1733 de
709 1711 779 1733 totes
798 1711 883 1733 autres
899 1703 993 1734 choses
1013 1702 1087 1741 fere,
1106 1707 1159 1740 que
1181 1710 1229 1738 par

173 1744 274 1775 verreis
283 1743 304 1773 ,ὲ
320 1743 392 1773 leaus
405 1741 574 1772 Procurcurs
588 1742 604 1771 e
618 1741 744 1772 Atornez
759 1740 877 1779 puiiient
890 1742 959 1772 estre
974 1741 1040 1771 fetz.

208 1780 233 1812 E
251 1779 300 1819 q'il
316 1780 435 1819 puiffent
451 1780 669 1810 ensemblement
678 1788 775 1810 mettre
792 1789 827 1809 en
843 1780 903 1810 lour
919 1790 995 1810 noun
1011 1788 1115 1817 autreS,
1131 1788 1169 1808 ou
1181 1787 1231 1807 au-

172 1827 213 1851 tre
231 1818 420 1856 Procurcurs,
447 1827 486 1848 ou
501 1817 672 1856 Procureur,
691 1826 756 1856 qant
774 1817 884 1849 mestier
900 1818 982 1856 serra,
1008 1819 1036 1856 qi
1055 1818 1144 1849 autieu
1163 1826 1230 1854 poer

173 1859 249 1889 aient
264 1867 317 1895 que
332 1857 352 1886 li
367 1856 427 1887 ditz
437 1856 529 1894 Johan
543 1857 576 1888 &
591 1857 718 1888 Nichole
731 1866 758 1886 es
771 1857 867 1886 choses
878 1856 1029 1887 desusdites.

213 1895 239 1926 E
254 1905 401 1934 qeconque
419 1894 502 1925 chose
518 1894 555 1925 les
572 1894 712 1926 avantdirz.
725 1894 817 1933 Johan
832 1894 1017 1933 &Nichole,
1033 1904 1072 1924 ou
1085 1904 1122 1924 un
1135 1917 1144 1932 ‚
1162 1892 1234 1923 Pro-

175 1944 287 1966 cureurs
300 1956 310 1972 ,
335 1944 373 1964 ou
390 1932 564 1972 procureur,
588 1944 637 1971 par
654 1942 699 1963 eus
716 1933 837 1971 estably,
853 1943 891 1963 ou
908 1933 1025 1972 estable,
1043 1939 1158 1964 averont
1175 1931 1234 1969 dit,

177 1973 234 2042 get,
251 1982 288 2003 ou
307 1982 426 2040 ffffiure
443 1982 479 2001 en
494 1971 532 2001 les
550 1971 644 2002 choses
655 1979 862 2010 avantnomez,
876 1982 945 2002 nous
952 1981 1067 2010 avoms,
1084 1979 1236 2001 eaverorns

191 2021 267 2041 erme
280 2021 296 2040 e
334 2022 348 2040 a
378 2020 402 2040 e>

179 2087 189 2119 ι
217 2049 262 2080 Εη
279 2048 505 2086 testmoignance
522 2047 558 2078 de
575 2058 646 2087 queu
661 2047 744 2078 chose
760 2057 828 2078 nous
843 2057 941 2079 avoms
959 2047 999 2079 fet
1014 2047 1071 2079 fere
1086 2047 1172 2078 cestes
1188 2056 1239 2077 nos

190 2096 270 2119 ettres
285 2095 401 2118 overtes.

12 1216 89 1252 Arm.
101 1216 143 1256 D.

6 1269 10 1273 ·
33 1256 118 1297 1308.

11 1301 64 1325 Aa.
88 1305 111 1323 1.

13 1339 44 1363 Ε.
63 1344 90 1362 z.

12 1377 72 1401 Par.
92 1381 114 1399 ι.

14 1414 44 1451 Ε.
61 1419 87 1436 2.

13 1454 40 1486 p.
58 1457 84 1475 2.
102 1455 138 1475 m.

16 1495 47 1533 5.

218 2163 299 2208 D0n:
316 2174 344 2232 ae
350 2162 517 2203 Langeleie,
534 2163 559 2194 le
574 2163 678 2202 primer
690 2162 758 2203 Jour
778 2162 813 2194 de
826 2163 917 2204 Juyn,
934 2163 1000 2195 l’An
1018 2162 1054 2194 de
1071 2161 1163 2194 nostre
1185 2161 1244 2192 Re-

181 2212 237 2244 gne
252 2212 328 2241 prim
345 2212 367 2232 r.

208 2349 267 2380 Pro
290 2343 509 2392 Archiepiscopo
532 2343 747 2378 Ardmachano
772 2349 803 2378 in
825 2344 976 2378 Hibernia
991 2344 1082 2391 fhper
1099 2343 1226 2390 Bajula-

605 2397 684 2426 tione
711 2396 826 2427 Crucis.

258 2483 315 2515 EX
331 2483 436 2514 dilecto
453 2484 486 2514 &
505 2480 577 2513 fideli
596 2482 644 2514 suo
658 2482 813 2523 Justiciario
829 2481 877 2512 suo
894 2481 1057 2520 Hiberniae,
1075 2481 1195 2512 salutem.

65 2521 148 2577 ¹353,
296 2521 468 2560 Supplicavit
485 2522 566 2565 nobis
584 2521 754 2565 venerabiliis
772 2521 851 2551 Pater
870 2519 1012 2551 walterus
1026 2543 1036 2559 ,
1054 2520 1252 2558 Archiepisco-

41 2578 93 2603 An.
119 2584 141 2602 μ
195 2570 246 2601 pus
262 2560 474 2591 Ardmachanus
490 2560 635 2600 Hiberniae
648 2560 772 2598 Primas,
788 2558 883 2602 quod,
898 2597 903 2602 .
1080 2598 1085 2603 .
1188 2597 1193 2603 ο
1229 2597 1234 2603 .

39 2618 71 2644 E.
90 2622 117 2642 2-
234 2598 311 2629 Cum
335 2600 406 2629 inter
430 2597 646 2629 Praedecessores
669 2600 728 2628 suos
735 2621 745 2636 ,
771 2596 1005 2634 Archleptscopos
1029 2597 1087 2627 loci
1107 2596 1254 2635 praedidh,

194 2637 340 2669 Hiberniae
355 2636 503 2675 Primates,
520 2646 553 2667 ex
566 2645 640 2674 parte
654 2636 727 2673 uns,
744 2636 776 2666 &
792 2634 978 2666 Caffelensem
1001 2635 1035 2665 &
1049 2635 1254 2666 Dublinensem

195 2675 300 2708 Archie
322 2675 447 2713 iscopos,
466 2675 514 2713 qui
536 2684 588 2712 pro
609 2683 736 2713 tempore
753 2674 870 2712 fuerint,
887 2683 921 2704 ex
940 2673 1040 2712 altera,
1056 2674 1133 2712 super
1151 2673 1254 2711 Bajula-

195 2715 271 2744 tione
308 2714 387 2744 'rucis
404 2714 528 2751 ipsorum
548 2712 722 2750 Primatum,
739 2712 808 2742 infra
826 2711 1027 2750 praedictorum
1045 2711 1205 2742 Caffalenfis
1222 2713 1256 2743 δε

194 2751 374 2783 Dublinenfis
398 2751 680 2789 Archiepiscoporum
696 2751 860 2781 Provincias
872 2773 882 2789 ,
907 2749 1063 2781 Contentio
1084 2752 1201 2782 eXtiterit
1221 2751 1257 2781 ab

194 2799 251 2822 anti
273 2800 324 2821 uo:

234 2801 279 2860 ch
300 2828 446 2868 justiciarii
471 2829 504 2859 &
522 2827 567 2858 alii
587 2827 711 2858 Ministri
730 2827 947 2865 Progenitorum
971 2827 1145 2866 nostrorum,
1168 2837 1258 2866 quon-

195 2866 263 2898 dam
281 2866 398 2905 Regum
417 2867 550 2904 Angliae,
576 2865 794 2897 Praedecessores
819 2865 880 2896 suos
906 2866 1074 2904 praedieZtos,
1092 2867 1123 2896 in
1144 2865 1256 2904 singulis

195 2906 474 2936 Summonitionibus
500 2904 695 2943 Exercituum,
719 2904 991 2942 Convocationurn,
1010 2914 1043 2934 ac
1067 2905 1256 2943 quorumdam

195 2943 390 2982 Placitorum,
407 2943 477 2982 ipsos
492 2944 731 2981 contingentium,
757 2942 828 2981 apud
838 2941 946 2972 Dublin
961 2943 993 2973 &
1009 2943 1090 2981 alibi,
1107 2942 1176 2972 infra
1191 2942 1259 2973 Cas-

194 2980 326 3013 sele'nse‘m
339 2982 372 3012 &
392 2980 593 3011 Dublinensem
614 2981 888 3019 ArchiepiscopituS,
906 2980 1024 3011 fecerint
1041 2980 1213 3018 personaliter
1228 2991 1258 3011 e-

218 3020 311 3058 ocari,
335 3019 474 3058 quousque
492 3018 581 3049 iidem
598 3017 812 3050 Praedeceffores
832 3020 897 3057 fibi,
916 3019 993 3056 super
1011 3019 1067 3049 hoc
1081 3042 1091 3057 ,
1115 3031 1130 3050 a
1150 3018 1258 3057 Proge-

196 3030 333 3089 Eitoribus
349 3057 492 3097 praedietis
506 3079 514 3094 ,
539 3057 575 3086 de
595 3057 747 3088 Attornatis
764 3059 813 3089 suis
827 3081 837 3096 ,
862 3068 909 3096 per
927 3058 981 3087 suas
999 3056 1123 3088 Patentes
1143 3058 1259 3088 Litteras

200 3095 374 3134 constitutis,
391 3095 458 3126 loco
474 3095 614 3133 ipsorum,
633 3096 667 3126 ad
681 3098 778 3127 omnia
793 3095 932 3134 praemissa
948 3096 981 3127 ὃς
992 3096 1097 3134 singula
1109 3096 1259 3127 admitten-

200 3135 242 3167 dis
278 3135 393 3171 gratiam
406 3133 606 3171 impetrarunt,

240 3158 426 3203 Consimilem
440 3172 557 3211 gratiam
573 3171 729 3202 concedere
744 3173 861 3203 velimus
874 3172 981 3203 eidem:

239 3211 305 3242 Nos
320 3211 422 3248 igitur,
445 3209 641 3248 perpendentes
662 3210 756 3249 quod,
781 3220 814 3241 ex
838 3211 970 3249 personali
991 3211 1109 3242 adventu
1132 3210 1259 3249 praediffl

204 3248 418 3286 Archiepiscopi
440 3247 475 3278 ad
495 3248 733 3278 Summonitiones
755 3249 789 3279 &
808 3251 983 3280 evocationes
1003 3250 1174 3288 hujusmodi,
1193 3259 1260 3279 cum

204 3285 371 3325 bajulatione
387 3286 487 3316 Crucis
501 3286 572 3324 suae,
591 3295 676 3322 grave
696 3286 858 3323 dampnum'
871 3289 904 3318 &
926 3288 1077 3325 periculum
1094 3299 1151 3319 non
1168 3288 1261 3318 modi-

205 3334 274 3355 cum
289 3323 398 3362 possent
414 3324 449 3354 de
462 3324 539 3354 facili
552 3325 712 3363 provenire,
730 3326 779 3354 nisi
794 3325 870 3362 super
890 3327 946 3356 hoc
965 3327 1119 3357 remedium
1140 3336 1262 3364 appona-

205 3372 283 3401 mus;
306 3362 482 3400 volentesque
506 3362 600 3392 eidem
622 3362 839 3403 Archiepiscopo
862 3362 1024 3403 subvenire,
1051 3373 1180 3403 quatenus
1195 3374 1263 3394 cum

201 3400 310 3440 Justitia
325 3402 476 3438 poterimus
491 3401 521 3429 in
535 3400 587 3430 hac
603 3409 697 3438 parte,

242 3438 333 3468 Vobis
355 3438 516 3468 mandamus
537 3439 611 3476 quod
626 3439 786 3468 Attornatos
798 3461 808 3476 ,
823 3449 891 3477 quos
917 3440 993 3470 idem
1014 3441 1264 3479 ArchiepiscopuS,

207 3475 278 3506 loco
294 3476 360 3514 suo,
380 3486 427 3513 per
442 3476 554 3506 Litteras
567 3476 623 3506 suas

59 3523 131 3554 0111
148 3523 164 3552 8
210 3514 348 3553 Praemiffa
365 3515 397 3545 &
413 3513 596 3544 omnia*alia
632 3485 755 3544 patentes
769 3476 933 3508 sufficienter
949 3479 1054 3509 duxerit
1068 3479 1265 3517 faciendos,ad

0 3535 2 3567 Ξ
136 3545 142 3553 ·
168 3533 195 3560 7·
603 3536 613 3552 ²

656 3514 779 3545 ersonam
792 3515 873 3552 ipfius
888 3516 1096 3555 Archiepiscopi
1108 3519 1248 3554 tangentia
1257 3540 1267 3556 ,

209 3553 258 3583 ubi
271 3552 326 3590 ipse
340 3561 453 3590 propter
466 3552 698 3589 impedimentum
713 3552 882 3591 praedictum
902 3555 1073 3591 personaliter
1091 3557 1184 3585 venire
1205 3565 1265 3586 non

210 3591 319 3630 potest,
346 3600 443 3620 coram
464 3591 546 3620 vobis
563 3590 710 3621 admittatis
743 3591 776 3621 δε
800 3601 898 3622 coram
916 3592 971 3622 aliis
984 3593 1144 3632 justiciariis
1168 3594 1267 3624 nostris

208 3628 329 3668 partium
345 3627 557 3667 proedid'tarum,
577 3629 633 3659 tarn
656 3613 800 3671 dealianco
815 3629 910 3660 nostro
924 3630 1104 3669 Dublinenli,
1121 3633 1205 3670 quarn
1220 3633 1267 3662 iti-

208 3668 380 3704 nerantibus,
398 3666 557 3705 caeterisque
579 3666 712 3697 Ministns
736 3667 835 3697 nostris
850 3691 860 3706 ,
885 3669 993 3699 ibidem
1013 3670 1121 3700 admitti
1142 3670 1266 3709 faciatis,

206 3705 341 3745 quamdiu
357 3705 439 3735 nobis
453 3705 600 3743 placuerit,
615 3705 651 3735 de
664 3704 756 3736 nostra
770 3707 860 3743 gratia
871 3706 992 3744 speciali.

251 3780 339 3812 Teste
355 3780 438 3819 Rege
451 3780 524 3818 apud
538 3779 679 3822 Langelye
687 3803 698 3820 ,
717 3789 745 3820 5.
759 3780 805 3813 die
815 3780 902 3820 Junii.
920 3780 957 3813 Et
969 3781 1077 3816 fuerunt
1089 3783 1221 3815 Patentes.

255 4051 327 4082 Tm.
342 4052 369 4083 Ι.
387 4046 422 4087 Ρ.
434 4054 484 4093 IV,

1228 126 1805 205 Pontica.

2226 177 2299 206 121

2315 248 2390 279 Ann.
2404 247 2447 278 D„

2273 289 2290 291 ”
2346 285 2431 325 1308,

2317 325 2392 351 Eub.
2402 333 2429 350 2.

1267 336 1316 367 De
1342 335 1466 379 Negotia
1489 336 1567 366 inter
1588 332 1766 366 Arthurum
1791 336 1948 367 Britannia
1970 338 2086 371 Ducem
2103 338 2139 374 (ᾗ
2158 332 2282 382 Johann

1490 393 1558 413 nem
1584 385 1770 414 Germanum
1794 385 1858 427 ejus
1882 382 2056 417 ordinando.

1249 464 1368 520 REX
1389 464 1490 496 Nobili
1511 466 1574 495 viro
1596 464 1728 496 Domino
1745 466 1880 504 Arthuro,
1897 466 1977 497 Duci
1994 467 2157 506 Britanniae,
2176 466 2302 498 Consan-
2322 465 2372 489 An.
2391 471 2416 490 ²2

1322 505 1426 540 guineo
1440 503 1489 533 suo
1505 503 1674 542 Carissimo,
1691 503 1801 534 salutem
1815 507 1848 535 ὅ(
1863 506 1973 535 lincerae
1990 505 2148 536 dileetionis
2161 504 2305 535 affefifflm.
2324 505 2351 527 E.
2372 510 2411 541 23

1253 575 1254 578 Ἰ
1286 540 1477 571 Desiderantes
1488 550 1522 571 ex
1538 541 1622 571 corde
1637 551 1665 571 ut
1678 544 1841 580 negotium,
1857 553 1907 572 vos
1928 544 1961 573 &
1976 543 2111 574 dileetum
2128 543 2307 580 Consangui-
2323 538 2408 575 ClauJ.
2427 546 2451 564 ²w

1251 585 1353 616 neum,
1371 580 1403 609 ὃ(
1418 579 1528 609 fidelem
1541 579 1666 609 nostrum
1676 579 1833 617 Johannem
1845 580 1880 610 de
1894 580 2049 619 Britannia,
2067 582 2242 611 Germanum
2257 591 2307 611 ve·
2326 581 2352 603 E.
2371 587 2405 609 2«,

1251 614 1357 654 strum,
1374 617 1440 646 hinc
1455 617 1521 646 inde
1536 625 1667 654 tangens,
1684 617 1719 647 ad
1739 617 1877 648 honorem
1899 617 2023 648 nostrum
2044 620 2077 649 &
2101 619 2239 658 utriusque
2257 629 2307 649 ve·
2325 624 2361 642 ⁷7²⁴
2377 613 2436 640 ²03⁶

1253 652 1342 684 strum
1357 655 1544 685 commodum
1559 655 1698 685 ordinetur
1713 656 1746 686 &
1759 657 1842 685 etiam
1857 656 2037 694 compleatur.

1292 692 1453 723 Amicitiam
1474 692 1595 723 vestram
1614 692 1762 723 affeetuose
1783 694 1947 731 requirimus
1963 695 1996 724 &
2015 704 2162 734 rogamus,
2180 703 2310 733 quatenus

1253 728 1419 760 Mauritiurn
1432 731 1467 760 de
1483 731 1654 768 Credomio,
1672 730 1796 761 nostrum
1810 732 1843 762 ὃς
1858 731 1978 761 vestrum
1987 731 2312 772 Consanguineurn,pro

1255 768 1352 805 vobis,
1372 769 1404 799 &
1425 770 1540 798 nomine
1561 768 1652 799 vestro
1668 769 1701 798 ad
1717 778 1767 798 nos
1783 770 1811 799 in
1834 769 1968 806 Angliam
1985 770 2184 808 transmittatis,
2201 771 2235 801 ad
2257 780 2311 801 tra·

1256 805 1388 835 &andum
1404 807 1551 837 nobiscum
1565 807 1598 836 &
1614 816 1682 836 cum
1698 806 1835 837 Concilio
1858 807 1956 837 nostro
1970 807 2048 845 super
2063 810 2181 844 negotio
2202 818 2311 838 merno-

1255 851 1331 880 rat0,
1350 844 1381 873 &
1396 844 1430 873 ad
1446 844 1527 882 illud,
1549 844 1616 874 sicut
1628 844 1662 874 ad
1676 843 1817 874 honorem
1831 844 1888 874 Dei
1902 846 1935 875 ὃς
1949 846 2072 875 nostrum
2089 869 2098 883 ,
2116 846 2312 884 vestrumque,

1256 882 1289 912 &
1303 881 1373 911 dieti
1388 881 1483 913 Fratris
1497 881 1578 912 vestri
1591 882 1777 913 commodum
1792 882 1852 913 fore
1868 883 2019 922 videbitur,
2036 884 2231 915 ordinandum.

1298 956 1365 987 Dat.
1384 958 1456 995 apud
1474 957 1614 996 Langele,
1631 966 1647 996 5
1673 958 1719 988 die
1730 957 1816 996 Junii.

1262 1084 1311 1115 De
1326 1081 1470 1126 filutione
1494 1080 1591 1114 decem
1616 1081 1709 1114 Mille
1731 1084 1937 1124 Marcarum,
1961 1084 2007 1116 A.
2033 1085 2142 1116 Comiti
2164 1081 2319 1118 Sabdudiae

1355 1213 1385 1245 X
1409 1214 1558 1246 Baronibus
1573 1214 1623 1245 suis
1638 1214 1674 1245 de
1688 1215 1839 1246 Scaccario
1854 1215 1977 1248 salutern.
2338 1216 2412 1247 Arm.
2428 1213 2469 1244 D„

1686 1129 1887 1175 conceffarum.

1265 1215 1320 1271 R
1367 1253 1494 1284 Allocate
1513 1253 1657 1284 Nicholao
1679 1254 1851 1292 Fermband,
1876 1255 1908 1285 &
1932 1254 2059 1284 Roberto
2080 1253 2115 1285 de
2138 1253 2319 1293 Harwedon,
2363 1252 2447 1293 1308.

1266 1299 1352 1329 nuper
1367 1290 1537 1322 Custodibus
1551 1291 1651 1329 Episco
1686 1292 1730 1322 tfis
1745 1293 1884 1332 Wynton.
1899 1294 2020 1323 vacantis
2033 1293 2066 1322 &
2078 1294 2107 1322 in
2119 1302 2203 1323 manu
2214 1293 2319 1323 Domi·
2342 1297 2394 1320 An.
2415 1302 2438 1318 ι.

1267 1328 1298 1357 ni
1312 1329 1459 1369 Edwardi,
1477 1330 1618 1368 quondam
1669 1331 1729 1367 egis
1749 1331 1879 1369 Angliae,
1899 1330 1985 1361 Patris
2006 1331 2107 1368 nostri,
2125 1331 2262 1361 existentis
2292 1332 2320 1360 in
2342 1335 2370 1357 E.
2386 1340 2412 1356 2-

1268 1376 1409 1406 compoto
1420 1368 1485 1406 suo,
1502 1369 1535 1399 ad
1549 1368 1728 1398 Scaccarium
1743 1369 1927 1407 praedietum,
1947 1367 2023 1399 mille
2041 1369 2074 1399 &
2088 1370 2224 1400 sexcentas
2241 1353 2322 1399 Mar·
2342 1369 2422 1397 Liber.
2441 1368 2466 1394 τέ

1269 1415 1330 1444 caS,
1345 1417 1409 1444 quas
1423 1417 1471 1444 per
1487 1409 1658 1444 praeceptum
1668 1406 1788 1444 ejusdem
1804 1406 1889 1437 Patris
1903 1406 2006 1444 nostri,
2024 1407 2131 1437 diversis
2146 1409 2272 1445 vicibuS,
2289 1407 2323 1437 li·
2343 1411 2373 1434 E·
2392 1415 2414 1432 1-
2431 1413 2467 1433 m„

1293 1447 1379 1475 eravit
1401 1444 1542 1482 Magistro
1556 1444 1692 1475 Bernardo
1705 1445 1740 1475 de
1755 1445 1904 1482 Mercato,
1924 1446 2068 1475 Attornato
2089 1445 2185 1476 dilecti
2202 1445 2327 1476 Consan-
2347 1455 2374 1472 ²·

1270 1483 1366 1517 guinei
1381 1483 1413 1513 &
1427 1482 1512 1513 fidelis
1526 1482 1628 1519 nostri,
1647 1483 1768 1513 Amadei
1782 1482 1903 1513 Comitis
1915 1483 2073 1521 Sabaudiae,
2091 1485 2119 1513 in
2157 1489 2242 1514 artem‘
2257 1484 2328 1514 solu-

1270 1521 1352 1550 tionis
1367 1521 1473 1551 illarum
1500 1522 1599 1551 decem
1619 1520 1745 1561 Millium
1761 1520 1938 1559 Marcarum,
1958 1532 2021 1559 quas
2042 1523 2118 1551 idem
2161 1532 2215 1552 ater
2238 1522 2329 1552 noster

1269 1558 1363 1588 eidem
1377 1558 1488 1589 Comiti
1504 1558 1674 1589 concesserat
1694 1569 1745 1597 pro
1762 1569 1840 1596 grato
1855 1560 1888 1590 &
1902 1559 2029 1590 laudabili
2043 1559 2154 1591 servitio
2168 1560 2234 1599 suo,
2257 1570 2328 1598 praea

1270 1596 1349 1627 dieto
1365 1595 1436 1627 Patri
1449 1597 1546 1627 nostro
1560 1597 1702 1636 impenso,
1720 1598 1770 1627 nisi
1787 1599 1875 1636 prius,
1893 1598 1951 1628 &c.

1306 1633 1341 1664 Et
1356 1637 1490 1676 recipiatis
1503 1637 1539 1666 ab
1551 1636 1589 1666 eis
1602 1636 1695 1665 brevia
1709 1635 1778 1666 dieti
1795 1636 1878 1666 Patris
1889 1636 1976 1666 nostri
1985 1637 2020 1667 de
2034 1645 2176 1675 praecepto
2185 1660 2195 1675 ,
2212 1646 2259 1674 per
2287 1646 2329 1667 uae

1271 1673 1408 1710 praemissa
1423 1674 1565 1712 fecerunt,
1579 1683 1631 1703 nec
1645 1683 1702 1703 non
1715 1674 1749 1704 &
1764 1672 1865 1704 Literas
1879 1673 2001 1705 Parentes
2014 1676 2119 1712 praefati
2128 1675 2260 1713 Magistri
2290 1685 2331 1705 er-

1272 1710 1367 1750 nardi,
1386 1713 1574 1750 receptionem
1588 1711 1673 1743 didiae
1685 1714 1812 1750 pecuniae
1825 1713 1940 1744 summae
1954 1712 2135 1744 testificantes.

1313 1787 1399 1819 Teste
1414 1788 1496 1828 Rege
1510 1789 1583 1828 apud
1597 1788 1737 1829 Redyng,
1754 1789 1869 1820 decimo
1886 1788 1961 1821 sexto
1973 1789 2020 1820 die
2030 1789 2113 1829 Junfi:

1284 1935 1343 1966 Pro
1367 1935 1454 1965 Petro
1480 1928 1630 1974 Gavaston
1653 1934 1689 1969 &-
1713 1933 1900 1978 Margareta
1922 1934 2025 1967 Uxore
2045 1933 2110 1978 ejus
2131 1942 2213 1980 nepte
2232 1935 2322 1980 Regis

1713 1978 1908 2023 Conccffi'ones.

1283 2065 1364 2123 RE

1367 2064 1397 2096 X
1416 2064 1657 2104 Archiepiscopis,
1675 2066 1735 2096 &c.
1752 2065 1872 2097 salutem.
2458 2082 2461 2085 “

1352 2143 1356 2147 ¹
1374 2104 1470 2134 Sciatis
1483 2114 1550 2142 nos,
1568 2114 1618 2142 pro
1635 2113 1714 2141 grato
1730 2105 1762 2135 δε
1784 2104 1912 2136 laudabili
1933 2104 2057 2145 servitio,
2077 2105 2152 2144 quod
2173 2104 2287 2136 dilectus
2304 2105 2338 2136 &
2361 2097 2434 2129 Asm-
2451 2095 2492 2126 D-

1284 2140 1371 2172 fidelis
1386 2142 1477 2172 noster
1492 2142 1589 2173 Petrus
1604 2142 1640 2172 de
1655 2142 1799 2173 Gavaston
1813 2144 1893 2174 nobis
1917 2144 2049 2174 hactenus
2067 2144 2222 2182 impendit,
2239 2143 2341 2174 dediffe
2385 2136 2469 2175 1303·

1285 2180 1318 2211 δε
1333 2179 1496 2211 concessisse
1512 2181 1627 2219 praefato
1641 2179 1740 2219 Petro,
1760 2182 1792 2212 &
1809 2181 1979 2219 Margaretae
1998 2183 2094 2213 Uxori
2109 2183 2182 2220 ejus,
2200 2183 2276 2220 nepti
2290 2192 2343 2211 no·
2362 2179 2414 2202 An.
2434 2184 2457 2201 ¹·

1288 2218 1352 2248 strae
1374 2219 1538 2257 karissimae,
1563 2218 1725 2249 Manerium
1746 2219 1781 2250 de
1807 2219 1970 2261 Brustwyk,
1997 2230 2063 2251 cum
2087 2221 2220 2251 membris
2237 2220 2270 2252 &
2287 2220 2344 2251 aliis
2365 2217 2384 2241 E
2415 2222 2445 2239 2‘

1289 2257 1460 2295 pertinentiis
1474 2257 1524 2288 suis
1532 2268 1537 2287 :
2367 2255 2404 2279 ΟΛ
2409 2261 2421 2276 r
2422 2258 2433 2277 ²
2437 2270 2443 2276 ·
2453 2258 2462 2276 ¹
2470 2270 2477 2277 ·

1331 2294 1464 2326 Castrum
1479 2296 1511 2326 &
1527 2294 1688 2326 Manerium
1703 2295 1739 2328 de
1752 2295 1872 2334 Skipton
1886 2297 1915 2326 in
1934 2296 2066 2335 Graven,
2085 2306 2151 2328 cum
2167 2297 2300 2328 membris
2315 2297 2349 2327 δε
2370 2293 2399 2316 13.
2418 2297 2445 2315 2·
2461 2296 2488 2314 ''·

1290 2332 1348 2364 aliis
1363 2335 1533 2371 pertinentiis
1546 2333 1615 2372 suis,
1635 2335 1664 2363 in
1682 2333 1829 2364 Comitatu
1843 2334 1930 2365 Ebot.
2372 2336 2399 2362 7·

1327 2370 1459 2402 Castrum
1474 2373 1507 2402 ὅτ
1522 2371 1670 2402 Honorem
1686 2372 1721 2402 de
1737 2372 1791 2402 alto
1804 2372 1915 2410 Pecco,
1933 2382 2000 2403 cum
2016 2373 2150 2403 membris
2164 2373 2198 2405 &
2212 2372 2269 2403 aliis
2287 2382 2350 2411 per-

1291 2411 1411 2440 tinentiis
1426 2410 1493 2448 suis,
1512 2412 1540 2439 in
1556 2409 1703 2440 Comitatu
1716 2410 1806 2440 Derb.

1331 2446 1478 2486 Castrum,
1497 2448 1660 2478 Manerium
1675 2449 1708 2478 &
1723 2448 1873 2479 Honorem
1889 2448 1924 2479 de
1932 2448 2110 2488 Cokermue,
2128 2452 2197 2480 cum
2211 2450 2349 2487 pertinen-

1294 2486 1338 2516 tiis
1350 2486 1418 2524 suis,
1438 2487 1467 2515 in
1483 2486 1629 2517 Comitatu
1646 2485 1753 2517 Cumb.

1335 2524 1460 2554 Maneria
1472 2524 1508 2554 de
1522 2524 1629 2562 Torpel
1642 2524 1674 2555 &
1691 2525 1726 2555 de
1742 2525 1861 2563 Upton,
1879 2535 1946 2556 cum
1968 2525 2137 2567 pertinentiis
2154 2525 2222 2564 suis,
2239 2526 2269 2556 in
2290 2524 2351 2556 Co-

1295 2563 1393 2592 mitatu
1407 2562 1591 2601 Northampt.

1333 2599 1466 2631 Castrum
1483 2601 1518 2630 de
1537 2600 1695 2631 Caresbrok
1710 2623 1720 2640 ,
1746 2601 1779 2632 ὃς
1802 2611 1905 2632 omnes
1922 2602 1986 2632 alias
2000 2602 2100 2632 Terras
2123 2603 2156 2633 ὃς
2178 2601 2354 2633 Tenementa

1296 2638 1403 2677 nostra,
1422 2649 1490 2669 curn
1507 2639 1526 2659 *²
1540 2639 1591 2670 suis
1609 2641 1795 2683 pertinentiis,
1813 2641 1842 2670 in
1861 2640 1947 2671 Insula
1962 2640 2069 2678 Vedia,
2088 2641 2116 2670 in
2131 2640 2277 2672 Comitatu
2292 2641 2355 2671 Sut-
2375 2648 2503 2679 fingi-3„

1298 2677 1404 2715 hampt.
1428 2678 1461 2708 ὃς
1480 2687 1579 2708 omnes
1595 2679 1655 2708 alias
1671 2686 1753 2708 terras
1776 2679 1809 2709 &
1823 2687 1979 2709 tenementa
1997 2679 2088 2709 nostra
2107 2688 2176 2710 cum
2192 2680 2288 2717 pertin.
2303 2678 2354 2710 suis

1299 2717 1328 2747 in
1347 2714 1435 2746 Insula
1449 2715 1538 2746 Vedia
1552 2717 1581 2745 in
1601 2714 1690 2746 Corn.
1706 2716 1798 2747 Sutht.

1337 2754 1413 2792 Qae
1434 2753 1542 2785 fuerunt
1561 2753 1735 2791 [fabellaede
1756 2754 1897 2794 Fortibus,
1922 2755 2065 2796 quondam
2086 2754 2247 2787 Comitissae
2271 2755 2357 2787 Albe-

1300 2794 1385 2830 marl,
1403 2793 1436 2823 &
1445 2803 1507 2831 quae
1518 2792 1617 2823 suntin
1631 2801 1714 2823 manu
1728 2792 1848 2832 nostra,-

1337 2831 1397 2862 HA
1407 2840 1426 2861 Β
1436 2840 1453 2861 E
1465 2839 1487 2866 N
1497 2840 1545 2861 DA,
1558 2839 1576 2861 s
1588 2839 1610 2860 T
1629 2840 1677 2861 Tr.
1687 2839 1710 2861 N
1721 2841 1738 2862 a
1750 2839 1771 2860 N
1782 2840 1830 2862 DA
1856 2831 1991 2870 praefatis,
2016 2831 2100 2863 Petro
2118 2833 2152 2863 &
2172 2831 2358 2871 Margaretae,

1302 2869 1334 2899 ὃς
1351 2869 1517 2900 Haeredibus
1530 2869 1565 2900 de
1580 2867 1751 2907 Corporibus
1763 2869 1884 2908 ipsorum
1903 2868 1975 2900 Petri
1994 2870 2026 2900 &
2044 2870 2211 2908 Margaretae
2234 2871 2358 2901 exeunti-

1302 2908 1368 2946 bus,
1384 2908 1420 2938 de
1437 2909 1516 2938 nobis
1539 2908 1572 2938 &
1592 2907 1756 2938 Haeredibus
1769 2907 1880 2946 nostris,
1898 2917 1966 2938 cum
1985 2908 2074 2938 feodis
2095 2908 2240 2947 Militum,
2259 2909 2358 2940 Advo-

1301 2946 1456 2976 cationibus
1476 2945 1678 2984 Ecclefiarum,
1700 2946 1789 2976 liberis
1810 2946 1946 2985 Chaceis,
1973 2945 2138 2985 Warennis,
2158 2947 2360 2985 Libertatibus‚

1301 2985 1335 3015 &
1349 2985 1480 3015 omnibus
1493 2984 1567 3022 aliis,
1585 2983 1619 3014 ad
1634 2984 1766 3022 praedicta
1790 2984 1935 3023 Maneria,
1954 2984 2103 3023 Membra,
2123 2984 2237 3024 Castra,
2254 2985 2360 3016 Hono-

1301 3033 1358 3062 reS,
1375 3023 1494 3061 Terras,
1512 3024 1543 3053 &
1558 3023 1737 3053 Tenementa
1751 3023 1975 3060 qualitercunque
1990 3023 2190 3062 spectantibus,
2207 3034 2255 3061 per
2276 3023 2360 3054 servi-

1300 3063 1336 3091 tia
1351 3061 1432 3100 inde,
1449 3070 1595 3100 antequam
1611 3059 1644 3090 ad
1660 3070 1774 3091 manum
1791 3061 1914 3091 Domini
1928 3061 1962 3091 E.
1978 3061 2121 3099 quondam
2131 3062 2219 3099 Regis
2236 3062 2361 3099 Angliae,

1302 3099 1387 3131 Patris
1400 3099 1501 3137 nostri,
1521 3099 1565 3129 vel
1577 3097 1678 3128 nostras
1691 3098 1878 3137 devenerunt,
1893 3099 2028 3130 debita&
2041 3099 2186 3139 consueta,
2206 3100 2253 3130 ΙΜ
2263 3109 2280 3130 Ρ
2291 3110 2308 3130 E
2319 3109 2359 3130 R-

1303 3146 1321 3168 P
1331 3148 1348 3168 E
1359 3147 1412 3168 TU
1421 3147 1443 3168 υ
1454 3146 1480 3167 M
1490 3160 1500 3176 ,
1518 3139 1547 3167 in
1563 3137 1686 3167 valorem
1701 3138 1784 3167 trium
1801 3137 1925 3167 Millium
1941 3137 2104 3168 Marcarum
2117 3149 2270 3169 annuarum
2281 3162 2290 3178 ,

1339 3176 1380 3207 Ita
1396 3176 1523 3207 videlicet
1536 3174 1627 3213 quod,
1647 3175 1665 3204 fi
1678 3185 1781 3205 annuus
1793 3176 1871 3206 valor
1884 3175 2085 3213 praedietorum
2100 3176 2261 3207 Castrorum
2271 3199 2280 3214 ,
2296 3174 2364 3205 Ma-

1304 3217 1465 3253 neriorum‚
1485 3213 1702 3251 Membrorum,
1729 3212 1898 3251 Honorum,
1923 3214 2094 3253 Terrarum,
2116 3216 2148 3246 &
2169 3215 2198 3245 T
2199 3222 2362 3244 enemento-

1304 3264 1385 3292 rum,
1404 3263 1470 3284 curn
1495 3252 1663 3289 pertinentiis
1687 3251 1755 3289 suis,
1780 3252 1944 3289 praedffiiam
1961 3253 2099 3283 summam
2124 3255 2207 3283 trium
2232 3252 2360 3281 Millium

1305 3291 1469 3322 Marcarum
1481 3299 1630 3321 annuarum
1649 3289 1778 3327 excedat,
1799 3300 1847 3327 per
1867 3291 2058 3321 rationabilem
2079 3299 2215 3321 extentam
2238 3289 2303 3319 inde
2320 3289 2361 3320 fa-

1306 3331 1436 3360 ciendam
1473 3338 1538 3359 tunc
1557 3327 1602 3365 id,
1623 3327 1698 3364 quod
1713 3327 1887 3367 superfuerit,
1905 3338 2042 3360 remaneat
2062 3330 2143 3358 nobis
2156 3330 2188 3359 &
2207 3328 2363 3357 haeredibus

1306 3368 1417 3399 nostris:
1438 3352 1489 3405 1th,
1507 3367 1526 3396 si
1544 3365 1657 3395 fort-assis
1670 3366 1704 3395 ad
1716 3366 1821 3396 dictam
1843 3366 1983 3397 summam
2003 3377 2059 3396 non
2080 3368 2211 3403 attingat,
2229 3374 2296 3395 tunc
2316 3366 2363 3404 id,

1307 3407 1382 3445 quod
1397 3406 1461 3436 inde
1475 3404 1608 3441 defuerit,
1626 3403 1758 3434 faciemus
1775 3404 1879 3435 eisdem
1895 3405 1977 3435 Petro
1996 3405 2028 3435 &
2051 3403 2235 3442 Margaretae,
2258 3405 2288 3433 in
2305 3404 2363 3434 aliis

1274 3446 1405 3492 yTerris
1420 3443 1533 3481 nostris,
1553 3442 1622 3472 locis
1636 3443 1863 3480 conpetentibus,
1881 3443 2023 3479 aliignari:

1345 3483 1386 3514 Ita
1404 3484 1487 3513 etiam
1501 3480 1575 3518 quod
1589 3502 1600 3519 ,
1618 3480 1636 3510 sl
1652 3481 1799 3519 praedicti,
1817 3481 1910 3510 Petrus
1925 3482 1958 3511 &
1973 3480 2147 3517 Margareta,
2168 3479 2288 3511 obierint
2308 3480 2365 3511 sine

1307 3521 1435 3556 haerede,
1452 3521 1486 3549 de
1502 3519 1666 3557 corporibus
1682 3518 1799 3556 ipsorum
1819 3528 1950 3548 exeunte.
1969 3527 2035 3548 tunc
2056 3517 2188 3555 praedieta
2213 3518 2362 3557 Maneria,

1311 3560 1462 3596 Membra,
1479 3556 1591 3594 Castra,
1609 3557 1754 3594 Honores,
1771 3557 1868 3586 Tcrrae
1887 3557 1919 3586 ὃς
1934 3557 2122 3594 Tenementa,
2141 3565 2208 3585 cum
2231 3557 2364 3587 omnibus

1310 3599 1467 3636 pertinentis
1481 3596 1548 3633 suis,
1567 3595 1659 3624 statim
1676 3595 1739 3631 post
1761 3603 1882 3624 mortem
1899 3594 2117 3632 praedi&orum,
2137 3594 2211 3624 Petri
2233 3595 2265 3625 &
2286 3594 2366 3625 Mar-

1311 3646 1429 3674 garetae,
1449 3634 1480 3665 ad
1496 3643 1547 3663 nos
1561 3634 1594 3663 ὃς
1609 3632 1730 3662 haeredes
1745 3632 1852 3662 nostros
1868 3633 1974 3669 integre
1987 3641 2163 3663 revertantur.

1351 3675 1446 3712 Qare
1459 3671 1587 3702 volumus
1603 3671 1635 3701 ὃ(
1650 3670 1764 3700 firmiter
1778 3672 1974 3709 praecipimus,
1992 3679 2045 3708 pro
2063 3671 2143 3699 nobis
2160 3670 2193 3700 &
2210 3670 2365 3710 haeredibus

1311 3713 1428 3749 nostris,
1446 3709 1521 3749 quod
1543 3709 1671 3747 praedicti
1713 3708 1808 3738 Petrus
1826 3709 1859 3739 ὅτ.
1876 3708 2050 3746 Margareta,
2068 3709 2184 3738 habeant
2204 3708 2237 3739 ὃ(
2257 3709 2366 3739 teneant

1312 3752 1362 3782 fibi
1376 3752 1408 3781 &
1423 3748 1574 3779 haeredibus
1589 3746 1654 3784 suis,
1669 3731 1704 3776 cle
1721 3747 1882 3784 corporibus
1898 3746 2021 3784 ipsorum
2037 3747 2211 3785 exeuntibus,
2228 3747 2263 3776 de
2283 3747 2366 3777 nobis

1312 3790 1346 3820 &
1362 3787 1514 3819 haeredibus
1528 3784 1625 3815 nostris
1645 3786 1740 3815 omnia
1762 3784 1894 3822 praedieta
1918 3784 2061 3822 Maneria,
2080 3783 2232 3822 Membra,
2251 3783 2366 3823 Castra,

1314 3827 1460 3863 Honores,
1477 3824 1575 3854 Terras
1589 3823 1622 3853 δε
1636 3822 1815 3853 Tenementa
1823 3845 1832 3860 ,
1847 3831 1915 3852 curn
1937 3821 2024 3852 feodis
2040 3821 2183 3860 Militum,
2200 3824 2364 3853 advocatio-

1312 3866 1394 3896 nibus
1408 3862 1609 3900 Ecclesiarum,
1629 3861 1662 3891 ὅτ
1675 3861 1732 3891 aliis
1746 3861 1916 3899 pertinentiis
1934 3860 1984 3890 suis
2004 3860 2228 3899 quibuscunque,
2245 3870 2293 3898 per
2310 3861 2364 3891 ser—

1314 3904 1381 3934 vitia
1403 3901 1551 3940 praedid'ca,
1577 3898 1589 3928 Ι
1599 3907 1625 3928 Μ
1634 3907 1652 3929 11
1663 3907 1681 3928 E
1691 3907 1715 3929 R
1724 3907 1742 3928 P
1753 3908 1771 3929 E
1779 3907 1801 3928 T
1810 3906 1832 3928 υ
1842 3906 1865 3928 υ
1873 3906 1918 3937 Μ,
1943 3899 1971 3928 in
1991 3898 2115 3929 valorem
2135 3900 2221 3929 trium
2243 3898 2365 3930 millium

1316 3941 1478 3971 Marcamm
1494 3947 1662 3975 annuarum,

1354 3978 1410 4016 lta,
1428 3978 1483 4008 viz.
1499 3975 1591 4014 quod,
1608 3975 1628 4005 fi
1642 3985 1744 4005 annuus
1762 3974 1837 4006 valor
1848 3973 2048 4012 praedietorum
2061 3974 2245 4014 Castrorum,
2265 3974 2367 4005 Mane-

1314 4018 1418 4048 tiorum
1425 4037 1437 4054 ‚
1457 4014 1674 4052 Membrorum‚
1691 4013 1860 4050 Honorum,
1876 4012 2047 4053 Terrarum,
2063 4013 2096 4047 &
2109 4013 2348 4046 Tenementorum
2357 4034 2368 4049 ,

2299 4059 2367 4081 cum
