2570 4261
0 311 18 332 1.
31 297 72 330 D.

0 347 48 377 ογ.

0 391 12 406 1.
31 387 56 404 2.

0 768 80 803 [I.29i

0 1576 43 1598 nn.
57 1564 98 1595 D.

0 1613 74 1645 3307.

0 1656 20 1673 1.
37 1653 60 1671 i.

0 1702 73 1749 iili.

0 1778 3 1784 .
19 1768 44 1788 2.
59 1764 85 1795 p.

3 1817 10 1825 .
25 1807 67 1826 ιο.

661 215 767 258 ET
830 211 1094 259 ACTA
1153 207 1639 279 PussLioA.

87 296 261 341 dinandum,
278 298 409 336 dignetur
425 302 603 333 committere
617 302 650 333 ὃ(
668 301 798 332 mandare
811 311 840 332 ut
855 302 890 332 ad
898 302 1067 333 &eddonem
1083 310 1154 339 prae-

88 336 197 366 dietam
232 338 260 367 in
274 346 376 369 eventu
394 339 539 370 consensus
553 341 678 378 praedieti
705 340 815 378 Electi,
841 340 1013 370 examinand.
1030 341 1061 370 ὅ(
1082 349 1154 369 6011-

93 373 192 417 firman
216 399 221 405 .
247 384 394 414 totumque
418 379 567 414 negotium
586 376 652 408 illud
673 377 786 408 finaliter
810 377 970 415 expediend.
991 378 1153 408 311ἑ10111316

92 412 178 442 diem
191 413 324 444 Ecclesiae
338 415 467 445 Cantuar.
483 415 586 446 sublato
601 416 743 455 cujussibet
759 415 898 445 dilationis
911 415 1072 454 obstaculo,
1088 425 1155 453 pro-

93 450 194 481 cedere
209 451 331 490 valeant,
349 453 393 482 vel
408 453 511 491 valeat,
529 463 657 491 quatenus
669 454 704 483 de
714 454 774 490 jure
789 452 871 484 fuerit
886 453 1059 492 faciendum,

131 488 230 522 Velitis
241 489 397 521 efficaciter
411 492 587 530 interponere
602 501 687 529 partes
700 491 816 530 vestras3

130 525 187 556 Pro
199 527 252 557 hac
268 536 360 558 autem
374 530 546 566 requisitione
561 530 670 567 nostra,
689 540 774 567 quam
790 530 870 560 vobis
885 539 919 559 ex
933 529 1019 560 corde
1033 529 1155 567 porrigi-

95 573 174 602 mus,
191 574 259 595 cum
275 565 350 596 tanta
364 566 493 598 efficacia
504 568 628 598 laborare
645 569 760 606 curetis,
773 568 849 605 quod
864 568 944 599 vobis
959 567 1155 605 imposterum,

95 610 130 632 ex
142 602 196 633 hac
211 603 309 642 causi,
327 603 469 642 specialius
483 614 634 636 teneamur.

133 676 201 710 Dat.
218 687 250 710 ut
259 679 355 719 supra,
373 680 459 711 Anno
474 681 572 719 Regni
584 681 670 712 nostri
685 683 786 720 primo.

256 766 276 787 *¹
296 765 405 797 Eodem
422 763 513 797 modo
527 767 654 798 scribitur
667 768 837 807 subscriptis,
854 768 1002 806 videlicet,

136 845 251 873 Domino
266 845 304 871 W.
321 842 352 872 de
368 842 480 873 cantilu
498 854 529 882 o,
546 843 632 874 Tituli
646 846 740 874 Sansti
751 844 896 883 Marcelli,

136 885 254 912 Domino
270 880 404 910 willlelmo
420 852 545 920 Ruffiti,
564 882 641 912 tituli
654 885 761 912 Sancrae
776 886 964 921 Potentianae,
979 880 984 915 1
1004 880 1162 911 Presbiteris

139 922 255 949 Domino
270 918 376 948 Thomae
391 920 484 959 Jorz,
503 919 581 950 tituli
594 922 702 951 Sanaae
717 921 842 960 Sabinae,
978 921 1000 958 >
1027 919 1162 948 Cardina-

137 960 256 1024 Domlina
269 956 392 1030 ghssnni
404 958 554 996 Monachi,
571 958 646 989 tituli
666 961 824 989 Sanc‘lorum
845 957 966 989 Marcel·
982 961 987 996 1
1028 958 1107 987 libus.

217 1007 256 1025 zm
348 1004 416 1034 etri,

966 1003 986 1034 J

140 1074 260 1139 Domlino
276 1074 360 1103 Lucae
380 1073 412 1103 de
425 1071 522 1112 Flifio,
539 1072 615 1103 tituli
635 1074 742 1103 Samftae
759 1077 860 1104 Mariae
875 1077 903 1104 in
916 1075 986 1106 “via'w

143 1117 270 1179 Domisszza
277 1133 356 1180 ’Arm
380 1150 412 1180 de
426 1149 543 1187 Pelagru
558 1161 567 1178 :
594 1149 670 1179 tituli
689 1146 797 1180 SanHae
814 1154 918 1181 Mariae
937 1154 967 1180 in
1005 1163 1142 1195 Diaconis

212 1189 338 1233 ξυνήια,
379 1231 383 1235 ⁴
487 1230 491 1234 Ι
549 1228 554 1234 ι
609 1229 613 1233 ,
662 1229 666 1233 .
891 1231 895 1236 ¹
945 1230 949 1235 ,
976 1196 1004 1248 J
1030 1202 1166 1234 Cardina-

147 1228 265 1255 Domino
289 1227 421 1267 Franz-isio
436 1229 571 1265 Gattam,
589 1225 665 1255 tituli
686 1228 793 1256 Sanc‘lae
813 1231 917 1257 Martae
940 1239 967 1256 m
984 1249 988 1261 .
1033 1240 1112 1271 libus·

146 1264 410 1333 Dongrlisohigssgiaido
424 1304 455 1332 de
468 1306 559 1340 Senis,
576 1301 652 1332 tituli
669 1303 762 1331 Sanc‘Zi
778 1302 916 1342 Eustachii
927 1325 937 1341 ,
985 1267 995 1348 ι

149 1343 265 1371 Domino
278 1342 440 1381 Landulpho
456 1340 589 1379 Neapoli,
607 1339 682 1369 tituli
694 1342 787 1370 San&
801 1340 911 1378 Angeli.
975 1352 996 1379 J

312 1465 370 1496 Pro
396 1465 511 1496 Maria
533 1463 672 1497 Moniale
693 1463 729 1497 de
753 1461 970 1512 Ambresbury.

170 1547 212 1579 Ex
227 1543 376 1587 omnibus,
393 1547 427 1580 ad
444 1559 531 1588 quos,
548 1548 609 1580 &c.
626 1548 747 1580 salutem.

208 1586 306 1618 Sciatis
320 1587 413 1626 quod,
433 1590 522 1627 cum,
542 1588 656 1618 celebris
676 1587 820 1618 memoriae
831 1609 841 1625 ,
857 1587 1001 1619 Dominus
1024 1586 1057 1618 E.
1082 1594 1173 1625 quon-

114 1624 180 1655 dam
197 1625 260 1655 Rex
272 1625 403 1664 Angliae,
422 1624 502 1657 Pater
515 1625 623 1665 noster,

154 1662 187 1693 In
202 1664 495 1702 recompensationem
504 1663 696 1694 Ducentarum
713 1663 857 1695 Librarum
867 1687 876 1703 ,
894 1674 958 1702 quas
965 1663 1113 1694 cariffimae
1121 1663 1174 1694 So·-

116 1702 174 1732 rori
190 1702 292 1732 nostrae
307 1702 427 1740 Mariae,
444 1702 655 1733 Sanfflmoniali
669 1702 754 1732 fontis
769 1702 902 1741 Ebroldi‚
920 1702 992 1739 apud
1001 1702 1174 1732 Ambresbu-

118 1750 148 1779 ry
165 1742 371 1777 commoranti,
388 1741 548 1775 annuatim,
565 1740 598 1771 ad
621 1739 842 1771 sustentationem
865 1740 995 1771 Camerae
1017 1739 1088 1779 suae,
1106 1750 1175 1770 nec-

119 1788 180 1808 non
194 1779 228 1809 &
241 1780 344 1816 viginti
355 1778 510 1809 Doliorum
526 1779 594 1809 Vini
630 1789 692 1817 quae
707 1779 799 1809 eidem
812 1780 953 1810 annuatim
969 1778 1157 1817 concesserat,

160 1816 330 1853 Affignaffet
344 1826 395 1854 pro
409 1817 436 1847 se
450 1817 483 1847 &
499 1801 651 1848 haeredibus
671 1817 721 1847 suis
736 1817 829 1847 eidem
843 1818 941 1848 Sorori
957 1816 1059 1847 nostrae
1074 1816 1176 1847 Mane*-

106 1855 195 1893 ,1111111
217 1855 252 1886 (16
276 1854 403 1885 Cossiam
425 1864 492 1885 cum
515 1856 683 1893 pertinentiis
704 1857 734 1885 in
759 1855 901 1886 Comitatu
927 1855 1121 1885 Wiltoniensi:
1141 1854 1177 1885 Et

114 1891 248 1930 Burgum
263 1892 300 1924 de
314 1892 428 1923 Wilton
444 1893 477 1923 δε
493 1893 632 1924 Bereford.
648 1903 714 1924 cum
727 1895 901 1931 pertinentiis
916 1894 944 1923 iri
958 1894 1059 1924 eodem
1076 1893 1178 1924 Comi-

122 1938 194 1962 tatu:
215 1931 376 1962 Maneriurn
396 1930 432 1961 de
446 1931 574 1962 Sherstan
588 1941 656 1964 curn
672 1933 839 1969 pertinentiis
853 1933 881 1962 in
896 1932 997 1962 eodem
1016 1931 1177 1962 Comitatu:

124 1969 290 2000 Manerium
305 1969 341 1999 de
363 1968 484 1999 Porstok
506 1979 573 2000 cum
596 1971 762 2008 pertinentiis
785 1971 813 2000 in
837 1969 982 2000 Comitatu
1007 1969 1178 2000 Dorseterifi:

126 2007 290 2038 Manerium
308 2007 343 2038 de
365 2008 510 2038 I-lerdcote
525 2018 592 2038 cum
616 2006 784 2045 pertinentiis
806 2009 835 2038 in
860 2008 1003 2038 Comitatu
1028 2008 1178 2038 somerset:

124 2045 163 2076 Er
180 2045 340 2076 Manerium
354 2045 390 2076 de
405 2045 593 2077 Freszkwatre
609 2048 642 2077 &3
663 2045 821 2077 Whitefeld
837 2047 867 2076 in
882 2046 968 2077 Insula
985 2045 1094 2085 Vecta,
1111 2056 1180 2077 cum

124 2085 296 2123 pertinentiis
307 2085 336 2114 in
353 2083 496 2115 Comitatu
511 2083 775 2122 Suthamptoniensi:

163 2122 299 2153 Habenda
313 2123 346 2153 ὃ(
359 2122 477 2153 tenenda
491 2122 584 2153 eidem
599 2123 693 2153 Sorori
707 2122 825 2161 nostrae,
842 2122 876 2153 ad
891 2122 1110 2154 sustentationem
1125 2121 1183 2153 Ca-

129 2167 215 2191 merae
230 2161 282 2192 suae
291 2184 301 2200 ,
320 2161 453 2199 quamdiu
469 2162 594 2199 viveret,
611 2162 644 2192 &
660 2161 730 2192 infra
751 2171 872 2198 regnum
888 2162 998 2200 Angliae
1013 2169 1182 2192 moraretur:

164 2198 200 2229 Et
216 2199 291 2238 quod
305 2199 416 2230 haberet
432 2198 562 2230 Maneria
577 2199 621 2230 1113
643 2209 712 2229 611111
733 2198 860 2237 Escaetis,
878 2199 994 2230 Wardis
1012 2201 1046 2231 &
1068 2199 1185 2230 Marita-

127 2238 198 2276 giis,
216 2249 279 2276 quae
293 2237 439 2268 occasione
454 2237 618 2275 Corporum
634 2237 829 2268 Maneriorum
851 2237 1052 2275 praediCtorum
1074 2238 1186 2268 accide-

130 2286 160 2306 re
176 2283 321 2314 poterunt,
337 2275 413 2306 salvis
429 2276 521 2305 eidem
538 2275 609 2305 Patri
628 2274 724 2306 nostro
739 2276 771 2306 ὅ(
788 2275 943 2307 haeredibus
962 2277 1013 2307 suis
1029 2276 1186 2314 hujusmodi

131 2313 268 2353 Escaeiis,
284 2314 398 2345 Wardis
413 2313 446 2345 &
462 2313 636 2352 Maritagiis,
654 2324 716 2352 quae
731 2313 825 2344 eidem
840 2313 914 2344 Patri
929 2315 1024 2345 nostro
1039 2315 1083 2346 vel
1098 2315 1187 2344 haere-

130 2352 211 2382 ·dibus
221 2353 274 2383 'suis
289 2353 416 2383 accidere
430 2351 538 2390 possent
549 2353 653 2382 ratione
674 2352 823 2382 Terrarum
843 2353 875 2383 ὃ(
890 2353 1129 2383 Τ611611161110111111
1145 2352 1188 2382 fo-

131 2391 318 2460 ggecorum,
338 2391 371 2422 ὅ(
394 2390 482 2421 feodis
505 2390 635 2421 Militum
654 2400 716 2429 quae
739 2399 867 2421 tenentur
889 2391 924 2421 de
939 2391 1072 2422 Maneriis
1095 2390 1188 2429 supra-

153 2440 160 2459 1
192 2439 227 2459 15;

170 2467 214 2498 Α6
238 2467 335 2498 63(16111
357 2466 442 2498 Soror
461 2467 551 2498 nostra
565 2467 641 2498 dieta
658 2465 819 2498 Manerium
837 2467 873 2498 de
889 2466 1016 2499 Cosham
1033 2491 1043 2508 ,
1066 2468 1100 2500 &
1121 2467 1191 2499 Bur-

131 2512 201 2546 gum
216 2506 252 2536 de
267 2506 398 2544 VVilton,
415 2507 448 2536 ὅ(
464 2506 607 2536 Bereford.
623 2517 686 2544 quie
705 2506 739 2536 ad
760 2514 874 2536 centum
895 2507 928 2537 &
950 2517 1032 2537 unam
1055 2507 1117 2537 libr.
1143 2517 1190 2537 ex-

134 2544 281 2576 tenduntur
296 2555 344 2583 per
361 2544 476 2575 Annum
486 2568 495 2583 ,
514 2544 662 2576 reddiderit
678 2545 707 2573 in
724 2544 846 2575 Manum
868 2545 989 2575 nostram
1005 2545 1039 2576 ad
1061 2553 1190 2583 rogatum

133 2582 262 2614 nostrum
278 2584 368 2621 quieta
382 2583 418 2612 de
431 2582 486 2620 ipsa
501 2583 721 2622 imperpetuum:

171 2621 253 2660 Nos,
270 2621 336 2651 loco
349 2620 515 2651 eorumdem
531 2621 653 2651 Manerii
665 2621 701 2650 de
716 2620 858 2659 Cosham,
876 2621 908 2652 &
924 2621 1010 2658 Burgi
1029 2622 1064 2653 de
1078 2622 1192 2652 VVilton

134 2658 169 2691 &
184 2659 312 2690 Bereford
322 2682 332 2698 ,
350 2658 533 2689 concessimus
547 2659 639 2690 eidem
656 2659 749 2689 Sorori
766 2658 882 2697 nostrae,
901 2670 951 2697 pro
966 2661 1047 2691 nobis
1059 2661 1092 2691 &
1107 2661 1194 2690 113116-

136 2699 210 2728 tibus
225 2697 340 2736 nostris,
358 2697 519 2727 Manerium
534 2697 660 2727 nostrum
676 2697 711 2727 de
724 2697 906 2740 Swayneston
917 2721 926 2735 ,
944 2707 1010 2728 cuni
1027 2700 1195 2736 pertinentiis

138 2738 168 2767 in
188 2735 277 2766 Insula
293 2735 440 2774 praedi-fia:
461 2737 582 2773 exceptis
606 2735 747 2765 Membris
767 2736 888 2774 ejusdem
906 2736 1047 2776 Manerii,
1066 2737 1142 2776 quod
1161 2737 1195 2767 ad

136 2782 254 2804 centurn
277 2775 310 2805 ὅ(
331 2782 448 2812 quatuor
475 2774 588 2812 Libras,
620 2773 761 2804 sexdecim
785 2774 903 2812 solidos,
928 2785 1032 2805 novem
1054 2775 1196 2814 denarios,

138 2823 226 2844 uniun
240 2813 377 2851 obolum,
387 2813 427 2843 ·&
440 2823 527 2843 urium
544 2811 720 2880 guadrantem
735 2812 888 2843 extenditur
901 2814 1058 2852 annuatim,

176 2851 311 2881 Habenda
332 2852 364 2881 ὃ(
378 2850 497 2881 tenenda
518 2852 544 2880 ei
565 2861 611 2880 em
634 2850 729 2880 Sorori
748 2850 868 2889 nostrae,
895 2852 949 2881 unii
972 2862 1037 2882 cum
1063 2851 1197 2891 Escaetis,

139 2888 255 2919 Wardis
268 2890 302 2920 ὃ(
318 2887 492 2927 Maritagiis,
513 2899 574 2926 quae
597 2889 692 2926 nobis,
708 2888 751 2919 vel
775 2889 930 2919 haeredibus
951 2889 1049 2920 nostris
1067 2890 1196 2921 accidere

139 2935 270 2965 poterunt
283 2928 387 2957 ratione
402 2926 535 2964 Corporis
547 2927 618 2957 dieti
632 2926 755 2957 Manerii
768 2927 803 2957 de
817 2927 1014 2968 Swayneston,
1033 2929 1112 2959 simul
1127 2939 1195 2959 cum

140 2965 280 3002 praediffis
297 2965 428 2994 Maneriis
447 2965 482 2994 de
504 2964 647 3004 Sherstan,
665 2964 800 3004 Porstok,
817 2965 995 3006 Herdecote,
1013 2966 1196 2997 Freskewatre

138 3005 173 3034 &
187 3002 355 3041 Whiteseld,
373 3002 408 3033 ad
419 3002 639 3032 sustentationem
660 3003 790 3034 Camerae
803 3003 856 3033 suae
870 3005 1004 3042 quamdiu
1019 3006 1134 3043 vixerit,
1159 3006 1192 3035 &

142 3041 215 3072 infra
228 3049 348 3077 regnum
361 3040 485 3071 nostrum
500 3050 612 3071 moram
633 3041 750 3079 fecerit,
767 3043 795 3071 in
814 3042 906 3073 forma
921 3042 976 3080 qua
997 3042 1047 3074 alia
1069 3043 1198 3074 Maneria

144 3079 280 3118 praedffia
296 3079 370 3116 prius
383 3080 471 3109 tenuit
484 3087 517 3108 ex
539 3079 716 3120 concessione
735 3080 805 3110 dieti
823 3080 907 3111 Patris
927 3080 1028 3119 nostri,
1046 3080 1132 3112 Salvis
1148 3092 1200 3111 no-

144 3119 188 3148 bis
204 3118 237 3148 &
248 3117 412 3148 Haeredibus
427 3115 524 3146 nostris
539 3117 696 3154 hujuimodi
711 3117 846 3157 Escaetis,
863 3119 976 3149 Wardis
988 3120 1021 3150 &
1036 3118 1202 3158 Maritagiis,

143 3166 209 3194 quae
224 3156 305 3186 nobis
326 3155 359 3186 &
375 3154 542 3185 Haeredibus
557 3154 656 3184 nostris
671 3156 798 3187 accidere
822 3165 948 3194 poterunt
971 3159 1075 3188 ratione
1096 3158 1200 3188 Terra-

144 3204 208 3224 rum
222 3195 255 3225 &
269 3194 511 3224 Tenementorum
526 3192 739 3231 forinsecorum,
758 3195 791 3225 <Sc
807 3195 895 3226 feodis
910 3195 1056 3235 Militum,
1075 3206 1137 3234 quae
1159 3206 1200 3227 te-

145 3240 244 3300 nerlitur
258 3231 294 3275 (16
307 3231 444 3301 ρ1ῗζ11ἂο
458 3231 588 3262 Manerio
603 3231 638 3261 de
652 3231 841 3272 Swayneston.

200 3280 219 3299 n
235 3279 330 3308 cujus,
383 3280 410 3300 6.

184 3343 270 3376 Teste
286 3344 369 3385 Rege
383 3346 456 3384 apud
473 3346 611 3386 Langele,
629 3356 663 3378 21
680 3346 727 3378 die
742 3346 922 3388 Novembris.

616 3425 667 3453 Per
682 3423 764 3453 breve
778 3424 810 3454 de
819 3406 934 3463 pri‘udto
946 3425 1045 3464 Sigillo.

326 3557 451 3603 *Regi,
475 3556 511 3590 de
535 3555 687 3589 conductu
703 3567 759 3603 pro
781 3558 910 3591 Nunciis
934 3561 1026 3605 Papae.

213 3642 332 3673 Lemens
345 3641 370 3672 E
390 3641 514 3680 iscopus‚
531 3640 620 3672 servus
635 3641 774 3672 servorum
789 3641 865 3680 Dei,
882 3642 1032 3674 Carissimo
1048 3644 1076 3673 in
1091 3642 1207 3674 Christo

149 3718 215 3749 dl&
228 3681 297 3711 Filio
312 3679 345 3711 E.
391 3682 438 3718 egi
452 3680 566 3718 Angliae
582 3680 704 3719 illustri„
718 3680 831 3711 salutem
853 3681 887 3712 &
903 3681 1097 3719 ,apostolicam
1120 3681 1209 3712 Bene-

209 3729 314 3749 lOssem.
548 3732 554 3738 “

189 3756 292 3794 Nuper
317 3756 494 3787 Excellentiae
517 3755 620 3793 Regiae
642 3755 924 3802 scripsimusuquod,
941 3756 1011 3800 curn
1028 3758 1105 3796 super
1125 3758 1207 3787 certis

124 3824 135 3829 ,
151 3796 287 3833 negotiis,
305 3805 374 3834 nos,
392 3796 425 3826 ὅ(
438 3794 590 3825 Ecclesiam
604 3794 785 3832 Romanam,
803 3803 901 3832 teque,
918 3793 957 3823 fili
977 3797 1131 3834 carissime,
1148 3803 1208 3825 tan-

155 3833 299 3871 gentibus,
318 3833 495 3864 Venerabiles
517 3832 619 3863 Fratres
639 3832 750 3862 nostros
772 3831 932 3862 Nicolaum
953 3831 1137 3872 Archiepisco
1157 3842 1206 3863 um

154 3870 308 3901 Ravennat.
319 3872 352 3902 &
367 3871 480 3903 Petrum
493 3870 664 3939 Episcopum
678 3869 834 3900 Astoricen.
852 3869 1025 3907 Apostolicae
1040 3873 1107 3902 sedis
1157 3881 1209 3901 un-

154 3909 234 3945 cios,
250 3908 325 3938 viros
345 3911 439 3947 utique
460 3920 511 3948 pro
525 3908 645 3939 unditate
666 3908 787 3939 scientiae
805 3907 950 3946 praeditos,
967 3917 1001 3938 ac
1019 3910 1158 3946 probitatis
1175 3910 1208 3940 &

154 3946 415 3983 circumspeetionis
431 3949 584 3979 maturitate
604 3946 769 3984 conspicuos
782 3969 792 3985 ,
816 3946 851 3976 ad
872 3953 927 3976 tuae
949 3944 1123 3978 celsitudinis
1141 3955 1212 3984 prae—

154 3984 270 4014 sentiam
283 3984 461 4020 providemus
473 3985 665 4023 destinandos,
681 3985 719 4015 eis
732 3992 880 4022 oportunas
893 3984 990 4015 litteras
1010 3987 1098 4022 regias
1119 3985 1154 4016 de
1170 3985 1211 4016 se-

157 4031 226 4052 curo
241 4021 402 4061 conductu,
419 4032 448 4054 ut
462 4024 497 4054 ad
510 4023 629 4055 eandem
645 4022 779 4054 accedere
798 4021 985 4061 praesentiam,
1003 4023 1096 4061 ibique
1117 4031 1212 4054 mora-

157 4060 250 4129 ῐίᾐξὲ
267 4059 306 4128 ‘ild
311 4069 376 4128 {²10}
376 4061 473 4131 liledire
484 4061 580 4095 secure
598 4061 736 4100 valerent,
751 4060 899 4097 liberaliter
917 4059 1036 4100 eisdem,
1053 4060 1210 4100 Archiepifi

1195 300 1320 346 copo&
1333 299 1489 346 Episcopo,
1506 302 1678 346 providentia
1693 303 1788 342 Regia
1800 304 1958 337 destinaret:
2120 336 2122 339 ,
2260 310 2335 341 Anii.
2351 308 2392 340 D,

1235 338 1314 369 Cum
1322 348 1419 382 ⁴autem
1436 341 1641 378 dispendiorum
1656 341 1773 381 eisdem,
1790 353 1822 373 ac
1834 345 1916 374 nobis
1950 345 1984 375 &
2000 343 2094 374 eidem
2113 338 2246 375 Ecclesiae
2278 357 2363 387 1307.

1196 377 1822 447 {ppgtglfiggggttinmggirpcdlaggodplgredderetur,
1840 367 1985 449 shieosdem
2001 382 2145 450 Nuncilps,
2164 391 2250 421 prop-
2263 393 2329 420 flav.
2342 398 2367 415 ι.

1452 454 1458 458 ἡ
1581 440 1591 455 ,
1606 456 1610 460 .
1672 428 1716 461 am
1727 429 1755 447 m
1765 428 1844 456 portu
1881 428 1987 450 utinam
1997 430 2091 451 contra
2114 431 2158 451 ere
2164 431 2250 458 opor·-

1198 452 1490 528 oeiisft‘ffiuffii‘iiuissssii}
1509 454 2251 530 113(ῗὲἒῇἑὲἓὲξῖἔςὲἑῗιῗυέἔῗΠῗιῗωάῗοῗῖξξῗξῃὲἓί

1196 501 1269 558 iiulae
1305 529 1480 573 praesentibus
1493 530 1660 574 interclusae,
1677 531 1826 576 secundum
1845 543 1928 570 quam
1946 506 2108 571 ddibmdam
2131 536 2187 564 aliis
2207 536 2251 565 di-

1197 566 1253 596 &ae
1266 551 1334 596 sedis
1349 567 1383 596 Ν
1386 578 1473 597 11116115
1489 569 1627 598 concellae
1641 569 1752 600 fuerunt
1773 571 1835 600 alus
1849 581 1896 608 per
1917 571 2036 610 Regiam
2053 572 2250 603 Excellentiam

1196 604 1292 647 litterae
1307 605 1502 672 dfifimdoem
1510 629 1519 644 ‚
1536 607 1602 636 velit
1613 607 1734 638 celeriter
1742 607 1876 638 destinare
1885 608 1977 646 Regia
1986 610 2157 647 providentia
2166 611 2251 642 Nun-

1198 651 1248 672 cns
1261 651 1322 672 ante
1344 653 1349 670 l
1383 654 1412 672 ls.

1235 680 1300 710 Dat.
1315 680 1451 712 Avinion.
1469 692 1501 712 11
1522 681 1583 713 Kal.
1599 682 1673 713 Dec.
1686 681 1866 714 Pontificatfis
1880 683 1964 714 nostri
1982 685 2065 715 Anno
2080 688 2170 717 tertio.

1865 759 1953 797 Sigillo
1971 759 2075 799 avulffi.

1501 884 1606 914 Litcra
1632 885 1712 928 Papae
1733 882 1769 915 de
1794 882 1959 917 Credentia.

1206 961 1388 1024 CLemens
1403 963 1570 1003 Episcopus,
1587 966 1674 997 servus
1688 966 1828 997 servorum
1845 967 1918 1005 Dei,
1936 967 2084 1000 Carissimo
2100 971 2128 1000 in
2142 970 2256 1002 Christo
2272 979 2335 1011 Αῃῃ

1204 1039 1225 1070 Β
1278 1001 1353 1070 gigo
1368 1001 1527 1042 Edwardo,
1543 1003 1622 1042 Regi
1636 1004 1749 1042 Angliae
1760 1005 1873 1043 illustri,
1889 1005 2000 1036 salutem
2015 1008 2048 1038 &
2062 1009 2257 1046 Apostolicam
2293 1004 2376 1056 1357,

1227 1050 1278 1070 ene
1297 1050 1308 1068 i
1339 1050 1440 1071 ionem.

1224 1117 1228 1122 ι
1241 1078 1328 1116 Super
1344 1080 1424 1109 certis
1438 1081 1570 1118 negotiis,
1588 1090 1639 1110 nos
1653 1081 1686 1111 &
1701 1080 1794 1111 sedem
1812 1080 2002 1118 Apostolicam
2012 1105 2022 1121 ,
2041 1082 2120 1121 teque
2137 1086 2187 1115 Fili
2199 1085 2252 1116 Ca·
2272 1062 2370 1124 ‘gaf‘

1208 1115 1330 1155 rissime,
1347 1119 1524 1154 tangentibus
1538 1141 1547 1155 ,
1575 1119 1742 1149 venerabiles
1763 1120 1863 1149 Fratres
1885 1119 2008 1158 nostros,
2033 1121 2187 1153 Nicolaum
2204 1124 2260 1154 Ar-
2275 1139 2313 1161 Ex
2332 1135 2390 1159 Au-

1208 1154 1416 1192 cliiepiscopum
1431 1154 1586 1186 Ravennat.
1605 1157 1637 1187 &
1652 1156 1765 1188 Petrum
1781 1157 1952 1196 Episcopum
1968 1158 2124 1190 Astoricen.
2141 1161 2259 1200 nostros,
2274 1180 2298 1200 ,ο
2315 1181 2339 1199 r,

1208 1194 1241 1224 &
1257 1193 1378 1237 ejusdem
1394 1191 1462 1223 sedis
1476 1193 1626 1232 Nuncios,
1644 1196 1716 1225 viros
1729 1195 1880 1226 litterarum
1903 1195 2015 1226 scientia
2035 1198 2180 1235 praeditos,
2198 1210 2262 1236 pro-

1211 1232 1300 1261 bitatis
1318 1231 1351 1262 ὃ(
1366 1231 1534 1262 discretionis
1556 1234 1709 1264 maturitate
1724 1234 1901 1271 conspicuos,
1918 1235 1951 1265 &
1971 1237 2001 1264 in
2023 1236 2112 1266 arduis
2131 1238 2261 1274 probatos

1210 1270 1347 1307 negotiis,
1364 1270 1397 1299 ad
1412 1278 1468 1300 tuae
1482 1269 1655 1300 Celsitudinis
1669 1271 1838 1309 praesentiam
1851 1272 2029 1311 destinantes,

1248 1306 1495 1345 Magnificentiam
1518 1318 1648 1345 rogamus
1669 1310 1807 1348 Regiam,
1826 1311 1859 1341 &
1879 1312 2004 1342 attentius
2024 1313 2052 1341 in
2070 1311 2201 1343 Domino
2215 1323 2262 1344 ex-

1211 1345 1369 1383 hortamur,
1387 1348 1510 1384 quatinus
1525 1347 1613 1384 ipsos,
1630 1348 1882 1386 Archiepiscopum
1901 1350 1933 1379 &
1948 1349 2118 1387 Episcopum
2128 1374 2138 1389 ,
2155 1350 2263 1383 favora-

1213 1385 1303 1415 biliter
1318 1384 1351 1414 &
1365 1385 1488 1422 benigne
1504 1386 1653 1423 recipiens,
1670 1386 1703 1416 &
1718 1386 1794 1424 super
1808 1388 1877 1424 hiis,
1896 1397 1958 1425 quae
1973 1398 2024 1425 pro
2039 1397 2111 1426 parte
2124 1389 2220 1420 nostra
2229 1392 2264 1420 ti-

2362 978 2403 1008 Ψ

1184 1432 1188 1436 ⁴
1213 1423 1243 1453 bi
1258 1422 1417 1460 explicanda
1432 1423 1575 1461 duxerint,
1592 1423 1676 1454 fidem
1692 1424 1792 1454 eisdem
1812 1425 1945 1455 adhibens
1967 1426 2122 1464 credulam,
2140 1429 2212 1459 circa
2232 1438 2265 1459 ea

1214 1460 1329 1497 Regalis
1342 1461 1516 1498 providentia
1531 1462 1567 1491 sic
1582 1461 1607 1491 se
1623 1471 1717 1500 gerat,
1736 1463 1831 1500 quod,
1849 1465 1946 1494 nocuis
1961 1465 1993 1494 &
2015 1466 2163 1502 pernitiosis
2184 1476 2265 1497 revo-

1214 1501 1280 1530 catis
1294 1500 1470 1538 novitatibus,
1483 1500 1533 1529 tibi
1540 1500 1579 1534 i&
1588 1499 1693 1536 Regno
1707 1509 1757 1531 tuo
1771 1502 1888 1539 cuneta,
1900 1501 2031 1538 largiente
2040 1503 2170 1534 Domino
2179 1527 2188 1543 ,
2206 1504 2267 1535 suc-

1214 1538 1315 1569 cedant
1331 1537 1470 1576 prospera,
1489 1546 1589 1576 tuque,
1608 1538 1658 1568 Fili
1673 1538 1863 1578 dssecstiffime,
1880 1540 2002 1570 divinam
2017 1541 2050 1572 &
2063 1541 2182 1580 ejusdem
2198 1543 2268 1573 sedis

1215 1576 1444 1607 benedidtionem
1453 1599 1464 1615 ,
1481 1578 1514 1608 &
1531 1577 1649 1614 gratiam
1665 1578 1776 1608 uberius
1791 1578 1971 1616 consequaris,

1253 1653 1319 1684 Dat.
1348 1652 1490 1691 Avinion,
1511 1662 1554 1683 11.
1568 1649 1629 1683 Kal.
1645 1651 1718 1684 Dec.
1733 1652 1837 1685 Pontis.
1849 1654 1934 1685 nostri
1947 1655 2034 1686 Anno
2050 1658 2139 1688 tenio.

1950 1731 2042 1770 Sigillo
2057 1732 2163 1772 avulsit.

1245 1859 1317 1904 Regi
1341 1856 1429 1888 Bulla
1447 1867 1500 1901 pro
1522 1859 1651 1902 captione
1675 1855 1912 1902 Templariorum
1927 1856 2072 1901 facienda
2092 1870 2149 1891 uno
2172 1857 2238 1896 die;

1387 1903 1467 1950 quod
1490 1903 1588 1937 eodem
1613 1903 1696 1936 modo
1714 1904 1841 1950 procefft
1867 1908 1931 1938 Rex
1953 1909 2092 1940 Franciae.

1283 1989 1401 2019 Lemens
1416 1988 1584 2032 Episcopus,
1601 1989 1688 2020 servus
1702 1988 1840 2020 servorum
1856 1989 1930 2029 Dei,
1949 1990 2100 2022 Carissimo
2115 1993 2144 2021 in
2159 1991 2274 2023 Christo
2292 2005 2357 2036 Am
2382 2000 2413 2034 D

1259 2027 1388 2096 d'dltlfflo'
1408 2027 1440 2057 E.
1461 2026 1540 2065 Regi
1556 2027 1669 2067 Angli-ae
1688 2026 1805 2066 illustri,
1822 2027 1933 2059 salutem
1954 2030 1986 2060 ὃ(
2009 2029 2202 2068 Apostolicam
2226 2031 2276 2061 Be·
2314 2030 2398 2084 130'7·
2415 2028 2423 2035 '

1222 2076 1258 2097 ne
1278 2077 1286 2096 i
1319 2072 1423 2096 ionem.

1261 2103 1404 2135 Pastoralis
1421 2104 1624 2144 praeminentiae
1639 2103 1730 2142 Solio,
1746 2103 1908 2145 disponente
1925 2104 1972 2135 illo
1991 2107 2039 2144 qui
2061 2106 2162 2137 61111613
2184 2106 2276 2145 dispo·
2294 2088 2381 2148 51¹⁸

1224 2144 1281 2181 nit,
1306 2142 1372 2173 licet
1397 2143 1549 2181 immeriti,
1567 2142 1756 2181 praesidentes,
1781 2145 1837 2174 hoc
1856 2145 1998 2182 praecipue
2016 2143 2152 2175 ferventer
2176 2147 2279 2183 appeti·
2297 2143 2343 2188 E'„
2359 2143 2417 2186 'Am

1227 2192 1288 2212 mus
1323 2182 1379 2210 hoc
1394 2182 1465 2211 votis
1479 2180 1635 2211 ardentibus
1649 2180 1811 2212 affeistamus
1826 2190 1872 2220 ut,
1889 2182 2001 2213 excusso
2015 2183 2030 2211 a
2045 2184 2123 2212 nobis
2131 2183 2277 2221 negligen-
2299 2208 2308 2226 t
2340 2208 2363 2224 r·

1227 2222 1272 2251 tiae
1296 2226 1406 2258 omno,
1423 2220 1497 2249 circa
1518 2219 1619 2258 Gregis
1642 2218 1793 2250 Dominici
1814 2219 1998 2259 Custodiam,
2013 2220 2207 2252 submovendo
2227 2232 2279 2252 no-
2312 2209 2338 2235 οξ

1228 2260 1285 2295 xia,
1302 2259 1335 2289 &
1349 2257 1459 2303 agendo
1472 2254 1626 2296 profutura,
1644 2259 1746 2289 animas
1758 2258 1827 2289 Deo
1840 2258 2018 2298 lucrifacere,
2034 2258 2080 2290 sua
2092 2260 2174 2291 nobis
2188 2260 2280 2291 coho⁴

1229 2305 1338 2336 perante
1353 2304 1454 2333 gratia,
1471 2295 1607 2327 valeamus

1265 2335 1334 2365 Sane
1354 2334 1478 2372 dudum,
1504 2335 1578 2365 circa
1598 2337 1780 2373 promotionis
1801 2336 1904 2367 nostrae
1925 2337 2094 2375 principium
2117 2337 2151 2368 ad
2172 2339 2282 2375 apicem

1231 2373 1401 2412 Apostolicae
1415 2372 1573 2411 dignitatis,
1592 2374 1626 2403 ad
1641 2374 1768 2404 nostrum
1784 2375 1902 2412 quadarn
1913 2374 1968 2405 levi
1992 2375 2167 2412 suggestione
2182 2386 2281 2413 perve-

1231 2414 1271 2444 nit
1286 2411 1427 2450 auditum,
1446 2411 1519 2450 quod
1534 2411 1638 2442 abolim
1653 2412 1688 2442 de
1704 2412 1769 2443 flatu
1787 2413 1915 2443 sathanae
1929 2413 2192 2451 inTeinplariorum
2205 2414 2282 2445 ordi-

1232 2463 1284 2490 ne,
1300 2450 1390 2489 sparso
1407 2449 1527 2488 pestiferi
1550 2451 1656 2487 generis
1677 2450 1796 2489 semine,
1813 2451 1949 2481 subcrevit
1963 2461 1996 2481 ex
2012 2451 2059 2482 1110
2078 2452 2169 2484 messis
2191 2453 2285 2484 odibi-

1233 2491 1282 2528 lis,
1300 2490 1403 2520 fruetus
1419 2487 1562 2526 pestiferos
1581 2489 1666 2518 exsui
1683 2488 1779 2519 11311113
1798 2489 1969 2529 producens,
1987 2491 2042 2520 viz.
2080 2490 2135 2522 uod
2149 2491 2226 2521 Tem
2249 2491 2287 2522 la-

1233 2531 1281 2567 rii,
1298 2529 1346 2558 sub
1361 2528 1503 2564 religionis
1518 2528 1536 2546 *
1552 2526 1632 2564 pallio
1647 2527 1793 2557 militantes
1814 2527 1945 2565 exterius,
1961 2530 1988 2558 in
1998 2530 2062 2566 Apo
2088 2529 2146 2560 afiae
2168 2502 2284 2567 persidia
2301 2547 2316 2564 a
2328 2546 2371 2576 [Π
2391 2552 2434 2583 3¹·

1234 2567 1305 2598 intus
1321 2567 1445 2596 vixerunt
1461 2565 1591 2595 haetenus
1603 2566 1631 2594 in
1646 2565 1799 2595 detestabili
1816 2566 1946 2596 haeretica
1957 2568 2098 2604 pravitate.
2375 2567 2381 2573 '

1271 2605 1430 2642 Caeterum,
1456 2614 1531 2634 nunc
1556 2603 1724 2645 attendentes
1746 2603 1821 2641 quod
1845 2603 1926 2633 Ordo
1953 2605 2072 2643 ipsorum
2097 2606 2190 2643 longis
2211 2614 2284 2637 retro

1235 2644 1408 2681 temporibus
1421 2642 1516 2672 multae
1531 2641 1631 2672 refulsit
1643 2641 1790 2672 nobilitatis
1803 2641 1890 2679 grani
1905 2642 1938 2672 &
1951 2644 2072 2681 decoris,
2091 2654 2124 2674 36
2138 2648 2241 2682 magna
2254 2645 2287 2675 fi-

1236 2683 1341 2712 delium
1357 2681 1473 2711 devotio
1483 2680 1531 2711 diu
1551 2680 1640 2717 viguit
1653 2680 1724 2717 apud
1740 2690 1801 2718 eos,
1821 2680 1951 2718 quodque
1966 2690 2033 2712 tunc
2048 2682 2153 2713 nullam
2174 2683 2288 2714 audive-

1237 2731 1328 2751 ramus
1348 2719 1424 2765 super
1443 2717 1586 2758 praemissis
1600 2718 1801 2756 suspicionem,
1819 2719 1862 2749 vel
1878 2719 2020 2750 infamiam
2042 2727 2139 2751 contra
2153 2721 2240 2759 ipsos,
2256 2722 2290 2753 &

1236 2757 1454 2795 nichilominus,
1471 2757 1545 2795 quod
1561 2757 1576 2786 Ξ(
1595 2756 1648 2786 suae
1668 2756 1827 2794 Religionis
1847 2757 1965 2787 exordio
1985 2766 2160 2796 portaverunt
2178 2760 2291 2797 publice

1238 2798 1348 2835 signum
1364 2796 1481 2834 Crucis,
1499 2805 1619 2833 corpora
1632 2804 1799 2833 exponentes
1818 2796 1851 2825 ὃ(
1868 2795 1940 2826 bona
1961 2805 2060 2826 contra
2074 2798 2205 2827 inimicos
2226 2795 2291 2828 fidei

1239 2846 1290 2874 pro
1304 2835 1480 2873 aquisitione,
1499 2834 1665 2870 retentione,
1683 2843 1716 2864 ac
1731 2832 1893 2864 diffensione
1910 2834 2008 2865 Terrae
2022 2835 2148 2874 Sanetae,
2166 2835 2291 2866 Domini

1238 2876 1271 2906 &
1285 2874 1429 2904 Salvatoris
1450 2871 1535 2902 nostri
1546 2872 1617 2911 Jehu
1629 2871 1734 2902 Christi
1746 2872 1863 2909 pretioso
1883 2872 2014 2908 sanguine
2028 2873 2211 2912 consecratae,
2228 2873 2292 2913 sug-

1240 2913 1359 2951 gestioni
1373 2911 1514 2949 praedirflae
1528 2910 1664 2940 noluimus
1677 2919 1751 2940 aures
1766 2910 1888 2941 credulas
1900 2911 2037 2941 exhibere.

1276 2952 1382 2982 Verum
1401 2949 1495 2988 postea
1515 2949 1625 2978 auribus
1640 2947 1781 2978 Carissimi
1796 2950 1825 2979 in
1847 2947 1961 2979 Christo
1981 2949 2042 2979 Filii
2063 2949 2147 2980 nostri
2169 2949 2294 2988 Philippi

1240 2989 1318 3027 Reg.
1338 2989 1433 3019 Franc.
1446 2986 1555 3017 Illustris
1569 2986 1707 3025 insonuit,
1726 2987 1800 3024 quod
1821 2987 1919 3025 singuli
1938 2988 2029 3018 fratres
2048 2988 2119 3018 dieti
2133 2989 2248 3019 Ordinis
2265 2991 2295 3019 iii

1239 3029 1278 3059 sui
1294 3026 1476 3066 professione,
1493 3035 1558 3055 eum
1574 3024 1705 3055 ordinem
1722 3025 1811 3062 ipsum
1827 3026 2037 3064 ingrediuntur,
2055 3026 2182 3064 expressis
2204 3028 2296 3057 verbis

1241 3066 1378 3103 abnegant
1394 3065 1553 3095 Dominum
1580 3062 1672 3102 Jesum
1695 3062 1856 3102 Christum,
1875 3074 1986 3094 necnon
2001 3064 2115 3105 ydolum
2131 3065 2244 3096 adorant
2266 3067 2296 3096 in

1241 3105 1290 3135 suis
1314 3103 1463 3146 Capitulis,
1483 3104 1515 3132 ὃ(
1536 3103 1585 3132 3113
1606 3100 1721 3131 nefanda
1745 3104 1943 3141 committunt,
1961 3113 2025 3141 quae
2046 3104 2086 3133 ob
2099 3104 2233 3135 ruborem
2249 3114 2296 3135 ex-

1242 3144 1381 3182 primendi
1392 3142 1557 3172 subticemus
1569 3139 1602 3170 ad
1621 3139 1747 3178 praesens,

1278 3181 1395 3220 Propter
1412 3180 1486 3218 quod
1502 3178 1576 3208 idem
1592 3177 1673 3215 Rex,
1690 3177 1724 3206 ad
1740 3178 1943 3216 requifitionem
1965 3179 2134 3218 Inquisitoris
2153 3181 2296 3211 haereticae

1264 3215 1380 3250 ravitatis
1389 3242 1398 3258 ,
1416 3220 1445 3248 in
1462 3217 1564 3256 Regno
1578 3216 1625 3246 suo
1638 3214 1797 3254 generaliter
1812 3218 1826 3246 {i
1839 3216 1912 3247 Sede
1926 3218 2090 3255 Apostolicfi
2105 3219 2242 3256 deputati,
2259 3218 2295 3247 de

1243 3229 1443 3294 santorum,
1461 3256 1612 3292 Bai-onum,
1630 3264 1663 3284 ac
1677 3254 1792 3296 aliorum
1806 3254 1956 3292 sapientum
1964 3256 2162 3287 deliberatione
2169 3256 2298 3292 sossemp-

1245 3298 1293 3335 ni,
1311 3296 1500 3333 Magistrum,
1519 3293 1681 3330 Majorem,
1696 3293 1728 3323 &
1743 3292 1806 3324 allas
1828 3294 1971 3332 singulares
1992 3295 2115 3332 personas
2134 3294 2204 3324 dieti
2220 3294 2297 3323 ordi-r

1246 3337 1306 3373 nis,
1323 3345 1386 3373 quae
1399 3343 1464 3364 tunc
1477 3339 1549 3362 erant
1565 3332 1592 3360 in
1605 3329 1713 3372 Regno
1727 3329 1793 3368 su0,
1813 3331 1868 3361 unii
1882 3332 1927 3362 die
1943 3342 2008 3363 611111
2025 3332 2127 3369 magna
2140 3331 2298 3369 excogitata

1245 3374 1392 3410 diligentia
1409 3373 1469 3410 capi
1481 3371 1564 3406 fecit,
1582 3368 1714 3398 Eccleliae
1729 3368 1838 3406 judicio
1854 3370 2066 3407 praesentandas,
2080 3372 2112 3400 ὃ(
2125 3380 2221 3400 60111111
2244 3370 2297 3399 bo-·

1247 3423 1282 3442 na
1297 3412 1411 3442 mobilia
1425 3411 1457 3441 δε
1472 3407 1627 3439 immobilia
1639 3406 1709 3436 salva
1723 3406 1868 3438 Custodiae
1881 3408 2004 3447 assignari
2018 3418 2069 3444 pro
2080 3408 2170 3438 Tetri
2182 3407 2295 3447 8311613,

1246 3451 1266 3481 si
1282 3450 1374 3481 dietus
1386 3449 1467 3480 Ordo
1480 3447 1659 3484 dampnetur,
1677 3445 1798 3485 alioquin
1819 3456 1869 3484 pro
1884 3447 1941 3484 ipso
1959 3446 2066 3476 Ordine
2087 3445 2202 3476 fideliter
2226 3456 2296 3476 con-

1246 3489 1396 3558 serlvDagiifiZk
1408 3523 1534 3564 praefatus
1548 3520 1686 3560 Magister
1707 3522 1777 3552 dieti
1799 3522 1916 3552 Ordinis
1934 3521 2081 3560 spontanee
2101 3521 2239 3553 confessus
2257 3521 2299 3552 est

1250 3565 1357 3605 palam>
1375 3563 1546 3604 praesentibus
1562 3562 1711 3599 majoribus
1733 3560 1857 3590 Personis
1873 3560 2066 3591 Ecclesiasticis
2085 3559 2211 3599 Pariiius,
2230 3560 2300 3590 Ma—

1249 3603 1340 3641 gistris
1362 3605 1390 3634 iri
1411 3601 1598 3639 Tlieologiae,
1615 3600 1648 3630 &
1669 3599 1741 3636 aliis,
1765 3600 1973 3636 corruptionem
1994 3600 2090 3628 erroris
2109 3599 2300 3635 abnegationis

1250 3642 1354 3673 Christi
1368 3644 1395 3672 in
1411 3641 1532 3671 Fratrum
1553 3636 1762 3675 professionibus
1779 3646 1877 3667 contra
1891 3638 2012 3674 primam
2025 3636 2227 3667 institutionem
2243 3636 2301 3667 Or-

1249 3682 1320 3711 dinis
1334 3679 1455 3718 praefati,
1472 3676 1619 3712 instigante
1632 3675 1765 3713 83111303,
1782 3675 1984 3705 1110οἀ361310.

1323 3716 1497 3755 uamplurimi
1510 3715 1594 3744 etiarn
1609 3714 1711 3743 Fratres
1726 3713 1795 3743 dieti
1807 3713 1939 3751 Ordinis,
1954 3722 1987 3743 ex
1999 3712 2111 3743 diversis
2125 3713 2243 3750 partibus
2256 3712 2297 3742 di-

1250 3719 1404 3793 ‹ftiffiegni
1419 3754 1513 3784 Franc.
1528 3751 1602 3781 dieta
1618 3751 1719 3781 scelera
1731 3751 1791 3781 sunt
1802 3750 1935 3789 confessi,
1953 3761 2046 3781 veram
2061 3751 2094 3781 &
2115 3761 2174 3781 non
2193 3751 2299 3780 simula-

1249 3804 1305 3825 tam
1320 3802 1430 3828 ageiites
1445 3790 1642 3829 poenitentiam
1657 3789 1691 3819 de
1708 3789 1874 3827 commissis,
1894 3798 1975 3826 prout
1988 3789 2051 3818 haec
2062 3788 2154 3819 (1161115
2170 3788 2233 3819 Rex
2247 3798 2300 3818 no-

1250 3833 1291 3863 bis
1306 3825 1353 3870 pe}
1365 3832 1419 3862 suas
1437 3831 1533 3860 litteras
1545 3828 1698 3866 intimavit,
1715 3828 1748 3858 ὃ(
1763 3827 1796 3858 ad
1809 3838 1861 3858 nos
1874 3829 1958 3858 etiam
1968 3826 2151 3864 postmodum
2167 3836 2301 3865 pervene-

1249 3880 1311 3901 runt
1347 3869 1420 3900 fama
1435 3865 1545 3906 publica
1558 3864 1717 3897 defferente.

1288 3894 1352 3939 Niis
1368 3917 1478 3946 quoque
1497 3905 1617 3935 Fratrem
1638 3914 1724 3934 unum
1744 3903 1871 3934 Militem
1891 3902 1959 3933 dieti
1975 3901 2090 3932 Ordinis
2123 3911 2235 3939 magnae
2251 3912 2302 3940 ge-

1251 3947 1399 3977 nerositatis
1419 3946 1452 3975 δ(
1466 3943 1634 3974 auctoritatis
1646 3944 1738 3972 virum
1747 3964 1757 3980 ,
1774 3941 1851 3979 super
1865 3942 1997 3981 pravitate
2012 3941 2070 3977 jam
2084 3924 2163 3971 <ieta
2176 3941 2302 3979 persona-

1249 3986 1310 4016 liter
1324 3983 1556 4018 examinavimus,
1574 3981 1622 4024 qui
1641 3980 1751 4010 dieium
1766 3979 1871 4022 facinus
1893 3979 2082 4015 abnegationis
2098 3978 2160 4018 jesu
2176 3978 2302 4022 Christi,

1250 4025 1278 4053 in
1294 4021 1416 4059 ingressu
1432 4021 1500 4051 dieti
1523 4018 1638 4062 Ordinis
1645 4041 1656 4057 ‚
1673 4019 1688 4048 a
1710 4017 1737 4048 se
1757 4017 1955 4054 commissum,
1969 4016 2067 4056 sponte
2087 4016 2226 4050 confess‘us
2247 4016 2299 4047 fuit

1249 4061 1370 4099 plenarie
1386 4069 1482 4092 coram
1498 4057 1596 4095 nobis,
1709 4093 1743 4124 N
2271 4089 2307 4123 Et

1760 4103 1780 4123 2
