2560 4261
77 224 153 259 ‘Ann
169 228 209 259 D.

80 273 161 304 1195.

62 2969 81 2986 ·
98 2971 121 2998 1.
137 2978 182 3007 93.

63 3414 139 3445 Ann.
156 3414 196 3445 D.

65 3461 151 3491 1197.

61 3496 98 3519 A.
109 3494 123 3517 S
130 3515 135 3519 .
142 3497 168 3520 R.
176 3502 198 3519 i.

62 3533 108 3557 Ax
116 3534 174 3557 Au-

61 3574 125 3604 togr.

231 159 282 200 30

230 229 373 299 eriitziiiSFssit
381 253 413 299 in
425 269 556 299 auxilium
568 273 666 296 contra
680 264 791 294 diflum
808 263 920 302 Regem
936 260 1063 300 Angliae3
1081 260 1115 290 δε
1128 258 1204 288 idem
1219 257 1285 286 Rex

217 306 341 347 'Angliae
352 308 448 337 omnia
462 306 531 336 mala
545 313 608 344 quae
622 302 710 342 posset
722 303 747 332 ei
767 302 857 332 facere
873 300 992 337 faceret,
1009 299 1042 329 &
1056 297 1091 328 de
1105 295 1238 327 incendio
1251 295 1284 325 &

225 345 422 422 ἀὲιεξεῖἒῗῗῗῖ
435 382 510 412 idem
523 381 588 411 Rex
603 379 714 415 Angliae
728 377 814 408 vellet
825 386 919 407 tenere
933 375 1047 406 firmum
1060 374 1090 419 id
1110 370 1187 411 quod
1199 370 1284 439 cepis-

225 420 264 451 set
278 421 391 459 quando
406 420 513 450 Comes
526 418 622 449 Sanffi
639 412 732 458 Egidii
746 416 829 446 vellet
842 416 897 446 esse
908 416 937 445 in
986 424 1038 458 ce,
1057 412 1134 454 idern
1145 411 1208 454 Rex
1250 419 1281 452 n.

224 459 422 498 glioeredderet
435 459 460 487 ei
475 466 564 488 totam
576 466 678 487 terram
692 457 785 494 suam,
802 464 887 498 quam
907 464 922 483 a
962 455 971 497 i
992 453 1035 496 ihc}
1054 451 1128 495 {3221ss
1144 447 1283 478 Nlcholssl

225 497 426 536 adquiliviss‘etg
445 496 478 526 ὃ(
491 496 613 526 similiter
625 497 676 526 erit
692 495 727 526 de
741 492 860 523 Comite
874 492 968 522 sanem
1026 489 1083 519 idii.
1122 486 1173 523 Et,
1188 487 1211 529 ‚s1
1220 485 1284 515 CO·

225 543 283 564 mes
297 535 391 564 Sancti
406 534 498 574 Egidii
512 534 632 564 noluerit
645 533 700 564 esse
713 535 743 564 in
756 532 809 562 hac
824 540 913 574 pace,
928 530 1005 561 idem
1024 567 1028 572 .
1053 537 1097 570 ex.
1109 525 1220 569 Angliae
1235 534 1285 567 ne-

224 583 280 610 que
292 583 420 612 guerram
435 595 445 611 ‚
470 583 562 612 neque
580 572 686 603 malum
700 572 782 602 faciet
802 569 915 599 Comiti
935 567 1032 599 saneti
1046 564 1137 604 Egidii
1150 562 1284 602 quamdiu

224 611 301 641 idem
316 610 424 641 Comes
435 611 553 642 voluerit
567 611 676 640 redtum
692 610 781 640 facere
795 618 843 646 per
857 617 918 636 nos.

268 659 312 687 14-
331 649 440 680 Comes
453 649 518 680 Petr
535 658 601 679 crore
615 649 728 678 habebit
741 655 843 677 terram
856 646 930 674 suam
945 643 1014 673 sicut
1033 641 1152 671 habebat
1170 640 1283 685 quando

225 687 334 718 recessit
354 689 389 718 ab
409 688 511 718 eodem
562 697 612 724 ege
631 686 739 725 Angli-ae
754 707 763 722 ,
788 685 821 715 ὃς·
842 683 962 713 similiter
982 681 1152 724 vicecomis
1166 679 1284 724 Broc-ie,

224 725 335 757 Comes
348 726 503 766 Engolismi
518 725 660 755 rehabebit
673 732 773 753 terram
787 722 863 752 suam
876 743 885 759 ,
911 721 944 751 &
966 719 1096 750 homines
1116 718 1173 762 sui,
1187 719 1220 748 &
1235 722 1282 759 ipii

224 772 278 794 tres
297 765 398 796 facient
418 763 562 794 Richardo
585 761 660 801 Regi
682 761 795 802 Angliae
813 759 979 799 homagium
1000 759 1034 790 &
1054 757 1195 788 servitium
1213 757 1283 789 sicut

244 813 305 833 rius.

222 812 243 843 p
266 851 307 879 15.
327 842 495 872 Vicecomes
508 840 642 870 Turaniae
654 839 760 869 tenebit
779 838 815 868 de
834 838 916 867 nobis
936 836 964 867 id
987 834 1063 875 quod
1083 834 1182 872 debet,
1200 835 1233 866 &
1245 834 1283 879 de

225 879 307 920 Rege
328 877 441 918 Angliae
456 879 482 909 id
501 878 579 917 quod
596 878 687 908 debet.
723 876 772 907 De
792 877 949 907 Fortunato
968 874 1004 905 de
1021 873 1143 904 Gordon
1158 874 1194 904 fic
1205 883 1283 917 erit,

226 918 321 956 quod,
341 918 360 948 si
375 918 451 949 idem
467 918 531 948 Rex
545 917 655 956 Angliae
668 917 770 956 poterit
784 915 917 955 probare,
956 924 984 944 er
1004 912 1171 943 sacramenta
1183 913 1282 950 viginti

225 957 271 986 vel
291 957 401 997 triginta
422 957 610 995 legitimorum
633 955 785 985 hominum
799 976 809 992 ,
833 953 911 992 quod
952 963 990 983 uo
1013 950 1154 989 Castella,
1177 950 1282 982 scilicet

227 994 339 1025 Cafians
352 997 385 1027 ὃ(
398 995 484 1032 Perii,
501 994 629 1025 tenuiffet
642 993 718 1024 idem
739 993 804 1023 Rex
826 991 936 1032 Angliae
955 1001 1004 1031 per
1018 1000 1107 1033 unum
1126 999 1232 1020 annum
1247 991 1280 1021 &

225 1043 315 1064 unum
329 1034 405 1064 diem
419 1034 452 1064 <St
465 1043 510 1064 am
532 1033 581 1063 lius
593 1055 603 1070 ,
629 1032 662 1062 δε
674 1032 749 1062 idem
764 1031 828 1061 Rex
844 1030 954 1070 Angliae
968 1039 1000 1060 ea
1019 1028 1155 1068 praedicto
1178 1029 1281 1059 Fortu-

227 1081 293 1102 nato
310 1072 457 1102 tradidisset
470 1095 480 1110 ,
503 1042 557 1110 ἔς,
581 1071 600 1101 si
618 1070 694 1101 idem
707 1069 773 1100 Rex
788 1069 898 1109 Angliae
912 1079 944 1100 ea
957 1069 1058 1099 habere
1076 1067 1210 1106 voluerit,
1229 1078 1281 1099 nos

225 1110 291 1140 inde
306 1120 369 1141 non
381 1110 636 1141 intromitteremiis.

265 1150 308 1179 16.
328 1149 376 1179 De
390 1149 492 1180 Domo
505 1148 620 1180 Castelli
634 1149 703 1178 novi
717 1146 877 1178 aedificanda
888 1147 998 1177 Turon.
1018 1145 1100 1176 faciet
1121 1145 1195 1176 idem
1216 1145 1280 1175 Rex

221 1187 336 1256 lAngliae
350 1187 383 1218 ad
396 1188 543 1220 consilium
556 1187 701 1218 Remensis
716 1186 927 1227 Arcbicpiscopi
939 1208 950 1224 ,
973 1186 1007 1217 &
1021 1184 1136 1216 Droton
1147 1184 1183 1215 de
1198 1183 1281 1215 Mer-

232 1236 298 1257 oco.

263 1273 308 1302 17.
328 1265 376 1296 De
389 1265 545 1296 Andeliaco
558 1264 594 1295 fic
609 1265 659 1295 erit
675 1275 684 1302 3
708 1264 784 1303 quod
804 1273 857 1294 nec
877 1273 929 1294 nos
944 1286 953 1301 ‚
977 1272 1030 1293 nec
1044 1262 1108 1293 Rex
1123 1261 1233 1302 Angliae
1250 1262 1280 1291 in

221 1313 259 1334 eo
273 1303 424 1335 clamamus
437 1304 565 1335 Feodum
578 1303 623 1333 seu
638 1303 827 1340 Dominium3
843 1303 876 1333 &
891 1325 901 1341 ,
927 1302 947 1333 si
969 1302 1118 1341 contigerit
1135 1300 1211 1340 quod
1224 1300 1280 1330 Ar-

225 1341 415 1381 chiepiscopus
428 1342 662 1382 Rothomagensis
676 1342 705 1372 in
727 1351 827 1372 terram
848 1340 972 1371 nostram
985 1340 1029 1370 vel
1045 1339 1206 1370 nostrorum
1221 1339 1280 1369 sen-

222 1381 338 1410 tentiam
358 1381 499 1412 interdicti
518 1381 563 1411 vel
590 1380 888 1411 excommunicationis
909 1378 1011 1409 miserit
1026 1401 1036 1417 ,
1058 1388 1110 1409 nos
1168 1378 1280 1408 terimus

223 1419 356 1458 aflignare
370 1420 404 1450 ad
418 1419 553 1450 Andeliac
568 1441 578 1457 ,
605 1420 638 1450 ὃς
653 1419 687 1449 ad
708 1429 739 1449 ea
751 1428 814 1458 quae
830 1416 1011 1456 Archiepisco
1032 1427 1062 1447 us
1076 1417 1115 1447 ibi
1147 1417 1228 1455 abet,
1245 1416 1279 1446 ὃς

223 1457 257 1488 ad
270 1460 325 1495 eius
338 1460 529 1498 pertinentias,
547 1457 631 1496 usque
643 1457 712 1487 dum
726 1457 784 1488 duo
797 1456 922 1487 Diaconi
941 1455 986 1486 vel
1032 1456 1160 1495 resbyteri
1174 1478 1184 1493 ,
1209 1465 1280 1492 quos

221 1505 271 1564 Ber
287 1496 497 1527 Sacramentum
520 1495 646 1526 nostrum
665 1497 741 1526 bona
756 1495 811 1525 side
832 1495 866 1525 ad
882 1494 938 1525 hoc
959 1494 1121 1534 eligeremus
1135 1517 1145 1533 ‚
1170 1494 1204 1524 &
1219 1493 1279 1523 duo

256 1535 347 1565 iaconi
361 1535 404 1564 vel
418 1534 592 1574 Presbyteri,
611 1544 682 1573 quos
697 1533 761 1564 Rex
776 1534 887 1573 Angliae
905 1543 954 1573 per
975 1533 1186 1564 Sacramentum
1198 1532 1278 1562 suum

221 1572 296 1602 bona
311 1573 363 1603 fide
378 1573 483 1603 adhoc
503 1573 615 1611 eligeret
630 1596 640 1611 ,
665 1572 839 1603 decreverint
858 1579 952 1602 utrum
972 1571 1153 1602 interdieium
1174 1570 1220 1601 vel
1231 1580 1279 1601 ex-

220 1612 445 1642 communicatio
453 1611 525 1650 juste
548 1612 600 1641 lata
614 1611 731 1650 suerint,
751 1622 788 1641 an
809 1610 909 1647 iniuste
924 1620 930 1639 z
959 1609 989 1640 Si
1006 1610 1181 1641 decreverint
1199 1609 1277 1647 quod

218 1648 306 1687 juste,
324 1660 376 1680 nos
389 1650 525 1687 praedirfto
541 1649 764 1687 Arcbiepiscopo
783 1649 929 1680 reddemus
951 1648 1103 1688 Andeliac‚
1120 1649 1154 1681 &
1168 1657 1199 1678 ea
1213 1657 1277 1686 quae

220 1688 331 1717 interim
355 1688 455 1718 exinde
475 1688 656 1718 levaverimus
671 1711 680 1725 ,
702 1689 736 1718 &
760 1687 794 1718 ad
814 1687 933 1718 verbum
954 1686 1124 1717 dictatorum
1143 1686 1276 1718 faciemus

221 1727 386 1763 emendari,
411 1726 430 1758 si
453 1736 521 1756 vero
543 1725 717 1757 decreverint
739 1726 816 1764 quod
834 1725 933 1762 injuste
954 1725 1074 1764 positum
1096 1726 1179 1756 fuerit
1192 1748 1202 1762 ‚
1226 1734 1276 1763 ea,

218 1774 283 1803 quae
297 1775 347 1794 nos
360 1764 397 1795 de
410 1765 583 1802 Andeliaoe,
600 1765 634 1795 &
648 1765 683 1794 de
699 1765 868 1802 pertinentiis
882 1763 933 1794 suis
950 1764 1132 1794 levaverimus
1145 1786 1155 1801 ‚
1181 1764 1211 1793 in
1225 1762 1276 1794 de-

219 1803 328 1842 perdito
351 1812 431 1834 erunt
453 1803 665 1846 Archiepiscopi
681 1826 690 1842 ‚
716 1804 749 1834 &
775 1801 1007 1842 Arcliiepiscopus
1028 1802 1209 1832 interdietum
1229 1802 1276 1832 vel

219 1843 542 1892 excommunicationem
555 1841 643 1872 iolvet
660 1851 666 1871 ι
693 1841 814 1872 similiter
828 1842 879 1872 erit
899 1841 935 1871 de
955 1840 1102 1872 Richardo
1114 1840 1196 1880 Rege
1214 1840 1275 1871 An-

248 1890 291 1910 iae.

218 1888 238 1919 g
261 1919 303 1948 18.
324 1919 354 1949 Si
368 1920 461 1960 aliquis
475 1917 676 1961 praedietorum
688 1917 856 1949 dic'iatorum
875 1925 1028 1950 moreretur
1049 1917 1117 1948 hinc
1132 1916 1176 1946 vel
1191 1917 1274 1955 inde,

218 1966 269 1995 per
281 1957 493 1989 Sacramentum
506 1958 613 1989 alterius
625 1956 754 1988 nostrum
763 1980 772 1996 ,
790 1957 856 1988 alter
870 1957 938 1988 loco
956 1957 1061 1988 mortui
1076 1955 1199 1986 similiter
1213 1955 1275 1993 sup-

260 2004 347 2026 netur.

219 2005 304 2072 po19.
324 2034 452 2073 Qando
468 2034 717 2073 Archiepiscopum
731 2034 805 2064 mori
824 2034 972 2074 contigerit
986 2057 996 2073 ,
1019 2033 1139 2065 redditus
1159 2032 1194 2062 de
1214 2031 1276 2062 An-

217 2071 326 2103 deliaco
337 2076 369 2104 &
383 2074 419 2104 de
435 2075 607 2113 pertinentiis
619 2082 701 2103 erunt
716 2074 747 2103 in
760 2082 845 2102 manu
858 2072 982 2111 Capituli
993 2072 1085 2105 Bffltae
1099 2069 1201 2102 Mariae
1210 2068 1274 2100 Ro-

217 2111 268 2141 tlio
335 2122 378 2142 en.
396 2112 488 2142 donec
502 2113 569 2143 alius
582 2112 709 2143 succedat
725 2110 965 2149 Archiepiscopus.

255 2159 302 2179 20.
360 2160 392 2181 ec
405 2160 456 2180 nos
469 2150 581 2190 aliquod
594 2151 700 2182 malum
713 2150 844 2181 faciemus
858 2149 997 2189 praedizffis
1015 2148 1194 2181 distatoribus
1208 2157 1275 2187 pro-

215 2196 276 2226 pter
286 2188 429 2219 arbitrium
443 2190 572 2227 ipsorum.

253 2235 300 2257 21.
321 2227 505 2258 Andeliacum
518 2239 577 2259 non
592 2229 693 2269 poterit
704 2227 852 2259 inforciari.

254 2274 300 2295 22.
319 2265 391 2296 Item
404 2266 560 2298 Richardus
575 2291 585 2306 ,
612 2267 676 2298 Rex
696 2267 808 2306 Angliae
823 2289 833 2304 ,
856 2265 940 2297 faciet
959 2266 1041 2297 nobis
1060 2267 1158 2305 quitari
1177 2267 1274 2296 omnia

216 2303 260 2333 illa
272 2327 282 2342 ,
305 2315 369 2344 quae
385 2306 509 2346 cepimus
530 2306 566 2336 de
589 2305 670 2335 rebus
686 2305 870 2336 Ecclesiarum
891 2314 970 2335 terrae
985 2305 1039 2335 suae
1053 2328 1062 2343 ,
1106 2315 1150 2335 uae
1165 2303 1226 2335 sunt
1243 2305 1274 2334 in

216 2351 287 2373 terra
301 2343 412 2382 nostra,
430 2345 463 2375 ὅ(
476 2354 528 2374 nos
540 2344 662 2375 similiter
673 2344 765 2374 eidem
777 2342 924 2374 Richardo
939 2343 1012 2383 Regi
1027 2343 1092 2383 Ang
1102 2345 1145 2373 iae.

251 2390 300 2421 23.
321 2382 426 2421 Neque
439 2393 490 2413 nos
503 2392 593 2423 neque
608 2382 684 2413 idem
697 2382 760 2412 Rex
776 2381 887 2421 Angliae
907 2381 943 2411 de
957 2390 1061 2413 caetero
1070 2405 1079 2420 ,
1096 2388 1211 2422 propter
1225 2380 1273 2411 ali-

214 2428 299 2457 quam
311 2429 438 2460 guerram
452 2432 516 2459 quae
529 2422 640 2451 evenire
656 2420 744 2458 poffet
759 2444 769 2459 ,
795 2419 895 2460 aliquid
915 2422 1072 2460 capiemus,
1091 2421 1136 2450 vel
1148 2420 1273 2460 lupraca-

214 2459 322 2496 piemus
335 2459 372 2489 de
385 2460 464 2490 rebus
478 2460 663 2491 Ecclesiamm
698 2460 763 2490 alter
775 2459 810 2490 de
824 2468 894 2490 terra
913 2459 1035 2498 alterius3
1052 2459 1086 2490 &
1099 2469 1130 2489 ea
1143 2459 1173 2488 in
1188 2467 1273 2498 pace,

215 2496 249 2526 &
268 2497 297 2526 in
318 2507 349 2527 ea
368 2498 492 2529 libertate
507 2507 588 2529 erunt
606 2482 740 2529 Ecclefiae
755 2521 765 2536 ,
790 2498 857 2529 hinc
878 2497 943 2528 inde
960 2521 970 2536 ,
996 2499 1025 2527 in
1047 2507 1100 2536 qua
1113 2505 1191 2528 erant
1208 2504 1273 2527 ante

212 2543 348 2574 guerram.

252 2583 298 2610 24.
319 2574 435 2605 Amodo
454 2585 513 2605 non
533 2577 751 2607 intromittemus
765 2585 817 2606 nos
830 2575 865 2606 de
886 2575 1046 2605 hominibus
1060 2572 1195 2604 Richardi
1212 2572 1272 2604 Re-

217 2612 257 2650 gis
272 2612 381 2652 Angliae
395 2637 405 2653 ‚
429 2624 518 2653 neque
536 2615 570 2645 de
589 2615 690 2645 Feodis
711 2616 759 2653 qui
774 2615 808 2645 ad
822 2624 887 2645 eum
909 2614 1071 2652 pertinent,
1097 2621 1150 2642 nec
1164 2610 1219 2650 ipse
1236 2611 1273 2643 de

218 2649 334 2689 nostris,
352 2652 426 2682 salvis
447 2661 540 2683 tamen
559 2654 641 2683 nobis
660 2653 774 2683 servitiis
793 2663 857 2692 quae
876 2652 941 2682 Rex
963 2651 1074 2690 Angliae
1094 2650 1175 2681 nobis
1188 2650 1274 2682 debet

218 2687 254 2718 de
268 2688 291 2718 F
291 2690 383 2728 codis,
401 2701 464 2730 quae
477 2691 513 2721 de
531 2692 612 2722 nobis
626 2700 721 2729 tenet,
737 2691 806 2721 sicut
819 2690 913 2721 Feoda
925 2697 1080 2727 apportant.

255 2735 301 2764 25.
320 2728 427 2767 Neque
439 2739 491 2759 nos
505 2731 671 2767 recipiemus
683 2728 788 2760 amodo
805 2729 933 2759 homines
952 2728 1037 2767 ligeos
1058 2725 1195 2757 Ricliardi
1212 2725 1273 2756 Re-

216 2765 257 2803 gis
272 2765 399 2805 Angli-x,
416 2767 547 2806 quamdiu
563 2769 680 2807 vixerit,
699 2775 797 2799 contra
815 2776 898 2805 eum;
916 2775 970 2797 nec
989 2765 1044 2804 ipse
1065 2765 1193 2796 homines
1207 2774 1273 2795 nos-

217 2812 292 2842 tros,
331 2805 441 2836 uamdiu
454 2806 611 2837 vixerimus.

253 2844 299 2872 26.
353 2844 383 2874 iis
397 2843 529 2874 omnibus
541 2845 656 2882 perac‘tis
674 2843 782 2875 Comes
805 2843 965 2874 Leicestriae
980 2867 990 2881 ,
1015 2843 1050 2874 ὃ(
1070 2851 1170 2873 omnes
1180 2840 1273 2871 Priso-

215 2890 264 2948 ges
279 2903 289 2919 ,
314 2882 346 2912 &
365 2882 482 2923 hostagii
503 2882 651 2914 Prisonum
674 2883 721 2914 hic
745 2882 811 2914 inde
826 2905 837 2921 ,
863 2890 946 2920 prout
961 2881 1080 2913 divisum
1100 2879 1161 2918 est,
1176 2880 1273 2911 libera-

238 2928 328 2949 untur.

256 2957 274 2975 ²*
293 2966 339 2992 27·
358 2957 426 3000 Nos
439 2960 601 2999 juravimus,
619 2961 694 2991 bona
713 2960 784 2999 fide,
801 2959 879 2998 quod
901 2969 953 2990 nos
971 2958 1034 2989 haec
1048 2955 1221 2995 tenebimus3
1239 2957 1273 2988 &

218 2994 283 3025 Rex
296 2996 405 3034 Angliae
420 2997 539 3028 similiter
551 3001 661 3038 juravit.

240 3033 300 3078 ⁵28.
354 3044 396 3063 uae
409 3037 506 3066 omnia
520 3037 670 3072 supradicta
683 3060 693 3076 ,
719 3044 751 3066 ut
766 3034 844 3066 firma
858 3035 891 3066 &
908 3034 1013 3065 stabilia
1025 3041 1222 3074 permaneant,
1240 3032 1273 3064 fi-

218 3072 286 3112 gillo
299 3082 337 3103 no
364 3082 395 3101 ro
406 3073 611 3105 confirmamus.

252 3110 467 3179 AdffigiZgixtler
482 3112 606 3143 Gallion.
621 3113 654 3144 ὃ(
676 3112 788 3144 Vallem
806 3110 944 3152 Rodolii,
964 3112 1053 3144 Anno
1072 3109 1160 3142 Verbi
1179 3108 1274 3140 Incar-

215 3157 274 3180 natl
359 3168 370 3178 A
450 3172 457 3179 ·

408 230 427 261 si
441 228 548 260 Comes
562 226 658 258 Sanffl
672 224 766 264 Egidii
779 224 866 255 nollet
877 221 932 253 esse
945 223 974 252 in
987 221 1040 251 hac
1059 230 1144 258 pace,
1162 229 1212 250 nos
1227 227 1288 248 non

254 3284 303 3314 Dc
317 3295 373 3315 non
379 3282 531 3329 sblvendis
541 3283 738 3330 penfionibm‚
762 3289 798 3323 (ῤ’
818 3298 874 3317 non
885 3284 1092 3331 promittendis
1106 3283 1240 3316 Ecclesis

595 3342 757 3379 antequam
776 3344 894 3366 vacent.

221 3413 420 3475 CElestinus
427 3416 598 3457 Episcopus,
614 3416 705 3449 servus
718 3418 859 3449 servorum
891 3417 962 3455 Dei,
979 3416 1098 3448 Dilecsti5
1111 3415 1273 3446 Finis-—

301 3470 383 3477 ᾖ
529 3456 617 3486 Priori
630 3457 663 3488 &
686 3456 839 3486 Monachis
853 3440 948 3486 §ancti
968 3455 1107 3485 Pancratii
1121 3454 1157 3484 de
1171 3454 1271 3485 Lewes

219 3489 341 3520 Salutem
355 3493 386 3522 &
403 3492 597 3531 Apostolicam
612 3495 848 3526 benedictionem.

260 3528 335 3566 Qiae
351 3531 379 3559 in
393 3531 584 3569 praejudicium
600 3533 785 3564 Ecclesiarum
798 3556 808 3571 ‚
832 3539 931 3570 praeter
949 3530 1013 3568 juris
1031 3528 1159 3559 ordinem
1174 3539 1271 3569 perpe-

221 3575 502 3609 ramtattemptantur,
521 3570 683 3602 auctoritate
696 3572 757 3602 sunt
775 3570 938 3609 Apostolica
956 3567 1132 3607 corrigenda·
1154 3568 1187 3598 &
1202 3577 1269 3597 curn

220 3604 302 3648 nobis
317 3605 475 3645 immineat,
495 3618 528 3637 ex
544 3609 675 3644 injunctio„
695 3611 825 3640 servitutis
843 3607 944 3638 officio
959 3630 968 3645 ,
992 3606 1028 3636 de
1047 3591 1156 3644 singuiis
1170 3605 1270 3635 Eccle-

214 3642 275 3686 siis,
291 3651 338 3681 per
359 3645 515 3675 universum
533 3647 633 3676 orbern
655 3647 759 3679 diffusis
774 3671 784 3686 ,
803 3656 913 3685 paterna
931 3644 1111 3675 sollicitudine
1129 3645 1269 3682 cogitare,

213 3681 332 3718 ipsarum
347 3680 478 3723 debemus
492 3685 601 3715 utilitati
613 3685 771 3723 consulere,
787 3686 820 3716 ὃς
841 3695 927 3715 onera
938 3684 1078 3714 sublevare
1094 3690 1229 3711 tenemur.

250 3718 330 3762 Acce
351 3728 422 3748 imus
442 3721 574 3759 siquidem
597 3723 673 3760 quod
687 3724 721 3754 ad
739 3723 898 3754 instantiam
913 3721 1100 3760 quorumdam
1114 3720 1268 3758 nobilium,

236 3756 316 3786 uibus
341 3766 454 3786 avorem
475 3758 597 3790 vestrum
617 3771 676 3791 non
710 3763 819 3791 oteratis
831 3762 865 3792 de
885 3762 960 3791 facili
979 3761 1130 3797 denegare,
1148 3759 1267 3797 primas,

228 3794 347 3824 ecundas
361 3817 370 3832 ,
395 3795 427 3824 &
447 3798 535 3826 tertias
553 3808 678 3829 vacantes
723 3800 830 3829 cclesias
846 3799 1007 3837 quibusdam
1029 3796 1146 3828 Clen‘cis
1181 3797 1269 3826 romi-

216 3831 301 3870 sistis‚
318 3832 415 3870 quibus
431 3833 541 3863 interim
555 3845 639 3866 certas
658 3837 760 3867 solvitis
777 3838 938 3877 pensiones,
955 3847 988 3867 ex
1002 3844 1118 3874 quarum
1131 3834 1161 3864 so
1173 3836 1268 3864 utione

216 3868 338 3914 Ecclesia
352 3869 440 3912 vestra
454 3881 513 3900 non
528 3874 672 3905 modicum
690 3884 866 3915 aggravatur,
883 3886 912 3905 ea
932 3884 1044 3914 propter
1063 3873 1157 3903 vestris
1172 3872 1268 3910 postu-

215 3908 361 3939 lationibus
382 3912 506 3938 savorem
530 3909 723 3978 ffiostolicim
746 3912 933 3950 impendentes
949 3937 958 3951 ,
983 3923 1034 3943 vos
1060 3913 1092 3943 &
1114 3911 1266 3942 Ecclesiam

216 3945 529 3991 vestramaab'hujusm
570 3950 578 3977 i
599 3951 840 3988 promistionibus,
859 3950 1031 3987 Apostolicae
1054 3950 1130 3981 Sedis
1144 3949 1266 3979 auetori-

217 3993 294 4022 tate,
317 3985 480 4015 abiolvimus
535 3986 567 4016 &
589 3987 622 4017 ad
645 3989 739 4018 talium
762 3990 925 4028 pensionum
952 3989 1118 4019 solutionem
1139 3988 1266 4018 decerni-

215 4032 278 4054 mus
291 4033 351 4055 non
365 4024 466 4063 teneri,
483 4008 632 4057 districtius
652 4026 807 4059 inhibentes
827 4028 864 4058 ne
883 4026 1035 4066 Ecclesias,
1052 4036 1198 4067 antequam
1217 4035 1266 4057 va-

679 129 1487 183 CONVENTIONES,
1541 129 1939 178 LITERAE,

1333 224 1414 255 cent,
1431 216 1513 247 alicui
1528 218 1691 257 promittere
1703 215 1881 255 praesumatis,
1897 214 1944 246 vel
1957 213 1992 245 dc
2006 211 2067 253 ipsis
2080 210 2200 251 aliquem
2216 208 2354 240 investire.
2398 204 2475 285 {4591}
2490 206 2533 240 D.

1367 255 1451 286 Nulli
1465 263 1532 294 ergo
1545 257 1667 286 omnino
1678 255 1828 285 hominum
1847 254 1928 284 liceat
1945 253 2018 284 hanc
2037 251 2166 293 paginam
2183 247 2380 292 nostraeabso-

1326 292 1439 324 lutionis
1453 295 1486 325 &
1499 294 1671 324 inhibitionis
1682 294 1848 332 infringere,
1866 292 1911 323 vel
1923 293 1949 322 ei
1959 291 2024 322 ausi
2036 297 2187 333 temerario
2196 295 2342 318 contraire.
2362 323 2368 330 .

1362 332 1393 362 Si
1407 332 1467 371 quis
1480 341 1572 362 autem
1582 333 1640 363 hoc
1653 340 1814 370 attemptare
1825 331 2039 371 praesumpserit,
2055 328 2276 370 indignationem
2288 333 2383 354 omm-

1326 371 1447 407 potentis
1459 370 1517 400 Dei
1531 371 1564 402 &
1579 371 1724 401 beatorum
1745 369 1821 400 Petri
1837 370 1870 400 &
1889 368 1969 401 Pauli
1990 366 2196 406 Apostolorum
2216 373 2272 402 ejus
2285 362 2312 393 se
2327 372 2382 393 no-

1270 426 1283 431 -
1326 409 1397 438 verit
1411 409 1591 440 incursurum.
1622 409 1690 440 Dat.
1704 409 1829 440 Lateran.
1843 417 1872 439 v.
1888 406 1957 438 KL.
1979 407 2052 438 Maii
2066 429 2078 446 ,
2098 402 2280 435 Pontificatus
2293 400 2384 432 nostri

1326 457 1403 478 anno
1413 447 1497 478 sexto.

1789 520 1936 562 Filii-serit.
1944 521 2024 563 flavi
2041 520 2166 561 rubeique
2178 518 2253 550 color.

1329 646 1544 689 Confoederatio
1555 646 1645 690 faeiat
1662 650 1738 679 inter
1758 645 1946 680 Richardum
1963 648 2072 693 Regem
2089 645 2206 692 Angliae
2221 667 2232 684 ,
2255 649 2292 685 ὠ·
2310 648 2384 681 Bal-
2397 645 2416 662 '⁵
2431 641 2455 668 Ῐ·
2466 648 2515 678 94-

1371 693 1526 742 dewynum
1544 697 1688 727 Comitem
1708 695 1855 728 Flandriae
1871 721 1881 738 ‚
1907 693 1944 728 de
1964 695 2080 728 auxilio
2103 692 2172 727 hinc
2189 694 2256 728 inde
2280 706 2384 730 contra

1370 745 1481 824 RegerZ
1503 744 1632 775 Franciae
1647 741 1806 790 praestando
1832 747 2044 791 imperpetuum
2071 746 2148 777 inter
2175 755 2221 777 eos
2242 746 2279 782 ὠ·
2305 747 2383 779 inter

1370 792 1457 823 Haere
1480 802 1507 823 es
1524 802 1639 825 eorum.

1329 886 1353 908 1.
1363 876 1538 940 NOtum
1551 875 1585 907 fit
1596 876 1726 908 universis
1737 878 1796 909 hoc
1809 877 1940 917 scriptum
1955 878 2066 918 visuris,
2082 879 2159 918 quod
2177 879 2234 911 hoc
2254 879 2296 910 est
2309 879 2378 911 Foe-
2393 869 2469 902 ᾹΠΠ·
2486 871 2530 904 D-

1458 915 1526 956 dus,
1545 916 1578 946 δε
1598 914 1765 947 Conventio
1784 917 1855 947 inter
1870 916 2046 948 Richardum
2066 916 2178 956 Regem
2197 918 2325 963 Angliae,
2343 920 2377 950 &

1324 953 1513 986 Baldewinum
1532 954 1680 985 Comitem
1705 954 1840 985 Flandriae
1853 978 1864 993 ,
1889 956 1923 986 &
1941 955 2081 996 Haynoiae
2094 978 2104 994 ,
2127 955 2375 997 Consanguineum
2393 952 2421 975 A
2434 953 2527 983 9·R·¹-

1322 993 1402 1024 suum
1411 1017 1421 1033 ‚
1439 993 1584 1031 videlicet,
1604 991 1693 1035 Qod
1707 992 1784 1023 idem
1797 992 1863 1023 Rex
1876 993 1986 1033 Angliae
1999 1004 2098 1035 pacem
2110 1003 2157 1024 aut
2169 1004 2294 1035 treugam
2307 1007 2377 1028 cum

1324 1031 1406 1071 Rege
1421 1032 1445 1062 F
1445 1032 1545 1062 ranciae
1557 1040 1617 1062 non
1632 1032 1713 1061 raciet
1725 1054 1736 1071 ,
1758 1040 1812 1061 nec
1831 1031 1922 1062 facere
1934 1033 2053 1072 poterit,
2067 1032 2168 1071 absque
2187 1035 2332 1065 voluntate
2343 1036 2377 1066 &

1322 1070 1427 1101 assensu
1440 1070 1562 1109 ejusdem
1575 1069 1717 1108 Comitis,
1733 1079 1787 1100 nec
1801 1069 1877 1100 idem
1892 1069 1999 1100 Comes
2011 1071 2093 1101 iaciet
2112 1079 2159 1102 aut
2172 1071 2262 1104 facere
2275 1075 2379 1114 poterit

1323 1118 1423 1146 pacem
1435 1116 1481 1140 aut
1495 1116 1619 1148 treugam
1633 1118 1701 1139 cum
1715 1107 1797 1148 Rege
1810 1107 1834 1138 F
1834 1109 1952 1147 ranciae,
1969 1108 2068 1148 absque
2087 1109 2230 1142 voluntate
2244 1113 2277 1144 δε
2290 1112 2380 1144 assen-

1321 1148 1349 1178 su
1363 1147 1490 1186 praedicti
1503 1147 1591 1186 Regis
1604 1147 1723 1186 Angliae.

1358 1197 1386 1217 2.
1405 1186 1443 1217 Et
1456 1186 1477 1217 si
1488 1185 1560 1216 forte
1573 1185 1608 1216 de
1621 1187 1765 1216 voluntate
1776 1185 1809 1218 &
1824 1184 1929 1215 assensu
1943 1185 2082 1223 utriusque
2119 1196 2151 1216 ax
2165 1195 2211 1218 aut
2226 1189 2380 1221 concordia

1322 1224 1399 1256 fieret
1413 1227 1484 1256 inter
1497 1224 1610 1263 Regem
1633 1224 1807 1255 Francorum
1821 1225 1854 1255 ὃς
1876 1234 1923 1253 eos
1938 1247 1949 1262 ,
1973 1225 2005 1254 δε
2022 1224 2087 1254 Rex
2130 1227 2232 1256 ranciae
2250 1226 2380 1267 postmo-

1323 1263 1391 1294 dum
1413 1264 1574 1294 alterutrum
1595 1272 1761 1303 guerreraret
1773 1287 1783 1302 ,
1807 1270 1965 1294 tenerentur
1986 1262 2112 1299 praedicti
2132 1263 2197 1293 Rex
2218 1264 2328 1305 Angliae
2343 1267 2379 1297 &

1322 1300 1446 1341 Comes,
1463 1301 1498 1332 ad
1514 1310 1646 1332 mutuum
1659 1301 1809 1332 subsidium
1823 1301 1856 1332 ὅτ.
1876 1301 2006 1331 auxilium
2022 1301 2072 1331 sibi
2091 1302 2214 1333 invicem
2230 1304 2380 1335 conferen-

1321 1339 1390 1370 dum
1399 1364 1409 1380 ‚
1427 1348 1510 1381 prout
1522 1341 1619 1371 melius
1633 1348 1764 1380 poterunt
1780 1340 1813 1372 &
1826 1340 1896 1370 sicut
1908 1339 2034 1370 fecerunt
2054 1347 2181 1381 tempore
2200 1350 2259 1380 quo
2271 1341 2380 1374 Foedus

1321 1378 1394 1410 istud
1405 1381 1476 1409 inter
1490 1389 1538 1410 eos
1551 1379 1730 1410 contractum
1743 1378 1793 1409 est.

1359 1426 1384 1457 3.
1404 1417 1442 1449 Et
1453 1417 1596 1448 sciendum
1608 1417 1648 1447 est
1663 1440 1674 1456 ,
1696 1417 1774 1456 quod
1795 1416 1853 1447 hoc
1873 1414 1979 1446 Foedus
1999 1415 2032 1447 &
2051 1415 2114 1447 haec
2133 1416 2299 1450 Conventio
2316 1430 2378 1451 non

1320 1455 1501 1487 solummodo
1521 1456 1647 1486 duratura
1667 1454 1709 1486 est
1730 1464 1858 1493 tempore
1878 1462 1983 1493 guerrae
1998 1477 2008 1493 ‚
2032 1453 2070 1485 set
2083 1455 2289 1496 imperpetuum
2305 1459 2378 1490 inter

1321 1505 1386 1534 eos,
1403 1496 1436 1526 ὃ(
1461 1496 1531 1525 inter
1550 1493 1685 1539 Haeredes
1703 1503 1803 1525 eorum
1817 1516 1828 1532 ,
1852 1493 1901 1530 qui
1914 1500 1995 1523 terras
2012 1493 2133 1536 ipsorum
2155 1496 2291 1538 tenebunt
2311 1497 2377 1535 post

1318 1532 1832 1603 ffigfflgkcfiggssgssggeffieffgfi
1849 1529 2034 1600 {tuizia}
2046 1530 2381 1608 ῗῗυῇᾘζῗτῖἓῖἷῗὲ

1320 1610 1426 1641 Foedus
1437 1611 1469 1641 ὅ(
1482 1610 1556 1641 hanc
1571 1609 1805 1640 Conventionem
1823 1607 1973 1652 tenendam
1985 1616 2038 1647 pro
2053 1607 2136 1648 Rege
2149 1609 2258 1649 Angliae
2273 1635 2284 1650 ,
2308 1613 2376 1643 mit-

1318 1656 1379 1680 tent
1394 1649 1419 1679 se
1433 1650 1462 1680 in
1476 1650 1638 1689 captionem
1656 1648 1761 1688 praefati
1776 1645 1900 1687 Comitis
1919 1646 2128 1692 infralmensern
2141 1671 2161 1692 ,ι
2175 1648 2326 1716 {Pstquam
2344 1651 2374 1682 id

1318 1688 1395 1718 bona
1409 1687 1464 1718 fide
1476 1687 1602 1726 scierint,
1620 1696 1680 1717 non
1700 1686 1841 1726 expeemta
1860 1686 2082 1715 summonitione
2092 1685 2164 1716 dieti
2199 1689 2311 1719 ,omitisz
2331 1689 2377 1720 Si-

1317 1727 1418 1756 militer
1431 1749 1440 1765 ,
1465 1727 1485 1758 si
1498 1726 1588 1757 dictus
1603 1724 1712 1756 Comes
1728 1725 1785 1755 hoc
1801 1722 1905 1754 Foedus
1924 1722 1958 1753 δε
1978 1722 2050 1753 hanc
2063 1721 2296 1757 Conventionem
2313 1739 2375 1760 non

1317 1764 1520 1804 observaverit,
1537 1765 1578 1795 illi
1593 1787 1602 1802 ,
1624 1764 1673 1803 qui
1684 1765 1842 1803 juraverunt
1856 1761 1914 1805 hoc
1928 1761 2032 1792 Foedus
2050 1762 2084 1793 &
2103 1761 2176 1794 hanc
2195 1763 2377 1797 Conventio-

1316 1812 1383 1833 nem
1395 1804 1546 1834 tenendam
1558 1812 1611 1843 pro
1624 1801 1683 1842 ipso
1698 1800 1833 1839 Comite,
1848 1807 1960 1831 mittent
1973 1800 1998 1831 se
2012 1801 2042 1830 in
2055 1809 2087 1831 ca
2107 1802 2216 1832 tionem
2228 1803 2297 1835 dieti
2313 1804 2375 1836 Re-

1315 1842 1357 1880 gis
1370 1841 1496 1883 Angliae,
1511 1841 1580 1872 infra
1593 1841 1718 1871 mensem
1732 1864 1742 1879 ,
1766 1839 1914 1878 postquam
1936 1838 1971 1882 id·
1986 1839 2062 1870 bona
2102 1839 2137 1870 de
2152 1839 2262 1873 scierint
2275 1865 2287 1882 ,
2311 1853 2374 1875 non

1314 1881 1457 1921 expectata
1469 1880 1687 1911 summonitione
1699 1879 1771 1910 dieti
1785 1877 1873 1916 Regis
1886 1876 2008 1920 Angliae.

1350 1928 1378 1958 4.
1399 1919 1470 1950 Hoc
1485 1921 1583 1958 juravit
1616 1928 1649 1948 ro
1668 1917 1727 1959 ipso
1745 1917 1828 1956 Rege
1846 1915 1958 1958 Anghae
1978 1915 2053 1959 bona
2066 1915 2121 1947 fide
2136 1917 2306 1958 tenendum,
2319 1919 2374 1958 Jo-

1314 1956 1419 1989 hannes
1439 1956 1547 1989 Comes
1601 1958 1712 1995 miton,
1731 1955 1824 1986 Frater
1838 1955 1922 1998 ipsius
1940 1953 2040 1993 Regis,
2060 1955 2093 1985 &
2114 1956 2144 1985 in
2162 1957 2284 1988 animam
2305 1958 2372 1997 ejus-

1313 1996 1380 2026 dem
1394 1995 1498 2035 Regis,
1515 1998 1548 2029 &
1560 2006 1614 2037 pro
1629 1996 1716 2034 seipso
1724 1994 1826 2032 juravit
1837 1993 1912 2023 idern
1925 1991 2032 2023 Comes
2044 1993 2074 2023 in
2087 1994 2210 2025 animam
2220 1996 2303 2026 suam.

1353 2043 1379 2073 5.
1397 2034 1436 2065 Et
1448 2034 1493 2066 alii
1523 2044 1646 2074 quorum
1656 2034 1772 2064 nomina
1785 2031 1931 2070 subscripta
1948 2030 2026 2068 sunt,
2043 2032 2200 2069 juraverunt
2220 2034 2248 2063 in
2266 2035 2374 2066 animas

1313 2072 1372 2143 guas
1397 2073 1474 2117 idern
1500 2058 1604 2105 l-“oedus
1626 2073 1660 2105 &
1685 2071 1804 2104 eandem
1830 2069 2063 2103 Conventionem
2088 2071 2163 2103 bona
2195 2070 2251 2104 fide
2273 2082 2372 2106 tenen·

1334 2122 1395 2152 am,
1411 2120 1467 2143 νη.

1860 2183 2019 2227 ΒάηιιΙΡΙφιις
2030 2178 2119 2217 Comei
2135 2188 2217 2229 cestr.

1861 2226 1938 2257 Wll.
1953 2227 1985 2257 de
1999 2229 2100 2263 Stagna
2109 2249 2119 2265 ‚

1861 2264 1939 2296 Wll.
1951 2265 1983 2294 de
1996 2267 2089 2295 Katv.

1314 2188 1390 2220 Otho
1403 2193 1493 2222 Comes
1507 2192 1664 2229 Pift‘aviae,

1314 2228 1492 2260 Balde-winus
1513 2234 1602 2261 Comes
1619 2227 1822 2267 Albe-marka,

1315 2266 1393 2297 Wll.
1407 2267 1586 2308 Marefiallus
1593 2294 1603 2307 ‚

1314 2305 1390 2335 Wll.
1418 2308 1450 2336 de
1475 2310 1579 2337 Humet
1603 2305 1821 2347 Constabularius
1858 2306 1893 2333 R.
1909 2302 2003 2342 Tecson
2010 2326 2021 2342 ,

1352 2347 1530 2375 Normanniae
1538 2369 1547 2384 ,
1858 2344 1955 2372 Petrus
2113 2338 2193 2380 Befio
2199 2363 2212 2379 ,

1312 2383 1392 2420 Hugo
1405 2384 1436 2412 de
1447 2387 1558 2425 Gurnay
1568 2408 1578 2423 ,
1858 2382 1937 2418 Hugo
1949 2381 1981 2410 de
1994 2378 2112 2411 Coloneis

1857 2423 1923 2449 Ger.
1937 2419 1970 2448 de
1983 2403 2138 2456 furnival’,

1854 2456 1934 2488 Fulco
1947 2455 2070 2495 Stainel,

1853 2499 1924 2564 {ilii
1937 2496 1975 2564 '52
1983 2498 2095 2564 {2⁷53}
2125 2535 2130 2540 ·

1856 2572 1934 2603 Wll.
1946 2572 1979 2602 de
1990 2542 2153 2611 Hundefcsst.

1857 2610 2024 2641 Walkelinur
2041 2611 2072 2640 de
2087 2611 2238 2648 Ferrariis,

1855 2647 1969 2688 Hafioil
1976 2649 2008 2678 de
2020 2647 2120 2688 Solmy,

1858 2686 2015 2725 Radulphus
2029 2687 2061 2717 de
2071 2686 2189 2724 Arden,

1312 2422 1442 2450 Robertur
1457 2423 1489 2452 de
1504 2425 1660 2460 Harecmt,

1310 2460 1524 2501 Robertusfilius
1538 2464 1648 2499 Rogeri,

1311 2497 1389 2528 Wll.
1400 2502 1489 2530 Comes
1504 2499 1657 2537 Arundell,

1311 2539 1425 2574 Rogerus
1438 2538 1469 2568 de
1483 2542 1568 2579 Toony

1311 2575 1469 2607 Wllielmus
1494 2580 1559 2607 Sene
1572 2575 1655 2606 callus
1678 2575 1817 2606 Norman-

1309 2625 1442 2682 Rossfftis
1457 2656 1607 2683 Marmion.

1310 2690 1441 2720 Robertus
1456 2694 1587 2721 Bertran.

1348 2766 1376 2796 6.
1396 2767 1457 2805 Qii
1468 2769 1647 2806 juraverunt,
1664 2767 1694 2796 in
1709 2741 1849 2806 praesentia
1860 2763 1929 2807 dieti
1937 2761 2025 2803 Regis
2036 2762 2165 2803 Ang1iae‚
2182 2761 2216 2793 &
2228 2760 2299 2793 dieti
2305 2760 2368 2793 Co-

1309 2806 1384 2836 mitis
1398 2805 1535 2837 Flandriae
1552 2805 1705 2837 Baldewini
1718 2806 1748 2835 in
1759 2803 1946 2834 Normanma.

1310 2882 1442 2913 Robertus
1456 2883 1525 2912 hcm
1538 2886 1628 2913 Comes
1645 2880 1769 2922 Leicestr.
1778 2878 1818 2916 &
1855 2881 1935 2917 Hugo
1948 2878 1981 2908 de
1992 2880 2140 2916 Ferrariis,

1309 2920 1467 2960 Radulphur
1483 2925 1572 2951 comes
1585 2923 1680 2959 Augi,
1855 2921 1927 2955 Rogo
1941 2917 1973 2947 de
1985 2920 2065 2957 Sarcy
2073 2941 2083 2955 ‚

1311 2959 1388 2989 Wll.
1401 2960 1433 2989 de
1451 2962 1607 2999 Warenna,
1855 2957 1986 2987 Robertus
1998 2959 2087 2984 Comes
2100 2955 2132 2985 de
2145 2952 2271 2986 Mellent.

1311 2997 1388 3028 Wdl.
1399 2999 1432 3028 de
1443 2997 1568 3037 Malion,
1855 2994 1970 3025 Thomas
1982 2993 2076 3033 Baffit
2083 3016 2094 3031 ‚

1311 3038 1440 3065 Warinus
1455 3037 1486 3066 de
1501 3036 1629 3075 Glaffion,
1855 3032 1968 3063 Alanus
1984 3031 2094 3071 Baffi’t,

1310 3074 1441 3104 Rebertus
1453 3075 1485 3105 de
1500 3075 1628 3115 Tresgoz,
1854 3071 1985 3103 Robertus
1998 3070 2029 3100 de
2041 3068 2186 3108 Tiebouill,

1310 3115 1398 3142 Henr.
1413 3114 1445 3143 de
1457 3113 1561 3143 Bohon.
1855 3110 1993 3140 Walterus
2007 3111 2040 3138 Pi
2052 3109 2140 3148 pard,

1310 3154 1326 3169 '¹‘
1342 3150 1501 3182 Wllielmus
1507 3151 1587 3194 filius
1600 3153 1718 3181 Hamon.
1853 3148 2002 3178 Richardus
2061 3149 2182 3184 Humet,

1855 3186 2014 3217 Wllielmus
2028 3183 2122 3215 Malet
2137 3185 2169 3214 de
2182 3180 2342 3222 Gerarvill,

1854 3226 1941 3255 Henr.
1958 3222 2053 3263 Biftt,

1854 3266 1942 3293 Henr.
1957 3263 1988 3292 de
2001 3260 2149 3300 Stutevill,

1854 3304 1899 3332 W
1897 3300 2033 3332 iellielmus
2046 3301 2077 3330 de
2092 3298 2227 3340 Mobray‚'

1855 3338 2018 3371 Willielmus
2034 3337 2160 3376 Martel,

1854 3378 1987 3408 Robertus
1999 3376 2072 3417 filius
2089 3375 2213 3412 Galteri,

1309 3189 1424 3228 Philipp.
1438 3191 1470 3219 de
1482 3190 1632 3220 Columbar.

1310 3227 1468 3258 Wlh'elmus
1482 3231 1623 3266 Maengot.

1308 3269 1400 3304 Regin.
1414 3266 1526 3306 Baffet‚

1308 3307 1397 3334 Henr.
1413 3305 1444 3334 de
1457 3307 1609 3342 ferrariis,

1308 3343 1378 3382 Joel
1388 3343 1419 3372 de
1432 3343 1596 3380 Maduana‚

1309 3384 1353 3413 W
1350 3379 1472 3411 illielmus
1486 3381 1518 3411 de
1530 3384 1644 3412 Mortuo
1660 3381 1755 3418 Mari,

1345 3468 1372 3497 7.
1391 3458 1471 3490 Idem
1480 3459 1640 3496 juraverunt
1653 3458 1682 3487 in
1693 3455 1874 3486 Normannia
1887 3479 1896 3495 ,
1918 3465 2015 3487 coram
2032 3454 2111 3485 diCto
2131 3451 2213 3489 Rege
2231 3449 2277 3493 An
2298 3450 2362 3489 liaeg

1307 3498 1340 3529 &
1353 3497 1438 3537 Siger.
1452 3496 1612 3528 Castellano
1622 3495 1658 3526 de
1672 3494 1767 3533 Cant,
1783 3495 1815 3526 ὃ(
1831 3494 1951 3525 Nichol.
1965 3495 2001 3524 de
2014 3492 2239 3535 Condato2qu1
2253 3498 2268 3518 a
2302 3488 2359 3519 hoc

1307 3536 1379 3566 missi
1392 3536 1501 3566 fuerunt
1512 3536 1541 3565 in
1555 3534 1589 3565 N
1592 3533 1766 3564 ormanniain
1775 3557 1784 3571 ,
1801 3543 1834 3563 ex
1849 3543 1924 3572 parte
1938 3531 2062 3572 praedieri
2072 3528 2195 3571 Comitis
2211 3526 2320 3557 Flandr.

1347 3574 1372 3604 8.
1391 3573 1523 3604 Praefatus
1535 3583 1605 3603 vero
1621 3571 1728 3602 Comes
1739 3571 1910 3603 Baldewinus
1924 3571 2036 3609 juravit,
2049 3575 2159 3608 propria
2179 3574 2268 3608 manu.
2283 3603 2288 3608 .
2301 3564 2360 3594 hoc

1306 3612 1399 3642 foedus
1419 3613 1451 3643 &
1473 3612 1546 3641 hanc
1566 3611 1788 3653 conventionem
1807 3611 1882 3641 bona
1901 3610 1956 3641 fide
1973 3605 2141 3647 tenendam,
2162 3603 2195 3633 &
2215 3587 2360 3642 Philippus

1307 3649 1415 3681 Comes
1427 3649 1462 3679 de
1476 3649 1511 3680 N
1513 3659 1590 3680 amur
1599 3672 1608 3687 ,
1627 3650 1660 3680 &
1675 3648 1764 3679 Henr.
1778 3654 1870 3680 iratres
1881 3649 1998 3689 ejusdem
2013 3642 2162 3686 Coum-18,-
2172 3641 2206 3671 &
2220 3639 2358 3685 Barones,

1306 3689 1340 3719 &
1353 3689 1397 3718 alii
1411 3688 1538 3757 ὴὸοιίῗίῃεε
1555 3689 1610 3727 sui,
1629 3698 1751 3727 quorum
1768 3689 1884 3720 nomina
1901 3687 2046 3720 {ubicnpta
2062 3680 2139 3719 sunt,
2155 3679 2230 3710 idem
2246 3687 2358 3717 Juravef

1306 3734 1378 3757 runt.
1438 3737 1455 3757 c
1476 3735 1532 3757 icet

1845 3798 1970 3831 Theodor.
1984 3798 2015 3827 de
2028 3800 2160 3826 Beuerna.

1847 3836 1929 3868 Bald.
1944 3837 1974 3865 de
1987 3838 2120 3872 Cominer,

1847 3874 2010 3906 Wn’l.elums
2024 3874 2054 3903 de
2068 3869 2251 3910 Hundefiote,

1846 3917 1935 3943 Simon
1949 3913 1979 3942 de
1993 3913 2133 3941 Haverets
2141 3933 2151 3947 ,

1845 3954 1933 3983 Henr.
1945 3951 1978 3982 de
1997 3947 2173 3980 Paskendale.

1304 3804 1388 3840 Roger
1400 3802 1432 3832 de
1447 3805 1589 3842 Cortraco,

1304 3843 1383 3878 Hugo
1397 3842 1428 3870 de
1440 3843 1538 3870 SanHo
1552 3842 1681 3882 osberto,

1303 3882 1428 3908 Remerus
1441 3880 1473 3908 de
1487 3882 1554 3908 Tsit.

1304 3916 1411 3948 Nichol.
1425 3918 1457 3946 de
1471 3920 1607 3957 condato,

1302 3955 1419 3985 Theodor
1437 3955 1513 3995 filius
1528 3961 1635 3988 Comitis
1649 3954 1747 3995 Philip.

1301 3993 1408 4025 Altare
1420 3993 1556 4034 Sakerell,

2395 917 2477 948 1197.

2392 990 2432 1014 Ex
2446 991 2507 1023 Au-¹

2392 1032 2457 1062 togr.

2379 3147 2398 3167 ’⁵
2411 3151 2434 3179 1·
2447 3160 2494 3190 952*
