2570 4261
8 231 83 263 Anu.
95 222 137 254 D.

30 275 113 305 1291.

9 308 74 343 Edv,
97 315 122 333 1.

20 962 155 998 ⁸11.5oo.

69 3953 199 3988 011501.

713 144 822 184 ET
905 138 1172 185 ACTA

153 239 277 268 acceptae
301 230 458 267 relationis,
481 228 594 267 auditu,
620 238 656 259 eo
681 229 892 260 foecundiorem
908 230 1109 266 concepimus,
1136 223 1205 256 infra

154 269 276 306 pedioris
292 270 428 307 archana,
445 269 587 306 laetitiam,
605 278 662 305 quo
679 268 712 298 ad
737 268 976 308 recuperationem
1000 267 1121 297 celerem
1145 265 1206 294 dic-

153 317 191 337 ta:
214 308 315 338 Tetrae
339 309 412 337 votis
434 306 648 337 ferventioribus
671 306 841 343 aspiramus,
877 306 1036 335 exolventes
1060 311 1206 342 propterea

153 344 222 375 Deo
246 345 320 376 Patri
346 346 373 383 (a
397 355 456 383 quo
480 345 520 375 est
544 354 633 374 omne
654 343 750 374 datum
775 345 918 381 optimum
942 344 975 374 δε
991 353 1079 373 omne
1095 342 1205 372 donum

153 384 325 422 perfectum)
341 385 490 422 gratiarum
507 383 620 412 devotas
637 382 669 412 ὃς
686 382 804 412 humiles
819 382 960 418 aetiones,
975 381 1047 418 apud
1063 380 1151 418 ipsum
1164 380 1207 408 iti-

157 421 278 453 sistendo
294 421 450 459 suppliciter
466 429 515 458 ut,
533 422 562 450 in
579 420 736 458 hujusmodi
753 420 941 450 subventionis
956 420 1106 456 auxilium,
1124 427 1206 447 men-

157 469 216 491 tem
233 460 354 498 Regiam
370 458 408 489 de
423 459 503 488 borio
518 459 625 498 semper
642 460 670 487 in
688 458 784 488 melius
802 461 864 497 igne
880 457 1005 488 desiderii
1020 456 1208 497 propensioris

152 499 319 529 inflammet.

194 535 322 574 Verum,
341 535 403 573 quia
419 535 489 573 tibi,
508 543 565 565 tam
583 534 690 571 verbo,
708 535 793 572 quam
809 544 912 571 opere,
933 534 1003 564 sicut
1026 535 1059 565 &
1083 543 1135 563 nos
1149 531 1210 562 'de-

156 582 203 605 cet
219 575 252 605 &
269 582 315 612 te,
333 574 403 603 sicut
419 574 503 603 etiam
520 574 570 602 tibi
584 573 716 602 haetenus
730 572 912 602 manifestavit
927 572 1067 610 Ecclesia,
1082 573 1210 601 animum

160 611 292 643 nostrum
308 622 341 642 ac
357 612 436 649 ipsius
453 611 660 649 possibilitatem
677 610 810 640 Eccleliae
824 610 1012 649 intendimus,
1029 610 1065 641 ad
1087 611 1127 640 tui
1150 619 1212 639 cer-

160 650 330 689 titudinem,
348 651 381 682 &
398 649 487 680 nostri
503 650 731 679 exonerationem
741 672 749 686 ,
768 649 864 679 clarius
880 650 1002 687 aperire,

202 689 292 726 Super
304 697 351 719 tua
367 689 517 726 petitione,
537 697 599 724 quae
617 688 698 717 nobis
716 698 764 724 per
781 695 842 717 tuos
858 687 994 717 Nuncios
1010 687 1162 724 haetenus,
1180 686 1213 715 &

164 729 275 765 noviter
298 737 347 764 per
371 726 500 764 praefatos
522 725 674 763 Nuncios,
693 735 763 763 quos
787 724 903 762 misisti,
921 725 973 755 fuit
996 735 1062 754 cum
1086 723 1216 753 instantis}

166 767 336 805 repetita,ut
352 764 388 794 de
401 764 519 794 decimis
535 765 567 794 &
584 764 803 794 obventionibus
818 762 986 802 Regnorum
1003 764 1035 793 ὃς
1051 763 1217 799 Terrarum,

167 814 291 842 quorum
323 813 499 840 quarumque
530 802 624 842 Reges
647 802 693 832 vel
717 801 840 832 Domini
864 801 1040 842 personaliter
1065 802 1094 830 in
1117 800 1218 830 Terrae

166 843 277 874 Sanctae
301 841 450 871 subsidium
475 851 534 870 non
558 840 726 878 transibunt,
744 841 796 870 tibi
821 839 979 877 provideret
997 839 1138 874 Ecclesia,
1158 848 1218 867 non

167 880 296 911 videmus
321 879 388 917 quid
412 879 484 909 aliud
507 878 674 916 respondere
687 877 822 916 possimus
832 902 842 916 ,
859 888 942 916 quani
960 877 1038 916 quod
1054 878 1104 907 tibi
1120 878 1153 907 δε
1168 878 1220 906 tuis

168 918 295 949 Nunciis
311 917 434 948 Ecclesia
447 918 501 955 ipsa
517 916 675 955 respondit,
693 917 841 955 videlicet,

209 957 229 977 ἲ*
247 955 337 995 Qiod
353 956 389 986 de
405 956 539 994 decimis,
559 955 684 986 collectis
701 956 728 984 in
745 955 860 992 prefatis
878 955 969 994 regnis
986 955 1018 985 ὃ(
1037 953 1152 992 Terris,
1171 963 1221 990 pro

170 996 251 1033 ipsius
267 1003 347 1026 τευ-ιε
363 995 462 1025 sanciae
477 994 612 1031 subsidio,
631 993 737 1023 sublatis
755 993 978 1031 impedimentis,
997 1002 1059 1030 quae
1074 1001 1142 1021 tunc
1168 991 1223 1020 ob-

171 1035 298 1072 stabant,
311 1044 366 1063 nec
390 1034 471 1063 novis
495 1033 764 1070 supervenientibus,
782 1032 801 1061 si
825 1031 892 1069 quid
913 1033 963 1062 erit
985 1031 1021 1060 de
1035 1030 1144 1060 decima
1168 1029 1224 1066 ipsa

170 1072 328 1110 residuum,
347 1072 384 1102 sic
409 1072 490 1109 ipsius
514 1080 595 1101 terrae
618 1072 753 1107 negotio,
771 1080 802 1100 ac
828 1070 879 1100 tibi
903 1070 931 1099 in
955 1069 1057 1099 eodem
1075 1068 1225 1105 providere

171 1111 362 1148 disponimus,
380 1109 459 1148 quod
471 1110 575 1139 merito
591 1108 705 1139 debebis
722 1110 754 1140 δε
772 1109 875 1146 poteris
891 1107 945 1138 ess'e
961 1115 1118 1137 contentus.

210 1149 247 1180 Et
273 1149 387 1187 quidem
398 1171 407 1186 ,
424 1148 461 1178 fili
485 1147 640 1185 carissime,
658 1157 695 1176 ne
722 1148 811 1185 vagari
828 1145 911 1184 possit
927 1155 973 1176 tua
989 1146 1123 1184 cogitatio
1139 1145 1169 1173 in
1185 1144 1227 1173 in-

173 1196 301 1226 certum,
320 1188 403 1217 latere
427 1196 455 1217 te
478 1186 627 1223 nolumus,
647 1185 724 1222 quod
749 1193 843 1214 tamen
868 1192 895 1213 te
913 1185 1041 1222 ignorare
1055 1193 1115 1212 nori
1139 1182 1228 1212 credi-

172 1237 254 1266 mus,
271 1226 351 1264 quiid
367 1225 402 1255 de
417 1224 526 1255 decima
542 1224 638 1263 Regni
654 1224 778 1253 Francia:
793 1223 826 1253 ad
840 1232 937 1252 manus
953 1221 1086 1252 Ecclesiae
1111 1220 1150 1250 nil
1165 1230 1230 1258 per-

172 1273 266 1299 venit:

213 1304 261 1334 De
278 1303 355 1334 terris
372 1303 462 1340 vero,
480 1300 557 1340 Regi
572 1299 703 1331 Castellae
718 1300 862 1338 subjeetis,
880 1298 966 1329 nichil
983 1309 1021 1328 un
1043 1307 1108 1328 uam
1133 1306 1232 1335 perce-

175 1344 215 1382 pit
232 1342 371 1379 Ecclesia,
397 1341 466 1371 cum
487 1339 590 1369 fcelicis
614 1338 829 1375 recordationis,
854 1337 1010 1376 Gregorius
1059 1346 1125 1373 apa,
1151 1335 1230 1364 Prae-

175 1380 304 1412 deceffor
328 1379 442 1417 noster,
460 1378 542 1408 clarae
564 1378 731 1414 memoriae,
748 1375 867 1406 Alfonso
892 1375 969 1414 Regi
994 1374 1124 1404 Castellae
1147 1373 1231 1411 ipsam

178 1420 339 1457 decimam,
357 1427 391 1447 ex
408 1417 489 1447 certis
507 1416 607 1453 caulis,
625 1415 733 1446 duxerit
751 1414 980 1445 concedendam:

215 1458 264 1488 De
279 1455 391 1487 decima
406 1458 477 1486 vero
494 1455 613 1492 partium
637 1453 810 1492 Alamaniae,
825 1463 858 1483 ac
874 1453 1029 1482 Terrarum
1052 1461 1117 1489 quas
1141 1450 1234 1480 conti-

177 1505 226 1527 net
250 1495 346 1534 Regio
371 1493 540 1531 Aquilonis,
561 1493 642 1531 (sicut
667 1492 747 1529 ipsius
764 1491 942 1529 Aquilonaris
957 1490 1046 1530 gentis
1063 1499 1122 1519 non
1139 1490 1235 1528 ignota

177 1534 307 1566 conditio
321 1532 413 1571 potest
430 1532 563 1562 omnibus
579 1530 764 1563 verisimiliter
780 1530 919 1566 indicare,
937 1538 970 1559 ac
986 1528 1068 1558 nobis
1093 1528 1150 1557 hoc
1176 1537 1236 1556 rea-

176 1572 238 1604 liter
261 1572 403 1611 patefecit)
428 1569 576 1601 modicum
601 1568 753 1607 respective
778 1568 812 1599 ad
838 1568 924 1606 ipsam
940 1566 1095 1598 Ecclesiam
1113 1565 1235 1595 noscitur

178 1610 352 1651 perveniffe:
1138 1643 1142 1647 ¹

216 1650 373 1680 Decimam
395 1648 531 1687 siquidem
554 1647 682 1686 Angliae,
708 1646 829 1685 Scotiae,
847 1645 961 1676 Walliae
979 1654 1012 1674 ac
1033 1643 1187 1679 Ybermae,
1204 1649 1235 1672 tu

182 1689 239 1727 ipse
250 1687 325 1718 nosti
339 1688 406 1726 tibi,
424 1697 478 1727 pro
491 1687 571 1717 dic'io
585 1695 665 1717 terrae
678 1686 780 1716 smera:
792 1684 912 1716 subsidio
921 1709 929 1722 ,
948 1683 1005 1714 effe
1018 1681 1199 1718 concessam,

219 1728 369 1765 Qiantum
388 1727 471 1765 igitur
493 1726 525 1756 sit
545 1727 574 1755 in
596 1725 700 1763 reliqua
722 1732 798 1762 parte
820 1722 957 1753 residuum
971 1746 980 1759 ,
1007 1721 1040 1751 ὃς
1059 1719 1093 1750 ad
1117 1729 1181 1762 quae
1204 1718 1236 1748 &

181 1774 284 1804 quanta
293 1764 419 1794 sufficere
432 1763 532 1801 possit,
550 1774 603 1801 pro
618 1764 699 1801 iplius
716 1772 796 1793 terra:
808 1762 907 1792 fanc‘tae
929 1759 1065 1797 subsidio,
1083 1758 1165 1788 facile
1185 1767 1238 1795 po-

181 1803 235 1834 test
248 1802 426 1841 experientiae
440 1811 495 1832 tuae
509 1800 614 1832 claritas
627 1810 803 1840 computare.

219 1842 302 1872 Nam
316 1843 400 1872 etiam
419 1843 427 1877 (
431 1851 530 1878 praeter
545 1841 594 1870 alia
614 1849 717 1879 onera,
735 1840 768 1871 ὃς
787 1840 860 1878 quafi
881 1837 1027 1877 profluvia
1037 1835 1216 1874 expensarum
1229 1857 1239 1872 ,

182 1890 247 1919 qure
262 1891 313 1918 pro
326 1879 497 1910 attenuendis
516 1880 697 1909 inimicorum
718 1878 838 1918 viribus,
855 1879 1034 1916 ipsorumque
1054 1873 1185 1906 comodis
1205 1874 1238 1903 &

182 1918 313 1959 potentiis
327 1918 501 1956 minuendis,
519 1918 552 1948 &
568 1927 620 1955 pro
636 1918 824 1956 comoditate,
842 1918 957 1948 utilitate
974 1924 1006 1945 ac
1029 1913 1134 1944 effectu
1154 1913 1241 1942 futuri

183 1958 295 1997 paflagii
306 1956 432 1987 sustinuit
445 1956 596 1994 haetenus,
614 1957 648 1986 &
661 1956 765 1987 assidue
779 1965 870 1993 portat
885 1953 1020 1990 Ecclesia)
1036 1953 1068 1983 δε
1092 1951 1240 1981 habuimus

183 1997 335 2034 haeftenus,
352 1995 487 2025 habemus
499 1996 532 2025 ὃς
548 2004 641 2032 nunc,
655 2005 708 2033 pro
724 1994 804 2032 ipsius
819 2003 901 2024 terrae
915 1993 1016 2024 sanstae
1030 1990 1166 2027 subsidio,
1180 1998 1240 2018 nori

184 2035 334 2065 modicum
348 2035 475 2074 gentium
488 2043 640 2063 numerum
649 2057 658 2071 ,
677 2034 710 2064 &
723 2034 807 2063 etiam
819 2033 965 2072 galearum.

223 2073 282 2104 Pro
298 2072 429 2103 habendis
442 2078 536 2102 autem
551 2072 666 2101 decimis
682 2072 715 2102 ὅ(
727 2071 946 2102 obventionibus
960 2067 1134 2107 supradietis,
1153 2067 1186 2098 ὃς
1206 2066 1241 2096 ad

186 2113 283 2143 omnia
296 2112 498 2149 impedimenta
511 2110 648 2149 tollenda,
668 2111 767 2148 quibus
784 2110 891 2140 sublatis
903 2109 1022 2139 decimae
1036 2118 1069 2138 ac
1090 2106 1243 2137 obventio-

187 2160 236 2180 nes
258 2150 321 2187 ipsae
342 2150 449 2180 facilius
469 2150 638 2186 habeantur,
655 2148 752 2178 eadem
769 2148 892 2178 Ecclesia
904 2147 1027 2187 vigilavit
1041 2144 1190 2182 haetenus,
1208 2145 1241 2175 ὃς

185 2189 310 2219 laborare
321 2198 380 2218 non
397 2188 510 2224 desinit,
529 2198 561 2217 ac
577 2186 728 2218 successive
743 2196 883 2224 oportuna
901 2185 987 2216 studia
1000 2186 1033 2216 ὃς
1056 2184 1165 2213 labores
1189 2184 1244 2212 im-

186 2227 301 2266 pendit,
319 2227 419 2257 tibi&
434 2226 556 2264 ejusdem
569 2234 650 2255 terrae
665 2225 766 2255 sancite
783 2226 898 2263 negotio
922 2224 957 2253 de
979 2232 1032 2260 eo,
1051 2221 1128 2260 quod
1147 2221 1181 2251 ad
1202 2222 1244 2257 ip-

188 2266 240 2296 sius
257 2275 355 2296 manus
368 2264 502 2295 Ecclesiae
515 2264 582 2294 inde
595 2265 771 2302 pervenerit,
776 2264 853 2302 juxta
868 2264 923 2294 suae
937 2261 1118 2301 possibilitatis
1130 2261 1244 2299 exigeti-

187 2305 271 2342 tiam,
286 2312 317 2334 ut
331 2303 506 2342 praedicitur,
525 2303 674 2342 provisura.

228 2342 317 2383 Super
331 2352 367 2372 eo
380 2345 470 2380 vero,
489 2342 567 2379 quod
582 2343 652 2379 petis
664 2341 700 2372 de
715 2341 853 2372 solutione
865 2340 963 2370 residui
979 2339 1100 2369 decimae
1114 2337 1224 2376 Angliae
1234 2361 1243 2374 ,

190 2381 312 2420 Scotiae,
328 2380 443 2411 VValliae
453 2391 486 2410 ac
500 2380 650 2417 Yberniae,
669 2381 697 2409 in
711 2381 842 2417 proximo
859 2379 932 2409 festo
945 2379 1017 2408 beati
1027 2377 1163 2415 Johannis
1177 2375 1249 2412 Bap-

189 2419 263 2451 tistae
276 2418 446 2457 praestanda,
464 2419 514 2448 tibi
531 2419 618 2447 taliter
632 2418 831 2458 respondemus
840 2442 849 2455 ,

227 2458 337 2497 Qiod,
355 2457 420 2487 licet
436 2467 489 2487 nec
505 2456 639 2493 sciamus,
658 2466 712 2485 nec
727 2456 818 2486 adhuc
839 2456 907 2486 scire
928 2452 1064 2492 possimus
1089 2450 1249 2494 hujusmodi

189 2496 290 2527 residui
308 2496 505 2533 quantitatem,
524 2505 591 2525 cum
606 2494 643 2524 de
657 2494 712 2524 istis
727 2494 830 2524 nullam
848 2504 898 2532 per
918 2503 985 2530 eos,
1003 2492 1102 2530 quibus
1126 2500 1250 2532 comm17

190 2535 223 2565 sit
238 2533 376 2572 Ecclesia,
395 2534 442 2564 vel
455 2534 540 2571 alios,
557 2532 648 2562 adbuc
663 2531 859 2563 certitudinem
873 2532 1040 2567 habeamus,
1057 2538 1153 2559 tamen
1166 2536 1250 2566 parati

191 2573 285 2603 sumus
309 2573 444 2610 implere,
461 2573 512 2609 &,
530 2570 614 2601 ecce!
635 2570 798 2601 mandamus
827 2579 895 2601 cum
918 2569 1022 2599 effce‘tu
1046 2567 1198 2605 quicquid,
1216 2566 1252 2596 de

197 2611 358 2649 hujusmodi
379 2610 507 2647 residuo,
533 2610 603 2639 inter
627 2617 655 2639 te
677 2611 712 2642 δε
732 2608 885 2639 Ecclesiam
909 2606 1077 2646 promissum
1099 2607 1187 2635 extitit
1209 2604 1254 2635 vel

192 2657 387 2687 conventum,
404 2649 473 2685 tibi,
491 2647 540 2678 sub
554 2647 648 2677 modis
671 2648 704 2679 &z
729 2646 939 2678 conditionibus
962 2645 1108 2683 appositis,
1125 2645 1154 2674 in
1177 2653 1251 2684 prze—

190 2687 250 2719 fato
268 2688 391 2718 termino
407 2687 527 2717 totaliter
540 2685 694 2724 adimpleri.

231 2725 404 2756 Petitioneni
418 2735 489 2756 vero
502 2734 579 2755 ruarii
588 2748 597 2762 ,
614 2723 650 2754 de
662 2723 774 2754 decima
787 2722 980 2754 Cisterciensis
993 2721 1116 2760 ordinis,
1129 2719 1254 2758 praeteri·

193 2765 215 2795 ti
231 2766 366 2802 temporis
381 2762 425 2794 sex
438 2772 578 2795 annorum
587 2787 597 2800 ,
610 2763 726 2801 qualiter
741 2772 810 2793 cum
824 2761 930 2793 effe&u
946 2760 1080 2799 poffimus
1095 2759 1254 2797 admittere,

193 2813 254 2834 non
271 2803 414 2834 videmus:

229 2840 308 2872 Cum
330 2841 366 2871 de
386 2839 440 2882 ipsa
457 2839 588 2878 decima,
607 2849 670 2878 quae
690 2842 719 2871 in
740 2847 856 2871 centum
879 2838 990 2870 milibus
1010 2837 1143 2867 librarum
1156 2835 1255 2865 Turo-

195 2880 324 2910 nensium
337 2880 389 2910 fuit
404 2878 521 2919 gratiose
535 2886 638 2917 taxata,
656 2879 696 2909 nil
711 2878 802 2909 adhuc
816 2879 852 2908 ab
866 2877 990 2908 Ecclesia
1007 2876 1038 2906 sit
1053 2876 1182 2905 habitum
1207 2870 1254 2903 vel

196 2926 361 2956 receptum,
379 2918 413 2948 ὃς
436 2917 544 2955 ipsum,
562 2918 626 2947 licet
650 2928 711 2948 non
733 2917 880 2955 habitum,
897 2915 943 2946 sed
965 2916 1117 2953 speratum,
1143 2912 1184 2943 est
1202 2922 1254 2949 pro

198 2957 313 2994 Galeis‚
327 2958 386 2995 jam
410 2954 497 2985 missis
532 2957 566 2986 &
588 2955 823 2995 transmitteiidiS,
838 2965 891 2994 pro
915 2953 996 2993 ipsius
1016 2962 1097 2984 terrae
1117 2950 1255 2988 subsidio,

198 2994 358 3025 necessitate
371 2979 561 3033 urgentissimfi
575 2993 749 3031 deputatum.

233 3032 281 3063 Ut
297 3041 391 3062 autem
405 3030 626 3071 crucesignatos,
645 3033 693 3070 qui
712 3031 889 3070 personaliter
906 3032 934 3062 in
950 3039 1032 3061 terrae
1047 3029 1151 3060 sanstae
1172 3026 1256 3058 subfi-

195 3070 277 3101 dium
291 3070 465 3101 transfretare
478 3078 628 3108 tenentur,
644 3070 679 3101 ad
692 3071 720 3102 id
742 3071 906 3102 auctoritate
926 3068 1080 3108 apostolica
1103 3065 1256 3104 compella-

196 3119 274 3140 mus:

234 3147 304 3178 Nos
318 3172 327 3185 ,
354 3146 423 3177 sicut
440 3146 548 3177 dudum
569 3146 620 3177 tibi
641 3146 816 3187 obtulimus,
842 3146 880 3178 sic
900 3156 960 3178 nori
981 3154 1088 3185 paratos
1108 3142 1256 3175 offerimus

196 3187 371 3224 compellere
405 3195 456 3215 uos
471 3186 606 3222 temporis
622 3184 733 3223 qualitas
747 3188 780 3217 ὃς
794 3186 918 3225 ipsorum
937 3186 1067 3216 conditio
1087 3183 1257 3218 suadebunt,

197 3227 232 3254 ac
255 3225 310 3262 ipsa
332 3224 393 3254 Ecc
405 3224 456 3254 esia
480 3223 610 3261 expedire
629 3222 729 3254 viderit
753 3223 981 3263 compellendos:
1001 3221 1077 3261 Sed,
1094 3231 1159 3252 ante
1180 3219 1256 3250 istius

199 3262 402 3300 compulsionis
421 3261 566 3300 edictum,
584 3260 686 3291 decere
707 3270 834 3299 putamus
854 3264 887 3294 ὃς
910 3270 1090 3302 congruum,
1116 3269 1152 3290 ne
1170 3267 1254 3288 tanta:

201 3300 372 3331 multitudini
388 3300 533 3339 illudatur,
545 3310 582 3330 ne
597 3309 630 3330 ex
646 3300 704 3330 hoc
718 3300 820 3338 aliquid
835 3300 970 3331 Ecclesia„=
984 3295 1257 3338 impingatur,quod

201 3347 273 3369 tanta
287 3338 418 3369 habeatur
431 3338 572 3368 certitudo
586 3337 713 3377 passagii,
733 3338 810 3376 quod
824 3339 1006 3379 crucesignati
1019 3337 1123 3376 possint
1136 3337 1181 3374 spe
1189 3345 1250 3365 cer—

202 3377 231 3408 ta
250 3376 350 3407 sentire
373 3385 485 3414 tempus
503 3377 537 3407 &
559 3377 678 3414 locum,
696 3376 725 3405 in
747 3386 805 3414 quo
826 3377 859 3408 &
876 3377 910 3408 ad
933 3387 1019 3415 quem
1033 3377 1154 3407 debeant
1168 3383 1256 3405 trans-

202 3416 406 3485 igetaregfialtin
427 3415 490 3445 alias
509 3415 543 3445 &
565 3414 614 3452 ipsi
636 3413 756 3453 passagio
763 3437 774 3453 ,
791 3415 825 3446 &
847 3416 1041 3456 crucesignatis
1062 3414 1197 3445 omnibus
1212 3413 1254 3443 vi-

224 3463 315 3484 eretur
330 3464 338 3483 i
399 3463 414 3482 i.

243 3491 335 3531 Qiod
355 3493 442 3530 vero,
462 3498 493 3522 ut
510 3490 632 3530 legatum
653 3489 690 3520 de
708 3490 834 3522 fratribus
854 3491 973 3530 nostris,
991 3501 1044 3532 pro
1057 3491 1136 3532 ipsius
1155 3490 1256 3520 Terrae

207 3532 343 3568 negotio,
364 3529 546 3570 deputemus,
562 3529 602 3559 fic
623 3528 721 3559 sentire
742 3538 771 3560 te
792 3529 942 3569 volumus,
967 3530 1064 3569 quod,
1081 3531 1150 3560 cum
1172 3528 1259 3569 pafla-

204 3572 286 3611 gium
307 3577 389 3599 tuum
410 3568 570 3598 senserimus
589 3575 791 3605 praeparatum,
807 3567 842 3599 &
866 3568 1005 3608 Legatum
1028 3569 1117 3606 ipsum
1130 3577 1262 3607 congruo

207 3607 299 3639 modo
312 3608 446 3645 petitum,
463 3607 586 3643 aliquem
598 3605 634 3636 de
645 3605 771 3636 fratribus
786 3606 905 3646 nostris,
922 3606 968 3638 vel
981 3607 1067 3637 alium
1080 3605 1114 3636 ad
1133 3606 1190 3636 lioc
1210 3605 1260 3636 de-

207 3647 385 3685 putabimus,
403 3653 487 3682 prout
499 3644 557 3675 Dei
572 3646 605 3676 ὃς
620 3643 701 3682 ipsius
715 3642 850 3674 Ecclesiae
862 3644 986 3682 honori,
1005 3645 1038 3676 &
1059 3654 1139 3676 terrae
1158 3644 1261 3675 sandiae

209 3695 231 3715 n
266 3686 344 3722 otio,
360 3683 560 3715 deliberatione
573 3681 707 3721 provida,
723 3682 883 3712 videbimus
897 3683 1034 3721 expedire.

280 3734 296 3754 e
308 3731 418 3760 autem,
435 3730 466 3752 ut
481 3721 618 3759 postulas,
635 3721 670 3751 &
682 3729 784 3750 omnes
797 3719 918 3750 Barones
927 3744 937 3759 ,
949 3722 982 3752 &
997 3721 1120 3752 Nobiles
1129 3744 1138 3760 ,
1148 3731 1182 3751 ac
1200 3720 1263 3751 Mi-

209 3761 286 3800 lites,
303 3763 336 3793 &
350 3762 434 3799 aliOS,
453 3761 501 3797 qui
514 3768 612 3790 tecum
624 3760 654 3788 in
670 3766 750 3789 terrae
763 3757 866 3788 sanctae
879 3759 1027 3790 subsidium
1040 3760 1263 3797 transfretabunt,

200 3799 242 3828 ¹in
262 3799 422 3838 apostolicae
441 3798 509 3829 sedis
528 3797 740 3835 protectionem
759 3797 794 3826 &
807 3797 940 3835 gratiam,
958 3807 1021 3833 quae
1035 3797 1132 3828 Cruce
1155 3798 1264 3838 signatis

213 3845 247 3866 ex
261 3838 337 3868 causa
351 3836 510 3877 hujusmodi
523 3837 582 3866 fieri
598 3835 666 3865 solet·
680 3836 714 3866 δε
728 3835 848 3873 congrui
856 3834 1060 3872 ,favorabiliter
1068 3836 1265 3875 admittemu83

253 3874 300 3905 Ad
312 3876 375 3907 haec
389 3877 457 3906 scire
472 3884 501 3905 te
515 3875 662 3910 volumus,
681 3872 720 3902 fili
733 3871 885 3910 cariffime,
903 3874 936 3903 δε
952 3873 1092 3904 attendere
1106 3874 1266 3914 diligenter,

215 3922 283 3943 narn
297 3914 331 3943 &
346 3923 398 3944 nos
408 3914 554 3981 dilffemer
568 3911 734 3943 attendimus
748 3910 827 3949 quod
839 3921 900 3941 non
913 3910 931 3930 ⁵*
953 3911 1074 3942 vidimus
1083 3935 1093 3950 ,
1110 3922 1172 3942 non
1185 3913 1265 3944 vide-

215 3960 295 3988 mus,
312 3961 373 3981 non
386 3954 446 3982 inte
465 3953 571 3982 eximus
587 3960 641 3981 nec
655 3949 781 3980 audimus
798 3950 930 3986 cuiquam
952 3948 983 3978 R
1037 3960 1068 3980 m
1089 3950 1135 3980 vel
1156 3950 1267 3982 Princi-

215 3997 285 4027 pum
299 3991 422 4019 nominis
436 3989 603 4027 Christiani,
621 3989 704 4018 etiam
718 3997 772 4024 pro
787 3987 833 4017 tali
848 3987 984 4024 negotio,
1012 3998 1038 4018 ic
1050 3987 1214 4027 liberaliter,
1227 3990 1267 4020 sic

212 4025 320 4064 effuse,
340 4027 377 4059 sic
391 4027 553 4068 affluenter,
565 4029 597 4060 &
613 4026 743 4059 habunde
755 4026 925 4059 subventum
938 4024 1020 4056 fuiffe
1033 4026 1068 4056 ab
1082 4025 1208 4058 Ecclefia
1222 4028 1268 4059 vel

1246 134 1726 180 PUBLICA.
2243 149 2293 189 77

1248 220 1410 260 p‘rovisum;
1432 222 1530 265 quod,
1548 224 1596 254 etii
1610 226 1662 255 tuis
1675 224 1810 262 praeclaris
1825 225 1930 256 meritis
1943 224 2030 264 digne
2043 223 2142 255 cedere
2161 219 2388 260 videatur-,Anii
2398 221 2440 251 D5

1248 269 1308 289 non
1329 270 1422 290 tamen
1438 285 1448 298 ,
1474 264 1538 304 line*
1553 264 1833 293 murmurrationibus
1856 265 1889 294 &
1911 263 2143 294 oblocutionibus
2165 261 2302 299 plurimo·
2338 268 2422 298 1291.

1247 307 1328 335 rum,
1344 298 1451 328 faitum
1464 308 1602 338 arguitur,
1620 302 1668 338 qui
1684 300 1720 331 de
1735 310 1791 332 tarn
1807 300 1892 332 effusa
1905 302 2028 339 largitate
2040 302 2185 332 mirantur.
2309 299 2376 326 Edv.
2400 308 2422 325 ι-

1282 372 1350 417 Dat.
1367 373 1474 417 Romae
1489 375 1561 414 apud
1576 375 1708 407 Sanctam
1725 376 1846 408 Mariam
1862 377 2005 417 Majorem
2018 376 2142 408 secundo
2156 374 2224 406 Idus
2244 374 2298 405 Fe-

1244 411 1364 449 bruarii,
1382 411 1566 443 pontificatus
1580 413 1668 444 nostri
1682 425 1757 445 anno
1772 424 1879 453 quarto.

1907 492 1960 521 Sub
1971 492 2025 533 filo
2042 491 2166 522 canabeo.

1414 618 1461 648 De
1475 618 1602 664 passagio
1624 622 1654 650 in
1668 619 1797 650 Terram
1807 617 1946 662 sanilam
1955 617 2133 663 festinando.

1255 698 1444 758 NIcolaus
1459 698 1629 745 Episcopus,
1649 701 1740 732 servus
1756 701 1899 733 servorum
1917 702 1989 740 Dei,
2009 702 2147 732 carissimo
2162 703 2191 732 in
2207 702 2308 733 Chris·
2319 695 2393 728 Alm-
2406 695 2447 727 D·-

1347 747 1379 767 to
1393 738 1451 782 filio
1465 738 1613 782 Edvaido,
1634 739 1707 779 Regi
1721 740 1834 778 Angliae
1849 740 1966 779 illustri,
1984 740 2099 770 salutem
2111 743 2144 771 ὃς
2160 740 2308 778 Apostoli·
2340 745 2423 774 1291.

1256 784 1319 805 cam
1333 776 1571 807 benedid'tioiiem.
1965 802 1968 804 v
2317 779 2369 802 ΑΛ·
2389 785 2432 809 ¹9·

1293 812 1511 857 Novittanimus
1526 816 1747 855 Magnificentice
1760 825 1833 854 tuae,
1850 817 1927 848 velut
1939 816 1994 847 fide
2012 817 2148 854 devotus,
2169 817 2203 847 &
2223 826 2310 854 opere
2321 818 2348 841 Ε-
2373 823 2396 840 1·

1256 850 1374 881 tendens
1390 862 1419 895 iii
1435 853 1575 883 servitium
1592 854 1679 893 Regis
1692 856 1803 892 aeterni,
1822 855 1900 892 quod
1914 865 1986 893 opus
2010 855 2066 885 Dei
2085 865 2145 884 non
2167 863 2311 892 acceptat,
2323 856 2359 878 Ex
2376 854 2433 877 Aua

1258 899 1318 918 non
1333 898 1430 932 quaerit
1443 891 1517 934 tarda
1533 892 1697 930 molimina,
1718 893 1763 922 sed
1778 893 1811 922 ad
1825 893 1962 923 effectum
1984 892 2126 931 finemque
2148 893 2312 922 laudabilem
2321 898 2386 925 ‘vg'-

1258 928 1382 970 exposcit
1393 928 1606 971 sollicitudinem
1618 931 1748 969 vigilem,
1766 939 1899 962 attentam
1912 931 2098 970 diligentiam,
2116 932 2149 962 δε
2173 932 2314 968 prompti-

1256 966 1384 995 tudinem
1398 967 1568 997 indelessam.

1298 1003 1336 1032 Et
1355 1004 1429 1048 hoc,
1447 1004 1485 1034 fili
1503 1005 1659 1044 carissime,
1678 1008 1727 1037 tibi
1751 1008 1937 1044 proponimus
1959 1007 2032 1044 quasi
2045 1007 2094 1036 sub
2110 1007 2157 1045 spe
2170 1006 2262 1045 dulci,
2280 1008 2314 1038 &

1261 1041 1418 1071 delcetabili
1435 1042 1554 1081 fiducia,
1571 1043 1607 1074 de
1621 1053 1678 1074 tuce
1691 1044 1872 1075 Sublimitatis
1889 1044 1990 1074 fiducia
2003 1045 2165 1082 constituti,
2183 1054 2213 1076 ut
2235 1047 2318 1084 cogi-

1262 1088 1352 1110 tatum
1371 1089 1453 1111 tuum
1470 1105 1479 1118 ,
1502 1082 1635 1119 jactatum
1656 1084 1686 1112 in
1708 1082 1842 1112 Domino
1865 1084 1898 1113 ὃ(
1920 1092 2070 1120 erumpens
2090 1084 2118 1112 iii
2142 1084 2241 1121 flores,
2266 1084 2317 1121 qui

1265 1118 1410 1162 frutff'tuum
1425 1119 1568 1150 bonorum
1583 1120 1800 1150 habundantiam
1813 1121 1852 1150 sui
1867 1121 2001 1157 temporis
2026 1122 2237 1159 repromittant,
2255 1131 2321 1151 orn-1

1265 1165 1416 1200 nipotentis
1434 1158 1519 1196 gratia
1539 1160 1709 1197 comitante,
1727 1169 1798 1197 opus
1819 1159 1933 1197 gloriosi
1954 1159 2112 1188 certaminis
2127 1158 2241 1188 feliciter
2256 1168 2321 1189 exe*

1266 1205 1371 1232 quatis:

1305 1233 1351 1264 Ut
1365 1242 1457 1264 autern
1471 1245 1518 1273 ea,
1537 1244 1601 1273 qiiae
1614 1235 1764 1273 Domino,
1783 1236 1816 1266 &
1831 1236 1941 1266 nomini
1957 1235 2032 1272 ejus,
2049 1235 2082 1265 ὃς
2121 1233 2215 1271 loriae,
2233 1235 2248 1263 {i
2269 1244 2323 1272 po-

1265 1270 1334 1308 pulo
1352 1270 1475 1302 fidelium
1487 1273 1663 1312 offeruntur,
1682 1284 1758 1304 curae
1772 1273 1876 1304 nostrae
1890 1270 2039 1303 commissa
2055 1272 2109 1302 fide
2120 1274 2170 1302 iter
2191 1275 2321 1311 agnosca-

1268 1319 1330 1340 mus
1336 1322 1348 1353 5
1368 1310 1500 1341 nolumus
1514 1320 1591 1341 tuam
1606 1312 1687 1343 latere
1702 1312 1877 1350 prudentiam
1896 1311 1990 1349 quod,
2008 1311 2073 1341 licet
2092 1311 2160 1349 tibi,
2177 1319 2323 1348 tamquam

1268 1347 1343 1387 Regi
1366 1347 1538 1392 Catholico,
1555 1352 1588 1381 &
1610 1350 1668 1380 filio
1689 1350 1869 1388 praedilecto,
1888 1352 1922 1381 &
1948 1350 2043 1379 zelum
2056 1349 2168 1380 habenti
2182 1349 2323 1379 sincerum

1268 1385 1302 1428 ad
1325 1396 1473 1431 negotium
1495 1388 1594 1418 Terrae
1614 1389 1730 1427 sanetae,
1750 1397 1826 1426 parte
1848 1389 1994 1426 praeteritae
2016 1387 2137 1418 decimae
2144 1388 2203 1426 jam
2217 1387 2322 1418 tibias-

1271 1426 1389 1468 iignata,
1408 1425 1540 1456 faciamus
1555 1427 1588 1457 &
1602 1427 1715 1457 alteram
1726 1427 1871 1466 assignari,

1309 1463 1338 1493 Si
1351 1471 1462 1507 tamen,
1481 1464 1559 1502 quod
1571 1465 1655 1503 absit,
1674 1466 1751 1502 quod
1766 1467 1816 1504 ὃς,
1833 1464 1977 1495 miserante
1993 1464 2143 1502 Domino,
2162 1464 2326 1495 abfuturum

1273 1500 1430 1541 speramus,
1449 1502 1532 1540 illud,
1552 1503 1628 1540 quod
1644 1504 1730 1534 offers
1745 1512 1773 1535 te
1788 1504 1824 1533 de
1846 1503 2040 1541 passagio,tuo
2057 1503 2214 1539 fasturum,
2229 1511 2263 1532 ex
2282 1505 2326 1533 tui

1271 1540 1350 1570 causa
1372 1541 1417 1570 vel
1435 1541 1585 1584 occasione
1603 1541 1734 1573 deficeret
1746 1566 1755 1579 ,
1790 1542 1915 1572 Ecclesia
1933 1542 2072 1581 negligere
2091 1541 2136 1571 vel
2157 1540 2326 1571 diffimulare

1272 1588 1336 1622 non⁴
1347 1579 1454 1616 posset,
1474 1589 1542 1617 quin
1556 1579 1783 1619 prosequeretur,
1801 1582 1835 1611 ὃς
1846 1589 1954 1617 ageret,
1971 1588 2055 1617 prout
2069 1580 2094 1609 ei
2113 1579 2207 1610 liceret
2226 1590 2258 1610 ac
2279 1588 2329 1610 ex-

1274 1616 1380 1661 pediret
1392 1627 1427 1660 ex
1441 1618 1542 1657 pactis,
1560 1619 1632 1648 inter
1646 1619 1730 1657 ipsam
1745 1621 1778 1650 δε
1791 1628 1818 1650 te
1832 1618 1976 1649 manifesta
1990 1619 2098 1648 ratione
2112 1619 2261 1648 conventis
2270 1640 2279 1655 ,

1313 1654 1351 1685 Et
1365 1655 1442 1692 alifis,
1461 1657 1531 1686 cum
1546 1655 1703 1694 hujusmodi
1717 1666 1773 1687 tarn
1787 1657 1938 1695 pernitioso
1959 1656 2070 1686 defedffl
2091 1656 2201 1686 coelesti
2221 1655 2330 1686 Domi-

1276 1703 1332 1732 no,
1352 1694 1385 1724 &
1405 1694 1505 1724 Terrae
1523 1695 1624 1725 sanc‘tae
1644 1697 1776 1735 negotio,
1803 1695 1996 1734 crucesignatis
2015 1694 2148 1724 omnibus
2168 1695 2201 1725 &
2222 1695 2330 1724 cundio

1275 1732 1384 1774 populo
1405 1732 1558 1763 christiano
1579 1733 1718 1764 videretur
1738 1733 1831 1772 illudi,
1845 1735 1879 1765 &
1903 1734 2041 1771 praeclarae
2054 1734 2094 1762 tui
2108 1732 2193 1772 Regii
2207 1734 2333 1762 nominis

1275 1775 1360 1800 ramae
1375 1780 1512 1809 perpetuo
1524 1771 1660 1810 derogari.

1309 1808 1385 1852 Haec
1405 1810 1441 1840 ita
1462 1809 1520 1840 filio
1544 1809 1684 1841 carissimo
1703 1810 1865 1848 scribimus,
1885 1819 1947 1840 non
1967 1817 1998 1840 ut
2018 1809 2154 1839 movearis
2176 1809 2191 1838 a
2215 1808 2334 1847 fiducia,

1277 1857 1339 1885 quae
1355 1857 1384 1876 iii
1402 1857 1428 1877 te
1443 1847 1483 1877 est
1500 1849 1515 1877 a
1530 1847 1665 1878 Domino
1680 1857 1847 1887 praeparata,
1866 1848 1911 1878 sed
1927 1856 1957 1878 ut
1982 1849 2116 1887 gratiam,
2135 1847 2187 1876 tibi
2208 1847 2337 1884 proposu-

1276 1894 1348 1923 tain,
1366 1887 1398 1917 ὃς
1415 1886 1554 1916 ostensam
1570 1887 1586 1915 a
1603 1886 1720 1918 Christo
1738 1888 1871 1918 Domino
1884 1886 1990 1917 felicius
2004 1886 2181 1924 prosequaris.

1316 1961 1382 1992 Dat.
1403 1962 1511 1993 Romae
1528 1963 1601 2000 apud
1617 1964 1749 1994 Sanctam
1767 1963 1890 1994 Mariam
1904 1962 2046 2002 Majorem
2060 1960 2184 1993 secundo
2198 1960 2264 1991 Idus
2281 1961 2304 1991 F
2305 1971 2334 1992 e-

1277 2001 1395 2040 bruarii,
1413 2000 1596 2032 Pontificatus
1616 2002 1707 2032 nostri
1722 2012 1797 2033 anno
1814 2010 1921 2040 quarto.

1948 2077 2001 2108 Sub
2010 2076 2062 2120 fila
2082 2078 2204 2108 canabeo.

1334 2205 1382 2235 De
1397 2202 1531 2235 translatu
1552 2205 1588 2240 ὠ
1610 2200 1847 2235 conventionibus
1867 2204 1944 2233 inter
1960 2203 2050 2245 Reges
2065 2200 2222 2246 Aragoniae
2240 2202 2278 2237 (j-

1497 2251 1601 2284 Siciliae
1618 2263 1720 2283 coram
1738 2252 1825 2296 Regis
1849 2249 1962 2296 Anglia
1979 2250 2117 2281 Nunciis.

1324 2335 1358 2365 N
1375 2335 1506 2366 Nomine
1522 2335 1645 2366 Domini
1661 2334 1766 2365 Amen.
2355 2319 2430 2352 ΑΠΠ·
2445 2318 2486 2351 D·

1355 2374 1602 2405 Convenientibus
1615 2383 1719 2412 nuper,
1735 2374 1764 2402 in
1778 2369 1881 2403 Castro
1891 2367 2110 2408 Tarasconensi,
2357 2370 2432 2429 Alua9¹
2437 2369 2456 2433 19
2454 2383 2468 2426 .-

1323 2452 1423 2483 Illustri
1439 2455 1520 2491 viro,
1537 2456 1652 2483 Domino
1667 2452 1786 2492 Karolo,
1804 2456 1872 2490 Rege
1888 2449 2003 2482 Siciliae:
2354 2443 2383 2466 Ε·
2408 2448 2433 2465 ¹·

1322 2491 1532 2568 Etsgtzn-erabili
1555 2492 1635 2522 Patre
1649 2515 1658 2529 ,
1685 2495 1800 2522 Domino
1820 2493 1932 2528 Hugone
1948 2514 1958 2527 ,
1983 2483 2215 2528 Caefizraugustam'
2227 2510 2238 2527 ,
2271 2487 2340 2526 Epi·
2356 2473 2468 2550 ξῗΒΛῙῖ

1324 2538 1532 2598 Εῖιλξοῦἓϋῦυε
1545 2565 1620 2598 Viris
1654 2570 1766 2606 Hugone
1780 2569 1813 2598 de
1825 2567 1907 2597 Podio
1921 2568 1949 2597 V
1949 2566 2028 2604 iridi,
2045 2563 2083 2600 ό·
2360 2560 2428 2590 Penes
2436 2556 2489 2579 θ’·

1323 2607 1474 2636 Raimmla'o
1488 2607 1519 2636 de
1533 2611 1617 2644 Angu
1629 2610 1705 2645 aria,
2362 2600 2452 2619 meras·

1325 2643 1364 2675 Et
1378 2644 1524 2683 Religiosis
1538 2644 1628 2683 Viris,
1648 2648 1747 2674 Fratre
1760 2643 1911 2674 Raimundo
1928 2644 1959 2674 de
1974 2641 2100 2683 Ripellis,
2117 2640 2179 2681 &,‘

1326 2686 1422 2713 Pontio
1438 2682 1577 2723 Praepostto
1593 2682 1752 2724 Celfimenfi,

1327 2724 1471 2762 Maymono
1489 2723 1520 2751 de
1534 2721 1627 2761 Castro
1641 2721 1758 2760 Eulino,
1776 2720 1815 2756 &⁴

1327 2763 1457 2790 Eximim]
1471 2763 1531 2790 Pet.
1551 2763 1582 2789 de
1597 2759 1755 2799 Salanovd,
1774 2756 1930 2790 Militibus:

1328 2798 1478 2828 Guilljelmo
1493 2797 1651 2837 Durfhrtis,
1669 2797 1707 2833 ὠν

1329 2837 1485 2877 Raymuudo
1498 2838 1530 2867 de
1545 2838 1642 2867 Sanblo
1658 2836 1807 2875 Clemente,
1825 2835 2031 2874 Barchinoniae,
2051 2830 2088 2869 ὅτ’
2103 2833 2200 2864 Ilerdae
2216 2829 2344 2863 Civibus:

1328 2875 1435 2915 Jacobo
1449 2876 1480 2905 de
1494 2878 1596 2905 Biania
1608 2879 1737 2905 Canonico
1752 2873 1912 2915 Urgellenst:

1328 2914 1469 2943 Bernardo
1485 2912 1557 2943 Guil.
1577 2915 1609 2942 de
1626 2912 1754 2952 Pinellis,
1772 2913 1810 2949 &-

1294 2986 1297 2987 7
1331 2950 1483 2983 Guillielmo
1499 2953 1531 2981 de
1546 2950 1648 2990 Jafero
1665 2951 1856 2992 Jurzsperitis:

1328 3028 1456 3060 Nunciis
1475 3030 1509 3061 ὃς
1529 3028 1763 3060 Procuratoribus
1786 3027 1912 3059 Domini
1934 3025 2044 3057 Alfonsi
2065 3025 2155 3066 Regis
2177 3023 2218 3056 Ar
2252 3022 2329 3055 oniae

1292 3079 1346 3106 pro
1367 3069 1469 3099 eodem
1492 3066 1626 3097 Domino
1646 3066 1782 3105 Alfonso,
1801 3067 1834 3097 δε
1858 3066 2000 3104 Dompno
2010 3066 2124 3105 Jacobo
2135 3064 2216 3095 fratre
2240 3073 2296 3101 uo,
2313 3046 2348 3091 ad

1292 3107 1479 3137 devotionem
1494 3106 1526 3136 &
1542 3107 1726 3136 reverentiam
1736 3105 1878 3136 Romanae
1892 3103 2027 3134 Ecclesiae
2042 3102 2222 3140 reducendis,
2239 3103 2273 3132 ὃ(
2295 3110 2348 3138 pro

1293 3144 1471 3175 reformanda
1504 3153 1569 3181 ace,
1588 3145 1620 3175 δε
1635 3144 1791 3174 concordia
1805 3142 1980 3179 roboranda,
1994 3144 2066 3173 inter
2082 3142 2169 3179 ipsam
2183 3140 2347 3172 Romanam

1292 3182 1464 3221 Ecclesiam,
1515 3192 1597 3221 egem
1612 3181 1754 3221 Franciae,
1772 3181 1950 3219 eundemque
1965 3180 2078 3220 Regem
2094 3180 2215 3216 Siciliae,
2234 3179 2267 3208 ὃς
2283 3177 2348 3206 Do-

1292 3223 1404 3252 minum
1419 3220 1558 3251 Karolum
1574 3220 1655 3257 ipsius
1672 3221 1689 3239 *
1700 3219 1788 3260 Regis
1802 3220 1926 3250 Franciae
1941 3220 2072 3256 fratrem,
2091 3227 2125 3248 ex
2139 3226 2214 3257 parte
2228 3225 2297 3253 una,
2314 3215 2348 3244 &
2367 3223 2381 3239 a
2390 3223 2494 3257 11502,

1292 3260 1416 3290 eundem
1432 3259 1593 3290 Dominum
1609 3258 1759 3289 Alfonsum
1774 3258 1888 3298 Regem
1904 3258 2055 3296 Aragoniae
2069 3266 2102 3287 ex
2116 3255 2216 3292 altera,

1331 3335 1520 3367 Praesentibus
1536 3344 1649 3373 quoque
1663 3333 1821 3365 Nobilibus
1837 3333 1929 3373 Viris,

1332 3415 1446 3443 Domino
1462 3414 1578 3442 Henrico
1591 3410 1623 3439 de
1636 3409 1722 3450 Lafiy
1737 3413 1837 3441 Camiri·
1850 3405 2029 3449 Lincolnienst
2037 3432 2046 3447 ‚
2064 3404 2102 3443 ό

1334 3452 1449 3481 Domino
1463 3449 1595 3490 Jvhanne
1608 3449 1640 3478 de
1652 3450 1751 3478 SaneJo
1765 3449 1914 3487 Johanne:
2318 3482 2321 3484 v

1334 3489 1372 3520 Et
1392 3489 1515 3520 discretis
1535 3487 1625 3525 Viris,
1645 3486 1801 3526 Magistris,
1820 3487 1953 3525 Jolaanne
1975 3486 2006 3516 de
2026 3485 2112 3524 Lascy
2128 3478 2293 3513 cancellario
2306 3484 2351 3512 Ci-

1333 3523 1700 3604 Gsffibsijff'dffirenfflud
1709 3566 1838 3604 Canonico
1852 3561 2013 3602 Eboracenfi
2021 3573 2030 3591 .-

1334 3643 1462 3674 Nunciis
1475 3639 1585 3671 illustris
1599 3638 1739 3678 Principis
1753 3639 1878 3670 Domini
1898 3637 2045 3675 Edwardi,
2064 3635 2153 3676 Regis
2172 3634 2300 3676 Angiiae,
2317 3634 2352 3666 ad

1299 3682 1363 3712 haec
1375 3680 1524 3720 specialiter
1538 3677 1699 3715 destinatis,
1717 3677 1792 3716 talis,
1810 3686 1840 3707 ut
1855 3677 1991 3715 sequitur,
2010 3677 2082 3706 inter
2095 3673 2218 3705 eundem
2239 3675 2353 3714 Regem

1298 3721 1421 3757 Sicilire,
1439 3720 1472 3748 δε
1487 3716 1615 3755 praefatos
1630 3716 1846 3754 Procuratores,
1865 3717 1898 3746 δε
1913 3715 2047 3745 Nuncios
2058 3713 2187 3752 praediffi
2206 3713 2295 3752 Regis
2315 3713 2355 3742 A‹

1300 3759 1439 3798 ragoniae,
1456 3755 1563 3785 habitus
1578 3754 1620 3784 est
1632 3753 1772 3785 trastatus.

1338 3832 1486 3872 Inprimis,
1506 3829 1602 3869 quod,
1619 3840 1672 3867 pro
1685 3831 1840 3862 reverentia
1854 3828 1980 3860 Domini
1993 3826 2127 3860 nostri&
2142 3827 2211 3859 sedis
2230 3825 2355 3865 Aposto⁴

1302 3873 1381 3911 licie,
1399 3871 1476 3901 idern
1497 3870 1561 3900 Rex
1584 3869 1732 3909 Aragoniae
1751 3870 1907 3906 solempnes
1926 3867 2124 3898 Procuratores
2147 3868 2180 3898 ὃς
2201 3866 2353 3902 Nuncios,

1302 3922 1372 3942 cum
1384 3911 1470 3949 pleno
1483 3909 1516 3938 &
1528 3906 1676 3938 sufficienti
1689 3908 1838 3945 mandato,
1857 3907 1949 3937 mittat
1961 3906 1996 3936 ad
2011 3905 2147 3944 Curiam,
2166 3906 2215 3943 qui
2229 3902 2355 3946 mandata

1303 3950 1386 3988 ipsius
1401 3947 1525 3979 Domini
1538 3945 1623 3983 Papae
1635 3948 1668 3977 &
1682 3945 1816 3977 Ecclesiae
1825 3945 1974 3984 jurabunt,
1993 3945 2026 3976 &
2040 3943 2243 3983 postmodum,
2260 3950 2356 3971 nomi-

1305 4000 1341 4019 ne
1355 3987 1478 4018 Domini
1492 3984 1546 4022 sui,
1584 3983 1706 4015 roferent
1719 3983 1770 4014 ista
1782 3984 1880 4014 verba:
2303 4015 2309 4022 ¹

1346 4026 1427 4058 Pater
1440 4024 1544 4060 sancte,
1573 4022 1613 4054 cit
1627 4021 1723 4061 Deus,
1743 4022 1827 4090 quold
1837 4021 1984 4062 Dom'mus
1997 4019 2093 4053 noster
2107 4027 2254 4058 nunquam
2273 4017 2362 4048 scien-

1811 4059 1824 4069 '
1850 4069 1863 4100 3
2321 4061 2363 4083 ter
