2570 4261
705 210 815 253 ET
898 207 1166 251 ACTA

0 285 71 321 Ann-
86 285 129 318 D·
186 293 219 325 In
241 294 463 337 subsequentibus
480 304 574 328 autern
595 297 707 335 litteris,
728 297 809 327 nobis
829 306 862 327 ex
885 305 959 333 parte
980 296 1057 335 ipsius
1078 294 1118 324 G.
1139 291 1202 330 post

14 334 97 365 1273.
148 332 258 364 dietum
280 337 433 366 terminum
454 336 603 375 assignatis,
621 336 767 366 constituit
781 336 920 372 quendam
936 335 1081 364 Clericum
1094 332 1202 375 Procu-

0 367 61 394 de·
82 373 107 392 ¹·
147 381 268 403 ratorem
286 374 319 404 ad
341 374 426 412 Tria,
445 376 501 404 viz.
524 382 554 403 ut
573 375 744 404 securitatem
765 375 875 413 plenam
913 374 1072 403 &liberam
1087 370 1202 401 faculta-

143 418 203 441 tem
224 413 372 450 omnibus,
389 414 422 443 &
444 412 568 450 singulis,
587 414 634 449 qui
653 413 844 451 detentionem
863 411 961 441 Catule
983 412 1038 440 suae
1051 419 1138 446 tunc,
1155 407 1202 451 vel

144 449 175 479 in
197 450 322 480 futurum
341 450 522 489 susciperent,
578 450 687 480 stularet
703 461 708 479 :
747 449 783 480 Et
803 450 976 479 Citationem
998 451 1013 479 a
1027 449 1108 478 nobis
1121 456 1202 476 emis-

145 486 201 517 sam
219 496 322 525 peteret
344 489 470 518 revocari
486 497 491 516 :
553 498 569 518 c
589 488 729 518 Absentiae
741 489 795 518 suae
806 488 894 518 causas
907 496 1073 527 exponeret,
1091 487 1123 517 &
1138 494 1204 525 pro-

144 526 222 556 baret
257 526 276 555 fi
298 525 370 555 foret
383 527 492 556 forsitan
507 535 707 566 opportunum.

181 548 238 593 Sed
247 564 339 593 dietus
353 563 497 602 Clericus,
516 566 545 594 in
558 565 734 603 quorundam
750 564 876 594 Fratrum
891 564 1069 600 nostrorum,
1088 571 1158 605 quos
1171 559 1205 590 ad

144 601 173 632 id
191 602 401 644 deputavimus,
417 603 549 641 presentia
569 602 755 641 constitutus,
773 612 896 642 patenter
915 603 1025 633 afferuit
1036 600 1205 642 praedictum

143 640 308 670 mandatum
321 644 347 670 ie
361 641 436 671 nolle
451 641 598 678 suscipere,
615 643 757 671 securitate
773 651 825 678 pro
839 642 882 679 se,
895 651 927 671 ac
941 640 1086 677 universis,
1104 640 1136 669 ἀ
1153 642 1207 667 iin-

144 678 216 716 gulis
230 687 420 709 memoratum
433 679 473 709 G.
493 678 640 709 defendere
654 680 877 718 quandocunque
892 679 1066 715 volentibus,
1084 686 1206 716 quorum

145 717 289 746 neminem
313 718 456 747 nominare
473 718 579 755 voluit,
606 728 665 747 non
685 719 835 755 concessa,
863 727 946 755 quam
967 719 1031 747 licet
1051 721 1087 745 lic
1107 723 1206 753 vagam

146 764 207 785 nori
228 755 461 793 concesserimus,
479 756 548 786 sicut
568 766 621 786 nec
635 756 722 786 fuerat
734 756 933 793 concedenda,
947 755 1099 785 obtulimus
1113 762 1207 782 tamen

145 793 214 832 sibi,
230 795 264 825 &
285 794 399 832 publice
418 793 536 823 fecimus
556 795 737 832 proclamari,
752 795 827 833 quod
843 795 861 824 13
877 795 959 824 vellet
974 794 1045 833 ipse,
1061 792 1106 822 vel
1119 792 1209 830 quivis

145 831 212 862 alius
242 841 294 871 pro
314 832 394 862 dieto
416 831 554 862 Guidone
575 833 676 870 aliquid
699 833 812 872 allegare
826 855 836 870 ,
870 834 1019 871 benignam
1038 830 1207 861 audientiam

144 869 344 908 praestaremus,
1143 906 1148 910 .

183 907 219 937 ln
238 908 348 946 reliquis
370 919 453 948 vero,
472 910 505 940 &
519 909 622 939 ultimis
634 911 742 947 litteris,
761 908 930 939 inficiatione
944 908 1055 945 delicti,
1073 907 1206 948 petitione

147 946 295 977 securitatis
316 957 367 984 pro
385 948 464 978 dic'lo
486 949 567 978 fratre
589 948 654 987 suo,
673 948 781 988 querela
803 948 838 978 de
857 948 912 984 ipla
934 947 1067 986 petitione
1081 946 1208 987 primitus

145 994 206 1015 non
225 984 358 1024 admista,
375 987 408 1017 &
430 987 565 1016 delatione
587 987 686 1017 Causae
700 987 732 1016 ad
746 988 870 1016 futurum
884 985 1060 1025 Consilium,
1076 982 1208 1012 similibus

145 1025 283 1064 repetitis,
302 1024 329 1054 se
351 1026 380 1054 iri
392 1025 574 1064 denegatione
606 1026 727 1055 etitionis
740 1026 837 1062 ipsius,
856 1026 884 1053 in
900 1034 936 1053 eo
949 1023 1026 1062 quod
1041 1021 1107 1051 falso
1121 1029 1208 1061 noto-

145 1063 219 1092 rium
237 1063 267 1092 iri
287 1063 385 1094 eadem
408 1062 497 1094 Curia
514 1064 568 1094 effe
602 1065 709 1102 icebat3
727 1063 803 1102 quod
817 1063 850 1092 ad
864 1063 1054 1098 voluntatem,
1070 1061 1103 1090 &
1117 1060 1209 1102 conli-

144 1100 215 1130 lium
238 1100 306 1131 dieti
328 1101 414 1141 Regis
436 1102 546 1141 Angliae
565 1103 594 1133 in
613 1103 695 1132 causa
717 1102 762 1132 sua
782 1101 958 1139 proceditur,
974 1101 1007 1130 &
1030 1097 1106 1136 quod
1121 1105 1209 1140 poma

146 1137 290 1169 Citatione
311 1149 426 1171 vocatus
444 1142 535 1172 extitit
556 1142 590 1171 ad
604 1140 764 1171 sententiam
779 1139 963 1175 audiendam,
980 1137 1112 1176 quodque
1126 1144 1209 1176 nimis

0 1174 64 1203 '11·
81 1182 109 1209 7-
146 1177 238 1208 brevis
256 1179 391 1208 terminus
411 1181 498 1210 fuerat
515 1178 674 1219 affignatusz,
693 1179 712 1198 *³
728 1180 761 1209 ὃς
774 1178 837 1215 illis,
854 1179 901 1216 qui
915 1177 1018 1218 vellent
1032 1184 1098 1218 eum
1113 1173 1210 1203 deren-

145 1216 212 1246 dere
249 1217 376 1247 securitas
394 1218 544 1258 denegata:
582 1218 709 1248 Necnon
730 1218 763 1247 ὃς
777 1217 839 1255 quia
849 1224 977 1254 tempore
989 1218 1085 1243 feriato
1097 1220 1211 1255 proces·

147 1255 179 1286 sit
202 1239 328 1294 ditatio,
351 1257 381 1286 in
402 1266 460 1297 quo
475 1280 485 1295 ,
512 1255 648 1293 dicebat,
671 1256 823 1293 sanguinis,
841 1255 873 1284 ὃς
895 1254 1032 1283 atrocium
1053 1252 1208 1293 criminum

146 1293 237 1324 causas
259 1304 319 1323 nori
339 1294 439 1325 debere
452 1295 578 1333 tractari,
596 1294 623 1324 se
637 1294 753 1324 afferens
766 1292 821 1322 eise
835 1300 997 1331 gravatum,
1014 1290 1084 1320 infra
1098 1288 1209 1327 scriptas

146 1332 237 1362 causas
251 1332 381 1362 absentiae
396 1333 532 1372 allegavit.

183 1370 284 1401 Primo
317 1372 396 1410 quia,
413 1381 443 1401 ut
457 1371 584 1408 dicebat,
602 1370 699 1400 citatus
712 1369 764 1399 fuit
779 1369 812 1398 ad
828 1369 925 1399 locum
939 1378 998 1397 non
1016 1374 1111 1410 tutum
1131 1373 1137 1394 z

184 1394 336 1447 Secundo,
355 1410 417 1447 quia
437 1409 528 1439 dictus
549 1409 613 1439 Rex
626 1408 737 1447 Angliae
750 1408 820 1438 viius
831 1408 882 1438 fuit
895 1408 1002 1446 aliquos
1015 1404 1163 1441 inducere,
1178 1410 1209 1433 ut

145 1457 213 1478 eum
227 1448 388 1478 occiderent
403 1449 431 1478 iri
446 1446 542 1478 nostra
557 1446 647 1477 Curia
660 1446 848 1477 constitutum
868 1455 874 1475 :

183 1487 288 1516 Tertio
302 1509 312 1525 ,
354 1487 395 1516 uia
414 1486 488 1516 idem
511 1486 576 1515 Rex
595 1485 708 1526 publice
729 1485 754 1514 ie
772 1485 884 1524 jaetavit
900 1508 909 1522 ,
932 1482 1012 1525 quod
1034 1482 1088 1520 ipse
1109 1480 1209 1525 Guido

147 1535 290 1563 nunquam
312 1534 328 1554 e
353 1524 446 1564 ugeret
469 1534 565 1554 manus
578 1524 652 1562 suas,
670 1524 689 1553 si
705 1532 803 1553 terram
816 1523 913 1553 Soceri
926 1523 1077 1559 iuiexiret3
1096 1522 1128 1552 ὃς
1143 1521 1210 1563 dixit

147 1564 261 1602 publice
275 1572 371 1593 coram
387 1564 496 1601 multis,
516 1563 593 1600 quod
608 1572 726 1593 omnem
745 1562 935 1599 securitatem,
954 1560 987 1591 ad
1002 1561 1059 1590 hoc
1075 1558 1152 1599 quod
1168 1569 1210 1596 ip-

146 1602 208 1632 sum
221 1601 379 1640 occideret,
393 1603 526 1632 violaret:

185 1640 319 1679 Qiarto,
336 1640 414 1680 quod
438 1640 503 1670 Rex
525 1639 580 1679 ipse
601 1649 649 1677 per
664 1639 705 1677 se,
720 1649 753 1669 ac
765 1639 827 1670 suos
840 1639 978 1678 fautores,
996 1638 1076 1675 ipsius
1092 1635 1209 1667 Guido-

145 1679 186 1709 nis
203 1680 350 1717 inimicos,
367 1679 505 1718 pendente
518 1679 668 1715 citatione,
686 1677 821 1708 hostiliter
836 1679 933 1708 invasit
945 1678 1067 1708 eundem
1088 1685 1093 1705 :
1144 1713 1154 1718 „

185 1717 299 1756 Qiinto
313 1740 323 1756 ,
349 1718 413 1756 quia
431 1717 572 1747 evidenter
594 1717 620 1746 se
640 1717 807 1756 'comperiise
830 1718 940 1747 dicebat
953 1740 962 1755 ,
985 1716 1061 1754 quod
1080 1719 1208 1752 praetatus

144 1754 210 1786 Rex
225 1755 359 1794 quosdam
375 1755 518 1784 familiares
532 1754 592 1784 suos
606 1763 779 1794 corruperat,
797 1764 827 1785 ut
841 1756 930 1795 ipsum
943 1755 1123 1790 occiderent,
1141 1753 1173 1783 &
1188 1752 1208 1782 si

144 1793 354 1833 progrederetur
373 1794 407 1824 ad
427 1792 545 1823 Curiam
558 1816 568 1832 ,
587 1793 702 1832 Castra,
723 1804 785 1832 quae
805 1794 880 1824 idem
899 1794 940 1824 G.
962 1801 1056 1830 tenet,
1075 1790 1209 1829 promise-

143 1840 208 1862 runt
222 1831 313 1861 eidem
328 1830 404 1870 Regi
417 1831 540 1870 tradere,
558 1832 604 1862 vel
617 1832 666 1862 suo
680 1833 798 1863 nomine
813 1833 953 1863 detinere:

180 1869 284 1908 Sexto,
303 1870 366 1907 quia
386 1879 556 1900 memoratus
574 1870 638 1900 Rex
662 1870 792 1910 Angliae,
808 1873 939 1901 citatione
958 1869 1113 1909 pendente,
1130 1877 1207 1898 exer-

96 1943 99 1946 ,
144 1909 254 1952 citum,
279 1918 347 1939 curn
366 1918 425 1949 quo
447 1909 537 1948 ipsum
560 1908 728 1939 Guidonem
750 1911 882 1950 proponit
902 1909 1049 1947 invadere,
1073 1916 1207 1946 praepara-

143 1957 184 1979 vit
202 1958 209 1976 ε

180 1986 322 2027 Septimo,
342 1988 406 2025 quia
425 1987 501 2018 idem
524 1987 624 2018 Guido
645 1988 660 2017 {1
681 1987 811 2027 saepefato
830 1986 913 2026 Rege
934 1985 1064 2025 Anglise,
1082 1995 1114 2015 ac
1133 1983 1206 2021 aliis,

140 2025 202 2056 tota
221 2025 267 2056 sua
288 2026 439 2057 substantia
459 2026 605 2065 spoliatus,
620 2027 798 2066 compellitur
819 2026 908 2056 nudus
929 2024 1062 2064 congredi
1084 2032 1151 2053 cum
1166 2032 1207 2065 ar7

139 2065 239 2102 matis,
257 2063 292 2094 de
313 2065 398 2095 causis
416 2070 510 2095 autern
531 2064 707 2103 hujusmodi,
724 2065 814 2095 dictus
833 2064 873 2094 G.
890 2074 950 2102 eas,
968 2073 1031 2103 quae
1053 2061 1207 2092 defensioni

140 2102 196 2133 suae
210 2101 388 2140 sufficerent,
405 2103 432 2133 se·
444 2103 546 2133 obtulit
562 2104 751 2141 probaturum.
1136 2138 1141 2143 ¹

179 2141 253 2171 Sane
270 2142 432 2180 petitiones,
455 2141 659 2180 excusationes,
681 2142 866 2181 obligationes
886 2139 1043 2179 hujusmodi
1062 2137 1207 2178 multiplex

138 2180 211 2209 ratio
223 2179 394 2220 dissuadebat
408 2181 554 2210 admittere
570 2190 575 2208 :
614 2180 684 2210 Nec
697 2182 774 2210 enim
789 2179 852 2217 post
864 2180 987 2217 oblatas,
1006 2179 1038 2208 &
1052 2176 1206 2212 concessas,

139 2225 172 2247 ut
193 2218 222 2246 in
246 2219 311 2247 serie
334 2219 471 2249 citationis
493 2218 598 2248 nosttae
621 2220 815 2256 praemittitur,
832 2218 924 2247 eidem
940 2217 982 2247 G.
995 2225 1053 2246 tam
1066 2215 1207 2257 evidentes

140 2257 297 2287 securitates
309 2266 357 2296 per
372 2267 440 2295 rios,
458 2257 493 2287 de
508 2257 624 2288 statium
639 2257 758 2296 ipsorum
774 2256 893 2286 consilio
909 2256 1088 2296 approbatas,
1108 2255 1141 2284 ὃς
1153 2256 1208 2296 131ῒὴ-

139 2288 266 2325 ficientes
278 2305 312 2325 ac
325 2294 462 2335 ydoneas,
480 2305 546 2325 cum
561 2295 649 2326 multa
664 2296 868 2325 examinatione
882 2294 1020 2332 decretas,
1035 2294 1132 2323 locum
1148 2292 1208 2329 libi,

140 2334 218 2363 circa
236 2333 390 2364 securitates
411 2334 489 2370 alias,
509 2334 595 2364 fratris
639 2334 744 2364 raedicti
766 2333 895 2364 discutiit)
909 2356 918 2371 ,
947 2341 993 2362 aut
1014 2332 1094 2369 ipsius
1114 2330 1155 2361 G.
1171 2330 1207 2360 de

141 2371 301 2402 differendo
320 2372 441 2411 judicio,
462 2372 604 2411 quousque
635 2373 726 2409 taliam
739 2372 803 2402 Rex
820 2372 930 2411 Angliae
944 2370 1092 2411 praedictus
1106 2377 1208 2407 exiret,

140 2411 259 2450 petitio,
278 2411 322 2441 vel
342 2411 378 2440 de
397 2412 464 2441 loco
485 2416 545 2440 non
564 2419 627 2441 tuto
646 2411 772 2449 allegatio
792 2419 890 2440 contra
906 2409 1050 2440 decretum
1064 2407 1209 2445 nostrum,

141 2458 212 2479 cum
228 2458 284 2479 tam
297 2448 395 2479 exacta
407 2450 563 2479 maturitate
574 2450 783 2485 interpositum,
798 2449 973 2478 vendicabat.

180 2487 215 2517 N
218 2497 251 2517 ec
262 2488 408 2527 petitiones
424 2487 568 2526 praedic‘tas
577 2486 722 2525 justificat,
740 2495 786 2515 aut
801 2487 927 2523 colorat,
947 2485 1024 2523 quod
1039 2484 1114 2529 idem
1126 2483 1167 2513 G.
1183 2483 1209 2513 se

142 2525 290 2556 verbaliter
310 2525 413 2555 obtulit
433 2525 468 2555 ad
491 2525 633 2563 nostram,
651 2525 699 2554 suo
722 2525 789 2554 loco
812 2526 844 2555 ὃ(
866 2533 1011 2564 tempore,
1030 2532 1125 2553 vemre
1147 2521 1210 2552 Cu-

141 2564 281 2602 riam,‘&
303 2562 492 2600 Principalem
511 2563 620 2594 causam
639 2564 727 2593 subire
747 2571 891 2601 paratum,
910 2572 977 2592 cum
992 2572 1051 2591 non
1064 2561 1095 2591 sit
1108 2559 1210 2596 Partis,

142 2601 242 2632 locum
266 2601 374 2639 ‘udicii,
389 2609 435 2632 aut
454 2610 565 2640 tempus
587 2602 704 2640 eligere,
720 2602 764 2631 sed
783 2601 891 2639 Judicis
909 2600 1053 2637 diffinire,
1079 2608 1132 2629 nec
1153 2597 1210 2628 dici

163 2641 226 2670 offit
259 2649 315 2678 uo,
335 2641 352 2669 i.
372 2650 396 2670 e.
417 2639 513 2669 debito
537 2642 632 2670 venire
646 2640 713 2669 loco
729 2639 774 2670 vel
789 2648 932 2680 tempore,
951 2640 999 2678 qui
1013 2637 1210 2678 contempnit,

168 2686 245 2709 atuto
267 2678 315 2708 libi
336 2688 385 2716 per
396 2677 529 2715 judicem
544 2678 612 2708 loco
625 2679 658 2708 δε
672 2687 816 2718 tempore,
835 2687 1017 2717 comparere:
1055 2675 1210 2719 Praelertim

142 2717 201 2747 hoc
217 2717 278 2747 casu
289 2741 298 2753 ,
313 2726 381 2747 cum
396 2716 485 2746 didius
503 2716 543 2747 G.
557 2718 594 2747 ita
609 2716 726 2746 demum
740 2717 766 2747 se
782 2719 1006 2753 compariturum
1020 2714 1172 2751 obtulerit,
1190 2716 1209 2743 ii

142 2756 192 2786 sibi
209 2755 334 2786 securitas
352 2753 515 2785 indistinete
532 2755 566 2784 ad
579 2755 768 2785 recedendum
783 2755 818 2785 de
833 2755 910 2785 dicta
920 2754 1008 2785 Curia
1022 2753 1209 2792 praeberetur,

142 2803 209 2832 ‘quae
233 2794 328 2824 saltem
349 2794 377 2823 in
400 2793 478 2824 illum
498 2802 633 2824 eventum
654 2793 837 2824 concedenda
853 2803 913 2824 non
932 2794 1024 2832 foret,
1040 2791 1060 2822 si
1073 2789 1209 2822 recefl‘um

142 2833 223 2872 ipsius
238 2831 337 2868 iustitia
350 2831 505 2871 impediret.

183 2871 261 2901 No'n
282 2871 366 2910 igitur
385 2872 412 2900 ie
431 2880 576 2910 gravatum
594 2872 710 2904 asserere
725 2872 799 2911 juste
811 2873 920 2913 potest,
937 2871 955 2903 fi
969 2869 1135 2903 concessum
1149 2879 1209 2900 non

143 2910 233 2940 extitit
258 2909 334 2948 quod
355 2909 407 2939 fuit
426 2911 526 2946 injuste
547 2912 667 2947 petitum
684 2922 690 2941 2
730 2911 866 2942 Profecto
886 2922 938 2942 nec
958 2921 992 2941 ex
1015 2921 1068 2949 eo,
1086 2909 1162 2948 quod
1175 2908 1209 2938 ad

144 2948 310 2978 sententiam
332 2948 498 2978 audiendam
518 2950 607 2987 prima
627 2949 752 2988 Citatio,
771 2951 849 2980 brevi
868 2952 952 2981 etiarn
965 2949 1101 2980 concesso
1113 2949 1210 2979 termi-

144 2996 202 3023 no,
219 2988 270 3024 ὃς,
286 2987 314 3015 in
329 2987 375 3016 tali
389 2989 523 3025 negotio,
539 2996 668 3025 tempore
681 2989 905 3029 quadragesimali
921 2988 1071 3026 processit;
1093 2997 1159 3018 cum
1180 2997 1209 3016 e-

144 3026 206 3054 nim
222 3024 257 3054 de
271 3025 387 3054 notoriis
401 3033 494 3064 agatur
509 3026 678 3066 exceffibus,
694 3027 730 3058 ad
741 3028 807 3066 quid
822 3028 913 3066 aliud,
931 3028 980 3057 nisi
995 3027 1028 3057 ad
1046 3027 1209 3056 sententiam

166 3062 311 3092 rocederet
324 3062 450 3106 Citatio?
469 3063 529 3093 Aut
544 3074 628 3101 quare
642 3068 775 3106 temporis
789 3066 976 3106 indulgeretur
990 3065 1208 3104 diffusio,quam

156 3110 278 3146 ocorum
302 3102 491 3140 propinquitas
510 3112 569 3131 non
589 3105 718 3143 requirit,
736 3107 846 3135 cumin
859 3106 975 3135 notoriis
988 3105 1053 3134 fasti
1068 3104 1209 3134 examina-

146 3146 189 3170 tio
202 3139 353 3183 neceffario
367 3149 425 3183 notri
440 3140 593 3184 procedat?
630 3141 677 3172 Ad
690 3143 756 3180 quid
768 3145 902 3183 temporis
918 3142 1089 3174 beneficium
1104 3141 1208 3173 malefi-

145 3187 197 3208 cus
214 3186 346 3216 invocat,
364 3188 410 3217 qui
433 3187 490 3208 tam
514 3187 631 3218 graViter
652 3182 792 3213 commisit
816 3184 844 3212 in
866 3183 949 3220 illud,
965 3189 1039 3212 tanta
1060 3183 1093 3212 ὃ(
1106 3181 1167 3212 talia
1180 3182 1208 3210 in

145 3225 183 3246 eo
201 3215 336 3247 maleficia
358 3217 587 3247 committendo?
622 3217 770 3258 Maxime,
792 3231 859 3251 cum
880 3221 914 3251 ad
935 3221 1071 3259 languinis
1092 3229 1207 3260 poenam

144 3263 259 3294 agatur:
291 3253 361 3285 Hoc
384 3254 446 3285 casu
467 3255 503 3285 de
517 3256 653 3293 crimine,
675 3257 707 3287 &
726 3257 859 3289 sententia
874 3259 1047 3297 communis,
1064 3258 1161 3295 scripta
1175 3258 1208 3288 ὃς

144 3293 295 3337 solempnis
308 3292 352 3336 ‘id'
365 3292 478 3336 habeat,
499 3294 577 3337 quod
596 3293 666 3333 legi,
683 3305 747 3334 quae
770 3297 848 3328 dieto
865 3307 993 3337 ternpore
1014 3299 1208 3336 cognitionem

145 3331 255 3362 inhibet
273 3331 460 3361 criminalium
480 3331 670 3371 quaestionum
686 3355 696 3371 ,
723 3334 754 3364 iit
774 3345 822 3375 per
840 3336 1072 3367 consuetudinem
1091 3335 1208 3375 deroga-

145 3377 215 3401 tum.

160 3447 165 3453 ·
184 3408 285 3439 Causas
306 3408 423 3453 quidem
437 3408 629 3453 absenriae,.in
649 3410 786 3447 praedietis
798 3412 900 3443 ultimis
912 3414 1007 3444 litteris
1021 3413 1161 3452 allegatas,
1180 3423 1209 3442 e-

144 3455 230 3485 tiam,
247 3447 266 3477 fi
289 3447 388 3486 aliquae
403 3448 523 3485 ipsarum
537 3456 681 3478 veritatem
695 3449 845 3488 haberent,
864 3453 1067 3488 praemissarum
1081 3453 1208 3482 securita-

144 3494 208 3517 tum
222 3485 421 3525 consideratio,
440 3487 473 3517 &
493 3485 610 3524 ipsarum
631 3486 772 3518 causarum
791 3489 926 3527 inspectio
942 3490 1090 3521 manifeste
1105 3491 1206 3522 confu-

144 3533 214 3556 tant.

184 3563 263 3603 Qae
284 3571 406 3602 namque
420 3562 549 3593 absenriae
563 3562 640 3593 causa
649 3586 657 3601 ,
675 3563 751 3604 quod
765 3574 882 3596 conatus
896 3567 982 3605 Regis
995 3567 1106 3608 Angliae
1118 3567 1151 3597 ad
1165 3569 1206 3597 in-

142 3600 307 3632 ducendum
325 3601 358 3630 ali
379 3611 444 3639 uos,
464 3609 495 3632 iit
518 3601 627 3631 dietum
646 3600 690 3631 G.
707 3604 736 3632 iii
758 3604 894 3640 praedieta
914 3605 1003 3636 Curi-21
1023 3606 1205 3637 occiderent?

144 3639 197 3670 Vel
208 3640 358 3679 janCtantia
403 3650 418 3669 e
438 3641 459 3669 is
471 3640 607 3678 eiusdem,
625 3640 702 3679 quod
715 3640 789 3671 idem
803 3642 843 3671 G.
862 3644 943 3682 ipsius
957 3654 1054 3676 manus
1069 3655 1128 3675 non
1142 3655 1206 3674 eva-

144 3676 238 3717 deret,
255 3679 275 3708 fi
296 3678 393 3709 Soceri
407 3649 447 3709 sigii
457 3679 577 3709 Terram
593 3678 696 3709 exiret?
730 3677 810 3709 Cum
821 3680 856 3710 ad
867 3683 1018 3714 tuitionem
1031 3684 1123 3721 suam,
1141 3682 1205 3720 post

144 3716 196 3746 iter
216 3725 371 3755 arreptum,
388 3726 422 3747 ex
442 3717 628 3747 securitatibus
648 3716 806 3757 praedietis,
825 3719 854 3748 in
869 3721 916 3750 via
930 3722 955 3750 ei
969 3721 1117 3753 Comitiva
1132 3723 1205 3752 mili-

144 3755 208 3784 taris
228 3755 410 3793 accresceret,
430 3756 464 3786 &
485 3763 542 3785 tam
560 3755 647 3794 inibi,
665 3765 750 3794 quam
765 3757 794 3786 in
809 3757 923 3797 praefata
937 3758 1024 3791 Curia
1037 3760 1141 3791 nostrae
1156 3761 1205 3792 sibi

147 3794 329 3831 protestionis
340 3794 472 3825 auxilium
486 3793 638 3824 adderetur.

185 3830 262 3899 (ἧψε
281 3832 390 3872 insuper
409 3832 537 3862 absentiae
559 3832 636 3863 causa
651 3855 661 3871 ,
686 3833 763 3872 quod
781 3832 857 3862 idem
876 3832 941 3864 Rex
958 3837 1071 3877 Angliae
1093 3848 1142 3878 per
1162 3839 1206 3877 se,

168 3877 206 3912 uo
235 3872 346 3901 notorie
358 3871 479 3902 noscitur
494 3871 549 3901 esse
564 3871 677 3908 falsum,
694 3881 727 3901 ac
744 3871 804 3901 suos
818 3871 955 3913 fautores,
969 3876 1004 3905 de
1018 3886 1077 3916 quo
1089 3887 1150 3907 non
1163 3877 1205 3907 est

147 3916 163 3936 a
174 3907 250 3950 iquid
262 3908 389 3941 auditum
402 3911 431 3940 in
446 3909 552 3948 Patrifi,
571 3909 690 3940 eundem
704 3909 744 3940 G.
759 3909 872 3948 fingitur
886 3911 1027 3953 invafiffe,
1062 3915 1097 3945 N
1100 3917 1206 3955 unquid

148 3944 207 3988 talis
229 3945 339 3989 insultus
359 3949 480 3979 occulto
502 3948 561 3978 fieri
581 3948 732 3987 potuiffet?
766 3947 907 3986 Numquid
932 3952 1033 3991 etiam,
1051 3953 1070 3982 fi
1089 3953 1123 3983 ad
1137 3964 1204 3984 eum

146 3982 239 4026 fuisset
253 3993 284 4013 in
303 3987 418 4017 veritate
438 3987 613 4025 processum,
630 3987 751 4017 eundem
775 3986 815 4016 G.
839 3989 853 4016 a
865 3986 973 4024 judicio
995 3992 1143 4031 eximeret,
1161 4001 1208 4023 aut

147 4022 272 4052 citationi
293 4023 345 4070 rite
367 4024 468 4064 faetae,
489 4026 585 4056 talibus
598 4027 646 4056 iibi
661 4026 759 4055 oblatis
772 4025 971 4066 securitatibus,
989 4037 1134 4069 propterea
1147 4040 1207 4061 non

147 4067 290 4097 parentem
309 4072 325 4091 a
338 4064 518 4094 contumacia
531 4064 688 4095 excusaret?

20 4098 68 4128 lii.
84 4098 112 4127 8.
168 4098 304 4168 ingqae
324 4099 427 4170 ilgergn
444 4102 575 4135 absentiae
597 4103 675 4135 causa
693 4112 727 4134 ex
744 4113 781 4135 eo
799 4103 877 4143 quod
890 4103 982 4136 dietus
996 4103 1062 4137 Rex
1072 4106 1206 4146 quosdam

1250 207 1714 258 PUBLICA.
2229 226 2301 278 '131

1248 293 1393 326 familiares
1407 300 1554 330 memorati
1568 299 1724 340 Guidonis,
1744 309 1774 332 ut
1788 311 1854 333 eum
1868 304 2048 344 occiderent,
2066 305 2100 336 &
2113 304 2209 337 Castra
2222 307 2302 347 ipsius
2316 308 2389 339 Anti.
2406 309 2448 341 D,

1248 332 1296 362 fibi
1318 335 1483 374 redderent,
1509 347 1555 367 aut
1577 339 1633 375 ejus
1654 342 1769 370 nomine
1790 342 1960 381 detinerent,
1985 344 2107 374 asseritur
2127 347 2302 383 corrupiise?

2333 356 2419 387 1273.

1249 370 1362 402 Nonne
1381 374 1399 402 si
1421 374 1477 404 hoc
1498 378 1580 405 etiam
1600 387 1698 407 verum
1720 379 1803 417 esset,
1822 390 1856 410 eo
1878 384 1964 420 magis
1977 382 2132 421 hujusmodi
2146 386 2301 415 concinna-
2312 389 2378 413 Ειλι.
2402 393 2426 414 1.

1249 417 1326 439 tione
1347 413 1506 459 comperta,
1524 414 1613 443 didius
1628 415 1667 444 G.
1683 417 1731 458 iibi
1747 417 1889 448 consulere
1901 422 2008 458 potuit,
2026 430 2062 450 eo
2075 422 2224 452 consultius
2239 429 2306 461 pro-⁴

1249 449 1367 493 cederet,
1393 450 1512 480 'Ierram
1529 451 1603 481 suam
1620 454 1675 483 aliis
1688 455 1812 495 fidelibus
1826 479 1835 494 ,
1859 459 1892 487 ὅ(
1906 469 1964 488 non
1982 459 2062 489 facile
2081 461 2310 499 corruptibilibus

1250 489 1477 531 committendo?
1515 489 1656 529 Nunquid
1678 492 1794 528 ejusdem
1818 494 1859 524 G.
1878 496 1985 535 culpas,
2003 497 2036 527 ὅ(
2057 506 2115 527 tam
2135 501 2228 536 gravia
2243 501 2310 531 facia

1251 535 1319 566 nora
1346 526 1501 569 huiusmodi
1531 531 1713 559 concinnatio
1738 532 1891 569 expiasset,
1922 536 1980 564 Aut
2004 535 2099 572 Judici
2118 537 2147 565 in
2169 536 2311 569 facinoro-

1251 565 1331 631 mii’
1363 565 1515 626 {ecundum
1537 569 1703 606 exigentiam
1722 569 1852 608 justitiae,
1878 573 2048 610 procedendi
2074 574 2218 606 arbitrium
2244 578 2310 608 ade-

1251 611 1291 631 mi
1317 611 1344 633 et
1362 627 1367 632 i

1288 640 1322 670 N
1325 651 1358 671 ec
1379 640 1496 685 sufficit,
1515 644 1607 673 immo
1620 653 1674 674 nec
1690 645 1819 682 proficit,
1838 646 1871 676 ad
1886 647 2005 684 ejusdem
2018 649 2165 682 absentiam
2180 654 2310 684 excusan-

1252 678 1333 722 darn,
1359 682 1434 718 quod
1454 681 1528 711 idem
1546 682 1609 711 Rex
1625 684 1794 722 exercitum,
1811 694 1878 714 cum
1899 695 1958 722 quo
1978 696 2164 720 memoratum
2180 690 2220 721 G.
2241 702 2309 729 pro-

1253 726 1333 756 ponit
1352 719 1494 761 invadere,
1512 720 1613 750 dicitur
1633 722 1794 760 praeparasse
1814 732 1819 751 2
1859 722 1954 761 Cum,
1971 724 2038 755 sicut
2052 730 2228 763 praemittitur
2265 730 2307 760 G.

1254 756 1368 798 praefato
1382 779 1390 793 ,
1417 765 1485 786 inter
1505 766 1618 796 caetera,
1645 759 1842 799 obtulerimus,
1867 772 1926 791 non
1946 763 2001 792 line
2018 763 2198 804 derogatione
2216 753 2309 798 fdrsan

1251 793 1340 833 aliqua
1354 795 1435 833 regiae
1448 795 1601 836 dignitatis,
1618 797 1695 834 quod
1710 807 1896 829 memoratum
1913 800 2025 840 Regem
2040 802 2157 834 Curiam
2172 806 2311 844 supradic-

1253 839 1310 874 tam
1330 832 1482 875 faceremus
1502 836 1590 873 exire,
1606 835 1709 875 sibique
1731 837 1793 866 loca
1808 838 2002 874 deputaremus
2013 840 2048 870 de
2063 843 2161 880 quibus
2176 844 2251 874 idem
2267 844 2310 874 G.

1252 879 1307 906 eius
1320 878 1416 900 timere
1431 881 1490 901 non
1505 874 1593 911 posset
1607 873 1752 904 offensam.

1289 907 1358 938 Nec
1376 910 1459 952 etiam
1470 910 1645 953 'spoliationis
1663 914 1792 952 exceptio
1811 915 1839 943 in
1854 914 1948 953 aliquo
1961 916 2109 948 absentiam
2125 921 2231 950 excusat
2244 930 2310 951 eari-

1252 945 1317 974 dem
1335 956 1340 974 :
1381 947 1409 990 S.¹
1431 958 1508 991 enirn
1527 949 1560 978 ad
1582 950 1672 988 bona,
1691 960 1753 989 quae
1773 951 1812 981 sui
1834 962 1957 991 parentes
1970 955 1998 983 in
2014 955 2116 994 Anglia
2129 957 2311 990 obtinuerunt

1253 983 1288 1026 βξ
1303 983 1325 1013 F
1327 985 1434 1028 rancia,
1449 988 1608 1026 excipientis
1620 988 1719 1018 feratur
1731 990 1867 1027 intentio,
1888 1002 1952 1031 quae
1966 993 2089 1031 spoliatio
2099 995 2155 1025 dici
2170 997 2262 1036 potest
2279 999 2310 1027 in

1251 1022 1317 1060 illis,
1331 1032 1397 1066 ‘quae
1419 1024 1474 1060 ipse
1489 1034 1630 1064 nunquam
1644 1027 1781 1064 obtinuit,
1800 1028 1833 1057 &
1847 1030 1874 1057 in
1888 1030 1988 1067 quibus
2001 1032 2109 1062 nullum
2122 1044 2244 1072 unquam
2267 1036 2308 1072 jus

1252 1060 1348 1128 Rapui}
1356 1071 1457 1128 ’ecugn
1478 1063 1508 1091 in
1527 1062 1714 1102 successione,
1731 1066 1823 1104 quoad
1843 1066 1904 1104 illa,
1922 1068 2011 1104 ipsum
2032 1069 2090 1100 duo
2112 1073 2309 1108 praecesserunt

1277 1109 1291 1128 a
1306 1109 1333 1128 re
1375 1109 1414 1136 jus
1429 1124 1434 1129 .

1289 1137 1318 1166 Si
1337 1147 1406 1182 vero
1425 1138 1460 1182 ad
1474 1148 1522 1177 ea,
1540 1148 1604 1177 quae
1625 1139 1701 1183 idem
1717 1139 1759 1169 G.
1775 1141 1803 1169 iri
1818 1140 1924 1180 Regno
1939 1142 2055 1183 Siciliae,
2073 1154 2200 1184 tempore
2214 1151 2309 1188 patrat-i

1252 1174 1372 1218 sceleris,
1397 1178 1559 1215 obtinebat,
1577 1187 1706 1217 exceptio
1727 1178 1870 1217 referatur,
1890 1181 2038 1212 consultius
2055 1186 2192 1223 excipiens
2211 1187 2311 1218 substi-

1253 1213 1325 1256 tisset
1347 1223 1376 1244 ut
1397 1216 1433 1245 eis
1445 1216 1470 1245 se
1482 1216 1627 1252 spoliatum
1641 1226 1699 1245 riori
1719 1217 1839 1254 diceret,
1858 1228 1922 1255 quae
1934 1219 2026 1249 dietus
2040 1220 2103 1251 Rex
2116 1223 2218 1254 Sicilia:
2257 1236 2309 1256 cu-

1250 1261 1309 1289 Jus,
1327 1254 1418 1296 quoad
1439 1254 1571 1292 praedidta
1591 1255 1681 1292 bona,
1696 1254 1807 1291 judicio
1822 1256 1945 1295 suberat,
1964 1258 1998 1287 ad
2013 1268 2110 1290 manus
2124 1260 2179 1291 suas
2195 1249 2307 1302 prbpter

1252 1291 1378 1334 prpedicti
1401 1293 1504 1322 sceleris
1527 1292 1711 1329 evidentiam,
1729 1293 1830 1323 eodem
1844 1294 1940 1333 Rege,
1959 1305 1988 1326 ut
2001 1297 2176 1338 praedicitur,
2191 1301 2221 1330 iri
2234 1302 2310 1334 dieta

1254 1327 1377 1360 Civitate
1398 1330 1547 1369 praesente,
1565 1330 1723 1369 commissi,
1738 1341 1797 1361 non
1821 1333 1974 1372 violenter,
1990 1334 2027 1364 set
2038 1335 2112 1373 juste
2125 1337 2216 1376 potitis
2230 1350 2311 1370 rema

1253 1369 1343 1408 cavit,
1361 1370 1449 1409 ipsum
1464 1380 1480 1400 a
1494 1368 1605 1400 Vicaria
1619 1369 1746 1408 Tusciae,
1765 1379 1849 1410 quam
1863 1373 1889 1402 ei
1903 1373 2092 1413 commiserat,
2111 1376 2313 1409 nichilominus

1252 1408 1421 1440 amovendo.

1274 1445 1334 1492 'Ex
1355 1457 1413 1488 quo
1433 1447 1517 1480 etiam
1536 1447 1595 1480 satis
1608 1448 1750 1482 evidenter
1763 1459 1891 1491 apparet,
1909 1460 2043 1493 quantum
2058 1453 2133 1485 idern
2147 1454 2248 1487 Guido
2261 1456 2311 1489 flam

1252 1494 1369 1530 gitium,
1387 1487 1422 1517 de
1443 1498 1501 1526 quo
1522 1489 1624 1527 agitur,
1642 1489 1701 1520 fore
1721 1492 1865 1520 notorium
1886 1500 1985 1530 negare
2004 1491 2136 1531 sufficiat,
2152 1494 2188 1524 de
2208 1505 2266 1534 quo
2278 1497 2308 1526 in

1252 1525 1340 1564 ipsum
1355 1536 1402 1564 per
1416 1526 1496 1556 suurn
1512 1526 1691 1558 Ordinarium
1704 1530 1761 1565 jam
1782 1539 1866 1566 poena
1881 1529 2011 1569 processit
2027 1541 2032 1559 :
2073 1532 2163 1570 Quod
2183 1534 2312 1565 manifes-

1252 1571 1299 1607 ta,
1319 1565 1352 1595 &
1367 1564 1491 1602 plurimis
1506 1574 1572 1595 nota
1585 1567 1651 1596 faeti
1665 1567 1776 1606 qualitas
1790 1568 1929 1606 publicat,
1946 1569 1979 1598 ὃς
1993 1569 2074 1599 celari
2088 1572 2309 1610 tergiversatione

1252 1602 1343 1640 aliqua
1364 1613 1425 1633 nori
1444 1605 1580 1642 permittit
1596 1614 1601 1633 z
1643 1604 1733 1643 Qiod
1757 1607 1838 1635 etiam
1858 1607 1930 1645 ipse,
1945 1606 2011 1650 post
2024 1610 2207 1647 patrationem
2221 1611 2308 1650 illius,

1252 1642 1344 1672 subito
1364 1641 1399 1672 de
1414 1643 1470 1681 ipsa
1488 1642 1575 1673 Curia
1594 1644 1767 1682 recedendo,
1786 1645 1892 1681 plenius
1912 1645 1956 1675 sua
1972 1646 2155 1678 manifestavit
2169 1648 2288 1681 absentia

1252 1681 1285 1711 &
1306 1680 1546 1723 manifestive'sua
1566 1681 1631 1720 fuga
1651 1681 1752 1712 detexit
1768 1693 1773 1711 :
1813 1683 1904 1721 Qiod
1924 1683 2031 1720 insuper
2046 1693 2172 1725 tempore
2186 1673 2309 1719 vacanti}

1251 1718 1404 1758 Ecclesiae,
1428 1720 1508 1749 variis
1524 1719 1558 1749 ad
1580 1721 1671 1750 fratres
1691 1721 1800 1752 nostros
1819 1721 1958 1752 destinatis
1978 1722 2078 1761 literis,
2101 1734 2161 1754 non
2181 1728 2311 1766 negavit,

1250 1757 1296 1788 sed
1319 1760 1374 1796 ejus
1393 1768 1472 1788 reum
1493 1757 1519 1787 se
1538 1759 1628 1795 potius
1641 1758 1697 1788 effe
1712 1759 1871 1789 confeffus:
1913 1760 2003 1800 Qiod
2019 1761 2111 1792 dietus
2126 1763 2218 1794 Frater
2230 1766 2312 1803 ipsius

1252 1796 1288 1825 A.
1311 1796 1391 1834 super
1412 1797 1512 1826 eodem
1536 1797 1656 1834 flagitio,
1675 1799 1730 1836 ejus
1744 1799 1861 1828 nomine
1874 1798 2090 1830 misericordiam
2104 1801 2258 1841 postulans,
2277 1804 2311 1834 li-

1250 1843 1296 1865 cet
1314 1835 1364 1865 sub
1382 1834 1544 1873 quibusdam
1565 1834 1668 1873 injustis
1683 1837 1891 1866 conditionibus
1903 1859 1913 1874 ,
1935 1847 2000 1877 quas
2014 1848 2066 1868 nec
2079 1838 2195 1869 decebat
2206 1843 2310 1880 recipi,

1250 1883 1303 1904 nec
1319 1873 1422 1910 justitin
1433 1873 1704 1911 suadebat,iimiliter
1717 1875 1862 1905 fatebatur:
1873 1875 1962 1943 Qod
1974 1876 2143 1915 singulorum
2157 1888 2310 1917 VOX,con-·

1249 1913 1336 1942 tinuae
1352 1913 1424 1952 quasi
1437 1912 1617 1942 accusationis
1629 1912 1773 1952 instantia,
1788 1924 1847 1943 non
1862 1917 1905 1943 cei
1919 1923 1945 1943 at
1957 1915 2102 1945 incessere:
2124 1916 2215 1956 Qiod
2228 1928 2310 1948 com-

1250 1952 1342 1980 munis
1360 1951 1468 1981 assertio
1492 1950 1528 1980 sic
1542 1951 1714 1991 ,incessanter
1727 1952 1851 1990 accusat,
1868 1960 1898 1982 ut
1916 1951 2034 1983 effusum
2049 1951 2210 1994 sanguinem
2225 1957 2310 1988 inrio-

1249 1998 1377 2027 centem,
1402 1999 1450 2027 pet
1468 1990 1628 2027 cujuiquam
1642 1988 1844 2020 inficiationem
1856 1991 1964 2027 operire
1976 1999 2046 2021 terra
2060 2002 2120 2023 non
2133 1994 2237 2033 valeat,
2255 2005 2310 2028 nec

1248 2029 1401 2068 profundus
1416 2028 1523 2058 clamor
1538 2028 1606 2057 illius
1620 2028 1721 2058 latendi
1734 2028 1831 2058 locum
1845 2028 1966 2058 inveniat
1979 2030 2008 2059 in
2021 2029 2125 2061 eadem.

1289 2066 1372 2096 Licet
1393 2067 1477 2105 igitur
1496 2074 1581 2096 tantae
1604 2067 1762 2096 temeritatis
1779 2067 1893 2097 audacia
1913 2077 2032 2098 ornnem
2054 2068 2110 2099 fere
2131 2071 2310 2103 acerbitatem

1250 2115 1346 2144 poenae
1365 2105 1491 2135 videatur
1508 2104 1663 2142 excedere,
1687 2115 1723 2134 ne
1744 2114 1838 2135 tamen
1855 2107 1977 2135 omnino
1999 2108 2135 2144 impunita
2154 2119 2311 2149 remaneat,

1250 2154 1319 2174 cum
1340 2144 1422 2174 soleat
1443 2142 1537 2173 ausum
1557 2144 1703 2182 impunitas
1715 2153 1808 2181 patere
1822 2143 1917 2182 ausus,
1935 2145 2075 2175 excessum
2090 2147 2312 2187 praesumptionis

1248 2191 1333 2213 tantae
1354 2182 1485 2212 saevitiam
1506 2181 1678 2211 meritiffima
1689 2181 1846 2221 severitate,
1862 2192 1998 2220 quantum
2017 2184 2105 2214 nostri
2119 2194 2206 2223 partes
2217 2188 2310 2218 officii

1249 2222 1390 2259 patiuntur
1398 2243 1407 2258 ,
1425 2220 1600 2251 decrevimus
1612 2220 1835 2260 persequendam.

1288 2259 1427 2297 Ideoque,
1447 2268 1513 2289 cum
1533 2258 1635 2288 eisdem
1656 2260 1783 2289 fratribus
1802 2258 1901 2290 nostris
1922 2258 2120 2291 deliberatione
2140 2263 2312 2303 praehabita,

1248 2297 1285 2328 de
1304 2298 1428 2336 ipsorum
1446 2297 1578 2336 consilio,
1595 2298 1759 2328 auctoritate
1773 2297 1927 2335 apostoliccl
1940 2297 2107 2330 diffiniendo
2123 2304 2313 2338 pronuncian-

1249 2345 1303 2375 tes,
1324 2337 1357 2367 &
1378 2337 1592 2374 pronunciando
1610 2335 1792 2374 diffinientes,
1811 2345 2000 2366 memoratum
2021 2337 2061 2368 G.
2085 2339 2120 2369 de
2137 2339 2311 2372 Monteforti

1249 2374 1427 2405 manifestum
1449 2376 1515 2405 tanti
1539 2374 1632 2413 flagitii
1653 2383 1838 2414 patratorem,
1857 2375 1891 2405 &
1903 2375 2048 2405 notorium
2061 2384 2202 2407 tantorum
2216 2380 2312 2409 crimi-

1249 2423 1320 2443 num
1342 2423 1421 2443 reiim
1442 2414 1628 2443 extimationis
1643 2414 1823 2452 ademptione
1835 2413 2035 2452 dampnamu83
2072 2413 2265 2448 Decernentes
2281 2427 2312 2449 ut

1249 2451 1381 2489 perpetua
1401 2461 1492 2482 uratur
1510 2451 1641 2489 infamia,
1657 2454 1793 2490 perpetuo
1808 2453 1839 2481 sit
1855 2452 1985 2487 infamis:
2020 2452 2062 2481 Sit
2096 2454 2182 2484 rorsus
2197 2456 2310 2486 intesta-

1249 2490 1326 2527 bilis,
1344 2498 1374 2520 ut
1390 2500 1443 2520 nec
1458 2488 1565 2527 testari,
1584 2499 1636 2519 nec
1651 2499 1685 2520 ex
1700 2490 1883 2527 testamento,
1897 2490 1942 2520 seu
1955 2490 1991 2519 ab
2004 2490 2062 2520 inte
2088 2500 2135 2521 ato
2148 2492 2312 2533 succedere,

1248 2528 1293 2557 vel
1313 2528 1414 2567 aliquid
1438 2538 1471 2558 ex
1490 2528 1652 2566 cujusquam
1664 2528 1834 2558 successione
1849 2530 1989 2567 percipere
2004 2529 2091 2559 valeat
2105 2539 2111 2558 ε
2131 2540 2185 2561 nec
2199 2532 2232 2562 ad
2249 2533 2312 2563 red-⁴

1248 2567 1373 2596 dendum
1395 2566 1588 2596 testimonium
1607 2565 1762 2596 admittatur
1783 2577 1788 2595 :
1828 2567 1905 2597 Bona
1925 2576 2038 2606 quoque
2058 2567 2138 2604 ipsius
2152 2590 2161 2606 ,
2192 2570 2309 2603 ubilibet

1250 2604 1400 2635 constituta
1414 2626 1424 2642 ,
1446 2604 1637 2634 sententialiter
1655 2605 1828 2642 publicamus
1848 2614 1896 2644 per
1918 2615 1981 2642 eos,
2005 2605 2054 2634 sub
2074 2616 2196 2644 quorum
2216 2610 2308 2640 consi-

1250 2642 1325 2673 stunt
1346 2642 1503 2679 Dominio,
1525 2642 1583 2672 fisci
1603 2652 1703 2672 eorum
1720 2644 1842 2681 juribus,
1868 2643 1923 2672 sine
1941 2643 2009 2680 juris
2028 2644 2108 2674 alieni
2129 2646 2310 2688 praejudicio,

1250 2692 1265 2711 a
1287 2681 1433 2720 plicaiida:
1473 2681 1700 2712 Revocationem
1723 2683 1808 2711 etiam
1828 2682 1861 2712 &
1882 2682 2056 2712 amotionem
2069 2706 2079 2721 ,
2113 2683 2127 2712 a
2150 2693 2310 2717 memorato

1284 2729 1333 2759 ege
1349 2719 1467 2757 Siciliae,
1492 2727 1522 2749 ut
1545 2719 1721 2758 praedicitur,
1739 2720 1839 2758 farftas,
1858 2728 1925 2750 ratas
1943 2721 2091 2758 habemus,
2110 2721 2144 2752 &
2164 2732 2207 2753 eas
2227 2725 2310 2756 volu-

1251 2769 1313 2788 mus
1341 2759 1479 2798 perpetuis
1502 2758 1673 2794 temporibus
1692 2757 1848 2789 observari:
1884 2758 1917 2788 In
1937 2758 2032 2789 Terris
2053 2769 2109 2797 quo
2130 2770 2181 2799 ue,
2199 2772 2233 2793 ac
2252 2764 2310 2794 aliis

1250 2798 1332 2827 bonis
1352 2796 1459 2826 Uxoris
1478 2797 1548 2834 suae,
1570 2796 1617 2835 ipsi
1639 2795 1678 2826 G.
1700 2806 1818 2827 omnem
1835 2797 2071 2836 jurisdiffionem,
2095 2808 2110 2828 a
2131 2799 2309 2832 ministratio-

1250 2845 1331 2873 nem,
1351 2836 1384 2866 δε
1403 2834 1570 2874 potestatem
1584 2834 1791 2873 interdicimus,
1806 2834 1930 2866 districte
1945 2836 2121 2874 mandantes,
2140 2839 2217 2876 quod
2231 2840 2260 2870 in
2276 2840 2308 2870 il-

1249 2875 1280 2904 lis
1301 2872 1346 2905 vel
1384 2874 1575 2911 uibuscunque
1593 2873 1650 2903 aliis
1671 2875 1763 2913 terris,
1781 2876 1809 2904 in
1822 2874 1900 2904 nullo
1914 2875 2022 2912 penitus
2035 2875 2180 2906 obediatur
2195 2877 2307 2918 eidem3

1249 2914 1298 2952 &,
1321 2912 1341 2942 fi
1374 2923 1438 2943 ecus
1457 2912 1519 2950 fiat,
1539 2911 1700 2943 obedientes
1719 2914 2018 2943 excommunicationis
2039 2913 2171 2945 sententia
2190 2916 2308 2947 innoda-

1251 2961 1331 2982 mus:
1370 2951 1490 2982 Terram
1510 2953 1597 2989 vero,
1616 2961 1681 2992 quae
1704 2952 1754 2982 fibi
1773 2952 1903 2988 obediet,
1921 2951 2105 2982 ecclesiastico
2126 2951 2309 2993 supponimus

1250 2991 1402 3022 interdi&o
1415 3015 1425 3030 ,
1449 2992 1485 3021 ita
1523 2989 1578 3020 uod
1601 2991 1630 3019 iri
1652 2989 1696 3021 illa
1713 2990 1822 3021 nullum
1842 2989 2059 3021 ecclesiasticum
2081 2991 2309 3032 Sacramentum,

1250 3030 1299 3059 nisi
1314 3030 1404 3060 forsan
1427 3030 1503 3070 Bapti
1517 3039 1561 3058 ma
1580 3029 1712 3068 parvulis,
1737 3039 1769 3059 ac
1784 3028 1970 3065 poenitentia,
1989 3030 2022 3060 &
2047 3028 2217 3061 Eucharistia
2231 3032 2310 3063 labo-

1249 3070 1371 3098 rantibus
1390 3070 1418 3098 in
1434 3068 1578 3105 extremiS,
1589 3067 1670 3097 alicui
1684 3067 1771 3098 valeat
1783 3066 1906 3096 exhiberi
1923 3077 1929 3096 :
1945 3066 2104 3106 Omnibus,
2122 3073 2186 3114 quae
2201 3070 2237 3100 ab
2252 3070 2309 3102 Ec-

1248 3106 1332 3137 clesiis
1348 3107 1559 3144 quibuscunque
1571 3106 1698 3143 tenebat,
1717 3106 1763 3136 vel
1774 3113 1851 3135 tenet
1864 3106 1893 3134 in
1906 3105 2038 3146 feudum,
2051 3107 2095 3137 seu
2109 3107 2165 3138 alio
2178 3118 2310 3149 quocuna

1247 3156 1301 3185 que
1324 3148 1431 3184 modo,
1447 3146 1534 3184 ipsum
1554 3145 1654 3173 omnio
1673 3145 1830 3183 privamus,
1850 3144 1869 3163 *¹⁵
1890 3144 1927 3174 ita
1948 3145 2025 3183 quod
2047 3145 2080 3176 ad
2103 3145 2255 3187 Ecclefias,
2273 3148 2308 3179 ad

1249 3195 1314 3223 quas
1332 3183 1472 3224 spediant,
1491 3184 1534 3213 illa
1553 3183 1639 3213 libere
1655 3183 1712 3213 sine
1729 3182 1952 3213 contradictione
1970 3183 2059 3222 aliqua
2077 3194 2252 3216 revertantur.

1285 3223 1322 3253 Et
1337 3245 1346 3261 ,
1364 3231 1395 3252 ut
1411 3223 1540 3253 facinoris
1558 3220 1732 3259 hujusmodi,
1746 3231 1795 3261 per
1817 3221 1961 3251 infamiam
1976 3230 2039 3253 toto
2053 3222 2111 3253 fere
2127 3223 2208 3254 Orbe
2221 3223 2307 3255 diffu-

1251 3262 1287 3298 si,
1304 3271 1404 3300 poena,
1423 3262 1450 3291 in
1471 3261 1550 3299 ipiius
1567 3259 1607 3288 G.
1629 3258 1814 3290 diffundenda
1834 3261 1867 3290 &
1888 3260 2016 3292 duratura
2038 3261 2179 3300 posteros,
2197 3264 2225 3292 in
2240 3272 2306 3292 om-

1250 3301 1329 3329 nium
1350 3301 1478 3330 notitiam
1499 3299 1596 3328 futuris
1616 3299 1807 3337 temporibus,
1821 3298 2010 3338 diffundatur,
2030 3299 2127 3330 eadem
2142 3301 2305 3332 auctoritaie

1250 3338 1406 3377 statuimus,
1426 3347 1456 3369 ut
1478 3338 1524 3376 ipsi
1545 3336 1586 3366 G.
1606 3345 1639 3366 ac
1658 3336 1885 3367 descendentibus
1899 3337 1983 3377 usque
1997 3337 2030 3368 ad
2046 3347 2172 3375 quartum
2189 3338 2307 3377 gradum

1248 3386 1284 3415 ap
1307 3377 1366 3414 ipso
1389 3377 1449 3412 (nili
1472 3374 1667 3406 descendentes
1688 3375 1773 3405 iidem
1788 3376 1865 3415 super
1878 3376 1945 3414 hiis,
1961 3376 2005 3407 vel
2019 3386 2119 3406 eorum
2134 3376 2226 3419 aliquo
2239 3377 2308 3414 ejus-

1248 3415 1313 3445 dem
1334 3414 1410 3445 Sedis
1430 3416 1543 3454 gratiam
1567 3414 1718 3443 meruerint
1735 3414 1873 3450 obtinere)
1894 3423 2038 3452 nunquam
2057 3415 2084 3445 di
2106 3415 2196 3444 nitatis
2215 3423 2306 3453 portae

1250 3462 1374 3493 pateant,
1391 3462 1445 3483 nec
1459 3453 1492 3483 ad
1503 3452 1664 3490 dignitatem
1677 3451 1797 3490 aliquam
1812 3453 1873 3492 ipsis
1882 3475 1890 3489 ,
1909 3453 1954 3482 vel
1968 3462 2066 3482 eorum
2080 3463 2094 3481 a
2105 3453 2160 3482 icui
2172 3450 2306 3492 pandatur

1248 3492 1352 3529 aditus,
1361 3492 1405 3522 seu
1418 3491 1450 3522 ad
1466 3491 1691 3530 impetrationem
1699 3490 1770 3520 illius
1779 3491 1899 3529 ,eis,vel
1912 3491 2123 3530 supplicantibus
2137 3499 2188 3528 pro
2202 3491 2306 3523 eisdem

1247 3530 1391 3570 praestetur
1405 3530 1510 3560 auditus
1526 3539 1531 3557 :
1560 3528 1605 3557 Ad
1615 3528 1753 3558 honorem
1767 3530 1888 3566 aliquem
1901 3528 2141 3566 Ecclesiasticum,
2160 3528 2205 3558 seu
2221 3539 2305 3560 muti·-

1247 3569 1351 3599 danum
1361 3592 1370 3606 ,
1386 3569 1429 3599 vel
1465 3567 1635 3607 uodcunque
1646 3566 1789 3597 Officium
1803 3567 1949 3605 publicum
1962 3576 2008 3597 aut
2023 3567 2056 3596 ad
2072 3566 2245 3598 Clericatum
2258 3569 2304 3600 seu

1248 3607 1427 3637 Clericorum
1444 3579 1610 3643 {Sollegium
1623 3629 1632 3644 ,
1662 3604 1853 3635 Ministeriuiii
1875 3606 1920 3635 vel
1944 3604 2113 3635 beneficium
2133 3603 2306 3637 Ecclesiasti-

1248 3655 1315 3676 cum
1324 3668 1333 3683 ,
1351 3646 1397 3675 seu
1411 3647 1439 3675 in
1454 3644 1617 3684 regularibus
1631 3643 1761 3674 domibus
1774 3643 1808 3673 ad
1822 3645 2003 3674 eminentiam
2016 3643 2183 3682 praelationis
2196 3645 2306 3684 cujussi-

1248 3685 1295 3715 bet
1310 3684 1387 3713 nullo
1401 3692 1535 3723 umquam
1548 3691 1676 3720 tempore
1688 3682 1810 3721 ipsorum
1825 3682 1919 3721 aliquis
1931 3681 2088 3711 assumatur.

1285 3722 1479 3752 Memoratum
1500 3729 1629 3760 praeterea
1648 3720 1689 3750 G.
1711 3721 1778 3750 citra
1802 3721 1898 3749 mortis
1911 3720 1944 3749 &
1957 3719 2137 3750 mutilationis
2150 3721 2306 3758 periculum

1247 3760 1421 3798 diffidamus,
1440 3761 1473 3790 &
1493 3760 1575 3788 etiam
1595 3758 1789 3788 forbannimus
1805 3768 1811 3787 2
1847 3757 1996 3787 Personam
2010 3757 2209 3789 nichilominus
2225 3761 2306 3800 ipsius

1247 3802 1316 3867 citpsr
1334 3799 1409 3829 idem
1428 3797 1581 3838 periculum
1603 3805 1788 3836 exponentes,
1806 3797 1844 3826 ita
1858 3795 1936 3834 quod
1946 3795 1982 3826 ab
1997 3797 2130 3831 omnibus
2143 3794 2230 3829 libere
2244 3801 2306 3837 capi

1267 3849 1286 3868 o
1310 3846 1338 3867 it.

1247 3849 1266 3877 p
1286 3876 1451 3915 Qiinetiam
1472 3873 1605 3904 omnibus
1626 3872 1840 3903 Provinciarum
1860 3871 2036 3912 praefidibus,
2060 3883 2230 3914 quocunque
2251 3885 2304 3905 no-

1247 3916 1324 3945 mine
1343 3914 1520 3950 censeantur,
1539 3921 1653 3942 necnon
1676 3910 1877 3948 Potestatibus,
1895 3910 2083 3949 Consulibus,
2100 3912 2209 3951 aliisque
2225 3913 2304 3943 Rec-

1248 3955 1352 3984 toribus
1366 3952 1522 3983 Civitatum
1532 3973 1541 3988 ,
1559 3949 1742 3988 Castrorum,
1759 3950 1878 3980 aliorum
1900 3959 1934 3978 ue
1948 3949 2080 3980 locorum
2094 3949 2219 3981 districte
2233 3961 2303 3988 prae—

1248 3992 1382 4032 cipimus,
1400 3998 1429 4020 ut
1449 3989 1536 4027 ipsum
1557 3988 1598 4018 G.
1623 3989 1748 4028 capiant,
1767 3989 1801 4019 &
1822 3987 1857 4018 ad
1903 3988 1989 4018 uriam
2002 3988 2125 4018 nostram
2139 3989 2241 4019 ducant
2256 3988 2307 4018 de-

1248 4030 1404 4071 putandum
1426 4027 1559 4066 Carceri,
1585 4026 1630 4058 vel
1651 4027 1737 4066 alias,
1768 4033 1852 4067 prout
1879 4026 1960 4057 nobis
1977 4027 2139 4064 videbitur,
2170 4025 2308 4066 castigan*

1247 4070 1324 4100 dum.

1283 4106 1376 4146 Ipsum
1397 4113 1510 4144 quoque
1530 4103 1724 4143 Sacrilegum,
1738 4103 1772 4134 &
1793 4110 1994 4171 ilzpntumacem
2010 4102 2309 4169 excommunicaticsinis

1846 4151 1865 4172 2
2260 4150 2307 4169 en.

2330 3155 2345 3171 *
2354 3155 2394 3183 11.
2407 3162 2439 3190 9,
