2570 4261
145 189 2252 350 CONVENTIONE&

633 414 1775 533 LITERAE‚

1137 635 1171 679 E

1239 637 1281 683 T

257 762 898 872 ACTA
1037 773 2131 895 PUBLICA.

139 993 2274 1065 &mmmmmfflwwwffifflwwwfflwwwwwfflfflwwwwwwwwwww

137 1149 411 1205 Cirographum
439 1150 716 1189 Conventionis
731 1176 743 1198 ,
781 1151 882 1189 inter
904 1148 958 1188 H.
982 1163 1014 1189 1.
1045 1151 1186 1203 Regem
1204 1151 1361 1204 Angliae
1380 1181 1392 1202 ,
1434 1148 1482 1197 ὅγ’
1503 1153 1712 1196 Robertum
1730 1159 1914 1200 Comitem
1932 1164 2122 1208 Flandrt'ae
2140 1186 2151 1209 .·
2190 1174 2270 1213 Per

189 1219 305 1260 quam
327 1204 453 1243 diffus
481 1205 569 1246 Rex
593 1212 742 1243 tenetur
767 1202 858 1243 dare
877 1205 1022 1243 Comiti
1038 1233 1049 1253 ,
1076 1205 1243 1258 singulis
1259 1208 1374 1244 annis
1394 1236 1404 1255 ‚
1443 1209 1484 1246 in
1505 1208 1623 1248 Feodo

184 1258 313 1300 diceus
330 1259 461 1298 Comes
468 1288 481 1309 ,
499 1268 573 1312 pro
589 1257 658 1309 isto
673 1255 813 1303 Feodo‚

372 1388 403 1410 *1
408 1403 411 1407 ‚
448 1403 450 1405 ,
468 1386 492 1412 ,1,
506 1372 654 1405 Onventio
670 1375 743 1404 inter
761 1373 922 1405 Henricum
941 1375 1057 1413 Regem
1078 1376 1189 1414 Anglo-

346 1422 358 1450 ‘.
398 1434 406 1440 .
523 1423 589 1442 111111
616 1414 649 1444 &
677 1412 841 1443 Robertum
862 1413 1012 1444 Comitem
1034 1415 1188 1454 Flandriae,

303 1486 325 1496 Η
346 1422 495 1493 ἐρ’
524 1451 596 1481 faeta
617 1452 651 1483 &
672 1451 769 1488 scripta
784 1451 856 1489 apud
873 1452 1006 1483 Douram
1023 1453 1105 1484 XVI.
1123 1454 1186 1484 Kal.

0 1460 41 1491 ΧΠ.
60 1470 71 1490 Ῐ
403 1470 421 1493 'r
452 1480 460 1492 1

0 1499 25 1529 -Ι,
42 1508 67 1528 1.
301 1492 304 1495 ’
326 1506 332 1510 *¹
345 1476 494 1541 53:572}
519 1490 618 1528 Junii,
644 1490 822 1534 praesentibus
834 1515 844 1527 ,
862 1500 896 1534 ex
910 1501 986 1528 parte
998 1491 1103 1530 Regis,
1122 1492 1187 1523 Ro-

0 1541 25 1565 ῃ,
41 1536 115 1570 lia&
277 1522 297 1559 ἶ
353 1516 456 1563 fies&
476 1524 488 1547 ³-
523 1530 606 1559 berto
620 1528 810 1558 Lincolniensi
824 1528 966 1567 Episcopo
977 1554 986 1568 ,
1010 1532 1043 1561 ὃς
1055 1531 1187 1568 Johanne

0 1548 113 1603 :1572er
216 1589 218 1600 ,
285 1556 312 1570 ’”
351 1536 491 1619 ffl5³}
523 1566 668 1598 Baiocensi
689 1566 842 1604 Capeliano
857 1569 925 1609 ,V&
948 1568 1067 1599 Comite
1087 1569 1187 1600 Eusta-

0 1617 23 1641 ix
37 1615 109 1651 0753,
196 1610 218 1674 ᾗ(
228 1616 236 1626 r·
253 1642 268 1656 w
398 1611 455 1657 κν
475 1629 490 1639 .
525 1606 592 1636 chio
604 1631 614 1645 ‚
639 1607 672 1637 &
693 1605 826 1636 Roberto
841 1606 878 1636 de
891 1606 1012 1637 Belismo
1027 1632 1037 1645 ,
1061 1609 1095 1638 &
1109 1608 1187 1638 Wil-

191 1650 205 1671 15
215 1646 278 1672 ig*
398 1658 428 1663 „s

416 1649 419 1652 ’
438 1635 488 1678 ι’Ϊὴ
523 1645 621 1675 11611110
645 1643 681 1674 de
705 1643 851 1675 Warenna
866 1669 876 1684 ,
912 1646 945 1676 ὃς
968 1645 1130 1677 Gisseberto
1151 1647 1187 1678 de

284 1687 288 1693 '
390 1674 464 1689 ΗΛ
524 1682 627 1721 Aquila
640 1707 650 1721 ,
675 1683 709 1714 &
730 1682 868 1714 Hamone
889 1683 1028 1721 Dapifero
1042 1709 1052 1722 ,
1077 1686 1111 1716 δε
1127 1685 1187 1716 Ra-

129 1726 238 1766 nulpho
259 1725 399 1758 Mesclino
413 1748 423 1763 ,
448 1724 483 1755 &
496 1721 659 1754 Gisseberto
673 1721 732 1752 filio
747 1721 883 1752 Richardi
899 1733 904 1751 :
932 1722 970 1753 Et
985 1732 1018 1752 ex
1032 1731 1110 1760 parte
1124 1723 1188 1755 Co-

129 1766 203 1797 mitis
218 1764 342 1796 Roberti
354 1789 365 1803 ,
389 1763 524 1794 Roberto
538 1760 574 1791 de
588 1760 707 1791 Bettuna
719 1785 729 1800 ,
753 1761 787 1792 &
803 1760 962 1790 Willielmo
976 1761 1135 1792 Castellano
1149 1763 1186 1793 de

126 1804 224 1835 sanem
238 1803 406 1834 Audomaro
419 1826 429 1840 ,
446 1803 481 1834 &
495 1800 627 1830 Waltero
641 1798 802 1830 castellano
814 1798 851 1829 de
864 1799 995 1838 Bruegis‚
1012 1801 1046 1832 &
1063 1800 1086 1830 F
1087 1801 1185 1832 roaldo

127 1841 166 1873 de
179 1841 320 1881 Berghoe,
337 1843 372 1873 &
387 1840 509 1878 Rogero
524 1837 684 1883 Castellano
699 1837 735 1882 de
748 1837 845 1868 Insula.
1166 1880 1171 1885 ι

163 1890 192 1911 2.
211 1880 357 1912 Robertus
381 1878 492 1910 Comes
514 1876 652 1907 Flandriae
674 1875 743 1906 Fide
762 1878 796 1908 &
817 1877 1000 1907 sacramento
1021 1877 1185 1910 affecurawt

126 1918 206 1957 Regi
226 1918 358 1950 Henrico
379 1919 467 1949 vimm
485 1916 562 1947 suam
577 1940 588 1954 ,
612 1916 646 1947 δε
668 1915 798 1946 membra
819 1925 884 1954 quae
906 1917 1021 1953 corpori
1034 1916 1084 1947 suo
1100 1919 1184 1954 perti-

127 1966 197 1989 nent
209 1982 219 1995 ,
243 1959 277 1989 &
298 1958 460 1995 captionem
479 1955 607 1992 corporis
628 1954 667 1984 sui
680 1978 690 1992 ,
715 1963 752 1985 ne
765 1953 830 1984 Rex
845 1963 907 1984 eam
923 1953 1024 1985 habeat
1037 1954 1072 1984 ad
1085 1955 1184 1993 damp-

126 2005 198 2026 num
213 1995 294 2026 suum
307 2007 313 2013 ·
341 1997 376 2027 &
389 1994 467 2032 quod
477 1994 586 2032 J'uvabit
600 2002 667 2023 eum
679 2017 689 2031 ,
714 1992 748 2023 ad
763 1992 918 2023 tenendum
932 1993 966 2024 &
981 1992 1015 2022 ad
1031 1992 1185 2024 defenden-

125 2033 197 2064 dum
220 2020 358 2071 Regniim
379 2033 492 2070 Angliae
538 2039 639 2062 contra
659 2040 761 2074 omnes
783 2031 913 2061 homines
963 2032 1011 2069 qui
1032 2033 1130 2062 vivere
1150 2034 1184 2064 &

126 2074 203 2103 mori
224 2072 358 2111 poffim,
388 2071 469 2102 Salva
491 2056 623 2101 fi’delitate
644 2069 787 2114 Lodowci
809 2068 897 2114 Regis
920 2055 1105 2114 ffrancoruin.
1142 2071 1185 2103 Ita

123 2111 206 2149 quod
221 2136 230 2149 ,
249 2111 268 2141 si
282 2111 347 2141 Rex
364 2109 529 2141 Lodovicus
543 2109 682 2145 Regnum
696 2107 808 2145 Anghae
820 2107 950 2138 invadere
963 2108 1102 2147 voluerit,
1121 2109 1184 2141 Co-

125 2159 187 2180 mes
207 2149 352 2180 Robertus
365 2174 375 2188 ,
401 2149 420 2179 si
442 2149 565 2186 poterit,
591 2147 707 2185 Regem
727 2146 911 2177 Lodovicum
925 2156 1069 2178 remanere
1084 2148 1183 2189 faciet;

124 2189 161 2219 &
175 2197 281 2226 quaeret
294 2212 304 2227 ,
328 2198 474 2227 quocunq,
489 2187 579 2218 modo
592 2187 695 2225 poterit
708 2210 718 2224 ,
743 2185 860 2216 consilio
874 2186 908 2229 {sc
923 2186 1069 2225 precibus,
1087 2198 1136 2224 per
1151 2188 1184 2219 fi-

124 2226 212 2265 dem,
229 2228 334 2265 absque
349 2227 425 2257 malo
440 2227 554 2264 ingenio
563 2250 572 2264 ,
590 2225 647 2256 fine
661 2224 774 2256 datione
788 2234 915 2262 pecunlae
924 2249 932 2262 ,
951 2233 982 2255 ut
996 2235 1146 2258 remaneat.

166 2273 193 2304 3.
212 2265 250 2296 Et
269 2266 289 2296 si
304 2265 368 2296 Rex
382 2264 546 2295 Lodovicus
559 2266 588 2294 in
601 2264 736 2301 Angliam
749 2264 874 2301 venerit,
892 2264 925 2294 δε
940 2262 1105 2295 Robertum
1121 2265 1184 2297 Co—

128 2305 230 2334 mitem
250 2304 345 2334 secum
367 2303 510 2334 adduxerit
523 2328 532 2341 ,
556 2302 667 2333 Comes
682 2302 827 2333 Robertus
841 2310 899 2332 tam
914 2312 1029 2339 parvam
1045 2303 1184 2335 fortitudi-

128 2351 197 2372 nem
217 2343 369 2373 hominum
389 2342 484 2372 secum
505 2341 625 2372 adducet
638 2365 647 2379 ,
673 2351 760 2379 quam
782 2342 926 2384 minorem
940 2343 1069 2385 poteritg
1094 2343 1131 2374 ita
1144 2353 1184 2375 ta-

128 2389 213 2419 men,
231 2391 269 2411 ne
281 2380 347 2411 inde
362 2380 481 2411 feodum
496 2380 576 2411 suum
591 2390 657 2417 erga
669 2379 786 2417 Regem
800 2379 925 2410 Francice
938 2380 1095 2412 forisfaciat.

163 2428 191 2458 4.
211 2418 249 2450 Et
261 2444 272 2458 ,
296 2428 360 2450 ante
374 2419 582 2458 necessitatem,
600 2419 672 2449 infra
683 2428 723 2457 40
737 2418 811 2456 dies,
830 2418 981 2456 postquam
996 2418 1105 2450 Comes
1120 2420 1186 2451 Ro-

126 2457 222 2488 bertus
237 2468 271 2488 ex
286 2467 362 2496 parte
376 2458 465 2496 Regis
479 2458 571 2495 legato
585 2457 631 2488 vel
646 2457 728 2487 literis
743 2457 929 2498 summonitus
944 2457 1028 2488 fuerit
1040 2483 1050 2496 ,
1074 2458 1185 2490 Comes

127 2495 276 2532 praedietus
298 2498 467 2534 quingentos
488 2497 594 2534 equites
615 2496 729 2526 habebit
742 2495 776 2525 ad
810 2503 888 2526 ortus
901 2497 963 2526 11103
977 2506 1084 2533 paratos
1099 2507 1185 2528 trans-

127 2533 229 2564 fretare
246 2535 277 2565 in
296 2535 428 2572 Angliam
442 2559 452 2572 ,
477 2536 505 2565 in
517 2535 648 2565 auxilium
663 2534 752 2571 Regis
800 2534 908 2571 enrici,
935 2536 1023 2572 quam
1036 2537 1116 2566 citius
1132 2547 1185 2574 po-

128 2573 211 2610 terit,
229 2573 263 2603 &
278 2572 343 2603 Rex
357 2575 482 2604 inveniet
495 2574 533 2603 eis
547 2583 631 2604 naves
646 2597 655 2610 ,
674 2575 707 2604 &
723 2573 816 2603 mittet
830 2582 874 2602 eas
890 2572 935 2602 vel
950 2572 984 2602 ad
999 2572 1183 2612 Gravelingas

130 2610 177 2640 vel
193 2610 227 2640 ad
242 2611 385 2641 VVidsant·
408 2613 441 2642 &
455 2619 500 2641 tot
513 2621 596 2641 naves
612 2612 704 2641 mittet
717 2635 726 2648 ,
746 2620 817 2648 quot
831 2610 968 2641 sufficiant
983 2619 1027 2642 tot
1041 2612 1183 2644 Militibus

131 2649 352 2688 transfretandis,
371 2635 408 2680 116
423 2658 454 2680 ut
468 2649 656 2687 unusquisque
666 2649 766 2679 habeat
772 2657 827 2679 tres
835 2659 939 2686 equos,
956 2650 994 2693 ita
1001 2658 1096 2693 tamen
1105 2653 1183 2689 quod

131 2686 153 2716 fi
175 2686 240 2718 Rex
262 2687 403 2718 Henricus
424 2687 473 2717 has
494 2698 578 2718 naves
599 2687 681 2717 simul
703 2697 758 2718 una
771 2688 836 2717 vice
849 2697 909 2717 non
922 2687 1025 2718 miserit
1038 2712 1048 2727 ,
1074 2689 1183 2721 Milites

132 2734 307 2757 remanentes
327 2726 364 2756 de
378 2735 436 2764 500
450 2726 637 2764 expectabunt
650 2725 685 2755 ad
700 2734 816 2763 portum
831 2749 840 2764 ,
864 2726 900 2755 ab
915 2726 959 2756 illa
973 2725 1018 2756 die
1030 2751 1039 2766 ,
1064 2738 1118 2766 qua
1133 2739 1182 2758 na-

131 2773 181 2794 ves
202 2773 271 2795 cum
294 2764 434 2796 Militibus
457 2764 493 2795 de
507 2773 592 2802 portu
606 2765 722 2795 exibunt
736 2789 746 2802 ,
771 2764 858 2802 usque
871 2763 905 2793 ad
920 2773 1015 2795 totum
1029 2767 1157 2797 mensem
1171 2793 1181 2807 ,

121 2802 180 2832 'nisi
194 2803 263 2833 infra
278 2803 403 2834 mensem
417 2803 508 2841 ipsum
518 2803 689 2841 transierint3
706 2804 740 2835 &
754 2812 837 2834 naves
851 2802 913 2832 istas
927 2803 1009 2833 salvas
1022 2804 1104 2836 faciet
1117 2805 1182 2836 Ro-

130 2841 224 2872 bertus
240 2841 350 2872 Comes
364 2841 401 2872 de
413 2842 547 2872 omnibus
561 2841 726 2872 hominibus
742 2841 793 2872 suis
807 2865 818 2879 ,
843 2842 877 2872 &
900 2840 936 2871 de
950 2843 1084 2873 omnibus
1107 2844 1179 2884 aliis,

130 2879 147 2908 ‘a
161 2880 262 2917 quibus
275 2889 319 2910 eas
333 2880 433 2911 salvare
448 2881 568 2919 poterit,
587 2879 699 2919 eundo,
717 2879 858 2910 morando
872 2880 906 2911 &
921 2879 1074 2911 redeundo.

165 2925 191 2956 ς.
210 2918 249 2949 Et
262 2918 414 2956 postquam
429 2918 555 2956 praediffi
572 2918 680 2949 Milites
695 2920 724 2948 in
745 2917 848 2955 Anglia
867 2927 950 2949 erunt
970 2943 980 2958 ‚
1006 2919 1118 2950 fiducias
1140 2920 1180 2950 fa-

129 2956 206 2987 cient
219 2956 296 2994 Regi
311 2956 459 2996 Henrico,
477 2957 524 2987 vel
537 2957 630 2994 legato
644 2958 701 2996 ejus
714 2981 725 2996 ,
751 2957 771 2987 si
786 2957 907 2994 requisiti
921 2957 1025 2988 fuerint
1038 2983 1048 2997 ,
1095 2959 1152 2989 uod
1171 2984 1180 2999 ,

151 3004 217 3025 uam
238 2995 286 3025 diu
307 2996 336 3025 in
356 2997 454 3026 itinere
473 2996 523 3026 illo
544 2997 574 3025 in
596 2995 699 3033 Anglia
720 3004 801 3026 erunt
816 3019 826 3032 ,
850 2994 884 3025 ad
906 2995 1068 3032 proficuum
1122 2999 1179 3035 egis

164 3034 251 3064 enrici
272 3042 377 3072 erunt3
402 3035 436 3065 &
458 3044 519 3064 non
540 3043 667 3072 quaerent
690 3044 749 3072 quo
764 3033 856 3064 modo
870 3034 926 3071 ipse
941 3034 1037 3071 perdat
1051 3044 1153 3066 terram
1169 3061 1179 3075 ,

129 3071 175 3100 vel
190 3071 338 3102 hominem
354 3084 360 3089 ·
388 3072 433 3103 sed
443 3072 582 3110 juvabunt
596 3082 663 3103 eum
679 3096 688 3111 ,
713 3083 763 3110 per
778 3071 864 3102 fidem
879 3096 889 3110 ,
911 3072 946 3101 ad
967 3073 1122 3110 tenendum
1144 3077 1178 3106 &

128 3107 338 3141 defendendum
353 3096 491 3148 Regnum
504 3111 633 3149 Angliae,
651 3120 751 3141 contra
764 3120 865 3141 omnes
881 3111 1019 3154 homines.

165 3148 193 3176 6.
212 3147 251 3179 Et
272 3149 292 3178 si
314 3159 378 3187 quae
397 3150 446 3179 alia
461 3149 541 3179 Gens
562 3149 641 3186 super
665 3149 780 3187 Regem
801 3150 830 3179 in
851 3148 986 3186 Angliam
1002 3151 1109 3181 venerit
1123 3175 1133 3189 ,
1158 3151 1177 3182 fi

129 3183 241 3216 Comes
254 3185 399 3218 Robertus
412 3213 421 3226 ,
441 3197 475 3218 ex
489 3196 567 3225 parte
581 3187 670 3225 Regis
685 3212 694 3226 ,
719 3197 751 3218 ut
765 3187 942 3225 praediximus
957 3212 966 3226 ,
992 3188 1178 3220 summonitus

128 3223 230 3262 fuerit3
247 3225 318 3255 infra
331 3226 498 3263 praedistum
514 3228 683 3264 terminum,
701 3227 735 3257 &
748 3235 812 3257 ante
825 3225 1033 3268 necessitatem,
1052 3227 1107 3264 ipse
1115 3227 1178 3258 Co-

128 3270 190 3292 mes
202 3286 211 3301 ,
238 3271 307 3292 cum
322 3272 379 3302 500
393 3264 533 3295 Militibus
546 3289 556 3303 ,
573 3266 602 3294 in
617 3264 751 3301 Angliam
767 3265 861 3295 veniet
877 3274 883 3293 :
911 3267 930 3294 11
945 3275 1006 3295 000
1020 3266 1179 3297 remanserit

127 3309 246 3338 propter
266 3301 477 3333 monstrabilem
496 3304 534 3333 sui
555 3304 682 3340 corporis
703 3302 895 3334 infirmitatem
910 3327 919 3340 ,
953 3303 998 3333 vel
1021 3312 1103 3334 terrae
1124 3305 1179 3335 suae

127 3338 306 3369 amissionem
321 3363 331 3378 ‚
348 3340 393 3370 vel
407 3340 549 3371 Lodovici
563 3341 651 3378 Regis
666 3341 841 3371 Francorum
857 3340 1038 3378 expeditionis
1052 3342 1179 3373 summo-

127 3377 288 3416 nitionem,
305 3377 350 3407 vel
365 3387 479 3415 propter
493 3379 671 3416 Imperatoris
684 3379 813 3410 Romani
826 3379 1081 3411 summonitionem
1095 3405 1104 3419 ,
1130 3392 1180 3419 per

128 3421 220 3445 totam
241 3424 345 3446 terram
365 3416 441 3446 suam
456 3440 465 3454 ‚
490 3417 511 3446 si
532 3418 587 3454 ipse
608 3417 718 3448 Comes
740 3417 886 3448 Robertus
907 3426 976 3448 tunc
990 3421 1125 3456 temporis
1140 3421 1180 3450 ibi

129 3452 163 3521 isit
177 3464 183 3483 :
204 3454 440 3522 (Ἐκ-1106611666
452 3455 683 3487 summonitiones
697 3465 812 3494 propter
826 3457 883 3486 1106
897 3457 1020 3488 inventae
1035 3467 1096 3488 non
1111 3458 1179 3498 sint,

140 3501 187 3521 ine
199 3501 229 3521 m
254 3503 275 3523 o
288 3502 411 3529 ingenio.

166 3537 193 3566 7.
212 3529 250 3561 Et
265 3531 285 3560 11
299 3532 393 3570 aliquis
407 3530 517 3561 Comes
532 3530 643 3568 Angliae
657 3556 667 3570 ,
692 3532 738 3563 vel
752 3532 796 3562 alii
809 3532 939 3563 homines
954 3533 1076 3571 ejusdem
1097 3542 1178 3564 terrae

129 3567 314 3607 bosiaverint,
328 3572 364 3600 ita
379 3569 458 3608 quod
473 3569 537 3599 Rex
552 3568 732 3600 Comitatum
746 3571 793 3602 vel
805 3571 898 3601 valens
912 3571 1093 3602 Comitatum
1108 3573 1178 3602 ami-

128 3606 208 3645 serit,
225 3606 336 3638 Comes
350 3608 389 3638 R.
405 3618 474 3638 cum
487 3616 545 3645 500
560 3607 700 3638 Militibus
715 3610 743 3638 in
757 3609 908 3647 Angliam,
926 3611 955 3639 in
970 3610 1102 3640 auxilium
1116 3610 1178 3640 Re-

152 3645 188 3683 's‚
205 3647 316 3684 veniet,
333 3647 383 3677 nifi
397 3657 451 3684 pro
464 3646 558 3684 aliquo
573 3646 679 3675 horum
694 3656 813 3684 quatuor
826 3649 995 3678 exoniorum
1003 3649 1176 3679 remanserit:

157 3692 168 3713 t
183 3683 203 3713 fi
217 3683 327 3714 Comes
343 3694 458 3723 propter
472 3685 530 3715 hoc
544 3683 719 3722 remanserit,
737 3694 795 3723 500
811 3685 918 3717 Milites
933 3687 963 3716 in
978 3686 1130 3726 Angliam,
1147 3689 1177 3717 in

127 3721 262 3752 auxilium
277 3722 383 3761 Regis,
403 3732 433 3753 ut
448 3723 526 3761 supra
540 3722 675 3759 diximus,
693 3723 794 3753 mittet.

165 3759 191 3789 8.
210 3760 249 3791 Et
263 3761 300 3799 si,
319 3772 368 3799 per
383 3762 635 3792 summonitionem
649 3760 754 3799 Regis,
773 3761 916 3799 plusquam
932 3770 990 3800 500
1007 3762 1113 3793 Milites
1127 3763 1176 3793 ad-

128 3795 254 3837 duxerit,
273 3808 344 3836 quot
359 3801 438 3837 supra
451 3808 508 3838 500
521 3799 663 3829 adduxerit
676 3823 685 3836 ,
703 3798 740 3841 de
754 3807 798 3842 tot
812 3801 864 3829 erit
878 3802 986 3843 quietus
998 3803 1026 3831 in
1042 3802 1176 3839 proximo

128 3834 252 3872 sequenti
271 3838 390 3868 servitio.
428 3838 519 3877 Qiod
541 3838 560 3868 si
575 3847 609 3867 ex
624 3845 681 3874 500
696 3836 835 3866 Mihtibus
849 3837 989 3870 defuerint
1008 3849 1051 3869 10.
1067 3840 1112 3870 vel
1128 3850 1175 3869 20.

129 3872 176 3903 vel
196 3875 281 3913 usque
302 3875 336 3906 ad
359 3884 405 3914 50.
428 3885 543 3915 propter
559 3877 616 3906 1106
631 3875 741 3906 Comes
756 3884 816 3904 non
830 3875 928 3912 perdet
941 3876 1177 3909 Conventionem

128 3909 205 3941 suam
220 3922 286 3950 erga
299 3913 415 3952 Regem
429 3927 439 3953 3
466 3916 485 3945 fi
499 3940 509 3954 ‚
534 3915 685 3952 postquam
700 3938 710 3951 ,
728 3923 762 3944 ex
776 3922 855 3950 parte
867 3913 974 3953 Regis,
991 3915 1177 3947 summonitus

128 3947 212 3980 fuerit
246 3952 316 3982 infra
328 3962 378 3992 40.
393 3953 450 3984 dies
465 3952 590 3991 perficiet
604 3962 764 3982 numerum.
1015 3989 1018 3992 .

166 3996 191 4024 9.
210 3974 249 4018 132:
262 3989 392 4021 homines
407 4016 417 4031 ,
444 3993 493 4030 qui
507 3991 540 4021 ad
557 3991 718 4021 Henricum
734 3990 849 4026 Regem
864 3991 979 4021 venient
994 4015 1004 4030 ,
1030 3992 1124 4029 quiete
1144 3993 1177 4023 &

127 4023 202 4054 salve
214 4028 342 4067 venient,
360 4039 410 4066 per
426 4038 530 4060 terram
545 4032 578 4060 &
595 4038 691 4067 portus
706 4028 830 4059 Comitis
845 4027 968 4059 Roberti
982 4053 992 4067 ,
1018 4031 1180 4073 quicunque

127 4061 192 4132 ips}
193 4062 273 4132 sint}
278 4066 325 4098 vel
338 4067 521 4107 undicunque
535 4070 666 4105 veniant,
684 4077 738 4099 nec
752 4076 837 4101 naves
850 4065 1036 4100 defendentur
1050 4069 1088 4100 eis
1103 4072 1123 4100 11
1136 4079 1181 4100 eas

186 4111 235 4132 om.
272 4127 278 4134 .

1641 1242 1652 1260 ,
1691 1226 1773 1261 400
1794 1215 1956 1256 Μανίας
1974 1221 2142 1274 Argenti
2160 1242 2170 1263 .·
2208 1229 2270 1267 Et

841 1267 991 1298 tenetur
1008 1260 1162 1298 mittere
1184 1273 1260 1310 500
1278 1260 1438 1299 Milites
1454 1264 1497 1300 in
1516 1262 1731 1306 Ser-vitium
1750 1269 1881 1322 Regis.

1227 1380 1613 1425 convenienteijconducere
1635 1384 1784 1417 voluerint.
1822 1383 1859 1418 Et
1881 1388 2042 1423 hominibus
2058 1403 2138 1424 terrae
2152 1395 2276 1429 Comitis
2296 1401 2362 1434 Αῃῃ
2381 1404 2412 1435 D

1226 1416 1372 1462 Robertil,
1390 1429 1447 1487 gui
1469 1431 1497 1450 111
1519 1421 1661 1464 servitium
1682 1424 1770 1461 Regis
1792 1425 1903 1463 Angli-³2
1919 1432 2014 1461 venire
2030 1432 2169 1464 voluerint
2217 1446 2277 1467 non
2316 1429 2385 1473 110'1
2414 1428 2420 1435 ’-

1225 1455 1374 1500 denegabit
1419 1468 1500 1489 omes
1511 1459 1651 1490 licentiam
1666 1474 1676 1499 3
1702 1462 1739 1493 Et
1755 1464 1774 1493 11
1790 1467 1916 1497 venerint
1931 1492 1940 1504 ,
1966 1479 2080 1507 propter
2096 1472 2152 1502 hoc
2168 1459 2227 1504 n’on
2249 1486 2277 1505 a-
2391 1465 2397 1472 ἡ

1225 1503 1338 1526 mittent
1352 1505 1455 1526 terram
1470 1521 1479 1535 ,
1491 1537 1494 1541 ι
1506 1508 1558 1528 nec
1574 1499 1692 1530 feodum
1707 1526 1717 1539 ,
1742 1511 1795 1533 1166
1808 1508 2032 1537 conventionem
2046 1509 2167 1547 aliquam
2190 1522 2277 1550 quam

1224 1532 1342 1564 habeant
1356 1534 1392 1563 de
1406 1534 1532 1566 Comite.

1262 1572 1364 1616 103Et
1379 1573 1399 1603 fi
1414 1573 1524 1618 Comes
1538 1574 1701 1615 Robertus,
1720 1577 1765 1608 vel
1779 1579 1816 1609 sui
1832 1580 1960 1612 homines
1995 1585 2023 1613 10
2038 1586 2170 1617 auxilium
2187 1588 2277 1627 Regis

1224 1620 1368 1649 venermt‚
1387 1621 1473 1650 quam
1487 1613 1534 1643 diu
1548 1615 1577 1643 in
1594 1614 1694 1652 Anglia
1710 1617 1828 1657 fuerint,
1845 1629 1926 1651 erunt
1941 1608 1977 1652 ad
1990 1623 2099 1654 victum
2116 1625 2204 1663 Regis
2240 1630 2275 1660 &

1225 1648 1290 1678 Rex
1304 1649 1401 1693 reddet
1415 1652 1453 1680 eis
1467 1651 1573 1688 perdita
1587 1663 1688 1683 eorum
1703 1655 1775 1685 facta
1790 1657 1818 1685 in
1834 1657 1935 1695 Anglia
1948 1685 1957 1698 ,
1983 1661 2052 1692 sicut
2066 1672 2128 1694 mos
2150 1665 2191 1695 est
2212 1652 2275 1696 ied-

1224 1686 1291 1717 dere
1305 1688 1416 1719 familiae
1430 1689 1492 1720 suae.
1529 1689 1567 1721 Et
1581 1692 1714 1729 quamdiu
1729 1694 1771 1723 illa
1787 1696 1928 1727 necessitas
1942 1698 2082 1731 duraverit
2117 1712 2275 1735 eruntcum

1226 1724 1459 1771 Regefideliter3
1478 1729 1511 1760 δε
1526 1728 1601 1760 finita
1615 1731 1789 1770 necessitate,
1808 1737 1949 1770 permittet
1964 1747 2012 1767 eos
2028 1726 2098 1768 Rex’
2116 1741 2204 1772 redire
2240 1746 2274 1774 ὅς

1225 1773 1348 1808 mveniet
1362 1775 1498 1809 6130111163
1513 1791 1522 1804 ,
1547 1769 1580 1799 &
1596 1767 1708 1800 Comiti
1722 1781 1764 1800 eas
1779 1772 1860 1803 salvas
1873 1798 1883 1812 ,
1908 1784 1975 1805 cum
1990 1775 2154 1809 hominibus
2176 1767 2275 1819 &’pe-

1223 1812 1320 1842 cunia,
1339 1813 1470 1835 remittet.

1265 1851 1309 1885 11.
1328 1842 1367 1873 Et
1380 1842 1493 1873 Inimici
1506 1845 1595 1882 regis,
1615 1847 1663 1883 qui
1678 1846 1726 1876 sibi
1740 1858 1876 1887 werram,
1894 1851 1938 1881 vel
1948 1863 1997 1889 per
2005 1862 2124 1893 terram,
2144 1856 2189 1887 vel
2199 1865 2277 1888 mare

1222 1879 1324 1911 facient
1338 1905 1347 1919 ,
1373 1881 1506 1911 fiduciam
1528 1893 1587 1912 non
1609 1884 1752 1916 habebunt
1765 1887 1793 1915 in
1810 1886 1929 1919 Coniite
1943 1914 1952 1927 ,
1978 1901 2031 1921 1166
2052 1896 2226 1930 receptacula
2249 1898 2280 1927 in

1222 1926 1294 1949 terra
1307 1919 1368 1957 sua,
1388 1930 1452 1962 quse
1467 1919 1576 1951 Comes
1591 1921 1737 1954 Robertus
1751 1923 1902 1956 defendere
1916 1928 1961 1957 vel
1975 1930 2083 1960 auferre
2098 1933 2134 1961 eis
2151 1933 2249 1969 posset.

1262 1966 1305 2001 12..
1326 1957 1381 2001 Et,
1399 1961 1424 2002 ii
1436 1960 1496 1996 quis
1511 1959 1663 2003 hominum
1676 1960 1800 1992 Comitis
1816 1962 1938 1996 Roberti
1952 1990 1961 2004 ,
1988 1967 2065 2005 Regi
2080 1968 2210 2001 Henrico
2231 1972 2279 2003 vel

1223 1994 1385 2026 hominibus
1402 2007 1458 2035 ejus
1473 1997 1637 2029 forisfecerit
1679 2001 1712 2031 &
1728 2001 1924 2033 rectitudinem
1940 2015 1993 2042 pro
2009 2006 2128 2038 Comite
2142 2008 2278 2041 Roberto

1223 2032 1300 2071 Regi
1313 2034 1463 2079 Henrico,
1480 2036 1527 2067 vel
1540 2024 1702 2068 hominibus
1717 2040 1774 2077 ejus
1789 2064 1798 2077 ,
1818 2040 1908 2071 facere
1923 2043 2044 2075 noluerit
2058 2058 2068 2083 3
2094 2047 2124 2076 in
2139 2046 2258 2080 Comite

1223 2072 1269 2103 vel
1284 2073 1447 2116 hominibus
1463 2076 1519 2113 ejus
1535 2073 1666 2106 fiduciam
1682 2087 1742 2107 non
1757 2077 1886 2117 habebit,
1906 2079 1955 2111 nili
1967 2083 2100 2114 consensu
2117 2084 2214 2123 Regis.
2265 2073 2277 2088 '

1262 2120 1305 2151 13.
1326 2111 1364 2142 Et
1385 2114 1405 2142 11
1426 2112 1490 2143 Rex
1511 2112 1654 2144 Henricus
1677 2115 1827 2147 Comitem
1843 2117 2008 2150 Robertum
2022 2123 2051 2152 in
2067 2122 2101 2152 N
2105 2126 2250 2156 ormannia
2274 2129 2278 2133 “

1222 2149 1269 2180 ν61
1283 2149 1461 2181 cenomania
1474 2176 1483 2190 ,
1510 2153 1538 2182 in
1553 2153 1654 2184 auxilio
1667 2153 1762 2185 secum
1776 2156 1877 2186 habere
1892 2158 2012 2190 voluerit
2027 2184 2037 2198 ,
2065 2162 2098 2192 &
2122 2172 2189 2192 eum
2210 2150 2276 2194 inde

1221 2189 1427 2221 summonuerit
1441 2215 1451 2229 ,
1476 2190 1531 2227 ipse
1546 2190 1655 2222 Comes
1670 2192 1736 2223 illuc
1748 2194 1799 2225 ibit
1813 2219 1823 2232 ,
1848 2196 1882 2226 &
1904 2195 2019 2234 Regem
2041 2198 2203 2231 Henricum
2226 2212 2278 2240 per

1222 2227 1309 2257 fidem
1317 2229 1426 2267 juvabit
1440 2254 1450 2267 ,
1477 2230 1545 2260 116111
1560 2230 1640 2260 suum
1654 2232 1779 2262 amicum
1801 2234 1834 2264 ὃς
1856 2233 2022 2266 Dominum
2035 2237 2071 2267 de
2086 2249 2144 2276 quo
2158 2239 2279 2272 feodum

1222 2275 1314 2297 tenet:
1335 2267 1405 2297 Nec
1418 2267 1557 2307 dimittet,
1576 2270 1644 2307 quin
1660 2279 1719 2309 eat,
1737 2270 1832 2302 donec
1846 2271 1911 2302 Rex
1926 2274 1949 2303 F
1950 2276 2050 2305 ranciae
2061 2276 2179 2314 judicari
2194 2279 2279 2311 faciat

1223 2303 1373 2337 Comitem
1388 2306 1570 2346 Robertum,
1589 2307 1669 2346 quod
1684 2319 1744 2338 non
1758 2309 1858 2341 debeat
1876 2312 1966 2343 'uvare
1981 2315 2106 2345 amicum
2119 2316 2200 2346 suurn
2215 2317 2277 2348 Re-

1221 2353 1291 2381 gem
1306 2344 1436 2383 Angliae,
1455 2346 1532 2384 cujus
1546 2346 1665 2377 feodum
1680 2356 1782 2387 tenet3
1807 2348 1846 2380 Et
1888 2360 1925 2381 oc
1948 2361 1997 2389 per
2018 2362 2097 2390 pares
2116 2354 2178 2385 suos
2192 2380 2202 2394 ‚
2228 2357 2279 2394 qui

1223 2393 1290 2413 eum
1300 2385 1363 2422 jure
1372 2384 1497 2422 judicare
1512 2384 1624 2416 debent.

1261 2431 1306 2460 14.
1326 2421 1364 2452 Et
1385 2422 1447 2453 istas
1468 2423 1702 2455 summonitiones
1725 2425 1835 2456 Comes
1857 2426 2002 2459 Robertus
2018 2430 2172 2462 nullatenus
2188 2431 2275 2463 diffu-

1223 2461 1298 2499 giet,
1317 2471 1371 2490 1166
1385 2461 1436 2499 illi,
1457 2463 1502 2500 qui
1519 2462 1590 2492 hanc
1605 2463 1857 2495 summonitionem
1872 2466 1990 2506 facient,
2009 2469 2115 2499 maium
2124 2470 2169 2500 vel
2176 2470 2241 2501 dam

1223 2509 1294 2528 num
1311 2499 1454 2529 habebunt
1469 2511 1517 2537 per
1531 2500 1683 2532 Comitem
1699 2501 1880 2543 Robertum,
1899 2515 1992 2543 neque
2008 2517 2057 2544 per
2074 2507 2222 2548 homi-nes,
2259 2520 2277 2540 e

1224 2538 1325 2575 quibus
1341 2548 1389 2568 eos
1404 2538 1555 2569 defendere
1571 2539 1661 2576 poilit.

1262 2584 1304 2614 15.
1327 2576 1418 2614 Qiod
1433 2577 1452 2606 11
1468 2577 1532 2607 Rex
1547 2578 1689 2608 Henricus
1705 2577 1854 2609 Comitem
1870 2580 2034 2612 Robertum
2050 2584 2076 2613 in
2092 2584 2275 2615 Normannia

1222 2613 1317 2644 secum
1339 2615 1366 2643 in
1389 2616 1490 2646 auxilio
1512 2616 1615 2646 habere
1637 2616 1756 2648 voluerit
1771 2642 1781 2656 ,
1805 2619 1838 2649 ὃ(
1861 2629 1927 2649 611111
1949 2620 2032 2650 literis
2054 2623 2099 2653 vel
2114 2622 2207 2660 legatis
2223 2624 2275 2654 suis

1221 2651 1427 2683 summonuerit
1440 2678 1449 2691 ,
1474 2653 1585 2684 Comes
1606 2654 1639 2684 ad
1661 2665 1728 2685 euni
1748 2666 1816 2686 cum
1839 2665 1895 2695 500
1912 2658 2052 2690 Militibus
2067 2663 2160 2692 veniet
2177 2672 2182 2690 :
2211 2663 2275 2702 Qi

1221 2690 1373 2729 postquam
1386 2692 1415 2721 in
1429 2691 1611 2722 Normannia
1624 2693 1725 2724 fuerint
1775 2695 1845 2725 0610
1862 2695 1959 2726 diebus
1976 2699 2113 2734 prioribus
2137 2709 2218 2731 erunt
2240 2699 2275 2731 ad

1221 2729 1332 2759 1116111111
1346 2729 1469 2760 Comitis
1487 2731 1624 2762 Roberti:
1654 2731 1691 2762 Et
1708 2732 1727 2762 fi
1740 2718 1807 2762 Rex
1822 2744 1870 2764 eos
1886 2734 1986 2765 diutius
2003 2738 2120 2767 retinere
2139 2738 2275 2778 voluerit,

1220 2767 1275 2796 aliis
1289 2768 1360 2798 0610
1374 2768 1471 2799 diebus
1487 2771 1672 2800 niorabuntur
1687 2781 1756 2801 cum
1779 2771 1886 2810 Rege,
1913 2774 1946 2804 &
1968 2773 2033 2804 Rex
2055 2776 2083 2805 10
2106 2776 2148 2806 1113
2169 2776 2274 2808 ultimis

1219 2805 1291 2836 0610
1305 2805 1402 2837 diebus
1418 2808 1526 2838 vic‘tum
1542 2810 1579 2838 eis
1592 2809 1727 2845 praebebit
1742 2834 1751 2847 ,
1777 2810 1809 2840 ὃς
1832 2811 1936 2848 perdita
1951 2811 2056 2843 horum
2069 2814 2140 2845 0610
2162 2814 2272 2847 dierum
2290 2848 2293 2852 ,

1219 2845 1257 2874 613
1274 2844 1387 2883 reddet,
1407 2845 1475 2876 116111
1489 2857 1554 2877 0103
1568 2847 1609 2877 est
1627 2846 1703 2877 reddi
1719 2848 1830 2878 familiae
1845 2849 1907 2879 suae.

1257 2884 1301 2912 16.
1322 2883 1360 2914 Et
1375 2883 1394 2913 fi
1409 2884 1457 2914 illo
1471 2893 1602 2923 tempore
1616 2884 1682 2916 Rex
1698 2885 1863 2917 Lodovicus
1878 2888 1956 2926 super
1971 2888 2086 2927 Regem
2107 2890 2269 2922 Henricum

1217 2922 1245 2950 in
1267 2921 1482 2952 Normanniam
1496 2924 1638 2954 intraverit
1649 2948 1658 2962 ,
1685 2923 1831 2955 Robertus
1847 2925 1957 2957 Comes
1972 2927 2005 2957 ad
2021 2928 2204 2959 Lodovicum
2220 2931 2272 2961 ibit

1217 2969 1286 2990 curn
1300 2959 1402 2990 decem
1419 2960 1557 2992 Militibus
1573 2970 1697 3000 tantum3
1717 2963 1750 2993 &
1765 2962 1808 2992 alii
1822 2966 1950 3001 praedi'tsti
1965 2965 2071 2997 Milites
2086 2969 2272 3000 remanebunt

1217 3008 1286 3029 611111
1301 2997 1385 3035 Rege
1400 2998 1548 3038 Hernico,
1567 3001 1594 3030 in
1607 3000 1720 3031 servitio
1736 3002 1769 3032 &
1784 3000 1913 3033 fidelitate
1928 3004 1979 3033 sua.

1258 3045 1302 3075 17.
1322 3036 1382 3074 Ipse
1403 3047 1473 3068 vero
1488 3037 1599 3068 Comes
1616 3038 1761 3069 Robertus
1776 3042 1870 3070 veniet
1884 3040 1917 3070 ad
1934 3041 2048 3079 Regem
2064 3042 2226 3075 Henricum
2241 3046 2271 3075 in

1217 3074 1448 3114 Normanniam,
1469 3076 1537 3106 sicut
1552 3076 1720 3114 praedit‘tum
1737 3077 1778 3107 est
1791 3102 1800 3115 ,
1819 3078 1868 3108 0111
1883 3081 2042 3111 remanserit
2058 3092 2171 3120 propter
2187 3093 2269 3120 appa-

1216 3122 1327 3143 rentem
1343 3113 1381 3143 sui
1395 3116 1521 3152 corporis
1537 3114 1727 3145 infirmitatem
1743 3128 1752 3153 3
1773 3116 1817 3146 vel
1834 3125 1915 3147 terrae
1930 3118 1983 3149 suae
1997 3119 2175 3150 amiisionem
2188 3146 2197 3160 ,
2223 3131 2268 3152 aut

1216 3151 1293 3181 suam
1307 3151 1515 3189 expeditionem
1530 3165 1540 3191 3
1560 3153 1605 3183 vel
1621 3153 1708 3189 Regis
1724 3153 1899 3185 Francorum
1913 3181 1922 3195 ,
1950 3156 1995 3187 vel
2010 3158 2187 3195 Imperatoris
2204 3159 2268 3189 Ro-

1217 3191 1293 3219 mani
1314 3190 1523 3228 expeditionem
1538 3215 1548 3229 ,
1574 3191 1643 3222 sicut
1663 3191 1741 3229 supra
1754 3192 1887 3230 scriptum
1909 3194 1957 3225 est.
1995 3195 2033 3226 Et
2048 3197 2066 3226 11
2082 3205 2196 3234 propter
2210 3198 2267 3227 1106

1216 3228 1391 3267 remanserit,
1405 3237 1467 3272 '500
1485 3229 1607 3268 Milites,
1626 3237 1657 3260 ut
1670 3230 1848 3267 praediximus
1863 3257 1872 3271 ,
1897 3234 1926 3262 in
1940 3233 2150 3264 Normanniam
2166 3234 2198 3263 ad
2213 3235 2266 3264 ser-

1217 3268 1319 3297 vitium
1336 3266 1423 3303 Regis
1440 3269 1540 3298 mittet.

1257 3305 1299 3334 18.
1319 3304 1357 3335 Ε1
1373 3305 1392 3335 11
1408 3305 1471 3335 Rex
1486 3307 1514 3335 in
1530 3304 1708 3336 Cenomania
1723 3317 1788 3338 eum
1804 3308 1906 3339 habere
1927 3309 2022 3340 secum
2044 3310 2162 3340 voluerit
2175 3333 2185 3346 ,
2211 3310 2266 3347 ipse

1217 3343 1269 3373 ibit
1282 3353 1350 3373 cum
1366 3352 1423 3381 250
1440 3343 1577 3374 Militibus
1592 3344 1676 3374 semel
1691 3346 1719 3375 in
1736 3346 1841 3385 Anno,
1860 3349 1893 3378 δε
1909 3358 1989 3378 erunt
2004 3350 2031 3377 in
2044 3349 2146 3378 familia
2160 3347 2265 3387 Regis,

1217 3391 1268 3418 per
1287 3391 1377 3411 unum
1396 3383 1539 3419 integrum
1559 3383 1685 3413 mensem
1708 3385 1735 3412 in
1759 3384 1936 3415 Cenomania
1958 3386 1989 3422 (si
2010 3386 2072 3414 Rex
2094 3396 2142 3415 eos
2158 3386 2267 3418 tamdiu

1217 3421 1335 3450 retinere
1350 3420 1481 3458 voluerit)
1497 3421 1531 3450 ad
1544 3422 1654 3451 vietum
1671 3421 1774 3460 Regis,
1793 3424 1826 3454 ἃ
1841 3423 1875 3452 ati
1891 3423 1995 3460 perdita
2009 3423 2147 3454 reddenda
2161 3449 2171 3462 ,
2196 3425 2266 3457 sicut

1218 3468 1281 3488 mos
1302 3458 1343 3488 est
1363 3458 1482 3488 famili-e.
1520 3458 1557 3489 Et
1580 3460 1637 3489 hoc
1653 3460 1728 3489 idem
1744 3461 1825 3490 faciet
1841 3463 1877 3490 eis
1892 3461 1956 3490 Rex
1968 3485 1978 3499 ,
2001 3471 2034 3490 cx
2049 3472 2108 3499 quo
2122 3463 2266 3495 intrabunt

1216 3498 1246 3526 in
1260 3496 1294 3526 N
1297 3498 1474 3526 ormanniam
1489 3497 1523 3527 ad
1537 3497 1662 3527 euntium
1676 3499 1705 3527 in
1719 3498 1934 3528 Cenomani-im.

1256 3544 1298 3573 19.
1319 3535 1410 3573 Qiod
1425 3535 1444 3565 11
1457 3535 1566 3566 Come<
1584 3536 1742 3573 Robertus,
1762 3546 1809 3573 per
1823 3536 2072 3567 summonitionem
2087 3538 2174 3575 Regis
2182 3539 2265 3570 Hen-

1216 3573 1283 3610 rici,
1302 3573 1446 3611 plusquam
1463 3583 1520 3612 500
1537 3574 1642 3604 Milites
1659 3585 1685 3603 in
1703 3574 1930 3616 Nornmiiiiiam,
1949 3576 1994 3605 vel
2010 3576 2154 3614 plusquam
2168 3580 2265 3615 250in

1215 3610 1425 3641 cenomaniam
1440 3611 1548 3642 duxerit
1562 3612 1606 3642 vc]
1622 3612 1738 3649 miserit,
1758 3621 1827 3649 quot
1842 3615 1919 3650 supra
1933 3621 1990 3650 500
1998 3615 2025 3643 in
2033 3614 2067 3644 N
2069 3618 2265 3654 ormmniam,

1216 3650 1261 3679 ν61
1276 3650 1352 3687 supra
1367 3659 1424 3689 250
1434 3651 1462 3679 in
1470 3650 1677 3680 Cenoniaiiiam
1692 3649 1799 3679 duxerit
1814 3650 1858 3680 vel
1874 3652 1992 3689 miserit,
2010 3651 2046 3682 de
2061 3662 2104 3683 tot
2119 3655 2170 3684 erit
2186 3656 2264 3692 quie-

1215 3695 1258 3717 tus
1278 3689 1306 3717 in
1330 3690 1462 3725 proximo
1483 3689 1607 3726 sequenti
1621 3688 1729 3717 servitio
1752 3688 1856 3718 horum
1870 3688 1994 3720 duorum
2010 3690 2188 3722 servitiorum
2209 3693 2263 3723 scii.

1215 3725 1249 3755 N
1252 3728 1407 3756 ornianniae
1422 3727 1468 3757 vel
1481 3726 1675 3756 Cenomanis.

1251 3774 1298 3794 20.
1354 3764 1536 3801 uodcumque
1558 3763 1704 3793 Robertus
1725 3762 1834 3794 Comes
1853 3764 1929 3801 Regi
1951 3764 2081 3798 Henrico
2096 3793 2105 3806 ,
2129 3768 2213 3798 semel
2236 3770 2265 3798 in

1214 3812 1307 3840 anno,
1325 3803 1438 3839 fecerit,
1458 3812 1510 3839 pro
1523 3802 1580 3831 1106
1597 3802 1704 3838 quietus
1718 3803 1769 3832 erit
1783 3802 1819 3832 de
1833 3803 1919 3833 altero
1932 3802 2042 3835 servitio
2061 3830 2071 3844 ,
2097 3807 2126 3836 in
2147 3807 2194 3836 illo
2214 3817 2263 3836 eo-

1214 3840 1282 3870 deni
1296 3851 1387 3878 anno,
1406 3839 1471 3869 Niii
1486 3842 1570 3876 gratia
1584 3840 1714 3869 aniicitix
1726 3840 1830 3870 fecerit.

1251 3888 1297 3908 21.
1318 3878 1355 3908 Et
1371 3879 1390 3908 si
1405 3877 1514 3907 Comes
1530 3877 1675 3907 Robertus
1688 3879 1716 3907 in
1732 3878 1907 3916 expeditione
1926 3879 2008 3910 fuerit
2024 3905 2033 3919 ,
2058 3882 2171 3919 quando
2191 3881 2265 3911 hanc

1215 3916 1467 3946 summonitionem
1482 3916 1583 3945 habere
1603 3915 1730 3945 debuerit
1746 3941 1754 3954 ,
1778 3916 1841 3953 post
1863 3916 1985 3947 reditum
2006 3918 2042 3948 de
2063 3920 2239 3958 expeditione
2254 3943 2265 3957 ,

1216 3955 1330 3984 habebit
1343 3954 1500 3991 respec‘him
1515 3978 1525 3991 ,
1544 3954 1629 3991 usque
1643 3953 1677 3982 ad
1692 3954 1779 3984 finitas
1792 3963 1845 3984 tres
1859 3954 2039 3987 Ebdomadas
2053 3982 2062 3996 ‚
2087 3960 2120 3989 &
2141 3957 2265 3988 eundern

1216 3993 1374 4030 respecstum
1396 3992 1533 4029 habebit,
1558 3992 1577 4021 si
1597 3993 1784 4022 summonitus
1806 3993 1888 4024 fuerit
1909 3994 1980 4024 infra
1993 3997 2138 4032 proximos
2156 3996 2171 4024 8
2188 3995 2264 4033 dies,

1217 4030 1282 4068 post
1293 4029 1414 4060 reditum
1436 4029 1472 4058 de
1493 4030 1676 4067 expeditione.
1714 4029 1751 4060 Et
1773 4030 1791 4060 si
1812 4031 1937 4062 infirmus
1958 4032 2063 4072 fuerit,
2088 4033 2200 4064 habebit
2219 4043 2265 4062 re-

1217 4068 1344 4106 spectum
1359 4066 1489 4099 mittendi
1505 4067 1629 4106 Milites,
1648 4067 1741 4135 usque³
1746 4068 1781 4098 ad
1795 4069 1887 4101 finitos
1906 4077 1938 4109 15
1954 4070 2017 4100 dies.
2028 4086 2111 4094 ---

2216 4117 2263 4138 22-
