2570 4261
114 189 192 222 Ann.
206 189 246 221 D.

134 230 218 267 1256.

110 270 175 296 Hm.
190 277 217 304 3.

104 696 161 727 9⁵1.
175 700 241 728 612.

84 2318 160 2350 Ann.
176 2317 216 2349 D.

101 2358 188 2395 1256.

82 2400 135 2424 An.
147 2407 194 2433 40.

76 3333 152 3364 Ann.
166 3332 206 3364 D.

97 3372 180 3410 1256.

74 3414 127 3438 Ari.
145 3420 191 3447 4¹·

74 3453 110 3477 H.
134 3458 158 3485 3.

75 3492 115 3515 Ex
131 3491 188 3515 An-

75 3533 139 3562 tagr-

77 3846 204 3885 1¹⁵1.6i3.

271 121 321 147 22

268 201 296 221 re
324 189 406 223 vobis
429 187 588 229 huiusmodi
609 189 763 219 terminum
783 188 819 219 de
839 186 1012 226 benignitate
1035 183 1203 223 Apostolica
1221 192 1330 214 curare-

267 239 297 250 Μ
339 243 345 248 ι

266 241 370 300 “Asilos
391 268 489 304 icitur,
507 265 631 306 ipsorum
651 264 900 304 supplicationibus
919 263 1061 300 inclinati,
1088 262 1212 293 eundem
1231 260 1328 304 termi-

265 317 354 346 rium,
372 293 465 343 prsmo
487 307 571 343 usque
588 304 623 334 ad
645 303 760 334 oCtavas
781 302 910 341 praedicti
931 302 1012 340 sesti,
1028 311 1062 332 ac
1075 300 1177 332 deinde
1190 299 1226 330 us
1239 308 1275 328 ue
1297 307 1327 328 in

263 346 340 376 diem
364 343 500 373 Mercurii
522 341 586 383 post
608 342 722 372 octavas
741 342 808 380 ipsas
827 350 896 372 tune
920 342 1016 380 primo
1038 348 1206 382 venturum,
1243 336 1327 380 efra-

262 392 338 414 trum
352 381 513 411 nostrorum
528 380 647 411 consilio
661 381 790 411 duximus
802 379 1030 420 prorogmdum,
1048 378 1118 409 sicut
1133 378 1239 415 plenius
1254 375 1327 418 litte-

262 431 301 451 rae
320 419 495 460 Apostolicae
514 420 678 458 continent,
695 429 761 459 quas
779 419 882 450 eisdem
902 419 1012 449 nunciis
1032 417 1110 458 super
1123 417 1182 446 hoc
1195 414 1327 445 dtmmus

263 457 459 491 concedendas
466 469 476 495 3
1307 489 1313 496 ,
1320 484 1323 485 ⁷

299 496 407 527 Verum
430 497 494 534 quia
515 496 626 528 interim
646 496 718 528 dieti
738 498 836 529 nuncii
856 497 1005 538 petitiones
1017 493 1118 525 vestras
1125 488 1328 536 *coram-nobis

260 535 294 566 &
317 534 458 575 praediffis
478 534 607 576 fratribus
627 545 786 576 proponere
800 543 982 571 curaverunt,
1001 543 1069 571 nos,
1083 529 1328 575 hulusmodijpeti-

262 574 385 603 tionibus
399 573 544 613 diligenter
555 575 672 613 auditis,
688 576 722 606 &
734 575 842 614 plenius
854 573 1021 611 intellectis,
1045 572 1197 606 habltaqsse
1210 567 1328 610 (111188Ῑῖ-

261 613 281 641 ti
297 612 497 642 deliberatione
509 622 578 643 cum
593 613 695 643 eisdem
709 613 836 643 fratribus
847 612 926 653 super
939 611 991 641 illis
1000 633 1010 649 ,
1027 615 1216 650 memoratum
1230 615 1327 650 termi-

260 660 346 688 num,
371 650 425 681 adi
446 651 541 681 sorum
553 653 725 682 nunciorum
739 650 917 689 instantiam,
941 656 1078 688 quantum
1089 646 1124 676 ad
1135 645 1205 689 infra
1217 643 1328 681 scriptas

260 688 403 720 sententias
439 697 565 728 untaxat,
583 690 618 720 &
634 692 650 707 ¹*
664 699 802 730 poenam,
827 700 842 720 a
856 688 995 730 praedidto
1007 687 1053 717 die
1067 684 1223 722 Mercurii,
1240 683 1326 727 usque

261 727 294 758 ad
314 728 369 772 sex,
381 726 497 759 Menses
517 726 741 767 computandos,
765 739 781 759 a
802 727 868 759 Kal.
895 726 1004 758 Mensis
1026 723 1171 755 Decemb.
1191 731 1325 760 proximo

259 774 369 798 venturi
1304 798 1310 805 ,

296 789 490 843 Dum'modo,
508 814 542 835 ex
561 815 621 845 quo
640 804 799 844 hujusmodi
813 805 927 835 termini
940 813 1027 845 proro
1063 803 1105 832 tio
1116 811 1166 840 per
1179 799 1326 831 venerabi-

257 843 315 874 lem
332 844 446 875 fratrem
460 843 591 874 nostrum
725 844 980 883 Archiepiscopum
995 841 1021 872 lv
1036 840 1154 871 essanen.
1166 848 1260 884 ,quem
1272 847 1325 877 pro

256 884 374 921 negotio
387 882 457 913 dieti
471 882 567 921 Regni
581 883 615 913 ad
632 890 660 913 te
675 884 813 913 mittimus
822 882 885 921 ,vel
896 892 946 922 per
958 880 1072 912 eosdem
1085 888 1206 910 nuncios
1219 877 1254 908 ad
1269 887 1323 907 uo-

256 922 345 951 titiam
364 929 442 952 tuam
461 922 635 960 pervenerit,
653 923 772 959 pecunia
792 922 916 952 decimae
930 918 1185 952 ecclesiasticorum
1198 926 1323 961 proven-

255 964 338 990 tuum
353 960 422 998 tibi,
437 959 475 990 fili
490 958 555 989 Rex
570 960 702 999 Angliae,
720 960 805 998 usque
819 960 853 990 ad
870 968 980 990 certum
993 966 1104 998 tempus
1118 954 1323 1000 abapostolica

254 997 317 1028 sede
340 997 498 1036 concessae,
514 1006 572 1028 tam
591 998 713 1029 colle&
734 999 805 1036 jani,
824 1008 910 1036 quam
931 998 967 1028 de
982 1006 1088 1040 caetero
1099 993 1257 1034 colligenda
1270 1003 1321 1023 ne-

252 1046 394 1076 quaquam
419 1036 603 1077 impediatur,
618 1037 666 1068 vel
686 1037 856 1075 detineatur,
874 1037 911 1067 set
932 1035 1160 1072 Mercatoribus,
1178 1043 1231 1071 pro
1252 1042 1319 1077 exo-

254 1076 400 1105 neratione
421 1075 585 1106 debitonim
607 1075 753 1106 Romanae
775 1075 919 1114 ecclesiae,
942 1075 1046 1113 libere,
1067 1072 1169 1113 absque
1189 1071 1318 1110 quolibet

254 1113 423 1152 obstaculo,
438 1115 624 1155 persolvatur,

287 1152 341 1191 Et,
359 1153 379 1183 fi
392 1153 482 1191 aliqua
498 1153 579 1191 ipsius
593 1154 729 1193 quantitas
744 1163 792 1192 per
805 1162 850 1191 te,
875 1151 921 1184 vel
936 1159 986 1183 tuo
1001 1151 1134 1182 mandato
1148 1149 1260 1194 forsitan
1277 1147 1318 1180 est

250 1191 386 1231 expensa,
405 1191 440 1222 de
455 1191 517 1230 illa,
535 1191 605 1222 infra
622 1192 773 1231 Mensem,
795 1191 943 1232 postquam
948 1191 1092 1260 spraeditita
1108 1197 1269 1233 prorogatio
1283 1188 1318 1232 ad

250 1230 386 1297 himinam
400 1238 476 1261 tuam
491 1231 650 1271 pervenetit
658 1254 669 1270 ,
695 1239 726 1262 ut
742 1231 916 1271 praernissurn
930 1240 946 1265 e
979 1253 990 1271 ,
1007 1239 1057 1269 per
1071 1238 1100 1261 te
1112 1229 1233 1269 plenarie
1245 1227 1318 1259 satis-

271 1276 315 1305 at,

290 1306 340 1337 De
363 1308 565 1348 praedffiorum
583 1309 700 1341 flatrum
716 1310 834 1341 consilio
848 1311 882 1342 &
896 1310 1000 1341 assensu
1012 1309 1100 1341 taliter
1115 1315 1318 1352 prorogamus,

251 1346 383 1377 videlicet
403 1347 480 1385 quod
501 1349 616 1378 interim
634 1357 681 1388 tu,
699 1348 737 1379 fili
758 1349 823 1379 Rex
845 1349 974 1389 Angliae,
991 1348 1294 1380 excommunicationis
1308 1370 1317 1385 ,

250 1383 444 1424 Regnumque
464 1394 545 1416 tuum
566 1387 710 1418 interdieti
729 1387 891 1427 sententias,
909 1389 943 1419 ὅ(
961 1396 992 1418 tu
1010 1389 1111 1426 etiam,
1130 1388 1218 1428 circa·
1230 1396 1316 1424 pecu—

249 1424 342 1460 niam,
356 1433 442 1463 quam
467 1425 632 1455 venerabilis
643 1426 725 1457 frater
738 1426 834 1457 noster
937 1426 1126 1458 Hereforden.
1147 1425 1316 1465 Episcopus,

248 1470 414 1501 procurator
431 1462 465 1493 &
488 1464 608 1493 nuncius
631 1472 712 1503 tuus,
725 1474 828 1496 mutuo
849 1465 968 1496 nomine
987 1473 1040 1496 tuo
1061 1465 1184 1505 recepit,
1207 1465 1241 1494 &
1261 1473 1314 1504 pro

248 1501 355 1539 negotii
371 1500 478 1540 praefati
493 1501 588 1540 Regni
600 1502 705 1534 Siciliae
718 1503 914 1544 prosecutione
926 1503 1072 1544 persolvit,
1084 1504 1117 1534 &
1130 1512 1216 1542 quam
1228 1505 1314 1534 etiam

246 1545 277 1568 tu
298 1549 313 1568 a
335 1547 464 1578 tempore
483 1548 651 1571 memoratae
672 1542 863 1573 concessionis
887 1541 1053 1580 exhibuisti,
1079 1551 1113 1572 ac
1135 1550 1163 1572 te
1184 1541 1315 1572 exhibere

245 1577 395 1616 contigerit
408 1579 438 1607 in
454 1578 596 1617 futurum,
623 1579 695 1611 infra
708 1580 839 1621 scriptam
854 1591 971 1619 poenam
988 1583 1017 1611 in
1032 1581 1178 1621 privilegio
1193 1580 1312 1620 praedic-

246 1622 279 1646 to
302 1625 484 1655 contentam,
502 1616 607 1648 scilicet
628 1618 706 1658 quod
725 1628 756 1649 tu
779 1620 812 1650 &
834 1621 875 1650 tui
889 1619 1013 1650 haeredes
1026 1619 1131 1649 nullam
1146 1628 1247 1650 contra
1261 1629 1313 1650 nos

244 1654 279 1684 &
294 1653 450 1686 Ecclesiam
460 1679 469 1694 ,
488 1655 533 1686 seu
547 1666 708 1697 quenquam
721 1658 806 1688 aliurn
819 1658 897 1697 super
912 1658 967 1697 ipsa
981 1658 1100 1699 pecunia
1115 1658 1312 1697 repetitionem

243 1692 399 1732 habebitis,
417 1704 471 1725 nec
489 1695 614 1732 aliquam
637 1695 799 1734 ac'tionem‚
816 1695 854 1726 set
869 1697 945 1727 illam
961 1697 1092 1726 amittetis
1106 1705 1140 1725 ex
1156 1704 1234 1735 toto,
1250 1697 1312 1734 qui-

246 1730 364 1763 bussibet
380 1734 544 1771 juramentis
561 1744 578 1764 a
596 1741 625 1764 te
645 1734 723 1774 super
743 1734 902 1772 hujusmodi
923 1736 1038 1775 negotio
1059 1733 1188 1774 praestitis
1208 1744 1311 1774 nequa-

240 1778 328 1809 quam
342 1771 536 1810 obstantibus,
552 1772 707 1804 nullatenus
720 1774 874 1805 incurratis.

278 1850 364 1883 Nulli
380 1862 465 1893 ergo,
483 1853 542 1885 &c.

246 1932 348 2002 d'Dat
366 1934 523 1975 Anagniae,
552 1945 572 1968 2
585 1936 672 1969 Non.
690 1937 802 1969 octob.
822 1937 1007 1970 Pontificatsis
1020 1936 1109 1969 nostri
1124 1946 1200 1969 anno
1212 1937 1311 1968 secun-

266 1985 293 2000 t.

623 2047 678 2076 Sub
684 2046 845 2088 fil'issericis
858 2046 938 2086 flavi
952 2045 1079 2086 rubeique
1092 2043 1192 2075 coloris.

241 2176 292 2208 De
312 2170 505 2223 Induffiemia
525 2177 673 2223 facienda
699 2180 760 2212 illis
793 2183 846 2226 qni
869 2178 986 2213 dabunt
1009 2178 1148 2213 deciman
1163 2176 1306 2214 bonorum

525 2227 655 2272 fixorum
668 2226 799 2273 fitbstdio
814 2239 897 2262 terrie
907 2229 1026 2274 fhnfbae.

242 2313 452 2378 ALexander
464 2314 628 2356 Episcopis,
651 2317 742 2349 servus
756 2317 899 2350 servorum
913 2317 990 2356 Dei,
1010 2317 1116 2349 diledto
1131 2317 1189 2347 filio
1206 2319 1306 2357 magis-

316 2361 361 2395 tro
383 2353 554 2395 Rostanno,
570 2355 743 2396 Capeliano,
761 2358 795 2388 &
818 2357 936 2388 Nuntio
948 2356 1047 2388 nostro
1060 2358 1089 2387 in
1103 2357 1221 2395 Anglia,
1237 2357 1305 2388 saiu-

241 2398 302 2422 tem
317 2392 351 2423 &
365 2392 562 2437 Apostolicam
577 2394 820 2425 benediffionern.

278 2428 451 2475 Discretioni
465 2440 521 2463 tuae
535 2432 582 2471 (de
596 2443 651 2473 qua
665 2434 777 2471 plenam
792 2433 964 2464 inDomino
978 2432 1115 2467 fiduciam
1127 2434 1301 2472 obtinemus)

239 2469 416 2500 concedendi
437 2471 530 2501 liberis
550 2473 684 2503 omnibus
704 2472 824 2509 personis
846 2470 1038 2503 ecclesiasticis
1050 2496 1060 2511 ,
1082 2472 1246 2504 secularibus
1269 2474 1303 2504 &

235 2507 403 2577 {Sg‘siiifi'iff
424 2508 534 2577 r1¹³“'“’¹¹³
548 2510 661 2579 Atisis
668 2533 678 2554 ²
697 2511 857 2579 {afim}
870 2510 1146 2580 {eiiss‘ussfa‘iffi‘i‘ti
1161 2510 1304 2582 ὶῖ-ιῗὴήὲἑ

233 2584 365 2616 confessis
389 2586 467 2630 (quae
487 2559 630 2618 decirnlarli
642 2559 1302 2633 stlilgrumeffilscclesiffsticssrllimeplibevlsnsiiuiiilisei-

232 2621 300 2652 dem
324 2623 417 2667 Regi,
433 2624 517 2664 usque
537 2626 571 2656 ad
592 2634 702 2656 certum
723 2635 834 2664 tempus
841 2650 851 2666 ,
868 2636 922 2666 pro
944 2634 1024 2656 terrae
1044 2627 1149 2657 sanetae
1163 2628 1301 2667 subsidio,

232 2660 269 2690 ab
285 2661 439 2700 apostolica
455 2663 517 2694 sede
530 2664 711 2702 concessam,
729 2666 837 2704 integre
850 2664 1039 2703 persolverint)
1235 2675 1302 2706 pec-

232 2706 363 2729 catorum
385 2702 498 2732 veniam
513 2726 523 2741 ,
566 2712 630 2740 quae
648 2710 727 2732 terrae
747 2703 850 2733 sanCtae
872 2703 1092 2733 succurrentibus
1113 2704 1143 2732 in
1166 2703 1300 2773 generali

1135 2751 1169 2772 au
1202 2751 1301 2775 oritate

236 2736 374 2769 Concilio
395 2741 527 2771 concessa
549 2741 604 2772 esse
622 2740 808 2781 dignoscitur,
827 2742 938 2780 plenam

233 2776 412 2813 praesentium
428 2778 604 2818 potestatem.

230 2854 335 2922 dODat.
355 2857 493 2899 Anagniae
508 2883 518 2900 ,
543 2859 629 2892 Non.
650 2860 763 2893 OCtob.
787 2859 972 2892 Pontificatsis
993 2858 1083 2892 nostri
1105 2871 1181 2892 anno
1202 2863 1300 2894 secun-

900 2972 955 3001 Sub
961 2969 1015 3012 filo
1029 2970 1138 3001 canabi.

228 3095 350 3128 Litterae
377 3099 574 3133 Credentiales
593 3112 649 3147 pro
675 3102 899 3150 Archiepisbopo
930 3103 1096 3149 Adefflmen.
1122 3106 1159 3141 ὠ
1174 3102 1210 3135 de
1224 3113 1296 3148 ΡΜ·

276 3149 427 3191 rogatione
452 3153 575 3180 termini
597 3161 653 3195 pro
671 3153 813 3184 mittendo
835 3155 992 3198 Capnaneo
1010 3156 1041 3184 in
1063 3152 1232 3197 Apuliam,
1259 3154 1295 3189 (ἰ

272 3190 309 3224 de
325 3194 496 3240 respoifione
511 3195 647 3230 habenda
662 3210 716 3244 per
730 3199 991 3247 Archiepifiopum
1010 3201 1141 3247 [Messan-

227 3278 434 3339 ALexander
448 3285 621 3325 Episcopus,
637 3287 728 3330 ¹servus
742 3287 885 3320 servorum
899 3290 974 3329 Dei,
993 3289 1135 3321 carissimo
1151 3291 1180 3319 in
1194 3289 1294 3320 Chris-

305 3330 336 3365 to
356 3322 416 3366 silio
543 3324 643 3355 illustri
664 3325 740 3365 Regi
766 3326 895 3368 Angliae,
911 3329 1026 3360 salutem
1046 3330 1080 3361 &
1095 3327 1292 3369 Apostolicam

231 3357 469 3392 beneuiCtionem.

268 3397 439 3431 Venerabilis
452 3401 533 3433 frater
548 3402 645 3433 noster

232 3436 252 3464 ti
275 3434 459 3480 filii-‘Egidius
482 3440 598 3472 Eletffiis
617 3442 792 3473 Saresbirien.
810 3443 843 3473 &
859 3443 1016 3475 Riccardus
1032 3445 1127 3475 Abbas
1141 3443 1292 3473 Westmo-

232 3472 339 3517 nasteru
359 3476 539 3521 Londonien.
558 3479 671 3511 Nuncii
684 3482 723 3511 tui
736 3482 771 3512 ad
784 3481 909 3512 nostram
924 3484 1096 3522 praesentiam
1108 3481 1289 3520 accedentes,

232 3512 318 3555 nobis⁹
329 3513 470 3560 humiliter
493 3518 679 3559 supplicarunt
699 3528 748 3558 ut,
765 3530 833 3551 cum
855 3520 966 3551 instaret
987 3521 1102 3551 Festum
1117 3521 1211 3551 Sancti
1226 3520 1290 3550 Mi-

230 3548 347 3587 chaelis,
363 3560 512 3596 terminus,
535 3558 592 3587 viz.
611 3558 662 3588 tibi
678 3558 806 3598 praefixus
825 3570 841 3589 a
862 3560 960 3599 nobis,
978 3570 1011 3591 ae
1032 3570 1082 3600 per
1096 3567 1125 3590 te
1139 3560 1224 3589 etiarn
1239 3569 1288 3597 ap-

229 3586 376 3628 probatus,
390 3592 460 3636 mfra
482 3605 568 3632 quem
588 3597 702 3634 venire,
718 3597 763 3627 vel
783 3597 893 3627 mittere
906 3597 1111 3638 Capitaneum,
1129 3607 1198 3628 cum
1212 3599 1287 3627 mili-

227 3631 264 3653 tia
285 3633 519 3674 competentium
541 3633 679 3673 Regnum
694 3634 815 3675 Siciliae,
833 3645 867 3666 ac
879 3645 985 3667 certam
1001 3638 1130 3675 pecuniae
1143 3636 1284 3667 summam

228 3662 312 3692 nobis
329 3664 362 3694 &
383 3664 515 3713 Ecclesiae
533 3670 694 3710 Romanae,
713 3684 766 3711 pro
787 3675 911 3712 expensis
931 3675 1009 3706 saetis
1029 3677 1058 3706 in
1080 3674 1140 3716 ipso
1153 3674 1262 3712 Regno
1276 3697 1286 3712 ³

229 3701 358 3769 exolisiirsi
381 3703 391 3733 s
412 3714 474 3749 tout
494 3718 522 3737 in
543 3710 658 3756 publico
697 3712 825 3756 rivilegio
843 3713 980 3756 confesso
1000 3715 1079 3754 super
1099 3712 1284 3743 conceffione

226 3748 323 3806 iilisstri
336 3745 742 3821 Regffimffigietraatgqimung
753 3749 1284 3829 ffiffgigqtffligffipstssrlggampffiq

227 3814 387 3852 hujusmodi
407 3820 558 3860 terminum
581 3811 742 3867 (praesersim
763 3836 850 3870 cuin,
875 3800 1131 3866 supervenientibus
1150 3829 1201 3859 tibi
1220 3829 1283 3865 qui-

227 3853 345 3884 busdam
368 3862 449 3884 cerus
469 3859 550 3900 causis
563 3861 596 3890 &
609 3864 730 3901 casibus,
747 3865 897 3903 adimplere
912 3868 1050 3904 praemissa
1065 3867 1135 3898 infra
1149 3868 1205 3905 jam
1219 3867 1281 3896 dic-

227 3899 289 3921 tum
311 3890 427 3922 Festum
447 3898 619 3942 nequlVenS)
635 3910 668 3930 ac
689 3903 814 3945 mitigare
827 3904 1004 3935 conditiones
1017 3907 1048 3936 in
1061 3904 1207 3947 privilegio
1219 3904 1280 3945 ipso

226 3938 388 3973 contentas,
405 3938 555 3975 totumque
573 3935 731 3973 hujusmodi
753 3942 899 3980 negotium
921 3943 951 3973 in
965 3943 1063 3975 melius
1078 3943 1229 3974 reformare
1242 3942 1280 3972 de

224 3967 396 4005 benignitate
408 3968 575 4006 Apostolica
587 3981 752 4006 curaremus.

262 4003 389 4044 Sane,‘si
408 4007 553 4048 diligenter
572 4009 741 4052 adverteres,
759 4015 797 4046 fili
815 4016 952 4048 carissime
958 4039 969 4057 ,
986 4021 1197 4060 gratiamquam
1211 4016 1278 4050 Ro-

704 3403 941 3442 Archiepiscopus
952 3405 1142 3437 Tarentasien.
1160 3405 1194 3436 δε
1205 3404 1292 3435 dilec-

731 95 1990 153 coNVEN‘rioNEs‚L1†rERAE,

1373 193 1456 214 mana
1470 183 1594 215 Ecclesia
1607 184 1734 227 dudum,
1750 189 1825 219 circa
1839 187 2052 219 concessionem
2065 186 2194 226 praedie'ti
2207 185 2321 226 Regni,
2336 186 2433 219 tibi&
2454 182 2532 216 Ann.
2545 187 2570 222 D

1371 222 1511 261 praedfflo
1531 232 1598 253 nato
1617 223 1712 255 fecisse
1730 227 1899 266 dinoscitur,
1918 227 1938 258 fi
1957 227 2062 257 attente
2081 225 2207 270 pensares
2244 234 2360 256 uantum
2379 235 2433 258 nos
2453 225 2536 262 1256.
2558 225 2570 263 ᾖ

1372 261 1425 290 tibi
1439 261 1562 291 liberales
1575 261 1708 294 fuerimus
1719 265 1749 295 iri
1762 265 1815 296 hac
1827 274 1919 305 parte,
1935 273 2072 303 quantum
2088 273 2173 295 etiarn

1373 298 1604 338 concessionem,
1629 310 1683 340 pro
1699 303 1782 340 ipsius
1795 303 1892 344 Regni
1905 304 2039 343 negotio,
2064 274 2289 344 importagilibus
2301 313 2363 333 non
2369 312 2409 372 ¹pa
2422 321 2437 328 -

1370 337 1465 368 cendo
1484 338 1637 378 sumptibus
1655 340 1888 381 laboraverimus,
1903 343 2041 372 invenires
2063 343 2160 381 utique
2180 342 2256 372 unde
2278 341 2436 381 speciaius,

1369 384 1428 444 prriae
1442 377 1549 407 caeteris
1562 378 1662 408 mundi
1677 378 1822 420 Regibus,
1842 380 1987 419 praedietae
2001 382 2132 411 tenereris
2145 380 2280 412 Ecclesiae
2294 389 2351 411 tuae
2367 379 2436 412 Ma-

1407 452 1493 483 Nam
1505 452 1576 497 ‚post
1596 454 1812 486 concessionem
1835 457 1954 488 eandem
1966 481 1978 497 ,
2000 458 2065 497 quia
2082 456 2240 496 hujusmodi
2259 458 2406 498 negotium
2421 463 2435 498 ,'

1370 499 1486 535 propter
1503 493 1584 530 ipsius
1604 491 1702 533 Regni
1717 494 1838 535 statum,
1855 496 1988 527 nondum
2008 506 2042 526 ex
2054 504 2118 526 toto
2128 496 2323 535 tranquillum,
2341 496 2435 527 multo

1368 529 1509 574 indigebat
1529 531 1647 561 consilio
1665 532 1700 563 δε
1719 533 1831 573 favore,
1849 543 2035 574 magnamque
2055 535 2211 573 requirebat
2224 534 2378 574 solertiam,
2396 536 2432 567 &

1368 566 1571 599 sustentationis
1592 569 1756 613 fulcimenta
1775 582 1835 602 non
1855 573 1985 611 modica,
2002 573 2094 604 valida
2115 572 2283 605 defensionis
2296 576 2434 606 munimi-

1370 615 1422 644 na,
1440 607 1474 637 &
1488 607 1672 638 indeficrentis
1685 609 1792 640 subsidii
1804 610 2033 650 firmamentum,

1405 644 1489 682 Nos,
1505 645 1578 686 quasi
1598 653 1692 677 totum
1711 649 1822 688 pondus
1842 650 1963 689 ejusdem
1984 650 2091 690 negotii
2104 649 2277 690 portandum
2290 649 2370 688 super
2380 649 2435 682 hu-

1369 692 1463 714 meros
1488 684 1600 715 nostros
1625 684 1815 724 assumpsimus
1828 710 1838 725 ,
1868 699 1902 719 ex
1930 689 2042 720 diversis
2070 690 2191 727 partibus
2215 689 2372 720 exercitum
2391 691 2436 720 in-

1368 720 1517 766 staurando
1540 724 1723 762 magnificum
1738 748 1748 763 ,
1772 736 1805 756 ac
1824 726 1985 766 deputando
2007 727 2144 767 Legatos,
2161 728 2196 759 ad
2208 727 2433 767 prosecutionem

1367 760 1454 805 illius,
1473 772 1533 791 non
1545 762 1602 792 sine
1615 762 1751 794 effusione
1765 773 1866 804 magna
1876 766 2055 804 sumptuum,
2073 774 2105 796 ut
2118 766 2259 803 possemus
2272 767 2340 798 illud
2351 767 2433 806 ,Do-

1368 808 1451 843 mino
1465 800 1601 840 aridiore,
1616 801 1768 841 perducere
1781 803 1814 834 ad
1828 802 1931 835 statum
1943 804 2140 835 honorabilem
2149 828 2158 843 ,
2184 805 2348 845 prosperum
2360 830 2370 846 ,
2397 808 2432 839 &

1367 846 1511 876 quietum:

1405 876 1484 907 Cum
1506 887 1541 908 ue
1562 877 1638 908 idem
1661 880 1808 919 negotium
1824 879 1993 911 laudabiliter
2012 882 2237 920 convalesceret,
2255 882 2288 912 δί
2302 882 2417 915 success
2418 903 2432 908 -·

1366 914 1418 959 bus
1432 926 1485 954 pro
1496 917 1566 958 peris
1579 917 1750 956 firmaretur,
1773 919 1904 957 tandem,
1930 920 1994 956 quia
2006 921 2183 960 quorundam
2196 921 2375 959 proditorum
2390 923 2431 953 fa-

1365 963 1460 985 ciente
1480 956 1618 996 nequitia,
1642 956 1789 994 inopinato
1809 957 1871 987 casu
1890 958 1979 987 extitit
1999 959 2169 997 impeditum
2181 983 2192 998 ,
2215 969 2329 1000 propter
2349 962 2429 999 quod

1365 999 1444 1023 tanto
1463 994 1636 1025 festinantius
1655 1002 1712 1024 erat
1734 994 1827 1025 eidem
1846 995 2066 1027 succurrendum
2087 999 2221 1037 negotio,
2249 1008 2355 1037 quanto
2377 1001 2428 1032 sibi

1362 1033 1547 1072 propinquior
1560 1033 1725 1063 imminebat
1737 1033 1865 1064 confusio
1878 1035 1911 1064 &
1924 1033 2085 1065 discrimen:

1402 1069 1635 1111 Magnitudinem
1655 1079 1732 1102 tuam
1752 1082 1802 1109 per
1820 1071 1926 1102 nostras
1944 1074 2140 1110 requisivimus
2155 1074 2271 1113 litteras,
2287 1077 2341 1106 tibi
2356 1087 2427 1109 cum

1362 1108 1491 1141 instantia
1510 1110 1667 1149 suadentes,
1686 1118 1732 1148 ut,
1747 1112 1810 1150 quia
1829 1121 1936 1141 eramus
1957 1111 2070 1141 ulterius
2091 1113 2125 1143 ad
2145 1113 2293 1144 ferendum
2313 1123 2425 1147 tantum

1360 1148 1471 1188 pondus
1490 1150 1601 1189 penitus
1612 1150 1781 1189 impotentes
1796 1150 1876 1186 (curn
1890 1150 1965 1187 proi
1987 1150 2036 1180 sius
2081 1152 2231 1181 omotione
2241 1154 2349 1191 negotii
2361 1164 2428 1185 nos-

1360 1194 1432 1219 tram
1445 1188 1676 1221 exhauriverirnus
1690 1197 1847 1227 cameram,
1861 1188 1968 1226 praedic
1982 1199 2027 1218 am
2069 1189 2306 1225 cclesiamssmultis
2318 1192 2352 1222 &
2364 1201 2428 1232 gra-

1360 1227 1442 1258 vibus
1468 1227 1685 1268 obligationibus
1713 1226 1911 1269 astringentes)
1936 1227 2098 1260 festinatum
2127 1239 2291 1268 praeparares
2314 1229 2426 1262 succur-

1358 1264 1434 1297 sum:

1395 1305 1437 1339 Ita
1459 1305 1555 1349 quod,
1573 1311 1655 1342 omni
1677 1309 1842 1342 difficultate
1861 1320 1895 1342 ac
1918 1309 2045 1342 tarditate
2060 1318 2186 1350 remota,
2204 1307 2297 1342 statim
2308 1309 2423 1350 copiosa

1359 1344 1394 1389 ὃς
1406 1346 1516 1379 strenua
1528 1349 1626 1380 militia
1638 1350 1812 1388 mitteretur,
1827 1351 1862 1382 &
1876 1349 2093 1389 nichilominus,
2111 1358 2141 1380 ut
2154 1359 2224 1380 terra
2236 1349 2370 1388 Laboris,
2386 1350 2424 1380 &

1357 1384 1418 1415 aliae
1438 1395 1519 1417 terrae
1540 1388 1620 1428 ipsius
1639 1387 1753 1427 Regni,
1769 1399 1833 1429 quae
1854 1388 1944 1420 adhuc
1965 1389 1995 1419 in
2015 1388 2169 1419 devotione
2189 1389 2198 1418 i'
2220 1388 2269 1419 sius
2289 1386 2424 1418 Ecclesiae

1356 1424 1552 1464 persistebant,
1576 1426 1610 1457 &
1630 1435 1680 1464 pei·
1695 1437 1761 1465 quas
1774 1427 1808 1457 ad
1821 1426 1884 1457 alias
1897 1426 1993 1466 Regni
2008 1435 2096 1467 partes
2108 1427 2194 1458 libere
2225 1427 2300 1458 :iberi
2312 1434 2424 1464 poterat

1357 1463 1483 1494 transitus
1501 1465 1535 1495 &
1557 1463 1720 1503 processus,
1741 1464 1852 1503 possent
1873 1466 1985 1496 interim
2004 1465 2178 1505 praeservari,
2203 1467 2353 1504 pecuniam
2375 1466 2422 1495 iri-

1357 1503 1533 1542 continenti,
1549 1513 1602 1541 pro
1621 1503 1815 1534 conducendis
1833 1503 1868 1534 ad
1888 1503 1945 1534 hoc
1967 1504 2117 1542 militibus,
2135 1505 2168 1535 δε
2182 1505 2305 1543 aliquem
2325 1505 2420 1535 virum

1355 1539 1500 1578 ydoneum
1520 1551 1574 1582 pro
1594 1541 1751 1581 Capitaneo
1768 1541 1934 1581 destinares,
1951 1551 1984 1573 ac
2004 1541 2065 1573 alias
2087 1542 2180 1573 eidem
2198 1544 2316 1583 negotio
2334 1551 2420 1581 prout

1355 1580 1519 1617 expediebat
1533 1579 1686 1611 efficaciter
1698 1580 1870 1622 provideres:

1389 1617 1444 1649 Sed
1458 1618 1573 1659 qualiter
1586 1618 1667 1658 haec,
1694 1628 1758 1658 quae
1773 1619 1825 1650 tibi
1837 1629 1890 1660 pro
1903 1618 2026 1659 ejusdem
2041 1621 2224 1660 promotione
2236 1630 2271 1651 ac
2285 1619 2420 1652 sustenta-

1353 1656 1432 1687 tione
1452 1658 1558 1697 negotii
1578 1656 1771 1698 persuasimus,
1789 1657 1903 1695 feceris,
1917 1667 1979 1689 non
1997 1659 2122 1699 ignoras:
2142 1659 2258 1697 qualiter
2269 1659 2355 1690 etiarn
2369 1668 2421 1690 ne-

1352 1695 1464 1738 gotium
1478 1695 1568 1739 ipsurn
1584 1696 1735 1735 adjuveris,
1752 1706 1785 1728 ac
1800 1697 1880 1738 super
1890 1695 1939 1727 illo
1953 1697 2108 1738 provideris
2122 1720 2132 1735 ,
2159 1698 2269 1728 cunCtis
2283 1698 2347 1728 luce
2361 1697 2420 1729 cla-

1352 1743 1407 1764 rius
1428 1735 1592 1773 innotescit,
1611 1745 1680 1765 cum
1698 1744 1753 1766 nec
1775 1743 1850 1774 tuaS,
1867 1745 1921 1766 nec
1945 1736 2066 1767 aliorum
2088 1745 2167 1767 curas
2182 1736 2216 1767 &
2228 1737 2299 1768 vires
2314 1735 2349 1767 ad
2363 1736 2418 1768 hu-

1351 1771 1470 1810 jusmodi
1485 1773 1711 1813 prosecutionem
1725 1775 1862 1805 curaveris
1874 1773 2022 1812 adhibere,

1424 1811 1569 1842 uinimmo
1597 1812 1634 1842 sic
1657 1811 1747 1853 ipsum
1776 1813 1922 1853 negotium
1968 1813 2021 1843 uafi
2041 1812 2224 1853 postposuisse
2243 1811 2420 1853 dinosceris;

1352 1851 1414 1889 quo
1443 1873 1453 1888 ,
1467 1860 1503 1880 eo
1524 1851 1578 1881 tuis
1597 1850 1705 1890 speratis
1719 1851 1753 1882 δε
1766 1852 1913 1891 oportunis
1926 1850 1955 1881 su
1977 1850 2048 1881 sidiis
2059 1861 2120 1881 nori
2133 1851 2264 1890 suffulto,
2281 1852 2417 1890 praedicta

1353 1896 1424 1919 terra
1444 1888 1563 1919 Laboris
1583 1889 1643 1928 (per
1664 1899 1750 1928 quam
1762 1889 1901 1920 residuum
1916 1890 1997 1929 ipsius
2011 1888 2108 1929 Regni
2120 1891 2274 1930 recuperari
2290 1891 2417 1930 poterat)

1351 1928 1390 1958 sic
1401 1927 1545 1973 adversarii
1557 1926 1691 1960 Ecclesiae
1703 1927 1868 1969 aggressibus
1881 1929 1986 1968 patuit,
2009 1928 2087 1969 quod
2103 1927 2180 1959 illam
2193 1929 2315 1961 totaliter
2327 1939 2418 1961 occu-

1387 1975 1438 1998 vit.

1351 1975 1460 2037 paNec
1480 2006 1574 2047 potest
1592 2006 1672 2046 super
1690 2007 1748 2039 hoc
1783 2015 1817 2040 ex
1836 2014 1912 2047 parte
1929 2014 1976 2039 tua
2018 2006 2239 2046 quomodolibet
2258 2007 2416 2046 ignorantia

1348 2043 1476 2085 allegari,
1511 2046 1641 2077 raesertim
1663 2057 1733 2078 cum
1774 2057 1817 2077 aec
1835 2048 1932 2077 omnia
1951 2032 1990 2077 ad³
1998 2046 2125 2077 nostram
2137 2046 2343 2077 excusiitionern
2357 2045 2418 2084 fre-⁶

1350 2092 1470 2121 quenter
1503 2086 1642 2116 uxerimus
1656 2086 1819 2117 intimanda.

1386 2121 1469 2154 Licet
1487 2124 1570 2162 igitur
1584 2124 1721 2155 maximus
1733 2132 1767 2155 ex
1782 2132 1858 2166 parte
1871 2123 1962 2164 Regia
1977 2123 2156 2154 intervenerit
2169 2122 2305 2153 hastenus
2317 2124 2347 2153 in
2363 2127 2416 2154 ne-‘

1349 2162 1429 2200 gotio
1444 2171 1604 2193 memorato
1617 2162 1760 2202 defectus,
1776 2171 1809 2194 ac
1843 2169 1937 2202 ropter
1949 2161 2007 2193 hoc
2020 2162 2193 2199 potuerimus
2206 2161 2304 2200 nobis,
2318 2162 2352 2192 &
2368 2163 2413 2200 ip-

1349 2200 1370 2230 fi
1382 2199 1518 2231 Ecclesiae
1533 2201 1561 2231 in
1575 2201 1632 2232 hoc
1647 2201 1723 2232 aliter
1737 2172 1901 2240 provigere3
1928 2202 1992 2240 quia
2008 2208 2103 2231 tamen
2119 2209 2214 2239 tuam,
2233 2200 2267 2231 &
2282 2199 2412 2238 praedicti

1349 2237 1407 2269 nati
1427 2240 1466 2269 tui
1488 2238 1684 2270 exaltationem
1704 2238 1770 2271 totis
1791 2239 1927 2270 desideriis
1938 2235 2119 2277 affectamm,
2135 2249 2187 2269 nos
2199 2239 2334 2269 omnibus
2345 2248 2412 2283 quae

1347 2277 1477 2317 praedicti
1500 2277 1629 2317 Nuncii,
1649 2287 1683 2309 ex
1702 2286 1779 2317 parte
1796 2287 1856 2318 tua,
1875 2279 1933 2309 tam
1948 2277 2028 2316 super
2047 2276 2208 2318 praemiffis,
2225 2279 2312 2316 quam
2323 2285 2409 2308 etiam

1347 2316 1427 2354 super
1446 2317 1504 2347 aliis
1524 2317 1576 2347 tuis
1591 2316 1671 2355 justis
1690 2318 1872 2356 petitionibus
1893 2325 2051 2355 proponere
2071 2316 2237 2354 voluerunt,
2262 2315 2410 2354 diligenter

1347 2355 1462 2394 auditis,
1481 2355 1515 2385 &
1529 2355 1636 2395 plenius
1650 2355 1812 2395 intelleffls,
1831 2355 1981 2393 habitaque
1995 2354 2121 2393 diligenti
2135 2354 2334 2384 deliberatione
2341 2364 2411 2385 cum

1347 2392 1450 2424 nostris
1462 2393 1589 2424 Fratribus
1603 2394 1682 2432 super
1694 2394 1761 2432 illis,
1782 2393 1972 2424 venerabilem
1986 2393 2099 2423 fratrem
2113 2392 2243 2423 nostrum
2292 2392 2411 2423 Archie-

1347 2432 1494 2471 piscopum
1517 2431 1675 2463 Messanen.
1695 2432 1800 2469 (virum
1819 2433 1916 2472 utique
1937 2431 2072 2471 religione
2084 2431 2291 2474 conspicuum,
2307 2439 2410 2471 genere

1346 2471 1492 2509 nobilem,
1510 2471 1628 2502 consilio
1647 2471 1816 2510 providum,
1835 2471 1869 2502 &
1890 2479 2005 2501 morum
2023 2478 2158 2510 graVitate
2177 2478 2336 2508 maturum,
2355 2480 2411 2500 no-

1345 2509 1443 2548 bisque
1460 2519 1494 2540 ac
1519 2510 1659 2548 praedietis
1673 2510 1801 2540 fratribus
1813 2509 1873 2539 suae
1885 2510 1988 2539 merito
2002 2508 2148 2546 probitatis
2158 2510 2320 2547 acceptum)
2337 2518 2410 2539 con·-

1343 2545 1458 2578 fidentes
1471 2548 1507 2579 de
1519 2549 1600 2587 ipsius
1612 2548 1870 2586 circumspeffione
1883 2547 2029 2586 laudabili,
2044 2547 2078 2578 &
2093 2547 2269 2587 providentia
2283 2548 2409 2578 circum-

1343 2585 1451 2624 spefta,
1469 2586 1505 2617 de
1526 2586 1647 2625 ipsorum
1664 2588 1779 2617 fratrum
1801 2586 1920 2617 consilio
1941 2586 1976 2616 ad
1996 2594 2027 2616 te
2045 2585 2176 2616 duximus
2196 2584 2411 2626 destinandum,

1343 2626 1392 2663 qui
1405 2626 1456 2655 tibi
1470 2625 1548 2664 super
1563 2626 1704 2664 praedietis
1717 2625 1896 2663 petitionibus
1910 2625 2031 2662 plenarie
2044 2624 2231 2663 respondebit.

1378 2662 1410 2693 Id
1468 2674 1502 2693 ue
1516 2664 1699 2695 Serenitaterri
1713 2672 1789 2694 tuam
1804 2672 1934 2695 rooamus
1949 2663 1982 2694 &
1998 2661 2145 2692 hortamur
2157 2664 2264 2693 attente
2279 2664 2408 2702 quatinus

1343 2703 1454 2740 (praemi
1480 2713 1494 2733 a
1507 2703 1622 2742 omnia,
1645 2703 1714 2732 infra
1726 2702 1766 2732 tui
1779 2701 1842 2732 clau
1869 2711 1897 2731 ra
1909 2699 2031 2737 pectoris
2041 2699 2147 2730 solicita
2159 2701 2344 2731 meditatione
2359 2712 2405 2732 re-

1340 2740 1476 2779 volvens,
1491 2742 1668 2772 considerans
1688 2740 1772 2771 etiam
1783 2746 1883 2778 quanta
1897 2737 2042 2774 confusio,
2080 2745 2254 2775 uantumque
2266 2737 2402 2778 dedecus,

1340 2780 1359 2810 si
1375 2780 1404 2809 in
1417 2780 1426 2809 i
1447 2780 1515 2818 sius,
1531 2780 1608 2818 quod
1621 2779 1706 2816 absit,
1724 2788 1744 2807 n
1779 2779 1832 2808 otii
1845 2775 2041 2819 prosecutione
2074 2775 2185 2806 eficeres
2197 2798 2208 2814 ,
2222 2785 2295 2819 ‘non
2309 2776 2403 2807 solum

1340 2818 1407 2855 tibi,
1434 2818 1469 2848 ed
1480 2819 1565 2848 etiam
1578 2818 1633 2849 toti
1647 2826 1704 2847 tuae
1717 2826 1756 2854 po
1783 2816 1869 2847 eritati
1884 2822 2020 2855 perpetuis
2033 2814 2208 2851 temporibus
2220 2815 2403 2854 immineret;

1319 2853 1321 2855 ’
1340 2856 1454 2895 pensans
1475 2857 1584 2897 insuper
1605 2855 1683 2897 quod
1705 2865 1806 2886 omnes
1827 2854 1885 2884 fere
1898 2853 1992 2893 Reges
2006 2852 2040 2883 &
2057 2852 2202 2891 Principes
2214 2853 2291 2883 orbis
2304 2862 2404 2894 terrae,

1341 2897 1390 2936 qui
1410 2892 1501 2926 sciunt
1521 2905 1548 2926 te
1572 2894 1740 2933 praedidium
1761 2891 1929 2934 assumpsisse
1946 2891 2112 2931 negotium,
2131 2902 2164 2923 ac
2179 2890 2353 2924 debilitatem
2366 2893 2402 2925 &

1338 2935 1537 2974 impotentiam
1556 2934 1608 2965 tibi
1624 2933 1806 2972 asenberent,
1822 2933 1842 2964 si
1860 2930 1927 2962 illud
1940 2930 2092 2961 dimitteres
2104 2930 2318 2975 imperfedtum)
2334 2941 2401 2962 om-

1338 2983 1388 3004 nes
1403 2981 1477 3011 tuas,
1493 2973 1526 3004 &
1540 2971 1685 3003 Baronum
1698 2975 1713 2990 ’⁶
1728 2980 1841 3003 tuorum
1853 2971 1925 3000 vires
1937 2968 2078 3009 conflare,
2097 2970 2131 3000 &
2143 2970 2200 3001 illas
2214 2976 2313 3001 contra
2330 2979 2403 3008 prae-

1337 3012 1450 3042 diCtum
1469 3011 1606 3043 Ecclesiae
1626 3010 1826 3048 adversarium,
1844 3008 2033 3040 intermissum
2054 3008 2223 3040 resumendo
2236 3009 2406 3049 negotium,

1337 3051 1374 3082 de
1384 3051 1483 3082 divino
1496 3050 1615 3082 confisus
1627 3050 1742 3087 auxilio,
1759 3059 1819 3079 non
1832 3047 1942 3078 differas
1957 3048 2077 3079 totaliter
2090 3049 2223 3086 experiri,
2347 3087 2351 3091 ι

1376 3089 1605 3122 Reconciliando
1617 3090 1669 3119 tibi
1684 3087 1815 3119 Praelatos
1829 3086 1926 3126 Regni
1938 3088 1978 3117 tui
1992 3096 2041 3125 per
2056 3086 2177 3118 celerem
2191 3085 2399 3121 restitutionem

1337 3128 1451 3159 suorum
1468 3130 1591 3168 jurium,
1608 3128 1709 3168 quibus
1726 3136 1776 3164 per
1795 3134 1823 3156 te
1835 3125 1860 3156 se
1875 3125 1994 3156 asserunt
2008 3120 2154 3165 spoliatos,
2172 3126 2206 3156 ὃς
2221 3133 2321 3156 omnes
2334 3135 2398 3163 per-

1337 3167 1416 3197 sonas
1436 3167 1499 3198 alias
1522 3177 1571 3208 per
1591 3166 1901 3205 quarumpotentiam,
1921 3164 1966 3195 seu
1982 3164 2168 3196 ministerium
2183 3163 2293 3194 diffitum
2307 3172 2396 3203 nego-

1337 3206 1408 3235 tium
1432 3205 1509 3243 posse
1530 3206 1698 3244 cognoveris
1717 3205 1853 3242 adjuvari,
1872 3205 1910 3234 ita
1929 3203 2006 3244 quod
2028 3203 2170 3242 descetus,
2186 3212 2274 3241 quem
2287 3204 2318 3233 in
2340 3203 2399 3233 hoc

1337 3243 1473 3274 haesenus
1495 3243 1631 3282 habuisti,
1650 3244 1686 3273 sic
1700 3252 1750 3282 per
1765 3250 1792 3273 te
1805 3241 1937 3281 deinceps
1951 3241 2104 3273 efficaciter
2115 3241 2268 3282 suppleatur
2281 3264 2291 3279 ,
2322 3239 2400 3280 quod

1336 3282 1478 3314 evidenter
1492 3290 1620 3323 appareat
1635 3290 1663 3312 te
1677 3281 1754 3321 posse
1769 3291 1802 3311 ac
1816 3282 1888 3313 velle
1903 3282 2050 3322 negotium
2064 3280 2191 3321 prosequi
2201 3287 2399 3317 memoratum,

1336 3322 1444 3360 nosque
1457 3321 1552 3361 dignas
1564 3320 1643 3360 super
1658 3321 1716 3351 hoc
1731 3319 1863 3351 altissimo
1875 3322 1972 3361 gratias
1985 3319 2143 3350 referamus.

1369 3359 1535 3399 Caeterum,
1551 3359 1698 3400 praefatum
1720 3358 1994 3399 Archiepiscopum,
2012 3358 2053 3388 ob
2071 3357 2253 3389 reverentiam
2268 3354 2396 3401 Aposto-

1332 3399 1397 3429 licae
1411 3398 1478 3429 sedis
1494 3399 1527 3429 &
1543 3396 1685 3437 nostram,
1701 3397 1778 3427 solita
1791 3397 1963 3437 benignitate
1976 3397 2130 3435 recipiens,
2154 3396 2188 3426 &
2203 3393 2396 3439 honorificen-

1331 3439 1369 3468 tia
1392 3437 1532 3477 condigna
1550 3436 1734 3474 pertractans,
1751 3434 1845 3466 eidem
1866 3438 1896 3466 in
1915 3435 1988 3474 hiis,
2003 3444 2068 3474 quae
2092 3436 2143 3466 tibi
2163 3434 2241 3478 super
2252 3430 2395 3477 praemissis

1330 3476 1480 3514 omnibus,
1500 3484 1533 3505 ex
1574 3483 1630 3505 arte
1648 3475 1757 3513 nostra,
1774 3473 1890 3512 dixerit,
1908 3483 1977 3505 cum
1994 3472 2119 3505 nostram
2141 3471 2192 3504 sibi
2207 3471 2289 3512 plene
2302 3477 2394 3502 inter»

1330 3516 1440 3546 tionem
1453 3523 1535 3553 expre
1559 3514 1677 3552 erimus,
1695 3512 1825 3545 adhibeas
1840 3512 1951 3544 firmam
1962 3512 2058 3544 fidem.

1365 3595 1434 3627 Dat.
1449 3593 1602 3633 Anagniae,
1617 3594 1684 3633 51d.
1692 3594 1889 3633 Novembris,
1905 3591 2093 3625 Pontificatcis
2105 3591 2192 3624 nostri
2204 3599 2280 3623 anno
2291 3587 2389 3635 secun-

1327 3633 1375 3665 ἀοι
1844 3679 1971 3711 Plumbeo
1979 3678 2068 3721 figillo
2082 3690 2102 3709 a
2108 3676 2160 3720 filo
2174 3663 2297 3707 caubeo-

1453 3814 1544 3846 Bulla
1556 3824 1611 3859 pro
1630 3813 1818 3860 Monasterio
1835 3813 1944 3848 Sanslae
1959 3815 2075 3848 Maria
2089 3807 2126 3842 de
2142 3810 2256 3842 Pratis.

2209 273 2228 294 ο
2267 263 2433 304 praedi&am
2453 267 2486 291 [ἰ.
2507 274 2534 302 3.
2566 307 2570 313 Ι

2421 2990 2470 3020 *L
2484 2991 2551 3027 614

2538 3049 2556 3078 ‘i

2404 3857 2481 3890 Ann.
2496 3856 2536 3888 D.
2552 3857 2562 3874 ·’

1323 3901 1528 3964 ALexander
1539 3901 1709 3946 Episcopus,
1727 3905 1816 3935 servus
1828 3902 1971 3933 servorum
1986 3900 2059 3937 Dei,
2082 3895 2210 3929 universis
2223 3894 2330 3928 Christi
2345 3897 2379 3928 fi-
2404 3895 2487 3936 1256.

1396 3940 1502 3971 delibus

1321 3978 1556 4011 benediffionem.

1355 4017 1494 4058 Splendor
1513 4026 1635 4058 paternae
1653 4019 1768 4060 gloriae,
1792 4017 1840 4055 qui
1857 4015 1902 4047 sua
1920 4012 2061 4046 mundum
2079 4013 2216 4047 illuminat
2238 4012 2378 4049 ineffabili
2402 4016 2442 4040 Ex

1524 3942 1668 3981 praesentes
1693 3944 1795 3974 litteras
1815 3939 1974 3979 inspecturis
1995 3938 2108 3968 salutem
2129 3936 2163 3966 &
2184 3934 2380 3975 Apostolicam
2400 3940 2453 4002 gn.
2467 3944 2512 3971 4¹-

2456 3995 2513 4043 Aa,

2323 4051 2380 4084 cla-
2402 4053 2467 4088 top.
