2560 4261
34 220 109 251 Arin.
126 220 167 252 D.

37 268 51 288 ι
61 260 119 290 181>-

34 1095 112 1127 Arin.
131 1096 173 1129 D.

37 1136 121 1165 1181.

32 1176 69 1200 A.
88 1184 132 1208 ²7·

32 1216 68 1240 H.
82 1222 109 1240 2.

30 1639 52 1661 ⁸
66 1641 90 1670 1.
103 1650 149 1679 55.

187 115 238 155 18

184 198 346 235 nutenebit,
365 196 398 228 &
416 193 546 226 defendet
559 199 658 223 contra
672 199 771 233 ornnes
786 188 933 231 homines,
949 187 1019 219 sicut
1031 196 1086 226 ego
1099 185 1243 226 Philippus

184 237 364 268 defenderem
378 234 530 265 Civitatem
543 239 636 261 meam
650 229 756 259 Parisiis
775 228 796 258 fi
814 228 882 258 esset
894 226 1001 258 obsessa
1012 249 1022 264 ,
1045 228 1079 268 ὃς
1101 226 1170 256 sicut
1187 233 1242 263 ego

184 275 326 306 Henricus
339 272 517 303 defenderem
531 268 684 299 Civitatem
697 275 791 297 meam
804 265 982 305 Rothomagi
995 265 1015 295 si
1027 265 1094 295 esset
1105 262 1228 304 obsessa..

221 324 247 353 9.
267 313 331 353 Ego
343 313 427 341 etiam
440 309 579 346 Philippus
590 305 660 337 volo
680 305 760 344 quod
782 304 958 335 Mercator&
977 304 1011 334 δε
1032 312 1134 346 ornnes.
1151 302 1244 331 homi-

183 363 232 383 nes
266 360 323 382 tam
337 348 455 385 Clerici,
472 348 558 384 quam
573 344 666 382 Larci,
681 345 717 374 de
730 342 801 374 terrai
816 342 937 373 Henrici
951 342 1039 381 Regis
1052 341 1162 379 Angliae
1175 347 1245 369 curn

184 375 316 421 omhibus
331 388 412 418 rebus
425 386 474 415 suis
487 383 574 414 securi
590 383 658 420 sint,
673 383 707 413 &
721 382 839 413 habeant
859 391 960 421 pacem
980 391 1028 421 per
1049 388 1149 410 ornnes
1162 385 1244 408 terras

185 438 275 460 meas:
294 428 330 458 Et
341 435 396 464 ego
410 422 552 454 Henricus
566 421 688 452 similiter
701 421 770 452 volo
784 421 862 460 quod
883 419 1074 462 Mercatores,
1094 418 1246 460 &omnes

186 467 329 503 homines,
349 465 406 495 tarn
420 461 548 499 Clerici,
569 461 654 499 quiim
678 459 757 490 Laici
772 481 782 497 ,
807 458 845 489 de
864 466 933 488 terra
947 458 1069 487 Domini
1090 465 1146 484 mei
1160 454 1246 494 Regis

186 505 312 537 Franciae
326 501 412 532 securi
427 501 496 538 sirit,
513 500 547 530 &
561 507 661 543 pacem
675 498 793 529 habeant
804 507 853 537 per
866 505 966 527 omnes
979 504 1061 526 terras
1072 503 1154 523 meas.

228 553 271 573 10.
290 540 366 570 Haec
380 548 475 569 autem
486 547 584 569 omnia
595 537 748 575 supradicta
761 546 813 566 nos
825 535 1015 565 observaturos
1028 533 1061 563 &
1075 531 1130 561 fide
1147 532 1181 562 &
1196 529 1246 561 Sa-

183 587 329 612 cramento
342 577 527 619 promisimus.
911 611 916 616 .
1068 609 1073 614 .

218 619 385 657 juraverunt
401 617 483 647 etiam
498 615 535 645 de
555 622 700 656 praecepto
722 612 820 644 nostro
838 611 967 641 homines
987 608 1075 653 nostri
1096 607 1160 652 post
1179 616 1247 645 nos,

183 656 263 696 quod
277 657 354 686 bona
368 654 424 686 fide
436 654 580 685 consulent
595 663 647 684 nos
661 652 695 682 ad
710 649 916 682 observandum
931 648 1008 687 quod
1016 655 1247 686 juravimus,nec

184 695 332 727 consilium
346 693 517 732 praestabunt
530 702 588 732 quo
602 692 693 723 minus
705 689 874 720 observetur.

703 764 857 805 Allafitnt
874 765 931 796 haec
978 762 1046 795 Kal.
1064 760 1157 802 Julii,
1175 764 1247 792 inter

773 804 919 845 Gifivrtium
985 806 1086 834 Friam.

189 949 301 982 Lucius
325 948 406 994 Papa
428 944 533 991 itfiiem
552 970 562 986 ‚
597 940 705 990 quibus
729 940 801 973 olim
827 937 1007 973 Alexander
1025 965 1035 981 ‚
1074 939 1250 985 PrivIIegiis

531 994 694 1025 communit
711 988 905 1035 Templarios.

188 1080 277 1143 LU
286 1081 376 1113 CiU
386 1081 406 1112 S
422 1079 446 1111 E
468 1079 575 1119 iscopus
588 1077 679 1108 serviis
692 1075 836 1107 servorum
850 1073 926 1112 Dei,
943 1072 1049 1104 dilectis
1064 1072 1138 1103 Filiis
1150 1073 1249 1103 Arnai-

250 1121 289 1151 do
302 1120 442 1160 Magistro
484 1117 602 1158 eligiofae
616 1115 730 1146 Militiae
741 1113 874 1153 Templi,
891 1112 967 1152 quod
982 1111 1154 1156 Jerosolimis
1166 1111 1249 1142 situm

189 1160 230 1191 est
243 1182 253 1197 ,
283 1160 393 1198 ejusque
419 1157 556 1188 Fratribus
577 1163 636 1186 tam
661 1152 840 1194 praesentibus
861 1160 946 1191 quam
972 1150 1069 1181 futuris
1094 1161 1123 1180 in
1154 1158 1250 1189 perpe-

188 1207 268 1229 tuum
357 1222 362 1227 .
400 1196 500 1227 Omne
511 1195 606 1226 datum
622 1194 764 1231 optimum
778 1191 844 1235 ,βε
862 1199 950 1220 omne
965 1189 1076 1219 donum
1089 1188 1247 1229 perfedtum

186 1236 326 1267 desursum
349 1235 389 1267 est
413 1234 580 1266 descendens
604 1234 620 1263 a
642 1240 717 1271 patre
735 1231 875 1273 luminum
891 1252 902 1267 ,
922 1228 996 1266 apud
1017 1237 1185 1270 quem-non
1206 1227 1248 1272 est

185 1276 401 1311 transmutatio,
425 1284 478 1304 nec
498 1270 689 1304 vicissitudinis
706 1269 889 1300 obumbratio
998 1289 1003 1294 .
1049 1265 1173 1296 Proinde
1206 1265 1248 1296 di-

186 1314 251 1345 leffi
264 1315 291 1344 in
305 1313 442 1344 Domino
455 1311 532 1350 Filii,
548 1310 584 1340 de
596 1310 692 1348 vobis,
711 1309 744 1339 ὃς
758 1317 810 1348 pro
826 1306 908 1336 vobis
925 1304 1164 1345 omnipotentem
1175 1289 1246 1349 ,1ᾏο-

187 1354 301 1384 minum
314 1352 503 1383 collaudamus
515 1373 524 1388 ,
545 1349 680 1390 quoniam
700 1348 728 1377 in
747 1345 875 1377 universo
891 1343 1001 1387 mundo
1024 1343 1113 1374 vestra
1131 1344 1248 1389 religio,

185 1392 221 1422 &
243 1391 398 1422 veneranda
419 1389 553 1419 institutio
573 1387 721 1417 nuntiatur.
847 1382 927 1413 Cum
949 1391 1026 1412 enim
1048 1391 1144 1413 natura
1159 1384 1247 1413 essetis

185 1430 248 1460 Filii
262 1431 328 1467 irae,
344 1431 377 1461 &
392 1429 474 1460 seculi
487 1427 553 1457 volu
575 1426 674 1456 tatibus
687 1424 790 1460 dediti,
802 1432 879 1466 nunc
893 1430 941 1466 per
954 1420 1117 1465 aspirantem
1130 1423 1245 1464 gratiam

183 1468 329 1508 Evangelii
341 1478 400 1498 non
420 1466 491 1498 surdi
512 1476 544 1495 au
567 1466 648 1495 itores
670 1462 763 1493 effecti
779 1484 788 1499 ,
813 1461 913 1491 reliffitis
932 1469 1044 1499 pompis
1066 1459 1246 1499 secularibus,

181 1508 216 1538 ὃ(
228 1508 309 1538 rebus
341 1507 438 1547 ropriis
452 1529 461 1544 ,
485 1501 596 1535 dimisia
610 1504 695 1533 etiam
718 1498 831 1538 spatiosa
854 1498 899 1529 via
914 1522 922 1536 ,
947 1508 1011 1542 quae
1025 1498 1103 1528 ducit
1116 1499 1149 1542 ad
1167 1508 1245 1529 moi·-

183 1554 260 1584 tem,
277 1556 306 1576 ar
327 1555 395 1576 uum
416 1545 467 1574 iter
481 1566 491 1582 ,
515 1542 593 1583 quod
607 1541 684 1572 ducit
705 1541 739 1570 ad
759 1540 844 1569 vitam
860 1562 869 1576 ,
892 1537 1033 1581 humiliter
1052 1536 1185 1576 elegistis,
1204 1546 1245 1568 at-

183 1595 256 1624 que,
273 1584 306 1614 ad
321 1581 568 1624 comprobandum
586 1580 665 1619 quod
681 1580 710 1609 in
728 1578 787 1609 Dei
803 1576 906 1607 Militia
926 1574 1076 1615 specialiter
1094 1585 1243 1619 compute-

185 1625 272 1662 mini,
290 1623 409 1663 Signum
423 1620 543 1653 vivificae
552 1622 566 1637 ³*
583 1619 674 1650 crucis
689 1619 718 1648 in
730 1616 824 1649 vestro
836 1616 952 1656 peftore
963 1614 1066 1645 assidue
1079 1615 1245 1645 circumfer-

183 1663 224 1693 tis.
347 1660 468 1692 Accedit
485 1659 520 1690 ad
541 1658 598 1689 hoc
618 1656 695 1697 quod
708 1680 717 1695 ,
741 1664 886 1695 tamquam
909 1654 966 1685 veri
985 1653 1110 1684 Ysralitae
1126 1677 1135 1691 ,
1160 1664 1244 1693 atque

182 1700 382 1731 instructissimi
401 1700 502 1730 Divini
522 1697 609 1742 praelii
626 1696 770 1727 bellatores
817 1703 892 1725 verae
911 1693 1027 1724 caritatis
1049 1692 1164 1736 flammi}⁴
1183 1693 1244 1723 suc-

182 1740 256 1770 cenfi
270 1739 378 1770 diistum
394 1737 598 1777 Evangelicum
613 1735 743 1776 operibus
757 1717 912 1770 adimpletis
925 1755 934 1770 ,
956 1741 1017 1775 quo
1038 1730 1156 1770 dicitur,
1175 1730 1243 1762 Ma-

174 1780 269 1817 jorem
285 1778 338 1809 hac
352 1778 535 1809 dileffionem
554 1784 642 1806 nemo
663 1773 747 1804 habet
787 1781 853 1802 uam
871 1779 901 1801 ut
919 1778 1043 1813 animam
1065 1768 1243 1813 suam-ponat

180 1819 240 1857 quis
254 1826 306 1856 pro
326 1818 421 1848 amicis
440 1817 498 1847 suis.
541 1813 632 1845 Unde
649 1822 717 1843 cum
731 1835 741 1849 ,
777 1810 869 1841 ummi
889 1808 1003 1852 pastoris
1025 1817 1130 1850 vocem
1148 1817 1220 1845 iuxta
1233 1832 1244 1847 ‚

179 1857 284 1886 animas
298 1856 400 1886 vestras
412 1865 463 1895 pro
477 1853 604 1883 fratribus
616 1860 722 1891 ponere
735 1873 745 1888 ,
768 1849 872 1887 eosque
889 1848 925 1878 ab
944 1846 1096 1891 incursibus
1115 1846 1242 1891 pagano-

179 1904 245 1925 rum
265 1894 404 1925 defensare
426 1893 543 1923 minime
563 1890 717 1920 formidetis
730 1911 739 1926 ,
761 1888 795 1918 &
809 1911 818 1925 ,
846 1895 915 1917 cum
935 1895 1053 1916 nomine
1075 1885 1242 1916 censeamini

181 1932 308 1971 Milites,
327 1932 471 1963 constituti
485 1931 547 1961 estis
561 1930 577 1959 a
592 1928 725 1959 Domino
747 1925 906 1956 Catholicae
927 1923 1059 1968 Ecclefiae
1072 1923 1243 1963 defensores,

182 1971 216 2002 &
231 1972 413 2002 inimicorum
432 1969 539 2001 Chn'sti
561 1969 778 2008 impugnatores.
793 1980 876 1987 —
983 1962 1068 1994 Licet
1082 1972 1176 1994 autem
1194 1973 1243 1994 ve-

180 2009 270 2040 strum
282 2009 404 2040 studium
419 2006 599 2040 &laudanda
613 2006 730 2036 devotio
749 2004 778 2033 in
796 2011 854 2033 tam
874 2001 952 2032 sacro
967 2011 1053 2044 opere
1071 2009 1135 2032 toto
1155 2002 1243 2033 corde

180 2049 215 2080 ὃ(
227 2056 285 2079 tota
298 2057 393 2079 mente
408 2047 520 2078 desudet
533 2069 543 2084 ,
567 2044 767 2075 nichilominus
788 2049 883 2071 tamen
902 2041 1108 2070 univeriitatem
1122 2040 1242 2071 vestram

180 2087 360 2118 exhortamur
371 2088 399 2117 in
415 2086 563 2123 Domino,
577 2092 660 2122 atque
679 2083 708 2112 iri
724 2089 908 2122 peccatorum
929 2077 1124 2122 remissionem
1143 2079 1241 2110 aucto-

181 2127 259 2157 ritate
272 2126 329 2157 Dei
342 2126 376 2157 &
389 2126 462 2156 beati
476 2125 569 2162 Petri,
587 2120 794 2162 Apostolorum
809 2118 945 2165 Principis
979 2117 1138 2164 tam-vpbis
1175 2128 1241 2149 uam

179 2164 356 2195 servitoribus
368 2163 464 2195 vestris
475 2162 644 2202 injungimus
658 2183 668 2198 ,
693 2168 724 2190 ut
745 2167 798 2196 pro
819 2156 922 2201 tuenda
972 2156 1086 2201 ‘tholica
1101 2155 1161 2186 Ecc
1173 2156 1240 2201 effi,

179 2203 215 2234 &
235 2203 267 2234 ea
315 2213 380 2243 quae
403 2201 443 2232 est
467 2201 516 2232 sub
540 2208 711 2241 paganorum
731 2196 865 2227 tirannide
882 2219 892 2235 ,
916 2195 952 2226 de
970 2194 1091 2235 ipsorum
1113 2194 1241 2234 spurcitia

179 2226 303 2273 eruenda
333 2241 518 2282 expugnando
530 2240 661 2270 inimicos
673 2237 765 2268 crucis
782 2236 917 2265 invocato
936 2233 1041 2264 Christi
1064 2234 1182 2264 nomine
1197 2235 1241 2265 in-

180 2280 287 2321 trepide
298 2275 435 2311 laboretis.
553 2277 593 2307 Ea
608 2278 707 2313 etiam,
721 2284 785 2315 quae
797 2273 832 2304 de
852 2273 975 2316 ipsorum
994 2272 1083 2311 spoliis
1097 2274 1240 2341 cefferitiS,

179 2318 297 2350 fidenter
310 2320 338 2349 in
354 2318 412 2349 usus
425 2317 529 2348 vestros
544 2315 728 2351 convertatis,
742 2314 776 2344 &
790 2322 827 2342 ne
840 2312 876 2342 de
891 2311 932 2341 his
945 2334 954 2349 ,
980 2320 1078 2341 contra
1092 2321 1127 2341 ve
1148 2321 1164 2341 e
1179 2322 1241 2342 ves-

181 2366 276 2396 trum,
295 2359 457 2395 portionem
472 2356 552 2386 alicui
572 2355 637 2386 dare
652 2352 796 2393 cogamini
838 2350 1006 2380 rohibemus.
1021 2366 1072 2370 ——-
1087 2349 1242 2394 Statuentes

181 2405 213 2427 ut
235 2396 337 2427 domus
349 2396 394 2427 seu
408 2395 547 2442 templum
562 2417 572 2432 ,
596 2394 625 2423 in
641 2401 699 2432 quo
718 2390 780 2421 estis
797 2400 812 2419 a
850 2389 907 2419 Dei
925 2388 1035 2418 laudern
1052 2389 1085 2418 &
1105 2388 1242 2427 gloriam,

182 2443 266 2473 atque
278 2433 470 2466 defensionem
483 2433 595 2464 suorum
610 2431 733 2462 fidelium
747 2452 757 2468 ,
781 2429 815 2459 &
828 2427 1003 2459 liberandum
1016 2426 1073 2457 Dei
1086 2426 1242 2458 Ecclesiam

180 2475 361 2514 congregati,
376 2482 444 2504 cum
457 2472 591 2503 omnibus
603 2468 817 2510 possessionibus
830 2467 959 2510 &bonis
971 2465 1038 2502 suis,
1048 2475 1112 2505 quae
1127 2467 1155 2495 in
1170 2475 1243 2504 prae-

180 2512 329 2544 sentiarum
341 2513 466 2553 legitime
482 2511 585 2542 habere
597 2507 793 2548 cognoscitur,
810 2514 856 2535 aur
869 2515 899 2535 in
912 2505 1039 2535 futurum
1059 2505 1244 2535 concessione

182 2549 373 2589 Pontificum,
392 2550 551 2581 liberalitate
563 2548 680 2587 Regum
694 2546 738 2576 vel
746 2544 912 2584 Principum
921 2567 931 2581 ,
945 2543 1089 2586 oblatione
1102 2543 1243 2582 fidelium,

182 2590 230 2619 seu
243 2590 299 2620 aliis
307 2589 383 2628 justis
403 2589 494 2619 modis
508 2611 517 2626 ,
539 2586 686 2628 praestante
702 2584 836 2627 Domino
849 2606 858 2620 ,
877 2583 981 2626 poterit
1001 2581 1127 2621 adipisci,
1144 2591 1243 2626 perpe-

182 2630 236 2658 tuis
254 2628 352 2658 futuris
372 2628 546 2668 temporibus
564 2625 614 2656 sub
633 2623 807 2664 Apostolicae
828 2621 894 2651 sedis
915 2620 999 2651 tutela
1018 2620 1052 2650 &
1066 2621 1244 2663 protedtione

180 2666 319 2697 consistat.
338 2683 387 2687 —
403 2666 534 2696 Praesenti
547 2673 660 2704 quoque
679 2663 795 2692 decreto
809 2660 964 2690 sanccimus
975 2681 987 2701 ,
1006 2666 1043 2701 ut.
1058 2666 1115 2702 vita
1133 2659 1243 2698 religio-

181 2705 224 2742 sa,
243 2714 307 2743 quae
321 2705 350 2734 in
365 2704 454 2734 vestra
467 2704 558 2734 domo
571 2702 628 2740 est,
645 2701 740 2732 divina
753 2699 905 2742 inspirante·
922 2705 1018 2740 gratia,
1038 2695 1174 2740 instituta,
1190 2698 1242 2741 ibi-

183 2744 252 2774 dem
264 2742 456 2773 inviolabiliter
468 2742 645 2778 observetur,
664 2740 698 2769 &
711 2739 822 2775 fratres,
839 2738 907 2766 inibi
924 2743 1114 2771 omnipotenti
1133 2735 1241 2765 Domi-

184 2792 225 2812 no
238 2782 396 2819 servientes,
413 2781 488 2811 caste
499 2782 532 2812 &
549 2781 605 2811 sine
622 2778 737 2817 proprio
758 2777 874 2813 vivant,
899 2775 932 2806 &
947 2772 1147 2817 professionem
1165 2774 1241 2804 suam

183 2820 264 2851 ditiis
282 2821 314 2852 &
336 2819 463 2850 moribus
482 2819 700 2858 comprobantes
713 2839 723 2854 ,
741 2813 886 2859 ‘Magistro'
906 2813 956 2843 suo
969 2835 979 2850 ,
1003 2819 1049 2855 aut
1065 2812 1166 2856 quibus
1187 2813 1243 2852 ipse

184 2861 336 2900 praecepir,
351 2859 378 2888 in
392 2858 539 2896 omnibus,
560 2858 593 2888 ὃς
605 2866 654 2896 per
667 2863 764 2885 omnia
775 2852 887 2891 subjecti
901 2851 1106 2882 &obedientes
1119 2850 1243 2882 existant.

184 2914 236 2920 -—-
249 2897 385 2927 Praeterea
399 2895 642 2936 quemadmodum
654 2894 757 2924 domus
769 2891 822 2932 ipsa
836 2891 914 2928 hujus
927 2891 1010 2933 sacrat:
1023 2889 1122 2933 vestrae
1134 2889 1244 2921 institu-

185 2937 271 2967 tionis
284 2937 317 2966 &
332 2936 434 2966 ordinis
449 2938 513 2966 fons
527 2936 562 2966 ὃς·
574 2935 655 2973 origo
670 2931 725 2963 effe
737 2930 954 2969 promeruit-,ita
965 2927 1165 2972 nichilominus
1177 2938 1244 2959 om-

183 2976 266 3005 nium
282 2974 413 3004 locorum
426 2975 460 3005 ad
480 2984 543 3005 eam
563 2971 764 3011 pertinentium
785 2977 868 3012 caput
889 2969 922 2998 &
940 2965 1077 3007 lislagistra
1099 2977 1128 2996 in
1148 2977 1246 3008 perpe-

186 3021 270 3044 tuum
285 3012 424 3043 habmtur.
469 3012 514 3043 Ad
532 3013 596 3042 haec
615 3011 764 3041 adicientes
782 3016 965 3050 praeCipimus'
979 3014 1010 3036 ut
1025 3029 1035 3043 ,
1057 3005 1182 3036 obeunte
1201 3015 1247 3045 te,

185 3051 289 3082 dileete
300 3052 328 3081 in
341 3050 474 3081 Domino
485 3050 537 3080 Fili
550 3049 688 3088 Arnalde,
705 3048 751 3078 vel
763 3056 879 3077 morum
890 3045 1017 3090 quolibet
1028 3043 1227 3089 successorum
1237 3068 1246 3082 ,

186 3090 279 3120 nullus
290 3089 410 3128 ejusdem
423 3087 538 3119 Domsis
549 3088 674 3118 fratribus
688 3094 866 3130 praeponatur
880 3088 929 3114 nili
942 3083 1065 3114 ttulitaris
1076 3083 1110 3114 &
1124 3083 1246 3124 rehgiosa

186 3129 303 3167 persona
316 3151 325 3165 ,
347 3137 411 3166 quae
426 3127 525 3157 vestrae
545 3126 758 3155 conversationis
775 3125 903 3154 habitum
922 3122 954 3152 sit
976 3120 1120 3162 professa,
1137 3131 1191 3152 nec
1209 3122 1245 3152 ab

185 3168 258 3206 aliis,
277 3168 328 3198 nisi
338 3167 374 3197 ab
388 3166 523 3196 omnibus
539 3164 666 3194 fratribus
681 3163 806 3199 insimul,
823 3163 869 3191 vel
882 3173 897 3192 a
914 3161 1013 3191 saniori
1028 3169 1060 3191 ac
1079 3161 1183 3198 puriori
1197 3170 1246 3191 eo-

185 3215 251 3236 rum
265 3215 356 3246 parte,
395 3206 421 3234 ui
436 3202 642 3243 praeponendus
661 3202 758 3238 fuerit,
775 3201 898 3239 eligatur.
916 3216 967 3221 —
987 3199 1080 3230 Porro
1098 3198 1246 3229 consuetu-

185 3243 280 3282 dineS,
294 3244 327 3275 ad
342 3253 377 3274 ve
403 3253 442 3274 rae
456 3242 595 3282 religionis
609 3241 643 3272 δε
662 3240 751 3270 officii
770 3239 973 3269 observantiam
986 3262 995 3276 ‚
1017 3239 1032 3268 a
1054 3236 1194 3280 Magistro
1211 3238 1245 3268 &

186 3281 325 3313 Fratribus
337 3283 529 3312 communiter
541 3279 691 3316 institutas,
709 3277 776 3308 nulli
796 3276 996 3307 Ecclesiasticae
1018 3276 1164 3306 secularive
1184 3286 1247 3316 per-

186 3320 265 3351 sonae
279 3321 358 3351 infrin
379 3331 425 3351 ere
438 3321 483 3350 vel
496 3320 622 3349 minuere
633 3317 663 3347 sit
677 3318 794 3347 licitum.
831 3314 949 3346 Easdem
962 3325 1077 3354 quoque
1097 3314 1246 3345 consuetu-

187 3359 267 3389 dines
287 3360 302 3388 a
322 3369 361 3389 vo
383 3360 403 3389 is
421 3359 562 3399 aliquanto
581 3365 710 3395 tempore
728 3353 904 3392 observataS,
925 3353 959 3384 &
983 3353 1086 3392 scripto
1102 3352 1243 3396 firmatas,

188 3407 266 3435 non,
284 3397 332 3427 nisi
345 3399 381 3428 ab
394 3408 430 3427 eo
442 3398 490 3437 qui
504 3395 642 3440 Magister
654 3394 713 3430 est,
738 3392 926 3423 consentiente
945 3400 1048 3435 tamen.
1056 3391 1151 3435 saniori
1163 3401 1247 3434 ¹parte

187 3435 317 3474 capituli,
337 3436 415 3467 liceat
431 3437 582 3466 immutari.
620 3432 807 3464 Prohibemus
818 3438 911 3460 autem
924 3430 958 3460 ὃς
969 3429 1144 3473 omnimodis
1161 3438 1246 3460 inter-

187 3473 307 3504 dicimus
319 3482 348 3503 ut
361 3474 515 3510 fidelitates,
533 3473 675 3510 hominia,
693 3471 749 3502 five
763 3471 913 3508 juramenta
925 3491 935 3505 ,
956 3468 1001 3497 vel
1018 3468 1132 3511 reliquas
1144 3467 1246 3499 securi-

185 3519 270 3549 tates,
306 3520 350 3541 uae
362 3513 377 3542 a
391 3513 554 3543 secularibus
568 3511 793 3549 frequentantur,
809 3507 883 3538 nulla
902 3505 1093 3551 Ecclesiastica
1107 3505 1245 3537 secularis-

189 3560 226 3581 ve
239 3559 286 3587 per
297 3550 377 3580 onaa
390 3551 522 3590 magistro
541 3549 574 3580 &
596 3550 723 3579 fratribus
743 3546 865 3586 ejusdem
884 3545 987 3589 domus
1009 3553 1117 3587 exigere
1137 3544 1243 3588 audeat.

189 3588 263 3618 liiud
277 3596 371 3617 autem
381 3589 478 3619 scitote
491 3612 500 3626 ,
522 3597 612 3626 quum
629 3588 698 3618 sicut
718 3586 808 3617 vestra
825 3584 898 3615 sacra
914 3582 1049 3613 institutio
1062 3583 1095 3613 &
1109 3582 1245 3626 religionis

191 3626 291 3657 militia
302 3625 406 3655 Divina
418 3627 458 3656 est
472 3626 650 3656 Providentia
661 3625 791 3662 stabilita,
805 3625 840 3654 ita
852 3621 1068 3665 nichilomiiiii3‚
1085 3619 1183 3650 nulhus
1201 3631 1243 3650 vi-

191 3674 231 3696 tae
243 3664 413 3702 religiosioris
425 3673 560 3702 optentu,
579 3664 613 3694 ad
630 3664 728 3693 locum
748 3664 834 3693 aliurn
848 3671 899 3692 vos
918 3668 1054 3691 convenit
1070 3658 1243 3689 transvolare.

192 3702 273 3733 Deus
284 3703 361 3731 enim
375 3725 384 3739 ,
406 3703 453 3740 qui
474 3704 513 3732 est
528 3701 765 3733 incommutabilis
784 3702 817 3731 ὃς
835 3709 954 3731 aeternus
968 3722 978 3737 ,
1001 3697 1141 3728 mutabilia
1156 3697 1243 3727 corda

190 3751 252 3772 non
264 3741 411 3778 approbat,
425 3739 470 3769 sed
481 3741 571 3778 potitis
582 3741 688 3770 sacrum
701 3739 889 3779 propositum,
907 3736 993 3768 semel
1004 3738 1166 3776 inceptum,
1180 3745 1243 3779 per-

190 3780 258 3810 duci
270 3778 330 3809 vult
344 3778 467 3817 usquein
483 3778 571 3807 finem
588 3778 691 3808 debirae
708 3778 833 3807 actionis.
877 3777 960 3816 Qiot
973 3777 1006 3807 &
1021 3775 1115 3814 quanti
1128 3774 1176 3804 sub
1190 3784 1245 3804 mi-

190 3818 261 3848 litari
274 3817 388 3856 cingulo
401 3817 434 3846 &
450 3815 568 3845 clamide
587 3818 689 3846 terreni
706 3815 820 3855 Imperii
840 3815 972 3845 Domino
984 3814 1163 3854 placuerunt,
1182 3813 1245 3856 sibi—

188 3866 244 3896 que
258 3853 419 3885 memoriale
436 3862 600 3891 perpetuum
620 3855 788 3892 reliquerunt
803 3854 814 3882 ?
840 3853 924 3892 Qiot
943 3854 976 3883 &
999 3853 1094 3891 quanti
1112 3853 1143 3881 in
1161 3861 1245 3881 armis

189 3894 295 3924 bellicis
306 3892 450 3923 constituti
464 3901 516 3930 pro
532 3891 697 3922 testamento
712 3893 771 3923 Dei
792 3892 826 3922 &
846 3890 1026 3922 Patemarum
1039 3891 1133 3930 legum
1147 3888 1245 3919 defen-

190 3933 265 3962 sione
277 3932 326 3961 suis
338 3931 511 3967 temporibus
522 3930 628 3959 fortiter
641 3930 808 3961 dimicarunt
822 3952 831 3967 ,
853 3937 936 3968 atque
956 3938 1054 3960 manus
1072 3929 1128 3959 suas
1142 3929 1171 3958 in
1185 3927 1245 3957 san-

189 3971 305 4008 guinem
319 3969 471 3999 infidelium
485 3968 618 3998 Domino
639 3969 846 4005 consecrantes,
864 3967 927 4007 post
939 3967 1053 3997 bellicos
1065 3967 1190 4004 sudores,
1204 3975 1245 3996 ae-

188 4016 275 4039 ternae
287 4008 353 4039 vitae
366 4008 494 4039 bravium
506 4005 568 4037 surit
580 4005 797 4045 adepti?Videte
811 4007 902 4046 itaque
913 4006 1094 4038 vocationem
1107 4004 1227 4037 vestiam
1233 4026 1245 4044 ,

632 96 1891 152 CONVENTIONES,L1TERAE,·

1285 183 1378 216 fratres
1391 193 1449 216 tam
1464 186 1582 224 milites,
1601 197 1686 225 quam
1699 186 1845 230 servientes
1856 209 1866 224 ‚
1885 193 1968 225 atque
1980 184 2052 223 iuxta
2066 182 2255 233 Apostolum,
2268 195 2352 217 unus-
2367 176 2443 245 ?ffll·
2458 173 2502 206 D,-

2182 233 2350 264 permaneat.
2448 236 2455 243 ·

1288 224 1401 291 ‹l3uisque
1421 224 1545 255 vestrum
1567 226 1596 255 in
1613 225 1668 265 qua
1688 233 1837 256 vocatione
1855 232 1970 255 vocatus
1990 224 2031 254 est
2043 248 2053 264 ,
2078 235 2109 255 in
2129 234 2161 256 ea

1304 261 1411 302 deoque
1426 263 1518 294 fratres
1532 263 1636 294 vestros
1650 263 1736 293 semel
1751 263 1887 301 devotos,
1904 271 1987 301 atque
2008 264 2039 293 in
2059 263 2137 294 sacro
2157 262 2289 301 Collegio
2302 273 2352 293 ve-

1290 299 1349 330 stro
1361 311 1504 342 receptos,
1522 302 1586 342 post
1601 302 1703 332 factam
1716 303 1746 332 in
1761 301 1850 332 vestra
1861 302 1959 332 militia
1975 302 2177 341 professionem
2191 324 2200 340 ,
2226 302 2260 332 &
2272 300 2352 331 habi-

1291 346 1354 368 tum
1373 340 1512 379 religionis
1531 341 1700 380 assumptum
1716 363 1726 377 ,
1750 339 1905 370 revertendi
1928 339 1962 370 ad
1979 340 2103 371 seculum
2121 340 2227 371 nullam
2248 339 2351 370 habere

1289 378 1468 417 praecipimus
1483 379 1651 409 facultatem.
1683 378 1753 409 Nec
1767 379 1850 409 alicui
1862 388 1963 409 eorum
1978 378 2015 408 fas
2030 379 2076 418 fit,
2092 378 2155 418 post
2168 379 2272 409 fadiam
2285 387 2352 418 pro-

1289 415 1454 455 fessionem,
1471 417 1552 448 semel
1571 417 1737 457 aliumptam
1755 426 1873 447 crucem
1892 417 2066 448 dominicam
2079 440 2089 455 ,
2111 418 2145 449 &
2159 418 2288 448 habitum
2302 426 2352 446 ve-

1288 453 1353 497 strae
1365 455 1541 495 professionis
1554 456 1688 495 abjicere,
1705 455 1752 486 vel
1765 456 1799 486 ad
1812 456 1897 486 alium
1911 456 2028 493 locum,
2042 456 2089 486 seu
2101 457 2187 486 etiam
2205 454 2354 486 Monaste-

1289 501 1381 531 rium,
1400 495 1511 533 majoris
1524 494 1580 525 five
1599 495 1716 525 minoris
1735 494 1891 532 Religionis
1903 502 2038 534 optenta,
2053 495 2159 532 invitis,
2176 494 2233 524 five
2250 494 2353 524 incon-

1289 530 1363 561 sultis
1381 532 1507 563 fratribus
1518 555 1528 571 ,
1551 539 1599 563 aut
1616 543 1653 563 eo
1674 535 1722 571 qui
1743 532 1872 572 magister
1890 533 2008 562 exriterit
2024 555 2034 570 ,
2054 533 2135 563 liceat
2154 532 2352 572 transmigrare.

1289 568 1432 614 Nullique
1445 570 1647 602 Ecclesiasticoe
1663 571 1811 602 secularive
1833 571 1958 611 personae
1979 571 2050 609 ipsos
2069 571 2233 611 suscipiendi
2249 579 2296 601 aut
2309 581 2352 601 re-

1289 608 1398 637 tinendi
1421 610 1530 640 licentia
1549 618 1648 649 pateat.
1692 610 1764 640 Sane
1788 609 1919 640 laborum
1938 609 2094 641 vestrorum
2109 633 2119 648 ,
2145 619 2215 647 quos
2236 609 2353 649 propriis

1290 646 1420 676 manibus
1434 648 1479 678 vel
1491 648 1644 689 sumptibus
1657 649 1748 678 colitis
1761 671 1771 687 ,
1792 648 1848 679 five
1867 648 1903 678 de
1923 649 2099 679 nutrimentis
2118 647 2277 678 vestrorum
2292 649 2353 678 ani-

1292 684 1428 722 malium,
1452 687 1467 703 ¹*
1486 687 1575 717 nullus
1588 697 1604 717 a
1617 687 1698 718 vobis
1711 687 1834 718 decimas
1846 688 1953 726 exigere
1965 687 2009 716 vel
2022 695 2186 725 extorquere
2198 685 2354 726 praesumat.
2369 687 2389 711 ⁸
2403 690 2426 719 1.
2439 690 2485 728 56.

1290 722 1438 754 Caeterum
1457 724 1599 762 decim-as,
1620 735 1685 763 quas
1699 748 1708 763 ,
1731 725 1847 755 consilio
1866 726 1899 756 ὃς
1921 725 2052 756 consensu
2074 724 2099 756 E
2121 722 2298 770 iscoporurn,
2315 724 2353 755 de

1291 770 1377 792 manu
1390 761 1571 792 Clericorum
1584 763 1630 793 vel
1645 763 1797 794 Laicorum
1809 763 1910 794 habere
1921 765 2059 802 poteritis:
2111 774 2138 794 as
2150 772 2250 802 etiam,
2269 773 2352 802 quas,

1292 800 1527 831 consentientibus
1541 801 1700 841 Episcopis,
1717 803 1750 833 &
1765 812 1866 832 eorum
1883 802 2018 841 Ciencis,
2034 812 2067 833 ac
2088 803 2194 841 uiretis,
2211 803 2293 833 vobis
2305 813 2353 833 au-

1292 839 1421 869 ctoritate
1436 839 1603 880 Apostolica
1617 839 1827 871 confirmamus.
1871 840 1918 871 Ut
1937 849 2032 871 autem
2051 852 2066 871 a
2100 841 2302 879 plenitudinem
2317 841 2356 871 sa-

1292 877 1372 916 lutis,
1389 878 1422 908 &
1435 888 1532 909 curam
1547 879 1702 908 animarum
1715 879 1867 910 vestrarum
1889 880 1977 910 nIcliil
1990 880 2072 911 vobis
2088 880 2154 910 desit
2168 903 2177 918 ‚
2201 881 2235 912 &
2253 879 2357 910 Eccle-

1295 916 1399 947 siastica
1413 916 1597 955 sacramenta,
1616 916 1650 947 &
1663 917 1756 948 divina
1773 917 1870 948 officia
1888 918 1982 949 vestro
2000 919 2075 948 sacro
2090 918 2223 958 Collegio
2244 918 2357 949 exhibe-

1293 963 1375 985 antur
1389 956 1587 993 commodius,
1606 955 1687 985 simili
1700 957 1790 986 modo
1804 955 1976 995 sanccimus,
1991 966 2022 988 ut
2036 957 2117 987 liceat
2131 958 2211 988 vobis
2226 957 2358 987 honestos

1294 993 1441 1033 Clericos,
1457 995 1489 1026 &
1502 993 1664 1025 Sacerdotes
1677 1016 1687 1031 ,
1710 993 1863 1024 secundum
1877 995 1976 1026 Deum
1989 1018 1998 1034 ,
2021 1004 2159 1035 quantum
2181 996 2216 1026 ad
2237 996 2357 1027 vestram

1294 1032 1456 1070 scientiam,
1471 1033 1629 1071 ordinatos,
1646 1032 1845 1072 undecumque
1863 1033 1898 1064 ad
1913 1044 1964 1065 vos
1984 1036 2124 1065 venienti*
2143 1034 2276 1075 suscipere
2320 1035 2356 1066 δε

1295 1072 1355 1113 tam
1371 1073 1400 1102 in
1413 1072 1557 1113 principali
1569 1072 1661 1103 domo
1674 1071 1779 1111 vestra,
1817 1072 1881 1101 uam
1894 1073 1979 1103 etiam
1990 1073 2020 1103 in
2040 1073 2220 1111 obedientiis,
2239 1075 2272 1105 ὃς
2285 1057 2356 1104 locis

1296 1110 1346 1140 libi
1360 1110 1472 1141 subditis
1485 1110 1634 1141 vobiscum
1649 1110 1748 1141 habere
1761 1134 1770 1148 ,
1816 1110 1956 1141 unimodo
1970 1133 1979 1149 ,
1999 1111 2020 1141 fi
2040 1113 2057 1142 e
2069 1113 2166 1142 vicino
2180 1112 2257 1150 sunt,
2276 1122 2324 1142 eos
2339 1122 2356 1143 a

1294 1150 1411 1189 propriis
1425 1149 1570 1190 Episcopis
1585 1149 1732 1189 expetatis,
1748 1149 1889 1188 iidemque
1903 1149 1970 1179 nulli
1982 1149 2027 1179 alii
2045 1149 2208 1186 professioni
2223 1151 2267 1181 vel
2279 1150 2356 1181 ordi-

1293 1188 1323 1217 ni
1336 1196 1480 1218 teneantur
1493 1189 1619 1219 obnoxii.
1659 1187 1751 1227 Qod
1771 1188 1790 1217 fi
1809 1187 1941 1228 Episcopi
1961 1188 2074 1218 eosdem
2097 1189 2177 1219 vobis
2197 1189 2355 1219 concedere

1291 1228 1363 1256 forte
1377 1227 1536 1265 noluerint,
1553 1227 1753 1258 nichilominus
1764 1235 1857 1256 tamen
1871 1236 1919 1256 cos
1931 1226 2092 1267 suscipiendi
2106 1227 2139 1257 ὃς
2156 1227 2291 1257 retinendi
2305 1237 2355 1257 au-

1290 1263 1420 1295 Ctoritate
1440 1266 1552 1296 Sanetae
1574 1266 1718 1296 Romanae
1741 1265 1875 1295 Ecclesiae
1902 1265 2043 1295 licentiam
2063 1265 2193 1296 habeatis.
2236 1265 2266 1296 Si
2286 1275 2356 1297 vero

1291 1303 1374 1343 aliqui
1387 1304 1507 1343 horum,
1524 1304 1588 1345 post
1602 1304 1705 1334 faustam
1717 1303 1920 1341 professionem
1934 1326 1943 1341 ,
1971 1303 2125 1334 turbatores
2145 1304 2285 1344 religionis
2302 1314 2352 1334 ve-

1292 1341 1372 1380 strae,
1389 1352 1435 1373 aut
1456 1344 1558 1374 domus
1571 1366 1581 1381 ,
1602 1343 1647 1373 vel
1665 1344 1750 1373 etiam
1764 1342 1870 1373 inutiles
1889 1343 2062 1382 apparuerint
2080 1367 2089 1380 ‚
2108 1343 2189 1373 liceat
2203 1343 2286 1373 vobis
2304 1353 2355 1374 eos

1293 1390 1362 1411 cum
1377 1380 1475 1412 saniori
1489 1390 1565 1422 parte
1578 1381 1701 1421 Capituli
1716 1391 1864 1419 amovere,
1883 1381 1973 1420 eiiqiie
1986 1380 2142 1412 transeundi
2161 1380 2195 1411 ad
2208 1381 2294 1411 alium
2308 1392 2356 1412 or-

1291 1419 1405 1458 dinem,
1421 1420 1469 1450 ubi
1485 1417 1639 1451 secundum
1653 1420 1752 1450 Deum
1766 1421 1862 1450 vivete
1874 1420 2031 1457 voluerint,
2049 1420 2191 1450 licentiam
2210 1420 2274 1450 dare
2286 1443 2296 1456 ,
2318 1421 2354 1452 &

1291 1457 1358 1488 loco
1373 1459 1381 1487 i
1403 1458 1497 1489 sorum
1513 1459 1578 1489 alios
1592 1459 1709 1489 idoneos
1721 1458 1882 1489 substituere
1894 1481 1904 1496 ,
1948 1459 1976 1488 ui
1990 1459 2074 1490 etiam
2091 1459 2171 1489 unius
2187 1459 2252 1489 anni
2264 1459 2354 1499 spatio

1292 1497 1321 1526 in
1343 1504 1388 1528 vei
1404 1507 1432 1527 ra
1454 1497 1583 1528 societate
1598 1498 1761 1538 probentur.
1806 1497 1878 1536 Qio
1899 1506 1932 1534 pa
1963 1507 1983 1527 o
1996 1520 2005 1536 ,
2030 1498 2050 1527 fi
2069 1507 2160 1527 mores
2178 1506 2277 1528 eorum
2294 1497 2354 1528 hoc

1291 1536 1439 1575 exigerint,
1454 1536 1488 1566 ad
1504 1535 1627 1566 vestrum
1639 1536 1780 1566 servitium
1796 1537 1874 1566 utiles
1888 1535 1995 1565 inventi
2005 1535 2107 1566 fuerint
2121 1558 2131 1573 ,
2151 1544 2220 1566 tunc
2233 1537 2352 1566 demum

1291 1574 1491 1612 professionem
1504 1575 1605 1605 faciant
1620 1575 1775 1614 regulariter
1788 1572 1902 1604 vivendi
1918 1597 1927 1612 ,
1950 1574 1984 1605 ὅ(
1999 1573 2138 1613 Magistro
2156 1574 2205 1604 suo
2217 1574 2355 1604 obedien-

1290 1612 1336 1651 di,
1352 1615 1390 1644 ita
1404 1623 1497 1645 tamen
1512 1622 1542 1644 ut
1559 1612 1679 1644 eundem
1694 1613 1803 1644 vistum
1815 1636 1825 1651 ,
1850 1614 1883 1644 δε
1902 1611 2033 1643 vestitum
2057 1611 2205 1642 vobiscum
2218 1612 2356 1652 habeant,

1293 1661 1348 1682 nec
1362 1662 1421 1683 non
1435 1651 1616 1690 lectistemia,
1633 1660 1751 1697 excepto
1772 1662 1807 1682 eo
1822 1650 1898 1691 quod
1915 1651 2002 1681 clausa
2015 1651 2180 1682 vestimenta
2195 1651 2355 1692 portabunt.

1293 1690 1343 1720 Set
1354 1701 1408 1721 nec
1421 1690 1482 1730 ipsis
1494 1691 1574 1722 liceat
1589 1690 1624 1721 de
1640 1689 1773 1730 Capitulo
1788 1713 1798 1727 ,
1822 1691 1867 1720 vel
1887 1699 1952 1720 cura
1972 1689 2072 1720 domus
2091 1690 2190 1720 vestrae
2211 1690 2237 1720 se
2250 1699 2354 1720 temere

1291 1729 1479 1760 intromittere
1493 1752 1502 1768 ,
1524 1730 1573 1760 nisi
1591 1738 1725 1769 quantum
1744 1740 1760 1759 a
1781 1729 1863 1760 vobis
1884 1730 1921 1758 eis
1940 1728 2022 1758 fuerit
2034 1729 2202 1765 injuncium.
2245 1728 2353 1759 Curam

1310 1778 1404 1806 noque
1417 1769 1571 1799 animarum
1583 1776 1693 1799 tantum
1707 1768 1826 1798 habeant
1839 1791 1848 1805 ,
1870 1775 2005 1806 quantum
2018 1777 2034 1798 a
2047 1767 2128 1797 vobis
2149 1767 2250 1798 fuerint
2264 1777 2292 1797 re
2312 1767 2355 1798 ui-

1286 1777 1337 1837 lqiti.
1375 1806 1510 1838 Praeterea
1520 1807 1588 1837 nulli
1605 1806 1728 1847 personae
1743 1829 1752 1844 ,
1778 1815 1853 1837 extra
1870 1805 1994 1837 vestrum
2010 1805 2173 1843 Capitulum
2187 1828 2197 1843 ,
2222 1806 2275 1836 sint
2301 1806 2355 1836 ub-

1287 1845 1367 1883 jecit,
1387 1846 1496 1884 tibique
1510 1845 1614 1876 dilecte
1631 1846 1660 1875 in
1678 1844 1812 1876 Domino
1832 1844 1886 1875 Fili
1902 1843 2023 1875 Arnalde
2037 1868 2046 1882 ,
2068 1844 2174 1884 tuisque
2193 1843 2355 1875 successori-

1287 1883 1356 1921 bus,
1374 1892 1516 1924 tamquam
1532 1883 1672 1924 Magistro
1685 1885 1719 1915 &
1734 1882 1853 1914 Praelato
1868 1882 1915 1913 suo
1933 1907 1943 1920 ,
1961 1882 2114 1913 secundum
2135 1882 2231 1913 statuta
2248 1882 2354 1913 ordinis

1289 1922 1374 1952 vestri
1388 1923 1578 1953 obedientiam
1595 1922 1727 1953 deferant.
1767 1921 1998 1952 consecrationes
2018 1932 2087 1952 vero
2106 1920 2230 1952 altarium
2245 1921 2289 1952 seu
2303 1921 2354 1952 ba-

1288 1960 1423 1991 silicarum
1438 1985 1447 2000 ,
1470 1961 1660 1992 ordinationes
1680 1961 1849 1992 clericorum
1863 1983 1873 1998 ,
1916 1961 1943 1990 ui
1966 1960 2001 1990 ad
2022 1961 2111 1990 sacros
2127 1960 2238 1990 ordines
2251 1959 2353 1991 fuerint:

1287 2000 1477 2039 promovendi
1493 2023 1502 2038 ,
1527 2000 1561 2031 ὅ(
1581 2008 1680 2030 caetera
1701 1998 1883 2030 ecclefiastica
1907 2007 2062 2030 aeramenta
2076 2009 2092 2029 a
2107 1998 2257 2029 diocesanis
2272 1998 2354 2028 susci-

1287 2039 1366 2075 piatis
1380 2037 1541 2077 Episcopis,
1560 2037 1695 2076 siquidem
1708 2038 1841 2068 catholici
1855 2037 1956 2068 fuerint
1970 2060 1980 2075 ‚
1999 2038 2033 2069 &
2046 2038 2161 2077 gratiam
2173 2046 2255 2074 atque
2269 2046 2353 2068 com-

1287 2077 1454 2107 munionem
1467 2076 1642 2116 Apostolicae
1657 2076 1723 2107 sedis
1738 2076 1901 2115 habuerint,
1919 2076 1952 2106 &
1965 2086 1995 2106 ea
2014 2077 2110 2116 gratis,
2128 2077 2162 2107 &
2176 2075 2277 2115 absque
2290 2084 2352 2114 pra-

1282 2116 1368 2146 vitate
1382 2115 1471 2154 aliqua
1481 2115 1564 2146 vobis
1576 2116 1715 2147 voluerint
1729 2114 1858 2146 exhibere
1872 2137 1882 2153 ‚
1904 2114 2025 2154 alioquin
2038 2115 2120 2145 liceat
2140 2114 2221 2145 vobis
2233 2113 2352 2145 catholi-

1287 2163 1352 2192 cos,
1371 2155 1564 2193 quoscumque
1575 2154 1741 2191 malueritis,
1754 2153 1829 2184 adire
1850 2152 1999 2191 antistites,
2013 2154 2061 2193 qui
2072 2176 2082 2190 ,
2101 2153 2237 2183 nimirum
2256 2152 2353 2185 nostra

1286 2192 1370 2223 fultus
1381 2193 1561 2231 auctoritate,
1580 2203 1643 2233 quae
1657 2191 1829 2232 postulantur
1847 2191 2014 2231 indulgeant.
2053 2191 2181 2222 Clericos
2192 2201 2286 2222 autem
2297 2201 2351 2231 pro

1286 2232 1406 2268 pecunia
1419 2231 1571 2271 praedicare
1584 2240 1630 2262 aut
1643 2231 1723 2261 lucro
1731 2254 1740 2268 ,
1752 2231 1858 2269 vosque
1872 2240 1923 2268 pro
1934 2230 2068 2269 ejusmodi·
2083 2229 2161 2261 causa
2171 2239 2219 2260 eos
2228 2230 2263 2261 ad
2276 2240 2350 2272 prae-

1286 2268 1438 2300 dicandum
1458 2271 1569 2301 mittere
1586 2269 1768 2310 prohibemus
1784 2292 1793 2307 ,
1817 2268 1866 2300 nisi
1886 2269 1960 2299 forte
1983 2268 2120 2308 Magister
2138 2268 2255 2308 Templi
2267 2291 2276 2307 ‚
2300 2269 2350 2309 qui

1287 2317 1339 2347 pro
1352 2316 1409 2338 tem
1430 2319 1479 2338 ore
1495 2308 1578 2339 fuerit
1592 2331 1602 2347 ,
1628 2309 1709 2339 certis
1729 2318 1762 2338 ex
1776 2308 1860 2338 causis
1881 2307 1910 2338 id
1931 2308 2091 2338 faciendum
2109 2306 2164 2337 esse
2183 2307 2349 2338 decreverit.

1287 2347 1317 2377 Si
1331 2357 1403 2387 quan
1425 2357 1443 2376 o
1462 2356 1531 2378 vero
1544 2348 1607 2378 loca
1619 2347 1722 2378 deserta
1736 2347 1837 2378 fuerint
1851 2346 1942 2376 eidem
1962 2345 2114 2377 venerabili
2133 2346 2232 2377 domui
2248 2346 2283 2377 ab
2301 2346 2350 2376 ali-

1288 2395 1346 2424 quo
1358 2387 1402 2424 pia
1415 2386 1568 2416 devotione
1579 2386 1693 2424 collata,
1712 2386 1793 2416 liceat
1806 2384 1887 2416 vobis
1905 2384 2012 2415 ibidem
2026 2384 2110 2416 Villas
2122 2383 2274 2422 aedificare,
2293 2383 2349 2415 Ec-

1287 2424 1378 2454 cleiias
1391 2425 1425 2456 &
1438 2424 1584 2455 Cimiteria
1592 2448 1601 2462 ,
1615 2424 1650 2455 ad
1663 2435 1733 2464 opus
1744 2425 1895 2454 hominum
1908 2423 2014 2453 ibidem
2027 2422 2216 2461 manentium,
2233 2423 2352 2455 fabrica-

1287 2472 1334 2500 re;
1352 2461 1392 2493 Ita
1411 2471 1507 2494 tamen
1526 2472 1556 2494 ut
1575 2463 1604 2493 in
1625 2464 1730 2494 vIciuia
1748 2463 1794 2494 illa
1814 2462 1937 2493 Abbatia
1956 2462 2001 2493 vel
2016 2461 2206 2501 religiosorum
2223 2462 2351 2492 virorum

1286 2500 1439 2541 collegium
1451 2512 1511 2532 non
1526 2501 1637 2540 existat,
1655 2512 1718 2542 quae
1734 2502 1773 2532 ob
1787 2501 1844 2531 hoc
1863 2500 1950 2532 valeat
1987 2501 2127 2532 erturbari.
2164 2499 2243 2530 Cum
2257 2508 2351 2530 autem

1285 2548 1365 2571 terrae
1378 2540 1462 2571 cultae
1475 2541 1558 2571 vobis
1572 2541 1699 2580 quolibet
1717 2539 1790 2578 justo
1809 2539 1893 2570 titulo
1911 2549 1948 2570 co
1980 2547 2092 2570 eruntur
2106 2562 2116 2577 ,
2140 2538 2299 2569 facultatem
2315 2539 2350 2570 &-

1284 2579 1428 2610 licentiam
1441 2579 1562 2610 habeatis
1580 2579 1688 2610 ibidem
1705 2580 1827 2610 oratoria
1847 2577 2051 2616 construendi,
2075 2578 2211 2609 cimiteria
2228 2576 2349 2608 faciendi

1283 2618 1318 2648 ad
1331 2626 1401 2656 opus
1413 2618 1628 2654 transeuntium,
1646 2619 1680 2649 &
1693 2627 1793 2648 eorum
1813 2617 2012 2648 tantummodo
2026 2617 2075 2655 qui
2092 2617 2128 2647 de
2145 2615 2234 2646 vestra
2245 2615 2350 2646 fuerint

1285 2656 1386 2687 mensa.
1422 2655 1560 2687 Indecens
1571 2657 1648 2686 enirn
1667 2656 1723 2693 est,
1741 2657 1775 2686 &
1794 2657 1948 2686 animarum
1970 2655 2094 2695 periculo
2110 2655 2288 2694 proximum,
2305 2663 2350 2683 re-

1284 2694 1396 2734 ligiosos
1408 2693 1530 2733 Fratres,
1549 2694 1696 2725 occasione
1710 2693 1845 2724 adeundae
1857 2692 1990 2723 Ecclesiae
2004 2715 2014 2731 ,
2037 2692 2063 2723 se
2076 2693 2204 2724 virorum
2215 2691 2302 2722 turbis
2314 2692 2349 2723 &

1287 2732 1436 2764 mulierum
1448 2732 1610 2772 frequentiae
1628 2731 1781 2762 inmiscere.
1821 2731 2015 2771 Qincunque
2031 2730 2092 2761 sane
2110 2731 2141 2761 in
2155 2730 2250 2761 vestro
2263 2730 2351 2761 colle-

1285 2772 1336 2810 gio
1357 2770 1536 2809 suscipientur
1550 2794 1559 2808 ,
1582 2770 1757 2800 stabilitatem
1775 2769 1856 2807 loci,
1880 2769 2096 2800 conversionem
2119 2778 2249 2807 morum,
2267 2768 2350 2808 seque

1286 2809 1451 2839 militaturos
1466 2809 1599 2839 Domino
1613 2808 1709 2839 diebus
1724 2809 1791 2838 vitae
1805 2807 1860 2838 suae
1874 2807 1924 2838 sub
1938 2807 2096 2838 obedientia
2112 2806 2149 2836 M
2166 2807 2240 2837 etthi
2255 2806 2349 2837 Tem-

1287 2848 1344 2886 pli,
1361 2847 1451 2885 posito
1465 2847 1566 2887 scn'pto
1579 2847 1657 2887 super
1671 2847 1764 2878 Altare
1777 2869 1787 2884 ,
1809 2847 1840 2876 in
1854 2856 1913 2886 quo
1935 2847 2130 2877 contineantur
2145 2846 2155 2876 i
2180 2857 2212 2885 a,
2229 2847 2350 2885 promit-

1287 2893 1355 2916 tent.
1393 2885 1581 2917 Decernimus
1593 2894 1661 2925 ergo
1675 2894 1705 2917 ut
1717 2893 1873 2930 receptores
1893 2884 2105 2915 Fraternitatum
2126 2884 2278 2914 vestrarum
2294 2885 2350 2915 five

1288 2924 1479 2956 Collectarum
1495 2948 1504 2962 ,
1527 2925 1601 2956 salvo
1623 2926 1680 2962 jure
1701 2924 1899 2954 Dominorum
1918 2923 2031 2954 suorum
2045 2946 2055 2961 ,
2081 2924 2110 2953 in
2132 2923 2206 2953 beati
2222 2922 2296 2955 Petri
2315 2923 2350 2954 &

1286 2962 1379 2994 nostra
1393 2963 1570 3001 protefflone
1586 2963 1751 3001 consistant,
1769 2963 1804 2993 &
1819 2971 1868 3000 per
1882 2969 1980 3000 terras,
1998 2963 2028 2992 in
2050 2962 2151 2999 quibus
2165 2962 2283 3000 fuerint,
2336 2978 2352 2987 -

1286 3011 1351 3032 cem
1366 3001 1492 3032 habeant.
1539 3001 1633 3033 Simili
1655 3000 1744 3032 modo
1764 3000 1919 3031 sanccimus
1940 3008 1971 3031 ut
1985 3023 1995 3038 ,
2019 3002 2192 3040 quicumque
2210 3001 2240 3030 in
2260 3004 2306 3031 vei

1287 3039 1465 3070 Fratemitate
1479 3041 1559 3071 fuerit
1573 3050 1637 3071 rece
1657 3047 1715 3077 tus,
1731 3039 1750 3070 fi
1765 3039 1836 3069 forte
1850 3038 1976 3070 Ecclefia
1990 3062 2000 3078 ,
2024 3039 2058 3069 ad
2080 3049 2164 3079 quam
2183 3039 2317 3079 pertinet,
2333 3049 2350 3070 a

1287 3078 1388 3109 divinis
1403 3077 1506 3109 officiis
1520 3081 1571 3110 erit
1585 3088 1637 3119 pro
1657 3078 1725 3109 ibita
1737 3100 1747 3115 ,
1771 3086 1893 3116 eumque
1910 3079 1985 3108 mori
2003 3078 2154 3117 contigerit
2167 3099 2178 3115 ,
2201 3077 2292 3108 eidem
2310 3077 2351 3107 se-

1288 3118 1396 3158 pultura
1410 3117 1591 3148 ecclesiastica
1605 3127 1665 3148 non
1679 3123 1810 3156 negetur,
1828 3116 1878 3146 nifi
1900 3117 2176 3153 excommunicatus,
2195 3115 2240 3146 vel
2254 3116 2351 3146 nomi-

1288 3157 1376 3186 natim
1390 3156 1472 3186 fuerit
1486 3156 1656 3187 interdictus.
1694 3154 1829 3185 Praeterea
1843 3155 1863 3185 fi
1877 3155 1925 3194 qui
1949 3154 2074 3185 Fratrum
2096 3154 2251 3185 vestrorum
2266 3177 2276 3192 ,
2300 3154 2350 3193 qui

1287 3194 1322 3225 ad
1346 3194 1515 3234 recipiendas
1536 3195 1644 3225 easdem
1666 3192 1854 3223 Fraternitates
1877 3193 1922 3223 vel
1944 3192 2086 3224 Coneiftas
2107 3203 2122 3223 a
2143 3193 2226 3224 vobis
2246 3192 2351 3223 fuerint

1287 3231 1378 3270 missi,
1392 3234 1422 3263 iii
1437 3232 1589 3273 quamlibet
1604 3231 1775 3270 Civitatem,
1793 3231 1947 3263 Castellum
1981 3231 2027 3262 vel
2048 3231 2156 3262 Vicum
2170 3231 2350 3268 advenerint,

1287 3271 1307 3300 ii
1321 3271 1392 3300 forte
1405 3271 1483 3301 locus
1497 3270 1552 3308 ipse
1567 3282 1582 3301 a
1596 3271 1696 3301 divinis
1714 3269 1817 3300 officiis
1832 3270 1864 3300 sit
1878 3271 1950 3300 inter
1971 3269 2057 3308 stus,
2075 3279 2127 3310 pro
2145 3270 2350 3311 omnipotentis

1287 3308 1344 3340 Dei
1360 3310 1527 3347 reverentia,
1544 3310 1578 3341 &
1594 3318 1693 3339 eorum
1707 3308 1832 3346 jocundo
1846 3308 1968 3339 adventu
1988 3308 2071 3339 semel
2091 3309 2122 3339 in
2136 3319 2212 3340 anno
2225 3307 2349 3346 aperian-

1286 3356 1330 3378 tur
1343 3347 1494 3385 Ecclefiae,
1511 3348 1561 3386 &,
1579 3347 1691 3378 exclusis
1704 3348 1953 3377 excommunicatis
1968 3370 1978 3385 ,
2001 3346 2096 3377 divina
2115 3348 2154 3377 ibi
2166 3345 2261 3377 officia
2274 3344 2348 3375 cele-

1287 3387 1410 3416 brentur.
1453 3386 1605 3417 statuimus
1630 3387 1714 3416 etiam
1734 3394 1764 3416 ut
1790 3386 1859 3416 nulli
1874 3385 2016 3426 Episcopo
2039 3386 2068 3415 in
2090 3384 2240 3421 Ecclesiis,
2263 3384 2346 3427 vobis

1286 3433 1406 3462 utroque
1416 3426 1478 3463 jure
1491 3424 1623 3460 subditis,
1648 3423 1788 3454 interdieti
1808 3423 1853 3454 vel
1872 3424 2170 3454 excommunicationis
2181 3422 2345 3452 sententiam

1285 3463 1366 3493 liceat
1401 3463 1564 3503 romulgare.
1602 3462 1840 3502 Verumptamen,
1858 3462 1878 3492 fi
1891 3463 2018 3502 generale
2030 3461 2207 3494 interdietum
2218 3461 2299 3491 fuerit
2312 3461 2343 3491 in

1284 3502 1352 3532 locis
1365 3503 1382 3532 il
1394 3502 1415 3532 is
1432 3501 1589 3539 prolatum,
1610 3500 1722 3531 exclusis
1743 3502 1994 3532 excommunicatis
2014 3502 2048 3533 &
2068 3499 2236 3531 nominatim
2256 3500 2342 3529 inter-

1285 3540 1382 3579 dietis,
1401 3540 1608 3584 clausis-januis,
1627 3539 1728 3583 absque
1749 3539 1891 3578 signorum
1910 3540 2076 3580 pulsatione,
2094 3538 2174 3578 plane
2192 3537 2287 3568 divina
2299 3537 2345 3567 of-

1287 3578 1349 3608 ficia
1370 3579 1521 3609 celebretis.
1564 3578 1583 3598 ³*
1603 3577 1792 3608 Decernunus
1812 3577 1920 3618 insuper
1935 3578 2096 3609 auctoritate
2115 3575 2276 3615 Apostolica
2295 3583 2345 3613 ut,
2363 3572 2383 3593 ’Ψ
2400 3575 2423 3603 1.
2436 3583 2484 3610 57.

1286 3616 1358 3655 apud
1374 3626 1583 3655 quemcumque
1597 3615 1694 3646 locum
1706 3626 1758 3645 vos
1768 3617 1863 3647 venire
1877 3617 2024 3654 contigerit
2038 3637 2048 3653 ,
2072 3614 2108 3645 ab
2124 3613 2247 3644 honestis
2259 3621 2286 3643 at
2309 3623 2343 3644 ue

1287 3655 1430 3686 catholicis
1447 3654 1633 3685 sacerdotibus
1645 3656 1856 3693 poenitentiam,
1874 3656 2037 3686 unctionem
2051 3675 2061 3690 ‚
2087 3652 2131 3682 seu
2146 3652 2197 3683 alia
2213 3652 2297 3690 quaeli
2318 3660 2347 3683 et

1289 3693 1455 3724 sacramenta
1469 3692 1650 3724 ecclesiastica
1662 3693 1794 3733 suscipere
1813 3694 1915 3731 liceat,
1939 3702 1975 3723 ne
1993 3691 2066 3721 forte
2085 3690 2120 3721 ad
2132 3691 2346 3730 perceptionem

1287 3732 1466 3771 spiritualium
1490 3732 1634 3762 bonorum
1658 3733 1739 3762 vobis
1762 3733 1905 3771 quippiam
1924 3728 2014 3761 deeffe
2039 3728 2136 3760 valeat.
2181 3728 2258 3766 Qia
2277 3738 2348 3758 vero

1290 3779 1390 3800 omnes
1403 3771 1433 3800 in
1449 3769 1565 3800 Christo
1579 3779 1649 3800 unus
1668 3770 1760 3801 sumus
1772 3794 1781 3809 ‚
1807 3772 1840 3802 ὃς
1859 3779 1919 3800 non
1933 3767 1974 3799 est
1994 3767 2172 3808 personarum
2190 3766 2348 3798 differentia

1285 3808 1358 3845 apud
1374 3808 1552 3846 Dominum,
1571 3817 1628 3839 tam
1641 3809 1806 3840 remissionis
1845 3808 2023 3844 eccatorum',
2039 3815 2125 3844 quarn
2138 3805 2246 3835 alterius
2260 3805 2349 3835 bene-

1289 3847 1410 3876 ficentice
1424 3870 1433 3884 ,
1453 3856 1536 3885 atque
1554 3846 1727 3884 Apostolicae
1744 3848 1816 3878 bene
1837 3846 1946 3876 ictionis
1959 3867 1969 3883 ‚
1994 3853 2059 3882 quae
2072 3844 2152 3873 vobis
2165 3842 2272 3875 indulta
2290 3843 2348 3881 est,

1290 3886 1374 3915 etiam
1390 3885 1522 3916 familiam
1534 3886 1567 3916 &
1581 3886 1725 3916 servient&
1738 3885 1844 3916 vestros
1853 3883 1983 3914 volumus
1996 3881 2052 3912 esse
2071 3882 2224 3921 participes.
2260 3881 2347 3913 Nulli

1288 3933 1356 3963 ergo
1366 3926 1487 3954 omuino
1501 3924 1653 3954 hominum
1669 3924 1747 3957 liceat
1759 3922 1928 3967 praeditsstum
1940 3920 2036 3951 locum
2049 3927 2154 3963 temere
2172 3920 2348 3958 perturbare,

1288 3971 1334 3992 aut
1348 3963 1404 4000 ejus
1415 3962 1594 4006 possessiones
1607 3963 1733 4001 auferre,
1744 3962 1790 3994 vel
1811 3961 1911 3991 ablatas
1931 3959 2048 3991 retinere
2061 3980 2071 3996 ,
2096 3967 2220 3989 minuere
2235 3966 2281 3990 aut
2298 3958 2348 3990 ali·

1286 4001 1388 4041 quibus
1400 4000 1592 4034 vexationibus
1607 4001 1736 4043 fatigare,
1754 3998 1800 4033 sed
1817 4000 1914 4033 omnia
1927 3998 2033 4039 integra
2051 3997 2263 4038 conserventur,
2283 4006 2354 4067 vgi-1³
