2570 4261
556 184 684 234 ET
767 188 1083 233 ACTA

0 317 60 351 tD-

3 366 46 397 13-
84 384 205 416 Littera
217 377 379 413 Innocentii
394 377 476 419 Papae
493 372 658 406 Baronibus
676 374 806 421 Angliae‚·
827 372 864 405 de
884 375 994 420 Legato
1015 375 1045 404 in
1062 371 1132 405 An-

502 423 601 470 gliam
624 421 714 467 m'ff'·

2 544 49 572 15.
89 515 148 577 C

156 510 317 546 OmitibuS,
334 507 486 539 Batonibus
495 530 505 546 ,
518 506 627 544 aliisque
640 505 838 547 Magnatibus,
855 515 903 544 per
918 506 1051 544 Angliam
1064 514 1135 536 con-

165 550 270 582 stitutis.
1114 582 1119 587 ·

127 591 246 628 Qanto
256 585 396 624 specialius
411 584 547 624 Regnum
560 582 671 620 Angliae
686 583 720 613 ad
733 583 896 613 Romanam
916 582 1071 613 Ecclesiam
1087 581 1134 625 'di--

89 629 213 660 noscitur
226 625 378 664 pertinere,
394 631 472 654 tanto
487 622 635 652 ferventius
650 621 795 659 aspiramus
811 630 841 652 ut
855 631 904 658 per
917 621 1021 652 nostrae
1035 620 1136 651 sollici-

90 666 191 699 tudinis
204 664 325 696 studium
339 670 413 702 grata
426 660 601 699 prosperitate
615 660 728 690 laetetur.
1071 698 1076 703 .

125 703 206 735 Cum
232 703 314 742 igitur
338 700 373 730 ad
395 698 653 729 reconciliationem
674 698 762 737 Regis
781 707 813 728 ac
832 697 861 727 R
898 699 927 728 ni
948 697 1136 728 venerabilem

88 743 214 775 Fratrem
231 739 361 771 nostrum
380 737 572 768 Tusculanum
593 735 765 774 Episcopum
785 735 884 773 aposto
896 737 946 767 icae
958 735 1025 766 sedis
1046 736 1135 774 Lega-

86 791 152 814 tum
185 779 260 819 quafi
269 779 343 819 pacis
358 776 391 807 &
404 776 491 806 salutis
505 775 634 814 angelum
648 774 832 812 destinemus,
851 776 943 804 virum
959 775 1055 812 utique
1074 783 1137 810 gra-

88 806 254 855 tum’Deo,
270 819 303 849 &
322 823 471 852 acceptum
491 813 671 851 hominibus,
692 823 777 851 quern
790 814 859 843 inter
874 814 939 843 alios
953 813 1058 842 Fratres
1071 821 1137 841 nos-

87 867 164 896 tros,
181 857 282 888 merito
296 856 350 886 suae
365 852 503 892 religionis
516 852 548 882 &
563 851 727 890 honestam,
741 851 849 890 speciali
861 851 1000 890 diligimus
1014 851 1137 886 caritate,

88 896 295 928 universitatem
318 891 438 923 vestram
457 889 609 929 rogandam
625 889 753 920 duximus
774 891 807 921 &
826 889 1013 926 monendam,
1039 898 1088 932 per
1109 898 1138 917 a-

91 934 230 974 postolica
245 932 327 964 vobis
342 930 439 967 scripta
453 929 613 958 mandantes
628 936 759 966 quatenus
773 938 839 958 eum
852 928 986 996 recipiatis
996 927 1139 970 benigne,

92 983 126 1004 ac
139 972 256 1003 honeste
267 969 404 1005 transietis,
421 967 501 1006 ipsius
515 967 627 997 monitis
642 968 674 998 &
687 966 820 997 mandatis
834 967 913 996 liurni
925 968 974 995 iter
994 964 1141 1008 intenden-

93 1020 152 1047 teS,
170 1018 201 1041 ut
214 1011 325 1040 bonum
342 1008 433 1045 pacis,
450 1013 508 1035 tam
528 1005 648 1045 Regno,
667 1015 751 1043 quam
772 1005 936 1036 Sacerdotio
952 1011 1073 1033 maxime
1092 1010 1142 1031 ne-

94 1049 259 1086 ceffarium,
277 1046 394 1076 feliciter
406 1044 623 1075 consummetur.
940 1081 945 1086 ¹

131 1087 256 1118 Scientes
268 1084 345 1123 quod
358 1093 427 1113 cum
447 1092 496 1120 per
517 1092 583 1112 eum
600 1081 708 1112 illustris
723 1082 789 1112 Rex
810 1081 917 1119 vester,
933 1086 1010 1124 Juxta
1030 1076 1145 1109 manda-

95 1135 160 1158 tum
179 1123 325 1161 nostrum,
349 1122 430 1152 fuerit
450 1120 606 1159 absolutus,
623 1120 822 1151 omnimodam
842 1120 867 1149 ei
886 1126 1018 1159 gratiam,
1036 1119 1069 1149 ὃς
1089 1116 1147 1154 ple-

96 1173 167 1196 num
183 1161 353 1194 intendimus
368 1160 499 1190 exhibere
512 1159 645 1189 favorem.
846 1195 851 1200 θ

132 1202 225 1233 Unde
238 1200 370 1231 volumus
385 1200 418 1230 &
432 1197 595 1227 mandamus
610 1206 641 1227 ut
662 1207 714 1228 vos
734 1197 759 1225 ei
780 1194 938 1237 fidelitatem
959 1193 1094 1225 devotam
1110 1193 1149 1236 .&

97 1241 210 1272 fidelem
224 1238 410 1270 devotionem
423 1236 552 1266 exhibere
566 1237 683 1273 curetis,
700 1234 734 1263 ad
747 1233 940 1276 defensionem
955 1233 988 1263 ὃς
1010 1232 1152 1262 exaltatio-

97 1290 166 1311 nem
181 1278 261 1316 ipsius
276 1276 371 1316 Regni
385 1274 535 1313 prudenter
549 1275 583 1305 ὃς
597 1280 726 1311 potenter
738 1271 889 1302 assistentes
903 1270 1004 1301 eidem.

137 1355 248 1386 Datum
261 1354 390 1385 Lateran.
412 1361 456 1382 11.
476 1349 560 1380 Non.
572 1349 655 1388 Julii,
674 1346 858 1379 Pontificatfis
872 1346 960 1377 nostri
975 1357 1049 1377 anno
1067 1347 1110 1376 16.

207 1498 256 1529 De
280 1491 436 1537 Obsidibus
460 1494 546 1538 Regis
568 1493 667 1524 Scotiae
694 1487 846 1522 veniendis
868 1487 912 1520 aa'
933 1492 1053 1534 Regem.

0 1589 83 1660 {³2¹²
103 1577 565 1655 ΚΕἷῗῇεὸιὶαῖῗῑὲῃῗάῑῩὲὲἓῗὲῑέ
577 1574 832 1651 8έέὸὲἒὸἒέἃὲἓῖ
850 1571 1160 1652 ἶζὲῗῶἶῖἀεῗῗζίὗῗέ

25 1638 68 1704 ,ἒξ
105 1656 263 1693 Nunci0s‚
287 1655 391 1695 Regin.
415 1655 504 1685 filium
523 1653 649 1685 vestrum
669 1654 702 1683 δε
724 1652 813 1683 filiurn
832 1651 983 1682 Willielmi
1005 1649 1041 1679 de
1062 1647 1161 1678 Veteri

0 1691 21 1734 ὲ,
106 1695 217 1734 Ponte,
235 1694 355 1725 Obsides
368 1693 456 1733 Regis
469 1693 574 1724 Scotiae
604 1693 652 1730 qui
665 1691 726 1721 sunt
741 1692 770 1721 in
783 1690 910 1721 custodia
922 1688 1076 1732 vestralper
1090 1695 1162 1730 prae-

107 1743 224 1772 ceptum
244 1732 385 1763 nostrum:
406 1732 447 1763 Ita
468 1731 546 1769 quod
569 1716 621 1760 {int
641 1729 675 1760 ad
695 1740 746 1760 nos
765 1729 838 1768 apud
859 1727 997 1759 Portesm.
1015 1737 1045 1757 iri
1059 1724 1163 1763 Vigilia

56 1799 68 1805 -
106 1773 231 1803 instantis
247 1770 322 1802 Festi
338 1770 435 1801 Sancti
445 1769 582 1809 Johannis
597 1767 734 1809 Baptistae.

142 1848 233 1881 Teste
247 1847 355 1886 meipso
368 1846 441 1886 apud
454 1844 565 1878 Bellum
582 1855 626 1886 13.
643 1845 689 1876 die
696 1844 783 1884 Junii.

275 1997 396 2028 Littera
419 1992 532 2027 Othoni
554 1996 757 2040 Imperatori,
781 1991 817 2026 de
840 1992 1008 2028 Credentia.

88 2094 94 2099 ·
117 2073 321 2142 KAriffimo
336 2079 449 2117 Nepoti
461 2078 510 2109 suo
526 2077 638 2109 Othoni
651 2077 706 2108 Dei
729 2079 831 2116 gratia,
848 2077 945 2108 illustri
965 2077 1092 2109 Roman¹
1110 2078 1170 2109 Irn-

198 2118 315 2156 peratori
340 2118 373 2149 &
397 2117 505 2156 semper
527 2116 676 2155 Augusto,
699 2116 858 2155 Johannes,
884 2116 982 2146 eadem
1000 2117 1086 2153 gratia
1105 2117 1171 2148 Rex

115 2155 202 2194 Angl.
221 2157 281 2187 &c.
301 2155 445 2186 Mittimus
457 2155 492 2185 ad
507 2166 560 2186 vos
575 2155 681 2186 Fideles
691 2155 803 2186 nostros
817 2155 981 2185 Dominum
997 2155 1173 2194 Episcopum

63 2201 74 2206 ·
116 2193 358 2233 Norwicensem‚
376 2195 410 2225 δε
424 2194 476 2224 W.
493 2193 644 2225 Comitem
661 2193 733 2224 Sarr.
754 2194 879 2224 Fratrem
891 2193 1038 2233 nostrum,
1049 2195 1082 2226 δε
1096 2195 1174 2225 Wil-

72 2228 96 2260 P·
116 2234 245 2265 lielmum
264 2232 384 2270 Briwet,
402 2241 531 2272 rogantes
550 2240 683 2271 quatenus
712 2233 749 2262 eis
767 2232 853 2262 fidem
872 2232 992 2262 habeatis
1010 2234 1089 2270 super
1105 2234 1174 2272 hiis,

91 2283 96 2289 ·
118 2282 184 2319 qiiae
201 2272 284 2304 vobis
302 2270 417 2312 dicent,
434 2280 469 2302 ex
486 2279 563 2311 parte
576 2270 688 2310 nostra,
705 2269 740 2302 ad
753 2270 946 2303 commodum
956 2272 1097 2311 utriusque
1111 2282 1177 2304 nos-

118 2318 207 2342 trum.

155 2388 196 2420 T.
215 2388 322 2428 meipso
333 2389 407 2429 apud
420 2388 516 2421 Corff.
535 2396 572 2429 25
586 2388 632 2421 die
642 2388 719 2429 Julii.

5 2528 29 2556 1.
41 2534 102 2562 ¹75·

0 2623 53 2644 sin.
63 2610 104 2642 D.

0 2660 82 2706 ,¹²¹‚3·

0 2729 38 2757 oh.
48 2699 90 2726 ⁸5-

0 2766 65 2801 'laus-

0 2814 27 2842 5.
41 2804 90 2848 Jo-

0 2852 76 2873 annzs,
85 2849 110 2879 p.

2 2904 8 2910 .
16 2881 109 2910 m.8.d.

217 2527 245 2554 ’Χῖ
270 2532 388 2563 Litterae
405 2529 558 2578 Johannis
579 2533 667 2578 Regis
686 2531 801 2579 Angliae
819 2533 942 2565 Comitis
959 2530 1098 2566 Tholous.

126 2613 367 2691 REigsusdilggo
387 2615 438 2646 sibi
457 2615 634 2654 Raymondo
652 2615 732 2648 Duci
751 2615 787 2647 N
789 2617 889 2648 erbon.
913 2617 947 2648 &
967 2616 1079 2648 Comiti
1095 2617 1183 2648 Tho-

162 2690 307 2721 Mittimus
320 2691 355 2722 ad
369 2701 422 2722 vos
433 2690 551 2723 dilectos
564 2693 599 2723 &
613 2691 708 2723 fideles
720 2692 832 2723 nostros
846 2692 886 2723 G.
905 2692 941 2724 de
956 2692 1056 2724 Nevill
1077 2693 1184 2725 Came-

127 2730 231 2759 rarium
242 2729 389 2768 nostrum,
406 2730 440 2760 &
455 2729 618 2772 Philippum
632 2731 669 2761 de
682 2730 846 2768 Albiniaco,
863 2733 911 2770 qui
923 2742 975 2762 vos
988 2731 1023 2762 de
1037 2731 1107 2763 statu
1119 2742 1186 2762 nos-

127 2775 173 2798 tro
187 2768 220 2798 &
235 2767 292 2798 effe
306 2768 406 2798 nostro
424 2768 532 2806 plenius
552 2768 763 2808 certificabunt,
783 2770 884 2808 quibus
905 2772 1084 2808 praecipimus
1106 2769 1187 2809 quod

128 2806 211 2836 vobis
231 2807 265 2838 δε
284 2806 394 2846 agendis
413 2806 511 2837 vestris
534 2817 695 2847 congruum
717 2809 750 2839 &
772 2807 871 2838 efficax
886 2809 1019 2839 auxilium
1031 2808 1068 2839 de
1088 2809 1186 2840 nostro

128 2843 246 2884 faciant,
263 2844 426 2876 dummodo
439 2855 491 2876 vos
502 2845 663 2876 constanter
677 2848 711 2878 ὃς
723 2846 857 2885 fideliter,
877 2855 961 2884 prout
973 2846 1073 2887 decet,
1091 2847 1188 2879 secun-

128 2882 199 2914 dum
214 2884 300 2915 verba
312 2885 384 2914 inter
399 2894 452 2914 nos
464 2884 631 2922 praelocuta,
649 2894 713 2922 erga
725 2895 777 2916 nos
790 2885 932 2916 habuistis.

167 2921 228 2952 Vos
241 2931 336 2952 autem
349 2931 496 2962 rogatum,
515 2924 643 2961 quatinus
690 2923 767 2953 endis
781 2923 898 2961 nostris,
917 2934 981 2962 quae
996 2924 1086 2956 vestra
1107 2935 1189 2963 repu-

129 2970 236 2999 tamus,
246 2961 284 2991 ita
295 2960 409 2991 strenue
421 2961 455 2992 ὅ(
470 2962 582 2992 viriliter
593 2933 844 3000 integglatis’quod
851 2972 903 2994 vos
917 2962 983 2993 inde
997 2963 1190 2995 commodum

130 3000 166 3030 δε
179 3009 232 3029 nos
246 2999 390 3029 honorem
403 2998 538 3038 consequi
551 3000 701 3031 valeamus.

174 3037 271 3067 Sciatis
293 3038 375 3076 igitur
393 3047 463 3075 nos,
481 3038 546 3076 post
565 3039 668 3070 festum
691 3039 892 3078 Pentecostes,
917 3048 1028 3070 moram
1047 3040 1144 3072 feciffe
1161 3041 1191 3071 in

112 3091 118 3097 ·
137 3076 261 3113 partibus
273 3076 386 3105 marinis
402 3075 526 3115 Angliae,
543 3079 628 3114 parati
640 3087 708 3108 cum
721 3078 802 3116 poffe
822 3078 921 3108 nostro
937 3079 970 3108 δε
984 3079 1095 3119 navigio
1111 3089 1192 3117 mag-

132 3123 174 3144 no
192 3113 227 3142 ad
248 3113 422 3144 veniendum
438 3113 473 3144 ad
486 3125 556 3154 VOS,
570 3115 605 3146 ad
619 3116 824 3148 consulendum
837 3117 870 3148 ὃς
888 3116 1077 3148 auxiliandum
1092 3119 1193 3156 vobis,

135 3153 171 3183 &
184 3150 241 3181 aliis
255 3153 351 3182 amicis
367 3153 400 3183 &
415 3151 541 3183 fidelibus
555 3153 664 3184 nostris.

173 3189 224 3219 Set
247 3199 296 3227 per
321 3200 456 3227 magnam
472 3192 549 3221 venti
566 3193 750 3229 quantitatem
770 3194 800 3223 in
818 3193 921 3234 Anglii
943 3203 1057 3224 moram
1075 3194 1194 3225 facimus

131 3228 185 3259 hac
205 3226 324 3266 yheme,
347 3229 381 3259 &
400 3229 480 3260 nullo
497 3228 588 3260 modo
610 3232 776 3262 omittemus
799 3233 868 3270 quin
892 3231 925 3262 ad
947 3242 998 3262 vos
1020 3234 1049 3262 in
1066 3234 1191 3263 novitate

136 3266 272 3303 temporis
284 3266 386 3305 futuri,
404 3277 473 3298 curn
487 3276 551 3298 toto
565 3268 644 3306 posse
658 3270 691 3300 &
706 3270 825 3308 auxilio,
844 3280 893 3308 per
914 3271 1031 3307 gratiam
1050 3271 1126 3310 Dei,
1144 3282 1196 3303 ve-

138 3305 263 3342 niamus,
281 3304 359 3334 unde
374 3314 426 3336 vos
441 3306 475 3336 &
489 3307 585 3337 caeteri
597 3307 683 3337 amici
695 3307 783 3338 nostri
795 3308 929 3346 gaudium
946 3309 1090 3340 habebitis.

177 3379 269 3412 Teste
283 3379 390 3418 meipso
405 3381 478 3419 apud
493 3382 594 3423 Luteg.
616 3392 652 3420 17
666 3382 712 3413 die
727 3383 856 3424 Augusti.

251 3524 302 3556 De
320 3521 553 3556 reconciliatione
565 3532 635 3555 cum
652 3524 799 3556 Savarico
817 3522 853 3556 de
868 3525 1086 3561 Malo-Leone.

0 3622 72 3656 Ann.
86 3621 128 3653 D.
144 3616 259 3674 REX
276 3615 408 3648 savarico
420 3616 457 3647 de
474 3616 681 3648 Malo-Leone.

16 3670 102 3700 1213.
235 3656 333 3686 Sciatis
355 3655 434 3694 quod
456 3656 579 3700 misimus
598 3656 638 3699 in'
650 3661 738 3693 partes
757 3653 891 3688 Pictaviae
910 3657 1028 3702 dileftos
1049 3659 1084 3690 &
1106 3657 1200 3688 fideles

0 3705 50 3729 An.
68 3709 110 3736 ¹5·
146 3693 259 3739 nostros
274 3694 316 3725 G.
334 3693 370 3725 de
383 3693 485 3738 NeVill
499 3693 691 3737 Camerarium
703 3692 851 3732 nostrum,
867 3696 902 3727 &
915 3695 1080 3734 Ph111ppum
1094 3696 1131 3726 de
1149 3695 1202 3726 Al-

0 3738 61 3777 Joh.
146 3732 278 3772 biniaco,
294 3733 330 3764 ad
340 3740 453 3778 negotia
466 3732 561 3764 nostra
576 3730 751 3770 expedienda.

0 3781 59 3805 Pat.
81 3784 125 3811 ¹5·
185 3770 224 3802 Et
257 3781 393 3809 quomam
405 3770 561 3802 audivimus
574 3769 650 3808 quod
665 3770 783 3807 poenitet
797 3779 849 3800 vos
863 3779 879 3800 a
889 3770 1001 3802 servitio
1017 3773 1133 3810 nostro,
1151 3780 1201 3810 pet

0 3815 66 3853 Joh.
78 3823 115 3841 m.
149 3794 297 3840 consilium
309 3820 370 3840 non
379 3809 493 3848 sanum,
509 3811 543 3841 &
555 3809 572 3839 s
584 3807 761 3849 egestionem
782 3806 936 3851 sinistram,
953 3810 1108 3854 recessisse,
1126 3810 1203 3840 unde

4 3856 50 3880 io.
68 3850 133 3889 dors.
150 3846 305 3884 plurimum
318 3848 400 3888 gavisi
414 3848 523 3885 sumuS,
541 3857 577 3878 eo
588 3848 656 3878 dem
669 3846 703 3876 ad
718 3856 769 3877 vos
783 3853 937 3889 mittimus,
954 3855 986 3877 ut
996 3849 1145 3879 vobiscum
1158 3845 1202 3878 ffi-

151 3894 202 3922 pet
214 3885 326 3924 agendis
340 3885 440 3917 nostris
449 3887 483 3918 &
496 3885 611 3923 vestris,
628 3886 662 3916 &
674 3885 752 3922 super
765 3884 832 3921 hiis,
850 3892 914 3921 quae
926 3894 978 3915 nos
998 3886 1032 3917 ὃς
1050 3897 1103 3917 vos
1123 3885 1202 3916 adin-

152 3923 250 3954 vicem
261 3925 449 3964 contingunt,
468 3924 575 3963 plenius
590 3924 738 3954 tractatum
751 3922 879 3965 habeant.

195 3959 304 3992 Ratum
330 3973 445 4001 quoque
473 3962 531 3993 effe
550 3962 682 3993 volumus
703 3963 736 3991 ὃς
755 3959 851 4003 stabile
864 3983 874 3997 ,
904 3960 938 3990 δε
959 3960 1075 3993 firmiter
1096 3963 1204 3993 tenebi-

154 4008 219 4029 mus
238 3999 269 4028 in
285 4002 436 4039 omnibus,
454 4010 645 4039 quaecumque
664 3998 792 4037 praedisti
813 3996 921 4027 Fideles
938 3998 1042 4038 nostri,
1086 4010 1116 4030 er
1135 4010 1207 4030 con-

153 4036 245 4104 filiurn
257 4037 414 4074 proborum
429 4039 582 4077 hominum
599 4037 763 4070 nostrorum
783 4035 819 4068 de
837 4034 976 4076 Rupeua,
992 4039 1146 4071 vobicum
1165 4039 1207 4069 fe-

155 4084 233 4105 censs
248 4098 253 4103 .

193 4115 304 4143 Tem-I.
323 4114 356 4144 P.
375 4116 399 4144 Ι.

1166 185 1744 232 PUBLICA.
2164 208 2214 248 57

1169 271 1261 341 m'fil'
1275 273 1303 302 in
1317 272 1396 311 hujus
1410 273 1450 302 rei
1462 272 1670 313 testimonium,
1686 276 1732 307 has
1744 276 1845 309 litteras
1864 276 1972 310 nostras
1988 277 2117 311 Patentis
2134 281 2217 313 vobis
2235 275 2359 306 Arm-D·

1202 320 1209 340 i
1242 320 1313 340 mus.
2254 323 2338 353 1213,

1206 386 1297 417 Teste
1311 386 1393 427 Rege
1404 386 1476 424 apud
1489 386 1564 418 Cler.
1583 396 1631 418 22.
1648 388 1782 431 Augusti,
1802 392 1889 424 Anno
1906 389 1949 432 1'5.

1173 524 1292 555 Litterae
1315 520 1392 567 Joh.
1418 523 1504 567 Regis
1528 524 1637 554 Comiti
1660 523 1790 555 Guidoni
1811 523 1847 556 de
1867 527 2016 561 Alvernia
2031 531 2133 576 mrffz,
2151 534 2221 579 qui-

1220 569 1273 602 bas
1293 581 1385 616 qaam
1409 573 1497 602 citius
1513 573 1621 616 poterit
1633 594 1644 613 ,
1679 576 1706 604 ei
1728 572 1879 605 auxilium
1901 577 1937 611 ὠ
1956 577 2132 623 fhccurffim
2148 591 2220 627 pro.

1220 628 1327 650 mittit.

1177 701 1290 759 REX
1303 700 1413 733 Comiti
1429 702 1558 734 Gnidoni
1571 703 1607 734 de
1621 704 1752 736 Alvernia
1784 694 1843 738 ἃς.

1267 740 1369 771 Grates
1383 743 1465 771 vobis
1478 742 1576 773 multas
1589 743 1732 774 referimus
1746 730 1781 775 de
1797 745 1876 776 bono
1889 746 1922 777 &
1942 746 2016 778 fideli
2035 733 2144 781 servitio
2162 761 2224 782 ves-
2242 722 2316 753 Ann‘
2328 722 2368 753 D

1176 784 1236 815 tr0,
1254 779 1288 808 δε
1306 778 1342 822 de
1361 778 1499 823 diligentia
1521 782 1554 811 δε
1574 780 1764 826 solicitudine,
1783 793 1867 821 quarn
1887 785 2055 823 expeditioni
2075 790 2225 820 commodi
2242 770 2354 835 Λξὶῐιξ-

1176 815 1210 845 &
1224 817 1339 860 lionoris
1355 817 1443 847 nostri
1456 817 1579 861 semper,
1598 819 1680 849 vestri
1696 830 1796 860 gratia,
1811 823 1990 869 impendistis.
2241 841 2302 877 Joh,

1217 853 1254 884 Et
1266 854 1350 884 sciatis
1362 855 1439 892 quod
1454 866 1481 884 iii
1497 856 1580 887 Festo
1592 856 1771 889 Pentecostes
1786 870 1894 899 moram
1910 862 2027 894 fecimus
2042 863 2070 894 su

1178 899 1262 929 nam,
1279 893 1364 931 parati
1375 895 1408 924 &
1422 902 1515 924 totum
1530 895 1609 932 posse
1622 896 1752 926 nostrum
1764 899 1934 935 apponentes
1948 899 1981 931 ad
1995 911 2064 932 trans
2077 875 2120 933 re⁴r
2141 875 2225 896 man-
2240 879 2328 917 Claus.
2336 887 2379 915 ‘5'

1179 930 1207 957 in
1222 938 1311 973 partes
1324 930 1443 975 vestras,
1463 932 1533 963 sicut
1552 933 1677 964 Alelinus
1699 935 1776 965 miles
1799 937 1905 976 vester,
1921 941 1969 977 qui
1986 904 2224 978 praesengztggcgpam
2247 917 2348 962 Johan—

1179 966 1285 1007 plenius
1300 969 1381 998 vobis
1394 969 1488 1000 dicere
1499 972 1609 1007 poterit.
2220 967 2230 981 ’
2251 962 2330 992 '¹¹54'
2340 964 2366 982 ²*

1221 1005 1270 1035 Set
1282 1006 1414 1049 tandem,
1431 1017 1500 1037 curn
1511 1018 1565 1038 nec
1579 1010 1717 1040 voluntati
1730 1010 1805 1050 Dei,
1824 1023 1877 1043 nec
1890 1017 1966 1045 venti
1981 1019 2123 1054 quantitati
2138 1019 2234 1057 possu-
2252 993 2360 1029 Λεὼ·

1185 1052 1248 1073 mus
1262 1051 1419 1082 contraire,
1436 1053 1550 1082 oportet
1564 1056 1615 1075 nos
1627 1049 1656 1076 in
1671 1047 1781 1078 instanti
1815 1050 1914 1089 heme,
1932 1054 2011 1084 nobis
2029 1057 2062 1087 &
2079 1058 2171 1088 invitis
2205 1059 2235 1087 in

1186 1080 1270 1124 Angl.
1289 1083 1409 1119 morari3
1425 1083 1459 1113 &
1474 1083 1568 1126 modis·
1578 1085 1709 1114 omnibus
1743 1096 1772 1115 et
1820 1090 1844 1117 ei
1855 1091 1984 1129 gratiam,
2000 1082 2192 1134 proposuimu's
2206 1097 2236 1126 in

1188 1127 1313 1163 nov1tate
1329 1128 1463 1163 temporis
1485 1120 1587 1159 futuri,
1605 1123 1673 1152 cum
1693 1133 1708 1152 a
1746 1124 1863 1160 praesens
1880 1136 1939 1156 non
1953 1130 2097 1164 possumus
2131 1133 2165 1163 ad
2184 1142 2238 1165 vos

1188 1159 1284 1188 venire
1305 1168 1334 1187 in
1355 1159 1487 1188 auxilium
1508 1160 1540 1190 ὃ(
1554 1160 1712 1190 succursum
1735 1161 1836 1202 vestri,
1853 1164 1886 1194 &
1905 1165 2024 1196 aliorum
2036 1158 2160 1202 fidelium
2173 1183 2239 1203 nos-

1189 1204 1316 1235 trorum,
1334 1197 1367 1227 &
1382 1196 1573 1227 defensionem
1587 1208 1670 1228 terrae
1684 1198 1792 1230 vestrae.

1229 1234 1267 1264 Et
1289 1236 1484 1272 praernittimus
1506 1235 1540 1266 ad
1560 1246 1610 1266 vos
1630 1236 1749 1267 dilectos
1769 1240 1802 1269 &
1821 1239 1913 1270 fideles
1931 1241 2042 1273 nostros
2063 1244 2103 1274 G.
2122 1245 2158 1276 de
2177 1247 2244 1278 Ne-

1193 1273 1242 1304 vill
1263 1272 1458 1303 camerarium
1480 1274 1628 1313 nostrum,
1646 1277 1679 1307 &
1698 1275 1860 1315 Philippum
1879 1278 1916 1309 de
1930 1280 2097 1320 Albiniaco,
2116 1293 2163 1320 per
2176 1296 2248 1322 quos

1194 1311 1276 1341 vobis
1294 1312 1431 1342 mittimus
1449 1311 1486 1342 de
1507 1314 1624 1350 pecunia
1646 1313 1758 1353 nostra,
1776 1325 1845 1346 cum
1866 1317 1927 1354 plus
1947 1318 2012 1349 inde
2028 1321 2159 1357 processu
2173 1329 2247 1353 tem*

1195 1351 1270 1388 poris
1291 1351 1435 1380 mittemus
1447 1374 1458 1389 ,
1483 1352 1548 1389 quia
1568 1352 1650 1382 vobis
1670 1362 1725 1383 nec
1743 1354 1890 1392 poffumus
1914 1365 1968 1387 nec
1988 1356 2124 1389 debemus
2145 1359 2250 1391 defice-

1196 1398 1234 1418 re.

1235 1426 1273 1457 Et
1286 1437 1338 1458 vos
1349 1436 1485 1472 rogamus
1493 1430 1620 1466 quatinus
1633 1429 1667 1459 ad
1679 1430 1764 1461 talem
1778 1430 1876 1463 locum
1890 1433 2043 1473 accedatis,
2061 1435 2110 1466 ubi
2125 1437 2251 1474 praediffl

1197 1465 1291 1495 fideles
1309 1465 1397 1496 nostri
1417 1466 1566 1497 vobiscum
1587 1467 1691 1505 possint
1710 1469 1887 1507 colloquium
1900 1471 2018 1512 habete,
2037 1474 2057 1494 ὃ*

1198 1505 1259 1534 nim
1271 1504 1374 1534 secreta
1388 1505 1473 1535 verba
1489 1505 1570 1535 vobis
1601 1516 1631 1536 er
1643 1516 1691 1536 eos
1706 1507 1886 1547 mandamus,
1904 1520 1969 1548 quae
1982 1474 2254 1544 Ιίῑῐεήεςὲῗέῐῗὲιηεξς
2271 1488 2319 1515 *L
2339 1487 2398 1522 ι76·

1198 1542 1262 1572 dare
1276 1543 1423 1581 nolumu83
1437 1544 1471 1574 &
1487 1553 1538 1573 vos
1552 1516 1638 1574 fidJem
1651 1545 1772 1576 habeatis
1785 1546 1836 1577 hiis
1851 1557 1914 1586 quae
1927 1549 2007 1580 vobis
2020 1549 2115 1582 dicent
2129 1560 2164 1582 ex
2178 1561 2256 1592 parte

1200 1581 1294 1611 nostra
1308 1581 1341 1611 ad
1356 1581 1459 1620 fidem,
1477 1582 1667 1613 commodum
1680 1585 1713 1615 &
1729 1584 1871 1615 honorem
1886 1586 2013 1625 vestrum.

1238 1619 1373 1659 Negotiis
1386 1629 1456 1650 vero
1471 1621 1505 1651 &
1522 1620 1631 1659 agendis
1646 1622 1747 1653 nostris
1763 1623 1879 1654 fideliter
1901 1625 1934 1655 ὅς
1957 1627 2085 1666 viriliter,
2100 1627 2169 1660 ficut
2189 1629 2258 1660 hac-

1201 1666 1281 1689 tenus
1296 1658 1382 1688 nostri
1393 1657 1477 1697 gratia
1492 1659 1592 1689 fecistis
1602 1683 1612 1697 ,
1627 1659 1735 1698 semper
1749 1661 1785 1692 de
1799 1662 1880 1693 bono
1892 1663 1920 1693 in
1934 1664 2032 1695 melius
2046 1666 2208 1705 intendatis3
2221 1668 2255 1699 &

1202 1697 1378 1767 sofflmoe'm
1390 1696 1510 1728 vestram
1526 1699 1555 1728 in
1567 1699 1716 1738 omnibus,
1735 1700 1768 1731 &
1781 1700 1883 1732 statum
1898 1701 2024 1734 vestrum
2046 1704 2129 1736 nobis
2152 1706 2256 1737 crebro

1214 1745 1243 1773 ig
1293 1743 1369 1766 cetis.

1241 1811 1331 1844 Teste
1343 1813 1450 1852 meipso
1462 1812 1534 1851 apud
1550 1813 1650 1854 Luteg.
1666 1814 1782 1847 decimo
1795 1815 1914 1855 septimo
1926 1817 1973 1850 die
1986 1817 2116 1860 Augusti.

1440 1942 1558 1973 Litterae
1576 1940 1714 1974 Ferando
1735 1943 1845 1974 Comiti
1863 1941 2019 1977 Flandriae.

1209 2025 1323 2083 REX
1338 2022 1466 2056 Ferando
1482 2023 1593 2055 Comiti
1614 2024 1722 2056 Flandr.
1741 2026 1801 2057 &c-

1301 2064 1399 2095 Sciatis
1415 2062 1493 2100 quod
1508 2063 1621 2093 Nuncii
1635 2062 1718 2094 vestri
1736 2064 1839 2095 scilicet
1859 2064 1929 2096 Ern.
1947 2065 1983 2110 de
2004 2065 2119 2112 Landa,
2135 2068 2170 2099 ἅτ
2190 2067 2267 2099 Prae-
2285 2043 2412 2121 Agr-1¹?-

1212 2103 1313 2147 positus
1333 2102 1370 2133 de
1390 2101 1498 2145 Sancto·
1513 2101 1671 2145 ‘Andoman
1692 2112 1829 2134 venerunt
1847 2103 1881 2133 ad
1902 2113 1954 2135 nos
1974 2115 2003 2134 in
2018 2114 2133 2148 remotis
2147 2108 2268 2152 partibus
2286 2126 2336 2149 Aa.
2354 2130 2397 2157 ¹5·

1213 2140 1308 2181 Regni
1330 2138 1437 2185 nostri,
1450 2139 1583 2183 scilicet,
1608 2140 1685 2184 apud.
1704 2139 1867 2172 Dunholm.
1893 2143 1944 2181 &,
1961 2143 2056 2174 audito
2078 2144 2200 2176 Nuncio
2219 2155 2269 2179 eo-
2288 2159 2349 2198 Joh-

1213 2190 1295 2224 rum,
1308 2179 1402 2223 statim
1416 2178 1540 2222 misimus
1553 2178 1587 2208 ad
1603 2178 1813 2223 proyidendum
1834 2189 1981 2219 negotium
2002 2181 2128 2226 vestrum
2138 2208 2148 2222 ,
2166 2185 2199 2215 &
2219 2194 2276 2214 nos·
2287 2197 2373 2231 Claus-

1215 2221 1264 2257 ipli
1284 2218 1319 2248 ad
1340 2217 1406 2248 illud
1426 2216 1589 2254 expediend.
1607 2217 1769 2248 festinamus
1790 2219 1881 2250 versus
1896 2219 2050 2264 'Londoii3
2066 2229 2101 2251 ita
2121 2222 2199 2268 quod
2218 2222 2272 2252 fra·
2294 2245 2335 2271 15*
2349 2232 2400 2273 Jo,

1216 2267 1257 2288 ter
1280 2256 1375 2301 noster
1390 2279 1399 2293 ,
1425 2254 1533 2299 Comes
1554 2255 1654 2300 Sarum
1668 2280 1678 2295 ,
1704 2257 1795 2301 versus
1816 2267 1867 2302 vos
1894 2266 1945 2287 iter
1963 2267 2096 2303 arripiet)
2128 2271 2183 2305 uria
2204 2271 2273 2305 cum
2289 2274 2384 2305 hannis,
2393 2278 2420 2309 p,

1216 2296 1341 2327 Nunciis
1361 2293 1472 2339 vestrm,
1497 2293 1670 2339 Dominica,
1695 2294 1816 2334 scilicet,
1842 2306 1871 2326 in
1892 2295 1966 2326 festo
1988 2296 2084 2328 Sancti
2104 2298 2274 2339 Michaelis,
2292 2310 2421 2347 2·m·7·d:

1213 2345 1281 2366 cum
1298 2333 1431 2371 denariis,
1450 2342 1550 2372 gente,
1569 2333 1603 2364 &
1623 2334 1689 2364 aliis.

1257 2373 1296 2404 Et
1311 2383 1364 2404 vos
1378 2381 1509 2411 rogamus
1523 2373 1649 2409 quatinus
1663 2373 1776 2403 interim
1790 2373 1827 2403 ita
1841 2373 1955 2405 viriliter
1967 2384 2020 2406 vos
2036 2374 2172 2416 habeatis,
2195 2376 2274 2416 quod

1219 2412 1342 2451 probitas
1355 2412 1389 2442 &
1403 2410 1559 2441 sollicitudo
1573 2410 1664 2441 vestra
1677 2421 1692 2441 a
1708 2411 1776 2442 Deo
1798 2412 1832 2442 &
1854 2412 2018 2443 hominibus
2036 2415 2140 2445 merito
2158 2414 2278 2446 debeant

1220 2449 1429 2495 commendari:
1450 2459 1501 2487 pro
1520 2448 2052 2527 gessfflssffiffefiigffiilntssgnffibis
2063 2452 2223 2484 succursum
2236 2453 2278 2484 fa-

1221 2486 1506 2570 eleffiusdiaffilsoccliulbrd)
1523 2497 1560 2555 dfe
1584 2525 1724 2569 praedietis
1736 2526 1771 2556 N
1773 2528 1861 2556 unciis
1874 2526 1970 2557 vestris
1985 2513 2106 2560 multum
2120 2539 2171 2560 vos
2186 2528 2278 2559 lauda-

1221 2566 1335 2603 damus,
1354 2575 1418 2603 quia
1436 2563 1568 2594 decenter
1587 2565 1621 2595 &
1641 2563 1758 2596 discrete
1778 2564 1909 2595 nostrum
1929 2566 1964 2597 &
1986 2565 2112 2597 vestrum
2131 2568 2279 2607 negotium

1223 2605 1305 2635 nobis
1318 2603 1529 2642 proposuerunt.
2278 2610 2281 2613 ’

1257 2679 1348 2712 Teste
1362 2678 1470 2717 meipso
1483 2677 1557 2717 apud
1572 2678 1708 2711 Stretton.
1727 2678 1863 2711 vicesimo
1876 2681 1971 2718 primo
1983 2681 2028 2712 die
2039 2681 2219 2720 Septembris.
2243 2701 2247 2703 μ

1240 2798 1245 2803 .
1261 2756 1377 2828 l13301dem
1390 2755 1482 2788 modo
1493 2755 1620 2788 scribitur
1627 2755 1770 2795 Johannae
1781 2755 1941 2788 Comitissae
1954 2757 2064 2789 Flandr.
2078 2759 2113 2790 δε
2125 2758 2166 2791 R.
2180 2758 2285 2790 Comi-³

1226 2806 1248 2828 ti
1284 2806 1362 2828 oon.

1343 2920 1505 2967 Refignatio
1521 2917 1676 2966 Johannis
1698 2921 1784 2967 Regis
1792 2920 1883 2965 fasta
1897 2922 2064 2954 Innocentio
2078 2924 2169 2968 Papae.

1265 3005 1416 3043 Ohannes,
1435 3003 1493 3049 Dei
1507 3005 1593 3041 gratia
1600 3027 1619 3049 ,Ι
1628 3004 1696 3049 Rex⁸
1716 3004 1845 3041 Angliae,
1864 3005 2009 3035 Dominus
2031 3005 2200 3045 Hiberniae,
2218 3005 2288 3050 Dux
2307 3028 2380 3060 Anu·
2392 3027 2424 3057 D

1275 3044 1467 3075 Normanmae
1489 3043 1522 3074 &
1544 3043 1739 3080 Aquitannoe‚
1757 3044 1791 3074 &
1813 3042 1921 3073 Comes
1944 3043 2169 3083 Andegavenfis,
2192 3054 2288 3075 omni·
2353 3077 2366 3089 ἢ
2426 3053 2433 3059 ·

1230 3084 1283 3152 Rgs
1304 3081 1411 3113 Christi
1432 3081 1558 3112 fidelibus
1580 3081 1654 3112 hanc
1676 3080 1792 3111 Cariam
1802 3080 1981 3120 inspecturis,
1998 3082 2112 3113 salutem
2132 3084 2162 3114 in
2181 3082 2289 3114 Domi-
2305 3075 2418 3140 AJJ‘ff:

1268 3157 1455 3191 Univerfitati
1474 3156 1574 3189 vestrae
1616 3167 1645 3188 er
1666 3156 1832 3195 praesentem
1854 3156 1970 3189 Cartam
1991 3159 2072 3190 aurea
2090 3159 2165 3190 bulla
2192 3158 2288 3190 nostra
2304 3143 2391 3208 {7⁰2⁶

1233 3199 1389 3234 munitam,
1408 3196 1537 3227 volumus
1551 3205 1566 3226 e
1592 3206 1607 3225 e
1618 3204 1720 3226 notum
1735 3195 1812 3233 quod
1826 3206 1895 3226 cum
1910 3196 2023 3236 Deum,
2041 3198 2075 3228 &
2091 3206 2210 3228 matrem
2222 3206 2288 3226 nos-
2305 3193 2339 3246 ᾖ
2354 3218 2383 3245 th

1233 3246 1305 3268 tram
1321 3236 1442 3266 sanctam
1456 3234 1612 3264 Ecclesiam
1626 3233 1831 3264 offenderimus
1844 3235 1874 3265 in
1888 3236 1998 3273 multis,
2017 3236 2050 3266 ὃς
2063 3235 2181 3276 proinde
2195 3234 2288 3277 divina
2304 3229 2394 3285 0¹2⁰AE

1233 3273 1420 3305 misericordia
1433 3272 1584 3310 plurimum
1597 3272 1724 3309 indigere
1738 3272 1960 3312 noscamur,nec
1975 3274 2126 3311 quicquam
2137 3272 2215 3315 quod
2224 3271 2253 3301 di
2273 3290 2286 3295 -
2304 3267 2370 3322 Nora
2397 3277 2405 3283 ”
2440 3290 2442 3293 v

1235 3323 1272 3344 ne
1297 3312 1401 3343 offerre
1425 3310 1558 3348 poffimus
1588 3320 1641 3348 pro
1666 3310 1849 3341 satisfactione
1869 3311 1938 3341 Deo
1956 3312 1989 3342 &
2010 3311 2143 3341 Eccleliae
2164 3310 2254 3340 facien
2275 3309 2291 3341 ἓ.
2304 3306 2341 3362 C‘
2357 3316 2378 3359 Ζ·

1234 3350 1329 3382 debita
1340 3350 1391 3380 nisi
1403 3359 1455 3379 nos
1471 3348 1543 3386 ipsos
1554 3349 1719 3389 habeamus,
1737 3349 1770 3379 &
1785 3349 1889 3386 Regna
1902 3349 2012 3386 nostra,
2331 3355 2337 3360 ·
2377 3351 2384 3357 “

1273 3389 1411 3420 Volentes
1430 3397 1483 3417 nos
1501 3387 1572 3425 ipsos
1591 3387 1736 3417 humiliare
1750 3397 1802 3425 pro
1818 3388 1882 3425 illo,
1902 3388 1948 3425 qui
1963 3387 1989 3417 se
2002 3396 2054 3424 pro
2066 3386 2149 3416 nobis
2161 3385 2292 3416 humilia-

1237 3429 1278 3460 vit
1291 3427 1377 3465 usque
1391 3425 1425 3456 ad
1439 3435 1579 3463 mortem,
1597 3425 1680 3465 gratia
1694 3425 1713 3456 S
1735 3424 1812 3455 iritsis
1824 3425 1919 3455 Sanen
1934 3425 2095 3462 inspirante,
2113 3434 2173 3455 non
2196 3426 2226 3456 vi
2245 3426 2290 3455 in-

1236 3466 1332 3503 ducti,
1349 3474 1402 3495 nec
1423 3464 1526 3494 timore
1546 3464 1640 3494 coacti
1674 3464 1700 3494 se
1741 3462 1834 3494 nostra
1855 3462 1932 3492 bona
1943 3462 2150 3500 spontaneaque
2163 3462 2293 3494 volunta-⁴

1237 3513 1283 3543 te,
1299 3514 1332 3534 ac
1351 3503 1502 3533 communi
1517 3502 1636 3532 consilio
1647 3488 1793 3533 ²Barorium
1806 3500 1968 3542 nostrorum
1982 3499 2130 3530 offerimus
2164 3501 2198 3531 &
2219 3501 2290 3531 libe-

1237 3553 1267 3572 re
1288 3541 1471 3572 concedimus
1491 3540 1576 3578 Deo,
1593 3541 1627 3571 &
1647 3540 1744 3571 sancitis
1761 3538 1905 3575 Apostolis
1918 3539 1974 3575 ejus
1988 3537 2073 3582 Petro
2087 3538 2120 3569 ὃς
2134 3524 2239 3578 banio,
2256 3541 2291 3571 δε

1238 3581 1348 3611 Sanetae
1361 3579 1504 3609 Romanae
1516 3578 1651 3610 Ecclesiae
1665 3577 1755 3608 Matri
1767 3575 1869 3606 nostrae
1877 3599 1886 3613 ,
1898 3585 1930 3605 ac
1946 3575 2079 3606 Domino
2093 3576 2194 3607 nostro
2205 3576 2291 3616 Papae

1238 3618 1408 3649 Innocentio
1420 3618 1519 3655 tertio,
1535 3617 1646 3654 e‘usque
1660 3614 1803 3645 catholicis
1815 3613 2016 3644 successoribus
2038 3622 2131 3644 totum
2153 3615 2293 3655 Regnum

1238 3657 1366 3696 AngHae,
1384 3657 1418 3687 &
1438 3663 1531 3687 totum
1549 3627 1687 3691 'Regnum
1706 3652 1870 3694 Hiberniae,
1888 3661 1957 3682 cum
1975 3653 2057 3682 omni
2082 3652 2139 3682 'ure
2160 3663 2193 3684 ac
2206 3656 2293 3692 perti-

1238 3696 1338 3726 nentiis
1351 3695 1420 3733 suis,
1438 3703 1491 3731 pro
1505 3692 1665 3722 remiffionc
1678 3699 1809 3720 omnium
1822 3697 2005 3727 peccatorum
2021 3700 2061 3720 no
2087 3700 2185 3722 rorum
2197 3693 2231 3724 &
2247 3701 2292 3723 toa

1238 3735 1290 3765 tius
1306 3734 1414 3773 generis
1428 3730 1532 3768 nostri,
1551 3731 1608 3759 tarn
1622 3738 1674 3766 pro
1687 3728 1757 3758 vivis
1794 3728 1879 3765 quam
1894 3739 1946 3766 pro
1961 3727 2109 3759 defunctis.

1275 3771 1314 3802 Et
1348 3769 1455 3801 amodo
1470 3768 1513 3798 illa
1527 3778 1543 3796 a
1558 3767 1643 3803 Deo,
1661 3766 1694 3796 ὃ(
1707 3765 1743 3795 ab
1764 3749 1887 3796 Ecclefia
1910 3766 2041 3796 Romana
2076 3775 2208 3806 tanquam
2229 3768 2292 3799 feo-

1239 3796 1344 3847 darius',
1361 3810 1418 3838 reci
1440 3808 1523 3836 ientes
1537 3806 1570 3836 &
1584 3812 1726 3840 tenenteS,
1743 3804 1752 3833 i
1788 3804 1929 3847 praesentia
1946 3814 2048 3834 venera
2070 3805 2110 3835 ilis
2130 3808 2209 3844 patris
2228 3817 2294 3837 nos-

1240 3849 1276 3879 tri
1293 3818 1564 3877 Dominilxricholai
1576 3841 1728 3872 Tusculani
1745 3841 1895 3879 Episcopi,
1914 3842 1941 3872 A
1962 3841 2089 3874 ostolicae
2105 3843 2182 3875 Sedis
2204 3844 2293 3883 Lega-

1242 3886 1264 3917 ti
1300 3886 1333 3916 &
1345 3882 1502 3920 Pandulphi
1516 3880 1638 3911 Domini
1651 3875 1691 3909 Pa
1712 3889 1737 3910 ae
1749 3879 1921 3910 subdiaconi
1994 3881 2143 3912 Familiaris
2153 3906 2162 3921 ,
2180 3882 2294 3912 fidelita-

1242 3910 1302 3954 tefn
1314 3921 1412 3953 exinde
1425 3920 1558 3951 Domino
1571 3916 1669 3948 nostro
1682 3890 1767 3955 lgapae
1780 3917 1949 3949 Innocentio
1960 3917 2071 3957 e'usque
2084 3920 2226 3951 catholicis
2234 3921 2296 3949 suc-

1244 3960 1413 3997 cessoribus,
1429 3968 1463 3988 ac
1474 3955 1608 3987 Ecclesiae
1623 3955 1782 3994 Romanae,
1798 3956 1953 3987 secundum
1976 3957 2146 3996 ubscriptam
2161 3958 2296 3996 formam,

1246 4000 1364 4030 fecimus
1376 3998 1410 4028 &
1417 3995 1579 4034 juravimus.

1546 4033 1550 4037 '
1611 4031 1728 4103 upum,
1745 4041 1798 4070 pro
1830 4032 1951 4063 raedieiis
1965 4032 2074 4073 Regnis
2086 4033 2156 4064 Deo
2171 4034 2204 4064 ει
2227 4032 2298 4063 san-

1284 4037 1323 4067 Et
1335 4035 1503 4070 homagium
1515 4040 1599 4063 etiam
2226 4072 2229 4075 Ι

1247 4075 1300 4107 <Itis
1314 4071 1458 4112 Apostolis
1473 4069 1560 4102 Petro
1579 4070 1613 4103 &
1656 4070 1794 4139 aulo‚H&
1840 4071 1946 4104 cclesiae
1967 4071 2127 4109 Romanae,
2152 4071 2186 4102 &
2205 4070 2302 4138 eidggi
