2570 4261
30 195 110 229 Ἁῃῃ,
126 193 168 224 D.

55 233 143 263 1262.

32 276 96 302 ΗΜ
112 282 138 309 3·
217 284 265 316 De
281 284 358 328 Rege
371 290 424 326 per
440 281 546 312 Partes
564 272 740 322 Burgundiae
755 274 862 305 varias
884 273 921 309 ὠ·
944 279 1074 303 remotas
1085 270 1220 315 peregri-

656 331 775 354 nutu‘so.

34 430 76 455 A„
121 424 140 453 6
186 416 243 477 A
253 411 413 445 Miciffimo
426 410 475 441 suo
490 408 640 446 Domino,
657 406 710 437 W.
726 405 761 437 de
777 405 915 443 Menon,
931 400 1056 436 Domini
1072 402 1160 441 Regis
1176 400 1255 431 Can-

33 470 69 492 H.
81 435 118 501 ’ξ
144 447 150 452 '
252 452 378 488 cellario,
394 449 454 480 suus
465 448 492 487 J.
507 446 645 478 Maunsell
657 445 853 477 Thessurarius
870 444 1003 475 Eborum
1018 443 1149 480 fiilutem,
1168 449 1255 479 quam

126 512 133 522 Ι
153 517 164 522 -
210 492 246 521 bi.
1251 508 1253 510 .

34 507 75 569 ξεῖ
91 507 150 569 Erga
188 493 208 522 fi
224 529 303 560 Sicut
317 525 408 567 pridie
419 525 502 556 vobis
514 523 686 562 scripsimus,
705 521 784 554 causa
795 520 938 552 cu‘usdam
953 519 1121 561 infirmitatis
1134 516 1257 554 nostrae,

34 564 82 606 m:
102 586 166 605 tem·
187 567 349 598 divertimus
369 575 421 594 nos
437 564 473 594 de
493 562 574 593 Paris.
597 562 746 603 dirigentes
784 571 811 591 re
834 570 866 590 us
881 558 992 602 nostros
1013 557 1144 600 paulatim
1166 554 1258 585 versus

33 625 88 655 pore
97 621 130 644 H.
144 625 166 641 w.
187 615 274 644 partes
287 603 416 643 Angliae3
437 603 501 641 quia
513 612 583 633 vero
596 601 761 641 quibusdam
791 597 981 640 ‘lercatoribus
992 595 1028 626 de
1041 593 1258 638 pambusan-

142 637 154 653 ³
188 646 257 682 ciae,
277 643 473 673 Creditoribus
487 640 606 678 nostris,
622 650 693 678 quos
712 638 862 669 nobiscum
882 636 1259 680 duximusnoportuitstnos

187 684 279 714 modis
298 682 434 711 omnibus
449 680 600 710 satisfacere
622 679 658 709 de
673 676 775 716 magna
795 676 925 714 pecunia:
947 673 1081 716 summa,
1108 681 1134 715 in
1153 680 1260 715 quaeis

187 723 351 753 tenebamur
364 743 374 758 ‚
399 719 602 750 declinavimus
620 717 654 748 ad
671 725 759 758 partes
773 714 912 745 Flandriae
926 720 958 743 ut
972 721 1010 741 eis
1030 712 1070 741 ibi
1084 709 1200 740 satisfieri
1216 709 1259 740 fa-

187 769 323 792 ceremus.

227 799 372 830 Dominus
385 805 477 827 autem
493 794 559 825 Rex
571 817 580 833 ,
603 794 668 825 licet
684 792 777 824 adhuc
790 790 890 822 debilis
905 813 916 828 ,
941 789 1048 828 semper
1064 787 1215 832 perseverat
1230 788 1260 817 in

190 838 306 878 pristino
321 836 464 876 proposito
479 835 544 871 su0,
560 833 692 864 videlicet
707 840 737 862 ut
751 829 985 871 peregrinationes
1001 828 1058 871 suas
1071 826 1194 868 perficiat
1210 836 1260 866 per

191 885 279 916 partes
300 874 469 914 Burguiidiae
487 874 572 902 varias
593 872 626 902 δε
647 879 766 902 remotas
782 893 792 908 ,
812 869 889 909 quod
907 867 964 897 sine
986 866 1073 896 dubio
1090 867 1199 907 penitus
1218 864 1260 895 est

191 924 289 946 contra
302 914 449 945 consilium
462 912 603 942 nostrum:
877 945 883 951 .

226 954 295 985 Nos
310 954 403 991 enim,
419 951 489 982 dum
504 959 592 990 prope
606 949 697 987 ipsum
720 947 825 977 fuimus
840 968 849 984 ‚
876 943 977 975 instare
997 953 1057 974 non
1075 941 1211 973 cessamus
1229 949 1260 972 ut

191 993 282 1023 versus
296 1001 397 1023 terram
419 991 494 1021 suam
511 989 557 1018 An
579 988 624 1018 liae
644 987 758 1017 deberet
771 985 890 1024 dirigere
905 982 1007 1026 grelsus
1022 982 1083 1012 suos
1097 1005 1107 1020 ,
1133 981 1166 1012 &
1180 980 1260 1019 post-

191 1033 329 1070 modum,
349 1040 397 1070 pcr
409 1029 498 1060 literas
509 1038 550 1058 no
589 1037 634 1066 as,
651 1026 702 1056 sibi
713 1025 873 1063 frequenter
886 1022 1031 1061 sualimuS,
1049 1022 1082 1052 &
1094 1020 1186 1051 adhuc
1199 1020 1260 1050 sua-

190 1071 320 1101 debimus
333 1069 402 1099 illud
417 1067 500 1098 idem.
1126 1099 1132 1104 ,

228 1109 287 1147 Ipse
302 1118 397 1140 tamen
411 1117 470 1137 non
485 1104 651 1146 adquiescit,
669 1102 707 1132 set
720 1110 790 1140 nos,
808 1111 858 1140 per
875 1100 963 1130 literas
982 1099 1015 1130 &
1030 1097 1165 1129 Nuncios
1181 1097 1260 1143 suos,

190 1147 336 1179 sollicitare
351 1157 411 1178 non
427 1145 514 1176 cessat
529 1152 560 1174 ut
572 1143 606 1175 ad
625 1142 734 1182 ipsum,
753 1142 808 1178 jam
829 1141 906 1170 circa
955 1146 1008 1168 rtes
1027 1137 1150 1167 Remen.
1164 1145 1195 1167 ut
1216 1146 1261 1166 in-

191 1187 342 1217 telleximus
356 1209 365 1223 ,
388 1184 568 1221 existentem,
586 1181 678 1213 modis
693 1180 826 1209 omnibus
847 1188 897 1209 acc
935 1187 981 1208 ere
996 1176 1160 1215 debeamus,
1180 1185 1261 1206 reve-

191 1235 220 1256 ra
237 1226 311 1264 quasi
325 1226 396 1256 solus
410 1223 466 1260 est,
483 1223 517 1253 ὅ(
533 1223 679 1252 neminem
693 1218 730 1249 de
742 1227 814 1249 terra
826 1217 872 1248 sua
886 1216 981 1247 secum
993 1215 1086 1246 habet.

228 1263 347 1305 Propter
359 1262 437 1301 quod
452 1260 594 1300 oportebit
605 1269 674 1297 nos,
693 1258 839 1296 quamcito
846 1256 924 1286 Deus
937 1254 1080 1285 sanitatem
1093 1254 1174 1283 nobis
1188 1263 1260 1296 prae-

192 1302 306 1341 stiterit,
325 1302 427 1343 gressus
441 1299 567 1336 nostros,
587 1308 647 1329 non
662 1297 718 1327 fine
730 1296 906 1333 discrimine,
924 1294 1044 1332 dirigere
1057 1292 1148 1323 versus
1159 1294 1257 1330 iplum.

230 1341 355 1372 Petimus
369 1348 461 1370 autem
481 1347 613 1377 quatenus
629 1334 733 1366 statum
748 1335 782 1365 &
802 1334 1010 1373 beneplacitum
1030 1331 1155 1362 vestrum
1169 1354 1179 1370 ,
1203 1341 1258 1361 una

192 1390 262 1411 cum
277 1380 348 1410 statu
362 1378 473 1417 Regni,
489 1379 522 1408 &
536 1377 607 1413 aliis,
627 1375 647 1405 fi
668 1383 733 1413 quae
747 1373 880 1404 relatione
894 1372 978 1411 digna
992 1371 1110 1409 fuerint,
1126 1371 1159 1402 &
1175 1370 1258 1400 nobis

193 1420 281 1450 velitis
293 1418 441 1449 rescribere
455 1425 587 1456 tanquam
601 1412 703 1445 vestro.

192 1547 241 1579 De
264 1546 421 1578 Sententiis
448 1541 778 1575 Excommunicasianis
802 1541 833 1569 in
855 1536 993 1583 persanat
1016 1538 1144 1569 Domini
1168 1539 1257 1583 Regis

238 1597 275 1632 &
300 1595 413 1639 Reginae
428 1618 438 1634 ,
471 1600 526 1623 aut
548 1587 698 1621 interdifli
715 1591 746 1620 in
765 1586 916 1632 Capellam
934 1611 944 1628 ,
976 1587 1088 1618 Terras
1101 1613 1111 1628 ‚
1137 1587 1259 1618 Civita-

239 1653 282 1676 tes
301 1669 310 1685 ‚
344 1638 449 1684 Castra
470 1642 507 1677 cb*
528 1640 679 1672 Maneria
694 1636 756 1681 fita
783 1647 839 1666 non
861 1633 1088 1680 promulgandis
1103 1661 1113 1675 ,
1148 1631 1258 1680 absque

239 1689 382 1724 mandato
390 1688 516 1736 speciali
533 1685 617 1720 Sedis
635 1682 800 1732 Apistolicae
816 1710 826 1726 ‚
859 1681 903 1716 ad
917 1693 1033 1729 tempus
1051 1683 1257 1729 quinquennii.

49 1787 124 1818 Anti.
137 1785 177 1817 D.

114 1826 132 1855 6
195 1777 389 1846 Uffibmus
403 1773 557 1813 Episcopus
566 1796 575 1811 ,
592 1771 682 1803 servus
694 1771 837 1801 servorum
850 1767 927 1807 Dei,
942 1768 1085 1799 cariffimo
1099 1768 1128 1798 in
1139 1766 1258 1798 ChrIsto

76 1835 111 1855 12
134 1835 163 1855 2.

304 1818 332 1846 io
462 1813 538 1851 Regi
549 1812 661 1852 Angliae
674 1809 770 1841 illustri
789 1809 903 1839 salutem
925 1808 958 1838 &
973 1806 1158 1846 apostolicam
1174 1807 1260 1836 bene-

48 1868 156 1940 27'356'
197 1856 506 1924 dleltiizrliig‘Serenitatis
518 1898 574 1920 tuae
589 1889 704 1920 devotio
725 1894 903 1931 promeretur
916 1893 965 1923 ut,
982 1884 1062 1929 quod
1075 1886 1090 1915 a
1106 1885 1189 1916 nobis
1201 1883 1264 1924 dig-

50 1946 90 1969 Ex
106 1944 163 1969 Au-
201 1934 239 1964 ne
295 1932 389 1970 stulas,
406 1930 439 1961 ad
451 1928 632 1960 exauditionis
649 1927 763 1967 gratiam
778 1925 924 1956 liberaliter
937 1924 1124 1955 admittamus.

49 1988 115 2017 mgr,
271 1973 309 2001 uis
321 1972 411 2011 itaque
423 1967 667 2009 supplicationibus
681 1965 822 2001 inclinati,
838 1964 1000 1994 auetoritate
1015 1963 1066 1993 tibi
1086 1961 1264 2001 praesentium

200 2010 376 2050 indulgemus
391 2032 400 2047 ,
424 2017 455 2038 ut
475 2007 566 2038 nullus
581 2005 718 2045 delegatus
733 2027 742 2042 ,
767 2003 813 2034 vel
833 2001 1020 2046 subdelegatus
1069 2009 1202 2044 executor
1219 2008 1265 2030 aut

199 2051 284 2080 etiam
298 2048 492 2085 conservator,
508 2046 671 2076 auctoritate
685 2044 836 2074 litterarum
857 2040 934 2072 Sedis
949 2026 1146 2084 Apostolum,
1164 2039 1210 2069 seu
1225 2039 1265 2070 le-

219 2097 330 2119 atorum
348 2086 429 2126 ipfius
444 2107 454 2123 ‚
477 2087 506 2115 in
521 2093 549 2115 te
564 2107 574 2122 ‚
600 2084 634 2114 &
649 2081 816 2113 carissimam
837 2081 868 2110 in
884 2077 1002 2110 Christo
1023 2078 1107 2108 filiam
1119 2077 1266 2122 nostram,

199 2096 344 2166 {Reginam
364 2124 475 2165 Angliae
495 2121 632 2154 illustrem
645 2144 655 2160 ,
679 2129 796 2152 uxorem
816 2128 894 2150 tuam
908 2141 918 2157 ,
944 2125 1264 2161 excommmuoetionisz,

202 2166 247 2196 vel
261 2164 423 2203 Capellam,
440 2163 558 2200 Terras,
573 2160 722 2197 Civitates,
741 2157 856 2201 Castra,¹
871 2158 904 2187 &
921 2155 1050 2186 Manena
1063 2165 1111 2200 tua
1123 2155 1264 2199 interdieti

202 2203 346 2235 sententias
360 2201 536 2242 promulgare
551 2199 656 2237 vaje-at,
671 2198 772 2237 absque
786 2195 895 2266 speciali
909 2194 1040 2238 mandato
1051 2194 1118 2225 sedis
1131 2194 1269 2238 ejusdem,

205 2242 317 2280 plenam
338 2242 371 2272 &
394 2239 544 2280 expreliam
564 2238 683 2268 faciente
701 2237 738 2267 de
761 2237 790 2266 in
811 2236 872 2266 ulto
892 2233 1050 2272 hujusmodi
1073 2241 1268 2272 mentionem,

204 2280 382 2319 praesentibus
397 2278 460 2317 post
474 2277 698 2316 quinquennium
712 2275 832 2305 minime
848 2273 976 2303 valituris.

245 2319 329 2349 Nulli
342 2327 410 2357 ergo
428 2317 549 2347 omnino
569 2315 717 2345 hominum
735 2314 815 2344 liceat
835 2311 908 2342 hanc
928 2311 1058 2351 paginam
1077 2310 1180 2341 nostrae
1197 2320 1269 2342 coii-

206 2357 334 2390 cessionis
349 2357 516 2394 infringere,
533 2355 577 2384 vel
591 2355 617 2384 ei
631 2353 694 2384 ausu
708 2353 854 2383 temerario
870 2352 1025 2385 contraire3

246 2396 277 2426 Si
291 2398 350 2435 quis
362 2404 455 2426 autern
471 2393 527 2423 hoc
541 2401 704 2430 attemptare
718 2388 932 2429 praesumpserit,
941 2388 1164 2423 indignationem
1178 2388 1274 2418 omni-

210 2436 331 2475 potentis
343 2434 423 2471 Dei,
446 2433 479 2464 &
493 2433 638 2462 beatorum
658 2430 733 2461 Petri
753 2431 786 2461 δε
807 2428 908 2466 Pauli,
932 2426 1138 2469 Apostolorum
1158 2428 1232 2466 ejus,
1247 2426 1273 2457 se

207 2475 318 2504 noverit
331 2473 514 2504 incursurum.

244 2551 311 2582 Dat.
325 2550 398 2590 apud
410 2549 527 2580 Urbem
545 2556 689 2586 veterem,
707 2555 723 2585 7
739 2545 780 2577 Id.
800 2544 965 2576 Novembr.
982 2542 1166 2574 Pontificatfis
1183 2542 1273 2574 nostri

206 2601 281 2621 anno
293 2589 425 2621 secundo.

711 2660 838 2691 Plumbeo
852 2659 944 2698 Sigillo
960 2671 978 2689 a
986 2657 1047 2701 filis
1056 2657 1147 2698 sericis

741 2700 822 2739 flavi
837 2700 961 2739 rubeique
977 2697 1077 2727 coloris.

67 2850 83 2868 ο
94 2852 116 2879 Ῑ,
133 2859 166 2886 75
172 2859 196 2886 3,
272 2837 298 2863 ἓξ
320 2841 439 2872 Littera
457 2838 602 2882 Hzguino
622 2836 695 2880 Regi
720 2835 885 2878 Nor-megiae
902 2830 939 2863 de
958 2832 1084 2877 Negotia
1101 2833 1213 2864 Scotiae.

158 2952 188 2983 D
217 2933 287 2995 H
298 2931 426 2968 linricus,
448 2933 505 2963 Dei
519 2930 604 2971 gratii
617 2954 626 2969 ,
650 2929 717 2960 Rex
734 2928 847 2970 Anglire
861 2951 870 2965 ,
895 2927 1041 2958 Dominus
1054 2925 1218 2970 Hibemiae,
1236 2925 1276 2956 E-

67 2954 160 3023 Agl&
193 2977 198 2981 '
259 2991 262 2993 -
299 2973 394 3010 gregio
409 2971 533 3015 Principi
548 2969 590 3000 H.
604 2969 701 2999 eadem
716 2969 815 3011 gratia,
835 2967 911 3006 Regi
924 2967 1095 3005 Norwegiae
1107 2964 1220 3002 illustri,
1237 2964 1278 2995 sa-

67 3036 120 3060 An.
134 3016 171 3068 4}
216 3009 487 3078 lutfirirssgmesscvfgikileais
497 3010 613 3087 adniiiireci
626 3008 889 3076 {igssissstLl-{nsmiisss
936 3044 1058 3083 benigne
1077 3043 1232 3084 recepimus
1248 3051 1278 3074 ut

68 3077 101 3118 ῙῨ·
123 3081 148 3107 3*
218 3086 352 3124 decebat,
369 3096 403 3116 ex
425 3071 540 3126 quariim
559 3095 658 3116 tenore
679 3083 873 3123 perpendimus
891 3067 967 3121 quod
988 3082 1087 3112 vestrae
1107 3092 1165 3112 non
1187 3082 1278 3113 extitit

68 3110 188 3183 §gg-s
217 3125 367 3155 voluntatis
379 3126 538 3193 &teil-{itumS
547 3124 649 3154 ducere
657 3133 691 3190 sl?
708 3122 982 3191 Regpkumficoitiaeg
1001 3121 1046 3153 vel
1061 3121 1179 3160 aliquam
1188 3130 1278 3189 1gJuer-

69 3158 203 3213 Z‘J'm*
218 3174 277 3194 ram
291 3174 408 3194 movere
461 3165 504 3202 egi
541 3163 625 3192 corii:
641 3173 654 3191 a
689 3162 717 3191 ni
730 3172 769 3191 no
795 3172 827 3191 ro
854 3162 909 3190 *arii
925 3170 1003 3198 ini03
1023 3170 1075 3190 nec
1091 3161 1174 3190 etiarn
1226 3169 1279 3189 un-

100 3207 104 3211 .
118 3208 139 3220 Ὗ.

111 3220 122 3230 s
179 3208 184 3213 ·
218 3204 253 3233 cii
269 3202 388 3239 ejusdem
403 3202 504 3239 Recis,
523 3203 550 3231 in
565 3210 635 3230 terra
647 3200 735 3230 vestra
757 3199 862 3230 arestati
875 3223 885 3236 ,
911 3207 1008 3230 contra
1022 3198 1196 3229 honestatem
1216 3198 1278 3228 Re-

75 3227 201 3253 ¹''⁷¹S⁶‘'⁴'¹·
217 3242 290 3280 giam
305 3227 552 3278 traetatifussrunt,
571 3239 637 3269 sicut
651 3248 682 3268 ex
697 3239 773 3277 gravi
787 3238 896 3276 querela
917 3237 1093 3277 quorundam
1114 3238 1196 3267 nobis
1209 3238 1280 3267 exti-

217 3281 249 3309 tit
264 3279 370 3318 plenius
384 3280 562 3317 intimatum,
580 3278 657 3317 super
671 3287 728 3316 quo
743 3276 980 3307 mansuetudinem
989 3276 1110 3316 Regiam
1124 3276 1278 3313 plurimum

217 3318 460 3348 commendamus.

254 3356 302 3386 De
315 3367 351 3387 eo
367 3358 451 3387 etiam
467 3355 544 3395 quod
558 3354 669 3385 eosdem
685 3353 821 3384 Nuncios
832 3376 842 3391 ,
864 3354 897 3384 ad
913 3364 1007 3394 preces
1026 3353 1105 3393 ipsius
1126 3352 1230 3392 Regis,
1249 3352 1282 3391 li-

221 3394 307 3425 berari
321 3395 424 3426 fecistis
439 3395 584 3425 liberaliter
598 3394 630 3424 &
646 3393 782 3431 benigne,
802 3392 872 3422 sicut
893 3393 920 3422 in
933 3393 1073 3437 praedietis
1088 3392 1168 3422 literis
1184 3391 1282 3422 vestris

220 3434 414 3472 perpendimus
425 3433 578 3471 contineri,
596 3432 740 3462 Serenitati
755 3429 855 3461 vestrae
870 3439 1019 3471 gratiarum
1035 3431 1178 3461 referimus
1192 3430 1283 3461 actio—

223 3480 278 3500 nes.

260 3508 295 3538 Et
311 3511 372 3547 quia
386 3510 536 3547 nollemus,
554 3509 624 3540 sicut
642 3518 695 3539 nec
711 3507 822 3538 deceret
837 3531 848 3546 ,
869 3508 990 3546 aliquam
1005 3507 1177 3539 dissensionis
1192 3516 1282 3538 mate-

223 3547 291 3589 riam
305 3548 373 3578 inter
386 3559 437 3579 vos
471 3549 504 3579 &
522 3547 672 3589 praefatum
690 3547 801 3585 Regem
817 3546 933 3577 suboriri
948 3569 958 3585 ,
983 3547 1027 3577 sed
1049 3547 1141 3584 potius
1160 3546 1282 3585 pristinae

225 3584 380 3616 dileffionis
393 3571 512 3624 foedera,
530 3589 603 3617 inter
619 3585 815 3625 Progenitores
826 3585 933 3616 vestros
949 3609 959 3624 ,
984 3586 1017 3616 &
1032 3586 1092 3615 suos
1105 3585 1215 3616 dudum
1231 3585 1284 3615 ini-

227 3632 272 3664 ta,
288 3622 322 3652 ad
335 3624 471 3666 honorem
488 3625 566 3664 Dei,
587 3635 700 3655 necnon
719 3625 752 3655 &
769 3624 907 3662 utriusque
922 3623 1017 3664 Regni
1038 3623 1228 3654 commodum
1247 3623 1281 3654 &

225 3669 367 3700 quietem,
385 3672 412 3691 in
467 3662 566 3694 sterum
582 3663 696 3694 feliciter
711 3663 882 3700 continuari,

266 3697 416 3729 Praefatum
466 3711 547 3743 egem
568 3702 674 3732 Scotiae
693 3702 852 3740 rogabimus
867 3724 876 3739 ‚
897 3701 931 3732 ὃς
953 3700 1099 3740 diligenter
1118 3699 1284 3730 inducemus

230 3735 323 3779 quod,
341 3737 417 3780 siper
430 3739 533 3775 ipsum,
553 3740 598 3770 vel
609 3740 684 3776 suos,
702 3740 873 3777 dampnum,
888 3740 933 3769 vel
945 3740 1042 3776 injuria
1053 3739 1153 3776 vobis,
1166 3739 1212 3768 vel
1224 3748 1286 3770 ves-

229 3784 277 3817 tris
289 3775 370 3804 suerit
386 3775 472 3819 illata,
486 3779 566 3807 vobis
578 3778 628 3817 ea,
643 3778 697 3817 qui
715 3779 852 3809 convenit
862 3800 872 3815 ,
899 3777 1022 3808 amicitia
1041 3779 1074 3808 δε
1089 3778 1232 3808 vicinitate
1246 3776 1287 3806 fa-

229 3821 283 3843 ciat
296 3812 444 3842 emendari.

268 3851 446 3890 Qapropter
459 3851 629 3884 serenitatem
643 3854 764 3885 vestram
776 3854 928 3894 rogandam
942 3854 1070 3885 duximus
1083 3863 1152 3885 cum
1163 3852 1268 3883 aflectu
1277 3876 1286 3891 ,

231 3899 367 3926 quatenus
378 3898 442 3927 erga
455 3890 602 3934 praefatum,
616 3891 728 3931 Regem
745 3894 779 3923 &
797 3901 910 3932 gentem
926 3893 1001 3923 suam
1021 3902 1079 3924 tam
1100 3892 1238 3923 curialiter
1252 3892 1286 3922 δε

234 3927 361 3957 modeste
375 3937 425 3957 vos
440 3926 540 3956 babere
551 3929 654 3967 velitis,
671 3930 748 3968 quod
769 3939 870 3960 mutuo
891 3931 995 3961 honori
1009 3931 1104 3961 vestro
1119 3931 1287 3966 conveniat,

232 3965 564 4033 ἓξῶᾆῐευωῖρεᾶἰοηειη
581 3965 700 3997 vestram
719 3968 866 4006 pacificam
883 3970 985 4000 merito
1004 3968 1205 4001 commendare
1224 3978 1288 4006 pos-

627 89 1896 149 CONVENTIONE85L1TERAE3

1298 175 1390 221 'Ijeste
1404 178 1512 218 meipso
1529 179 1602 220 apud
1620 181 1710 226 Rem.
1736 189 1770 221 15
1793 181 1840 213 die
1859 180 2067 221 Novembris}
2085 190 2163 214 anno
2185 181 2285 225 Regni
2298 193 2366 218 nos-
2379 178 2456 211 Ann·
2471 179 2516 213 D-

1293 223 1329 245 tri
1340 215 1548 256 quadragefimo
1561 217 1689 259 septimo.
2037 249 2043 258 ,
2397 221 2489 250 '1262-

2383 263 2447 288 Hen.
2467 268 2495 296 3.

1296 346 1344 377 De
1362 346 1540 392 Maritagio
1564 345 1691 380 Alberti
1710 350 1808 381 Ducis
1837 347 2021 394 Brunefivici
2044 360 2114 382 cum
2132 350 2237 395 sbrore
2265 351 2366 384 Mar-

1539 403 1549 412 ‘
1621 394 1732 428 chionis
1747 399 1868 430 Montis
1878 416 1892 423 -
1902 399 2037 431 Ferrati.

1299 477 1518 538 HEmi'cu5‚
1533 477 1596 524 Dei
1608 481 1709 520 gratia,
1727 481 1793 512 Rex
1813 481 1926 522 Angliae
1974 483 2122 514 Dominus
2136 482 2286 517 Hiberniae
2334 485 2368 516 &
2385 473 2462 505 Ann-
2474 475 2516 509 D·

1381 516 1456 561 ΒΨ,
1464 516 1640 556 Aquitaniae,
1656 519 1761 550 Nobili
1776 520 1854 559 viro,
1873 522 1906 552 &
1924 506 2146 560 donsanguineo
2163 521 2214 553 suo
2233 523 2269 554 A.
2287 508 2368 555 Duci
2410 513 2496 545 ¹2⁶2·

1295 554 1458 585 Bruncivici
1472 554 1605 600 salutem,
1624 558 1658 588 &
1671 558 1786 589 sincerae
1796 559 1954 596 diletfftionis
1969 561 2116 591 affeetum.
2385 556 2438 580 An.
2454 563 2502 590 47·

1335 592 1415 623 Cum
1430 604 1537 638 nuper,
1554 604 1585 624 in
1598 595 1757 627 infirmitate
1775 597 1869 629 nostra
1884 598 1967 629 Paris.
1988 599 2134 639 negotium
2149 598 2278 638 foederis,
2296 600 2368 632 inter
2386 595 2420 618 H·
2443 600 2470 628 3·

1296 641 1363 670 vos,
1380 633 1413 663 ὃς
1428 632 1557 662 nobilem
1571 634 1720 665 mulierem
1733 636 1857 667 sororem
1873 637 2052 669 Marchionis
2069 637 2316 676 Montis-Ferme,
2334 639 2368 670 ad
2385 629 2474 667 Claus·

1296 670 1436 715 honorem
1457 672 1582 716 vestrum
1601 673 1749 705 fecerimus
1770 675 1917 715 expediri,
1941 677 2012 708 ficut
2026 686 2074 715 per
2087 676 2223 707 Nuncios
2242 676 2366 716 vestros,
2385 668 2517 704 (μς-(947·

1298 710 1448 740 nobiscum
1464 709 1612 742 existentes
1631 713 1756 751 ibidem,
1773 714 1881 753 plenius
1899 716 1981 746 vobis
2000 714 2217 755 significavimus
2232 725 2239 745 ι
2264 716 2298 747 &
2316 725 2368 747 vos
2385 710 2498 751 H·,3·''¹·

1297 748 1404 778 nostrae
1417 749 1451 780 &
1464 749 1642 793 quorundam
1653 751 1772 782 aliorum
1786 753 1925 784 voluntati
1941 754 2095 794 supponere
2109 754 2235 790 voluistis
2248 754 2284 786 de
2297 754 2350 785 hiis
2358 778 2369 794 ,
2387 745 2518 773 ¹³²²&st

1299 797 1364 824 quae
1378 788 1458 818 vobis
1471 788 1529 833 fieri
1544 788 1678 820 deberent
1688 790 1794 821 ratione
1809 791 1936 829 praediffl
1950 793 2104 833 maritagii,
2122 793 2192 824 sicut
2204 803 2252 834 per
2265 793 2367 825 litteras

1297 825 1399 856 vestras
1418 826 1523 864 plenius
1541 828 1623 857 nobis
1644 829 1783 868 innotuit3

1334 865 1370 909 N
1372 875 1404 895 os
1411 888 1424 909 ,ι
1439 866 1520 896 nacta
1536 866 1772 908 convalescentia,
1792 868 1822 897 in
1834 868 1932 899 animo
1945 869 2122 901 revolventes
2133 869 2211 911 quod
2224 870 2283 901 hoc
2296 871 2371 903 nulla

1298 911 1404 934 ratione
1417 915 1447 934 in
1462 915 1513 934 nos
1528 905 1665 935 assumere
1679 905 1821 946 possemus
1834 929 1845 945 ,
1873 907 1925 937 nisi
1939 909 2046 946 plenius
2067 909 2149 939 nobis
2163 908 2200 940 de
2214 908 2305 941 vestra
2317 920 2371 942 vo-

1297 943 1402 987 luntate
1422 942 1562 974 constaret
1578 967 1587 982 ,
1619 953 1671 988 vos
1691 953 1820 984 rogamus
1838 946 1965 985 quatinus
1992 947 2169 978 voluntatem
2194 947 2318 980 vestram
2341 949 2371 980 in

1298 981 1443 1026 praemissis
1464 983 1547 1012 nobis
1567 991 1685 1022 apertius
1705 993 1738 1013 ex
1760 983 1848 1013 licetis
1861 1007 1870 1022 ,
1897 992 1928 1015 ut
1945 985 2042 1016 omnia
2057 1008 2068 1025 ,
2110 986 2208 1017 raesens
2221 989 2371 1027 negotium

1299 1028 1454 1064 tangentia,
1464 1021 1545 1065 ‘clara
1556 1021 1608 1052 sint
1622 1021 1656 1052 &
1668 1021 1736 1061 liqui
1779 1045 1787 1059 ,
1803 1031 1872 1052 cum
1884 1032 1936 1053 nos
1948 1024 1982 1055 δε
1997 1034 2048 1056 vos
2061 1035 2077 1055 a
2100 1025 2224 1056 'nvicem
2236 1027 2368 1068 contige-

1299 1068 1333 1090 rit
1346 1069 1509 1091 convenire.

1335 1097 1403 1129 Nos
1417 1108 1529 1136 autem,
1547 1099 1581 1130 &
1596 1098 1708 1139 Regina
1720 1098 1816 1130 nostra
1848 1099 1883 1130 &
1897 1099 2032 1139 praedieta
2044 1100 2171 1132 Consors
2190 1102 2295 1141 vestra,
2313 1103 2370 1134 sani

1298 1134 1391 1181 sumus
1405 1139 1438 1168 &
1451 1138 1625 1177 incolumes,
1640 1138 1804 1169 benediCtus
1860 1147 1907 1168 cus
1921 1161 1931 1177 ,
1955 1138 2034 1177 quod
2054 1139 2090 1169 de
2112 1140 2195 1170 vobis
2212 1140 2371 1179 frequenter

1295 1175 1390 1206 audire
1401 1176 1602 1214 defideramus;
1619 1177 1704 1216 parati
1726 1187 1778 1215 pro
1796 1177 1878 1207 vobis
1893 1187 1925 1207 ea
1939 1176 2032 1208 facere
2079 1188 2144 1216 quae
2158 1179 2260 1209 honori
2274 1179 2371 1210 vestro

1296 1217 1458 1258 noverimus
1475 1217 1646 1254 convenire,
1665 1214 1769 1246 statum
1789 1224 1882 1246 autem
1902 1217 1936 1247 &
1949 1200 2160 1257 benepiacitum
2180 1216 2306 1249 vestrum
2318 1228 2372 1249 no-

1295 1253 1337 1283 bis
1351 1253 1448 1294 saepius
1461 1254 1644 1285 demandetis.

1330 1329 1418 1375 Teste
1437 1332 1544 1370 meipso
1567 1331 1641 1370 apud
1660 1331 1810 1376 Wytsand.
1835 1332 1870 1363 18
1892 1332 1938 1364 die
1958 1331 2131 1364 Decembris
2146 1356 2156 1373 ,
2182 1343 2260 1365 anno
2275 1333 2372 1374 Regni

1293 1368 1382 1399 nostri
1397 1370 1606 1410 quadragesimo
1620 1370 1749 1410 septimo.

1293 1502 1320 1530 *τ
1339 1507 1389 1538 De
1410 1507 1489 1552 Rege
1510 1508 1542 1538 in
1567 1506 1717 1553 Angliam
1748 1517 1937 1544 revertente‚·
1961 1511 1999 1545 ὠ·
2030 1507 2067 1540 de
2097 1508 2234 1554 Epiftopi
2256 1508 2370 1542 Wnto-
2387 1505 2406 1524 ³¹²
2422 1506 2489 1542 1·75
2490 1516 2519 1542 4·

1569 1558 1636 1587 nien
1646 1567 1670 1586 ts
1689 1555 1815 1602 ingreffic
1836 1559 1868 1588 in
1886 1556 2016 1600 Ecclesia
2026 1555 2100 1602 fica.

1295 1638 1350 1699 E
1362 1638 1591 1671 Xcellentiffimo
1606 1639 1701 1671 Princi
1722 1641 1731 1671 i
1747 1641 1782 1672 &
1798 1639 1934 1672 Domino
1949 1641 2000 1672 suo
2013 1642 2048 1673 ὃ(
2062 1641 2217 1674 reverendo
2232 1641 2366 1673 Domino
2384 1639 2460 1670 Ann.
2478 1639 2520 1672 D.

1315 1717 1320 1721 ἱ
1361 1677 1401 1708 H.
1419 1678 1476 1723 Dei
1489 1680 1574 1724 grau'a
1588 1678 1686 1710 illustri
1701 1651 1730 1709 R
1770 1681 1775 1685 “
1791 1679 1902 1720 Angiiae
1913 1703 1923 1719 ,
1942 1679 2077 1711 Domino
2090 1679 2240 1712 Hiberniae
2252 1682 2286 1713 &
2302 1681 2368 1712 Du·
2406 1679 2492 1709 1262.

1295 1725 1322 1745 ci
1335 1715 1549 1761 Aequitanniae,
1568 1717 1629 1763 suus
1638 1717 1666 1756 J.
1687 1727 1732 1756 eiu
1743 1718 1809 1749 dem
1823 1719 2016 1758 miseratione,
2034 1718 2249 1759 Wyntoniensis
2265 1718 2370 1751 Eccle-
2386 1721 2437 1746 An.
2452 1727 2501 1753 47·

1295 1753 1341 1821 ξπ
1354 1754 1487 1787 Minister
1502 1757 1632 1796 humilis,
1646 1756 1760 1787 salutem
1782 1757 1817 1789 &
1837 1757 1865 1788 se
1880 1757 1970 1799 ipsum
1991 1766 2060 1789 cum
2073 1759 2156 1789 omni
2170 1758 2322 1790 reverentia
2335 1758 2369 1790 &
2385 1761 2419 1784 H·
2441 1766 2468 1793 3·

1316 1802 1414 1824 onore.
2388 1799 2428 1822 Ex
2451 1799 2521 1822 Bua-

1319 1830 1384 1876 'De
1395 1832 1519 1878 adventu
1539 1833 1634 1864 vestro
1650 1833 1782 1875 prospero
1796 1834 1824 1864 in
1841 1833 1961 1875 Anglia,
1980 1844 2068 1873 quem
2083 1834 2226 1867 sitibundis
2238 1833 2370 1866 affiefflo-
2389 1833 2501 1862 desmi-

1296 1871 1378 1902 nibus
1389 1882 1448 1911 Jam
1461 1872 1572 1904 dudum
1587 1882 1621 1902 ex
1642 1873 1798 1904 e&avimus
1810 1896 1820 1911 ,
1867 1883 1933 1904 rates
1947 1872 2091 1905 Altiffimo
2112 1874 2256 1904 referimus
2270 1874 2374 1918 copio-
2388 1879 2436 1900 ter.
2455 1880 2522 1899 tem·

1298 1908 1352 1948 sas;
1367 1920 1467 1941 verum
1481 1911 1596 1952 Regalis
1640 1911 1790 1943 elsitudinis
1811 1922 1846 1942 ve
1886 1922 1911 1943 ae
1926 1913 2033 1951 literas,
2051 1912 2097 1943 die
2112 1912 2227 1943 Sabbati
2240 1921 2372 1954 proximo
2386 1917 2441 1949 pore
2449 1914 2484 1939 Η.
2496 1919 2523 1946 3.

1298 1957 1362 1979 ante
1376 1949 1483 1980 Natale
1500 1949 1640 1989 Domini,
1659 1950 1760 1992 dieque
1773 1949 1933 1982 Dominica
1952 1952 1982 1982 in
1995 1950 2116 1990 ejusdem
2131 1952 2168 1984 Vi
2190 1951 2235 1982 ilia
2245 1973 2255 1990 ,
2280 1950 2373 1981 diver-

1299 1986 1332 2016 sis
1345 1987 1596 2033 tamen-Nunciis,
1615 1989 1719 2020 eodem
1731 1990 1890 2030 recepimus
1904 1990 1955 2020 sub
1969 1999 2082 2029 tenore,
2103 2000 2161 2029 quo
2195 1989 2299 2020 festum
2307 1987 2374 2020 Na-

1300 2026 1354 2056 tale
1367 2026 1536 2065 praedistum
1552 2028 1702 2059 vobiscum
1720 2028 1924 2060 celebraremus
1943 2027 2079 2060 Cantuar.
2094 2028 2231 2070 vobisque
2250 2028 2286 2060 ad
2299 2037 2377 2059 mare

1299 2063 1385 2103 usque
1400 2065 1526 2097 Dovorr.
1542 2067 1697 2098 occursuri:

1339 2103 1385 2148 Ad
1401 2114 1482 2149 quae,
1501 2113 1559 2135 tam
1574 2115 1628 2150 pro
1642 2105 1701 2149 loci
1714 2105 1843 2136 distantia
1857 2130 1867 2144 ,
1895 2107 1979 2146 quam
1993 2116 2046 2145 pro
2067 2105 2203 2143 temporis
2221 2105 2358 2136 brevitate
2368 2128 2378 2143 ,

1302 2152 1354 2173 nos
1365 2152 1420 2180 lam
1442 2143 1623 2184 impossibiles
1644 2145 1720 2175 effici
1736 2143 1796 2174 satis
1815 2145 1912 2183 liquet.
1956 2144 2081 2184 Ingreffu
2097 2146 2182 2175 etiam
2203 2144 2234 2175 in
2254 2142 2378 2174 Ecclesia

1305 2180 1400 2226 nostra
1411 2180 1572 2226 Cathedrali
1586 2182 1757 2222 Wyntoniae
1771 2182 1880 2213 dudum
1893 2183 2026 2227 disposito
2037 2183 2071 2215 &
2087 2191 2183 2221 parato
2191 2205 2201 2221 ‚
2219 2191 2305 2227 quem
2315 2181 2378 2212 Re-

1304 2220 1371 2260 galis
1390 2219 1545 2258 Maiestatis
1572 2221 1714 2259 praesentia
1734 2221 1891 2259 praestolam
1912 2221 2015 2252 diutius
2040 2221 2211 2253 credidimus
2233 2220 2377 2259 illustrari,

1303 2267 1388 2299 prout
1403 2268 1454 2289 ore
1472 2267 1552 2290 tenus
1572 2259 1674 2291 vestrae
1696 2260 1885 2291 dominationi
1905 2270 1958 2290 nos
1975 2259 2057 2291 Paris.
2073 2260 2220 2302 reposuisse
2240 2260 2382 2291 memini-

1304 2307 1381 2328 mus·

1344 2323 1384 2368 In’
1392 2338 1494 2375 quibus
1505 2337 1631 2370 nosti-arn
1645 2338 1858 2377 impotentiam,
1876 2347 1936 2368 non
1949 2337 2156 2376 voluntariam,
2173 2337 2211 2368 set
2264 2337 2316 2367 tius
2327 2345 2381 2366 ne-

1307 2375 1448 2406 ceffiiriam
1457 2400 1468 2416 ,
1487 2377 1585 2417 Regali
1594 2376 1776 2407 Excellentiae
1790 2376 1890 2407 vesti-ae
1902 2376 2003 2406 habere
2017 2376 2124 2414 placeat
2137 2386 2209 2408 excu
2236 2385 2312 2413 tam,
2327 2384 2381 2412 pro

1306 2424 1365 2452 quo
1378 2414 1550 2447 Maoistrum
1567 2415 1684 2445 Petrum
1707 2414 1742 2445 de
1757 2414 1885 2454 Exonia,
1903 2413 2054 2453 Nepotem
2076 2414 2224 2453 nostrum,
2241 2413 2384 2451 Maiestati

1307 2453 1409 2493 Regiae
1429 2439 1601 2486 destinamus
1613 2477 1623 2493 ,
1647 2463 1700 2492 pro
1722 2453 1861 2492 solempni
1877 2462 2004 2494 gerentes
2023 2453 2146 2494 tripudio
2159 2477 2170 2493 ,
2194 2454 2215 2485 si
2231 2453 2316 2483 nobis
2331 2461 2380 2492 pei·

1307 2492 1430 2523 eundem
1443 2494 1545 2525 vestrae
1557 2493 1742 2533 prosperitatis
1758 2501 1874 2523 eventus
1889 2516 1899 2532 ,
1925 2493 2037 2523 sanitate
2052 2493 2161 2523 comite
2173 2515 2184 2531 ,
2212 2492 2382 2529 nuncietur,

1309 2532 1363 2562 una
1377 2541 1445 2562 cum
1459 2531 1562 2564 vestrae
1576 2532 1755 2570 beneplacito
1775 2531 1943 2570 voluntatis,
1962 2530 2042 2570 quod
2060 2540 2167 2571 paratos
2180 2540 2234 2561 nos
2249 2530 2282 2561 &
2296 2529 2383 2561 meri-

1309 2573 1344 2601 to
1379 2579 1505 2612 romptos
1519 2582 1572 2610 pro
1587 2571 1692 2602 viribus
1704 2569 1876 2611 profitemur.

1377 2618 1512 2649 aeterum,
1530 2609 1566 2641 de
1580 2610 1650 2641 statu
1667 2609 1764 2639 nostro
1780 2610 1813 2640 &
1828 2608 1965 2639 Ecclesiae
1977 2607 2100 2646 nostrae,
2136 2617 2202 2638 uam
2217 2606 2311 2638 multis
2322 2616 2385 2648 per-

1309 2648 1487 2679 secutionum
1500 2649 1628 2693 procellis
1644 2649 1805 2692 invenimus
1819 2657 1876 2678 cori
1898 2647 2028 2678 uastatam
2044 2670 2054 2685 ,
2077 2656 2112 2677 or
2132 2647 2209 2677 inato
2222 2646 2256 2677 &
2268 2646 2383 2684 disposi-

1311 2686 1608 2764 {Ziirssssbvffiffsnffgss
1618 2684 2036 2766 tssiffissffg¹soffinojefftffn
2046 2683 2386 2765 ffiffiiffgssffiqffeffm

1350 2763 1553 2794 Excellentiam
1566 2763 1689 2793 vestram
1704 2762 1848 2793 conservet
1864 2760 2020 2792 Altiss‘imus
2028 2784 2040 2798 ‚
2051 2760 2173 2791 minam!
2193 2769 2242 2799 per
2253 2760 2385 2792 diuturna

1314 2810 1443 2840 tempora
1458 2802 1586 2842 prospere
1603 2809 1787 2841 regnaturam.

1349 2879 1418 2911 Dat.
1434 2879 1569 2910 Winton.
1584 2879 1614 2909 in
1630 2877 1716 2918 Vigil.

1316 3025 1435 3056 Littera
1450 3019 1489 3054 ab
1502 3020 1641 3067 Epiftopo
1660 3016 1873 3063 Herefordenfi
1880 3045 1890 3059 ‚
1915 3016 1951 3050 de
1959 3013 2184 3064 perturbatione
2203 3020 2235 3050 in
2244 3013 2386 3064 partibus

1698 3065 1848 3101 Marchiae
1868 3066 1990 3101 {Vallia
2369 3086 2375 3092 .

1317 3155 1611 3218 EXcelleiitiffimo
1626 3153 1766 3192 Principi,
1785 3151 1919 3197 Domino
1932 3150 1975 3182 H.
1997 3151 2057 3183 Dei
2074 3150 2178 3192 gratia,
2195 3149 2294 3182 illustri
2306 3149 2383 3190 Regi
2403 3151 2480 3184 Ann.
2492 3153 2535 3185 Β,

1384 3195 1430 3226 An
1450 3195 1512 3232 liae,
1530 3193 1666 3225 Domino
1676 3192 1840 3229 Hiberniae,
1858 3190 2206 3230 &DuciAcquitaririiae,
2224 3189 2271 3219 N.
2284 3188 2382 3219 eadem
2423 3191 2509 3231 1263,

1316 3234 1401 3272 gratii
1447 3232 1563 3264 ereford.
1578 3231 1711 3262 Ecclesiae
1722 3229 1855 3261 Minister
1868 3229 1996 3269 humilis,
2013 3230 2147 3268 salutem,
2165 3229 2199 3260 δε
2209 3227 2335 3259 debitam
2348 3236 2382 3258 ac
2401 3234 2454 3259 An.
2471 3241 2520 3267 47.

1316 3272 1450 3303 devotam
1464 3281 1533 3302 cum
1545 3271 1627 3302 omni
1640 3270 1749 3300 honore
1763 3269 1954 3300 reverentiam.
2400 3274 2436 3297 H.
2458 3278 2484 3306 3.

1356 3310 1406 3341 De
1420 3309 1546 3348 jocundo
1565 3309 1686 3341 adventu
1705 3308 1800 3339 vestro
1812 3309 1842 3338 in
1863 3306 1995 3347 Angliam
2037 3308 2113 3338 ratias
2126 3304 2272 3336 Altiffimo
2287 3303 2383 3335 referi-
2400 3312 2440 3335 Ex
2448 3312 2519 3334 Bim-

1318 3359 1381 3380 mus
1404 3349 1572 3386 multiplices
1582 3358 1597 3391 5
1619 3347 1742 3377 Scientes
1767 3346 1844 3387 quod
1869 3345 1958 3390 literas
1980 3315 2082 3376 vestras
2105 3345 2261 3382 recepimus
2274 3366 2284 3382 ,
2309 3340 2382 3380 apud
2399 3345 2447 3374 del.
2461 3348 2517 3373 Lit-

1319 3387 1545 3424 Gloucestriam,
1560 3385 1605 3416 die
1617 3385 1786 3417 SanCtorum
1800 3385 2004 3416 Innocentium
2016 3385 2047 3414 in
2062 3384 2138 3422 sero,
2157 3393 2207 3424 per
2220 3381 2380 3420 Hugonem
2400 3391 2447 3412 ter.
2468 3391 2536 3411 tem-

1318 3427 1355 3458 de
1368 3425 1447 3465 Croy
1462 3425 1605 3463 Militem,
1624 3425 1657 3456 &
1674 3424 1816 3463 quendam
1830 3424 1917 3454 alium
1931 3423 2096 3454 Nuncium.
2401 3428 2457 3460 pore
2464 3426 2497 3450 H.
2507 3431 2534 3459 ς.

1355 3465 1402 3495 Ad
1415 3465 1473 3495 hoc
1486 3464 1597 3494 noverit
1609 3462 1779 3494 Excellentia
1791 3462 1880 3494 vestra
1887 3486 1896 3502 ,
1917 3461 1994 3501 quod
2004 3469 2062 3492 tota
2078 3460 2210 3492 Marchia
2223 3461 2262 3490 ita
2274 3464 2381 3501 pertur-

1319 3505 1383 3534 bata
1397 3503 1438 3533 est
1452 3502 1568 3543 qualiter
1580 3512 1640 3532 non
1652 3501 1704 3532 fuit
1718 3502 1892 3542 temporibus
1913 3500 2014 3531 nostris
2029 3511 2039 3538 3
2063 3498 2160 3529 Plures
2180 3498 2259 3530 enim
2276 3495 2386 3541 Mihtss

1320 3543 1357 3573 dc
1366 3542 1495 3573 Marchia
1510 3540 1613 3570 diversa
1628 3539 1734 3571 dudum
1747 3541 1874 3572 fecerunt
1879 3539 2069 3576 Parlamenta,
2086 3537 2166 3569 blada
2179 3537 2225 3568 sua
2236 3536 2270 3567 δε
2281 3532 2386 3578 instau-

1321 3591 1386 3611 rum
1403 3579 1606 3618 vendiderunt,
1623 3579 1657 3610 ὃς
1669 3579 1781 3618 quidam
1797 3589 1898 3610 eorum
1915 3587 1998 3609 terras
2009 3577 2084 3614 sum,
2099 3584 2130 3607 ut
2148 3575 2268 3612 dicitur,
2283 3571 2384 3616 alleua-

1320 3628 1404 3687 rurffi,
1421 3619 1467 3649 alii
1477 3617 1603 3686 ‹oiiiidergi
1610 3618 1711 3687 domgs
1729 3618 1786 3687 suils
1804 3628 1904 3663 vacuas
1923 3615 2086 3648 dimiserunt
2096 3638 2107 3654 ,
2132 3621 2254 3653 quorum
2267 3619 2384 3641 nomina

1385 3668 1397 3686 r
1455 3667 1475 3686 n
1497 3667 1516 3686 n
1529 3666 1576 3686 cre
1606 3666 1635 3686 m
1658 3667 1666 3672 ⁴
1707 3667 1721 3686 .’
2007 3664 2031 3685 e.
2193 3679 2196 3681 .

1321 3667 1522 3726 veLetaeglinus
1535 3704 1604 3725 vero
1617 3666 1756 3736 1213]ng
1763 3667 1881 3727 Veilr'lziliigl
1893 3665 2006 3734 ἕιῐιξὲξῐ
2005 3692 2119 3724 intravit
2138 3697 2240 3731 terram
2259 3686 2385 3730 Domini

1323 3734 1432 3773 Rogeri
1446 3733 1482 3763 de
1495 3732 1616 3764 Mortuo
1631 3733 1706 3765 Mari
1728 3745 1797 3766 cum
1810 3734 1952 3766 trescentis
1968 3730 2129 3770 equitaturis
2145 3734 2273 3772 armam,
2283 3725 2317 3769 &t
2338 3733 2387 3755 tri-

1322 3773 1398 3812 ginta
1411 3772 1533 3802 millibus
1549 3772 1684 3810 peditibus
1698 3774 1864 3804 bellatorum
1873 3796 1883 3810 ,
1897 3772 1931 3803 &
1952 3770 2088 3801 Castrum
2099 3767 2170 3810 dieti
2182 3764 2306 3795 Domini
2320 3762 2387 3808 Ro-

1323 3812 1400 3879 gssrR
1416 3811 1451 3879 dg
1467 3810 1595 3880 Kffklas
1605 3811 1713 3879 (ipsedit
1726 3813 1759 3843 &
1774 3813 1863 3855 cepit:
1884 3808 2018 3854 Castrum
2039 3801 2391 3872 ναὸ,ἕὶ]ίιῑὲ1136ῐὶ1)<]>)ῃῖιῐῑῐὶἱιιέ

1324 3859 1613 3932 Rogerusecuniribtig
1624 3850 1732 3919 flierssnilil‘li5
1733 3850 1917 3927 1surae?(xlilotslqriie
1923 3849 2047 3916 ffaitfibrse
2068 3853 2260 3927 ‘gii'conflidtu
2294 3880 2391 3924 exivit.

1325 3925 1380 3964 Et,
1399 3926 1464 3956 licet
1479 3927 1616 3957 credimus
1630 3928 1709 3966 quod
1728 3936 1828 3957 omnes
1842 3926 1972 3956 homines
1995 3921 2076 3952 vest-n
2090 3928 2152 3958 erga
2166 3928 2217 3963 vos
2235 3903 2348 3949 fideliter
2362 3917 2390 3948 se

1325 3965 1459 4002 habeant,
1477 3966 1513 3995 ab
1526 3966 1675 4005 omnibus,
1693 3975 1762 3997 cum
1775 3965 1811 3996 de
1823 3965 1908 4004 patria
1918 3962 2019 4004 dicitur
2031 3966 2224 4003 communiter
2239 3957 2316 4001 quod
2329 3957 2388 3987 hoc

1326 4012 1420 4035 totum
1435 4002 1465 4035 fit
1481 4004 1511 4035 in
1526 4005 1651 4037 fraudem
1663 4005 1697 4036 &
1711 4004 1825 4041 alicujus
1843 4001 1908 4033 mali
1920 3998 2161 4031 machinationem
2174 4019 2185 4034 ,
2209 3994 2286 4027 uude
2297 3993 2392 4063 1ῐαῖεὲ

2345 4042 2364 4062 o
