2570 4261
707 164 820 214 ET
904 174 1170 216 ACTA
1250 171 1731 217 PUBLICA.

2235 191 2313 233 223

8 255 86 286 Ann.
101 251 145 283 D.
164 255 266 297 stellae,
291 267 324 289 ac
346 257 483 296 Legionis
502 257 626 297 illustris,
649 258 723 295 nati,
742 258 878 288 Emanuel
900 258 1078 297 Germanus,
1103 267 1216 290 necnon
1259 255 1328 299 dum
1347 257 1438 296 quoad
1460 258 1556 289 eadem
1579 259 1714 298 Regnum
1733 260 1768 290 ὃς
1786 267 1885 299 terras;
1904 259 2047 293 Romana:
2062 261 2167 303 semper
2181 262 2316 294 Ecc'esiae
2333 262 2410 295 Ann.
2424 264 2467 296 D.

165 295 263 326 subditi
283 296 329 327 Re
350 297 370 326 is
393 297 515 334 ejusdem
533 299 561 327 in
581 307 647 327 eum
667 297 758 327 subito
780 297 962 336 insurgentes,
978 300 1010 329 ὃ(
1029 298 1171 335 aspirantes
1181 294 1216 325 ad
1256 304 1317 332 jure
1336 294 1428 333 salvo,
1444 296 1512 327 sicut
1533 298 1595 327 haec
1615 300 1711 328 omnia
1731 299 1783 329 lata
1806 309 1855 336 per
1884 310 1951 339 nos,
1970 301 2006 331 de
2026 301 2141 332 fratrum
2153 302 2315 332 nostrorum
2357 304 2439 342 1283.

15 292 111 332 2283.

13 333 76 362 Edv.
99 340 123 358 1.

2 937 8 953 ⁸
18 934 76 966 ⁹11.
85 944 150 972 252.

21 2574 101 2609 Ann.
116 2575 156 2607 D.

53 2615 136 2655 1283.

24 2658 76 2684 An.
94 2664 136 2681 ιι.

25 2699 56 2721 ΣΕ.
79 2703 101 2720 1.

25 2737 56 2760 L.
82 2734 117 2757 A.
127 2730 155 2769 f

29 2779 91 2806 ¹33·
109 2769 134 2795 b.

25 2815 100 2838 Penes

24 2850 158 2878 Camefar.

44 3779 172 3814 ¹11.253.

164 334 280 365 totalem
300 344 335 365 ex
355 336 551 365 aeredationem
571 336 666 373 ipsius,
685 334 831 372 officiales,
846 345 916 373 quos
928 337 1003 366 idem
1020 336 1083 366 Rex
1095 335 1219 365 institue-

164 381 204 402 rat
229 373 258 403 in
279 374 328 403 suis
350 372 457 411 Regnis
476 374 509 403 &
531 375 624 411 tei‘riS,
641 375 749 410 penitus
764 383 912 410 amovere,
930 375 1072 405 instituere
1084 374 1166 409 alios,
1183 373 1217 402 δε

162 412 259 441 omnia
278 412 328 441 sibi
349 421 378 440 re
398 411 448 440 alia
464 412 525 448 jura
544 412 698 441 subtrahere
719 410 949 451 praesumpserint,
967 414 1143 451 eundemque
1158 410 1219 440 Re-

183 459 229 478 em
251 449 360 479 nullum
413 450 570 487 ominium,
595 449 754 487 nullamque
774 449 938 489 potestatem
958 452 984 481 in
1005 451 1144 491 praedietis
1167 448 1220 478 suis

197 496 211 516 e
232 489 273 517 nis
286 487 319 518 &
332 488 409 517 terris
423 487 523 517 habere
538 488 707 525 permittant.

230 525 379 555 enerabiles
401 535 515 563 quoque
536 526 629 555 fratres
649 525 738 555 nostri
763 526 988 566 Archiepiscopi,
1012 525 1160 564 Episcopi,
1185 524 1218 554 &

162 562 265 592 dileetii
286 563 332 593 filii
356 562 443 593 Electi
453 587 462 602 ,
478 564 618 602 Antiates,
634 564 666 594 &
681 563 805 601 Priores,
822 565 854 594 ὃς
873 566 989 595 universi
1004 566 1036 596 ὃς
1051 565 1089 594 sin
1111 563 1148 592 uli
1162 561 1221 591 Ec-

162 601 304 631 clesiarum
327 600 455 639 Praelati,
480 612 512 632 ac
535 602 612 631 Prior
632 601 782 639 Hospitalis
797 602 1014 640 Jerosoiimitani
1033 604 1066 634 &
1128 600 1221 640 agistri

162 639 279 680 Templi
299 639 410 678 saneti,
432 639 534 678 Jacobi
555 639 727 669 Calatraiien.
751 640 783 671 &
807 641 962 671 Alcantarae
984 641 1164 677 Militiamni,
1189 648 1222 668 ac

164 675 294 716 Capitula
308 679 341 709 ὃς
356 677 541 716 Conventus,
559 688 674 708 necnon
689 679 794 708 nobiles
806 680 857 708 viri
873 679 1016 717 Comites,
1034 679 1170 715 Baiones,
1189 678 1222 707 &

163 716 225 754 alii,
245 725 302 746 tarn
323 715 447 754 Clerici,
466 717 553 753 quam
576 716 670 754 Laici,
687 727 736 755 per
753 717 851 746 eadem
871 717 970 757 Regna
994 717 1156 753 constituti,
1174 715 1221 744 vel

162 764 267 822 corlun}
283 755 365 794 aliqui
381 755 512 784 dicuntur
532 753 666 785 fidelitatis
686 755 829 794 debitum,
848 766 905 794 quo
925 756 972 793 ipsi
987 755 1060 795 Regi
1078 762 1223 790 tenentur,

162 802 211 822 Vio
221 792 246 822 {is
261 803 284 822 e.

201 829 278 861 Haec
298 830 367 860 dum
388 838 503 868 paterno
525 830 669 870 pensamus
689 830 811 868 affeStu,
830 831 896 862 licet
916 841 972 862 tam
991 831 1024 861 ad
1043 828 1222 872 oppressum,

183 870 249 898 uam
268 867 301 898 ad
322 870 529 909 opprimentes,
546 869 738 908 compassione
754 870 923 900 multimode
936 879 1119 907 moveamur,
1138 869 1166 898 in
1181 868 1224 896 dl-

163 877 216 938 ἓῒο
232 906 328 947 Rege,
348 915 479 945 tanquam
491 909 520 938 in
535 907 697 948 praedileCm
710 907 843 938 Ecclesiae
858 908 998 946 filio,tam
1013 909 1100 947 gravis
1111 915 1224 949 oppres-

165 946 248 976 sionis
262 948 276 962 '¹⁶
291 947 463 984 opprobium
498 948 528 977 in
540 946 763 986 opprimentibus
778 956 863 985 vero,
882 948 1003 990 propriae
1017 947 1092 976 saluti
1107 945 1225 981 obvios,

164 983 356 1014 abominantes
378 969 516 1023 excessiis,
533 986 624 1015 eidem
644 994 735 1015 tamen
751 984 828 1024 Regi
843 994 921 1015 tanto
934 985 1101 1023 singulariori
1114 983 1224 1013 caritate

164 1024 372 1061 compatimur,
397 1032 503 1062 quanto
522 1023 659 1061 specialius
680 1024 705 1053 ei
727 1023 842 1062 vulgaris
859 1023 952 1053 assistit
970 1023 1085 1060 opinio,
1101 1030 1222 1058 eumque

164 1062 357 1091 communiter
372 1061 504 1098 praedicat
517 1063 600 1091 nimis
615 1062 776 1099 temerarie,
793 1062 875 1091 nimis
888 1063 981 1100 inique
1015 1060 1109 1090 ravari.

202 1098 282 1129 Cum
301 1100 393 1139 itaque
414 1099 449 1130 ad
471 1100 626 1130 remedium
649 1101 677 1130 in
697 1100 766 1137 hiis,
785 1099 804 1129 si
824 1100 978 1130 consonent
1024 1099 1069 1129 &a
1082 1097 1224 1134 relatibus,

165 1137 290 1168 celeriter
309 1138 514 1176 adhibendum,
533 1147 648 1178 propter
667 1138 777 1168 vitanda
791 1139 932 1177 praecipue
946 1138 1101 1168 animarum
1115 1137 1225 1176 pericu-

166 1176 208 1214 la,
233 1176 342 1206 intenfis
362 1176 499 1206 desideriis
521 1176 694 1207 intendamus
713 1199 722 1214 ,
745 1176 943 1206 recurrendum
965 1175 1176 1206 deliberavimus
1194 1171 1228 1202 ad

164 1215 320 1253 excelsum,
335 1216 382 1254 qui
403 1215 480 1254 super
494 1214 633 1251 Regnum
646 1215 797 1244 hominurn
811 1213 987 1252 dominatur,
1007 1214 1035 1243 in
1048 1214 1124 1250 cujus
1138 1221 1224 1255 manu

166 1254 229 1282 sunt
245 1254 375 1283 omnium
396 1252 542 1291 potestates
559 1254 592 1284 &
606 1253 666 1290 jura
683 1251 874 1289 Regnorum,
893 1253 925 1282 &
940 1251 1012 1292 apud
1025 1251 1112 1291 ipsum
1129 1250 1224 1279 humi-

164 1291 236 1321 libus
254 1292 496 1329 supplicationibus
517 1290 715 1329 insistendum,
740 1299 769 1319 ut
789 1291 939 1326 benignius
962 1289 1074 1320 eosdem
1095 1288 1225 1328 Regem,

163 1338 259 1367 natos,
278 1329 473 1366 Germanum,
491 1328 574 1365 ipsius
597 1327 696 1366 Regna
717 1329 831 1365 eadem,
851 1328 953 1357 incolas
974 1329 1096 1367 respiciat
1110 1336 1226 1356 eorum—

164 1367 248 1406 dem,
265 1368 300 1397 ab
318 1368 368 1398 illis
388 1366 565 1397 dissentiones
584 1374 729 1404 amoveat,
748 1365 939 1396 diffidentium
960 1368 1045 1398 corda
1060 1367 1087 1395 in
1103 1375 1226 1395 concor-

164 1406 219 1436 diae
240 1407 344 1436 unitate
364 1405 497 1436 conciliet
511 1427 520 1442 ‚
548 1405 586 1435 eis
606 1414 666 1435 tran
689 1405 822 1435 uilitatem
843 1405 945 1435 tribuat
961 1428 970 1443 ,
998 1404 1122 1443 ipsosque
1145 1405 1172 1432 in
1192 1403 1224 1432 i'l—

165 1444 215 1474 lius
235 1443 369 1474 soliditate
391 1443 545 1474 consolidet
565 1444 597 1473 &
617 1453 674 1473 con
709 1452 783 1481 met,
801 1443 953 1473 Thronum
973 1441 1111 1479 Regalem
1125 1451 1224 1472 corro-

164 1482 262 1519 boret,
279 1482 329 1519 qui
350 1483 388 1513 fic
409 1483 512 1512 utiliter
533 1481 623 1519 praesit
645 1490 675 1511 ut
690 1482 789 1519 prosit,
808 1482 885 1518 cujus
908 1481 1034 1520 regimen
1050 1482 1087 1511 sic
1101 1489 1178 1516 regat
1194 1488 1225 1510 iit

165 1521 281 1558 dirigat,
307 1521 341 1551 &
361 1519 442 1550 cedat
465 1520 577 1550 subditis
598 1519 632 1550 ad
651 1520 764 1550 salutem
781 1529 962 1559 perpetuam,
980 1520 1102 1558 quietem
1122 1519 1155 1549 ὅ(
1180 1529 1227 1556 pa-

166 1566 251 1597 cem,
270 1558 404 1597 nobisque
420 1557 494 1602 ipse,
513 1560 590 1596 cujus
603 1558 779 1596 providentia
793 1560 822 1588 in
835 1558 873 1588 sui
886 1557 1061 1597 dispositione
1080 1567 1138 1587 non
1159 1556 1227 1586 falli-

168 1606 230 1634 tur,
249 1597 350 1628 modos
364 1597 398 1627 ὃς
411 1607 468 1627 vias
479 1598 597 1635 aperiat,
610 1606 658 1634 per
673 1606 746 1636 quos
756 1597 820 1628 haec
832 1605 863 1628 ut
878 1598 919 1635 (in
933 1597 1004 1627 votis
1017 1596 1150 1636 gerimus)
1165 1595 1228 1626 effi-

168 1636 271 1667 caciter
287 1645 458 1673 promovere
472 1635 616 1676 possimus.
1210 1671 1215 1676 .

207 1674 286 1713 Qia
302 1683 371 1705 vero
389 1684 450 1704 non
472 1674 588 1704 minoris
609 1673 650 1703 est
670 1675 764 1704 meriti
787 1680 885 1704 contra
906 1672 1012 1703 insidias
1025 1673 1128 1711 antiqui
1142 1671 1229 1701 hostis

169 1721 318 1751 exurgere,
336 1721 373 1742 ne
388 1713 403 1742 a
416 1711 572 1742 devotione
584 1711 686 1743 Dei&
700 1712 858 1742 universalis
872 1710 1004 1742 Ecclesiae
1019 1711 1139 1751 populos
1155 1710 1230 1740 chri-

168 1750 270 1782 stianos
291 1757 412 1788 avertat,
429 1758 515 1789 quam
535 1750 658 1780 insistere
677 1750 888 1789 convertendis,
903 1750 1083 1780 Serenitatem
1104 1748 1227 1786 Regiam

169 1788 346 1819 exhortamus
376 1797 513 1828 quatenus
526 1813 536 1826 ,
569 1788 684 1828 pensatis
711 1788 861 1827 prudenter
886 1799 970 1827 quam
995 1788 1027 1818 sit
1050 1787 1230 1825 pernitiosum

168 1827 349 1867 exemplum,
366 1828 442 1867 quod
465 1828 494 1857 in
514 1827 656 1866 praedictis
676 1828 783 1866 Regnis
805 1826 927 1857 noscitur
949 1826 1112 1866 contigiffe,
1129 1836 1161 1858 ac
1176 1826 1233 1856 cle-

168 1875 279 1896 menter
306 1864 450 1897 attendens
477 1874 615 1904 quantum
635 1865 758 1906 Regiam
784 1865 1015 1902 Magnitudinem
1040 1865 1135 1896 deceat
1156 1864 1233 1903 Regi

170 1903 308 1942 praedicto
330 1905 358 1934 in
378 1912 464 1934 tantae
478 1905 658 1944 perplexitatis
672 1905 791 1934 articulo
803 1902 914 1934 efficaci
928 1904 1019 1935 adesse
1033 1903 1160 1942 praesidio
1169 1927 1179 1943 ,
1197 1904 1231 1934 ad

170 1942 333 1982 prosperum
350 1943 383 1973 δε
398 1942 577 1987 tranquillum
591 1943 689 1981 ipsiuS,
706 1943 739 1974 &
756 1942 925 1981 Regnorum
961 1943 994 1973 &
1008 1941 1165 1972 eorundum
1182 1942 1234 1972 sta-

170 1989 250 2019 tum,
268 1989 351 2020 prout
374 1980 476 2011 honori
489 1990 542 2011 tuo
555 1991 711 2020 congruere
725 1991 759 2012 ac
773 1981 835 2011 alias
850 1965 980 2018 expedire
994 1982 1147 2020 putaveris,
1168 1981 1233 2011 Ma-

169 2019 346 2059 gnitudinem
358 2026 415 2049 tuae
430 2019 596 2057 provisionis
610 2029 731 2060 apponas
745 2029 751 2049 z
771 2018 812 2049 Ita
824 2019 918 2059 quod,
935 2029 983 2059 per
995 2029 1052 2050 tuae
1067 2019 1154 2049 studia
1167 2029 1233 2058 pro-

170 2058 318 2095 videntiae,
333 2057 447 2088 salutaris
470 2057 666 2088 Ecclesiastica
687 2058 796 2088 libertas
817 2058 897 2097 (quse
913 2057 1060 2088 occasione
1073 2057 1233 2096 hujusmodi

170 2096 317 2126 discordiae
337 2097 367 2126 in
390 2096 441 2126 illis
463 2097 584 2133 partibus
605 2096 717 2135 infringi
741 2096 847 2134 posset)
866 2096 945 2126 illaesa
958 2097 1096 2134 servetur,
1115 2096 1235 2135 praefatis

171 2134 283 2171 Regnis
303 2143 355 2172 pax
375 2135 410 2165 ὅ(
432 2135 618 2173 tranquilitas,
639 2143 669 2165 ut
690 2135 888 2172 desideramus,
907 2135 1051 2172 adveniat,
1074 2135 1234 2165 animarum

170 2173 292 2210 pericula
313 2173 468 2210 evitentur,
486 2182 519 2203 ac
539 2174 591 2204 tibi
612 2173 711 2204 exinde
731 2173 818 2203 laudis
837 2172 929 2203 titulus
948 2172 1020 2211 apud
1036 2174 1183 2212 homines,
1201 2174 1235 2205 ὅσ

172 2213 342 2242 meritorum
357 2211 494 2242 accrescat
507 2211 636 2242 cumulus
648 2211 722 2250 apud
736 2210 842 2241 Deum,

207 2288 275 2318 Dat.
295 2287 368 2328 apud
389 2287 507 2319 Urbem
530 2287 664 2320 Veterem
686 2289 786 2328 quinto
805 2287 871 2319 Idus
892 2288 1026 2329 Augusti,
1053 2287 1237 2319 Pontificatsis

172 2326 263 2358 nostri
280 2336 355 2358 anno
372 2327 465 2358 tertio.
604 2347 606 2349 >

171 2460 285 2503 Bulla,
309 2458 346 2493 de
373 2462 470 2506 Regno
496 2461 674 2505 Arangk,
697 2459 743 2492 ad
754 2460 858 2504 filium
886 2463 971 2507 Regis
987 2464 1117 2495 Francia*
1130 2462 1238 2506 ficun-

507 2506 677 2554 calogenitum
695 2507 909 2552 transferendo,

259 2592 373 2624 Artinus
393 2591 549 2640 Episcopus
583 2591 675 2623 servus
693 2592 835 2623 servorum
851 2592 926 2631 Dei,
943 2594 1047 2624 dile&o
1062 2594 1120 2625 filio
1129 2595 1239 2634 Johan-

271 2632 317 2670 ni,
331 2631 404 2661 tituli
416 2631 528 2662 baric‘tae
560 2631 571 2639 “
589 2631 661 2662 ciliae
677 2630 835 2662 Presbitero
847 2631 1005 2671 Cardinali‚
1023 2633 1135 2664 salutem
1151 2635 1184 2664 &
1198 2634 1240 2664 A-

176 2668 343 2707 postolicam
362 2669 600 2700 benedictionem.

213 2708 275 2746 Qii
295 2708 399 2745 Regna
417 2709 541 2739 transfert
563 2716 646 2747 atque
660 2707 821 2746 constituit,
841 2707 896 2745 ipse
910 2707 1048 2747 scripturae
1060 2710 1142 2740 sacrae
1153 2709 1240 2741 docet

176 2745 289 2785 eloquio
310 2746 445 2786 Regnum
468 2747 483 2775 a
504 2755 586 2785 gente
600 2746 820 2777 transferendum
832 2747 861 2776 in
877 2756 992 2783 gentem
1005 2757 1120 2789 propter
1132 2749 1239 2787 injusti—-

174 2785 240 2823 tias,
258 2786 382 2823 injurias,
401 2785 601 2822 contumelias,
619 2785 753 2824 dolosque
765 2784 897 2816 diversos.

213 2823 286 2854 Sane
304 2822 469 2862 injustitiam
490 2822 665 2853 manifestam
678 2822 771 2863 Petri,
789 2823 934 2862 quondam
949 2824 1040 2863 Regis
1052 2824 1237 2865 Aragonum,

174 2862 251 2892 circa
274 2862 493 2898 occupationem
518 2861 616 2892 [nsulae
636 2861 755 2900 Siciliae,
773 2861 916 2901 variosque
937 2873 1054 2895 conatus
1076 2865 1109 2895 &
1129 2864 1238 2894 insidias

174 2899 209 2931 ad
231 2908 318 2938 partes
339 2899 439 2937 Regni
458 2899 560 2930 Siciliae
580 2900 775 2938 occupandas,
797 2900 960 2932 seditionem
980 2903 1008 2932 in
1028 2902 1125 2933 eadem
1149 2901 1239 2933 Insula

175 2947 304 2977 motam,
322 2938 550 2968 commotionem
570 2939 604 2969 ὃς
619 2940 843 2969 concitationem
875 2941 953 2978 opuli
966 2940 1069 2972 satiram
1084 2942 1153 2972 inibi
1167 2950 1240 2971 con-

176 2984 218 3007 tra
236 2987 305 3015 nos,
322 2976 566 3016 Rempublicam,
584 2976 793 3015 Ecclesiamve,
810 2978 838 3007 in
867 2988 894 3007 ar
915 2979 1004 3018 illius,
1025 2981 1127 3019 probat
1148 2987 1240 3017 aperte

177 3014 305 3045 defedhis
325 3014 456 3052 evidens,
474 3014 565 3044 immo
580 3016 672 3054 potius
687 3017 810 3054 nullitas,
827 3024 858 3046 ut
871 3017 909 3046 ita
921 3017 1089 3058 dixerimus,
1102 3018 1169 3056 juris
1182 3018 1238 3055 sui,

178 3063 247 3083 curn
265 3053 295 3083 sit
313 3052 457 3084 evidenter
472 3053 617 3083 notorium
633 3053 699 3092 sibi,
718 3055 813 3094 uxori,
831 3054 936 3086 natisve
948 3056 1016 3095 suis,
1033 3056 1079 3087 vel
1093 3058 1118 3087 ei
1135 3065 1183 3096 per
1199 3057 1240 3093 ip-

178 3092 238 3130 sos,
256 3099 311 3122 aurs
322 3091 385 3122 alias
398 3091 506 3120 nullum
517 3091 561 3129 jus
575 3099 756 3131 competere,
773 3094 802 3123 in
815 3092 904 3124 Insula
916 3103 1069 3126 memorata
1078 3118 1087 3134 ,
1107 3095 1151 3127 vel
1164 3102 1240 3132 parte

178 3130 212 3160 ali
236 3139 268 3159 ua
281 3129 349 3160 dieti
364 3128 472 3166 Regni.

215 3140 262 3197 {lx
294 3178 332 3198 uo
346 3168 426 3207 ipsius
439 3167 564 3206 injuriae,
582 3177 695 3199 necnon
709 3169 742 3200 ὃς
758 3170 958 3209 contumeiiae,
977 3181 1043 3209 quas
1055 3172 1083 3202 in
1098 3171 1242 3211 praemiffis

180 3207 265 3237 nobis
275 3178 312 3237 Ze
325 3205 457 3237 Ecclesiae
470 3204 614 3236 Romanae
630 3206 754 3246 (quibus,
772 3210 878 3239 ratione
892 3209 991 3247 Regni
1005 3210 1059 3241 Ara
1081 3220 1170 3241 onum
1179 3233 1188 3248 ,
1207 3211 1245 3240 ei-

181 3244 249 3274 dem
267 3244 401 3275 Ecclesiae
413 3245 445 3282 a,
463 3244 545 3274 clarae
559 3245 724 3282 memoriae,
741 3245 807 3277 Avo
821 3248 901 3285 ipsius
916 3247 1008 3286 Petri,
1025 3249 1065 3279 ob
1075 3251 1110 3280 ati
1124 3251 1157 3280 ὃς
1170 3259 1239 3279 cen-

182 3283 260 3312 sualis
275 3292 333 3313 tam
349 3283 384 3313 ab
396 3282 459 3319 illo,
478 3283 564 3320 quam
577 3283 613 3312 ab
627 3283 683 3313 aliis
699 3284 756 3322 ejus
769 3286 1015 3322 praedecessoribus
1028 3288 1188 3326 constituti,
1206 3287 1239 3318 ad

183 3321 345 3352 fidelitatem
367 3320 490 3351 debitam
512 3320 666 3356 tenebatur)
691 3332 746 3352 nec
767 3333 827 3353 non
848 3324 991 3355 karissimo
1008 3327 1037 3355 iri
1053 3325 1171 3356 Christo
1184 3325 1240 3355 filio

183 3360 300 3397 nostro,
321 3359 430 3390 Karolo
451 3358 525 3397 Regi
539 3359 641 3389 Siciliae
652 3359 766 3399 illustri,
783 3371 842 3392 non
857 3363 960 3402 absque
970 3365 1113 3394 occisione
1128 3375 1161 3395 ac
1174 3364 1239 3394 stra-

183 3408 220 3437 ge
234 3399 390 3429 multorum
399 3420 409 3435 ,
427 3398 562 3433 irrogavit
576 3397 723 3436 hastenus,
740 3408 794 3429 nec
807 3399 897 3431 adhuc
912 3403 1037 3439 irrogare
1049 3402 1166 3441 desistit,
1183 3413 1242 3432 ma-

184 3436 310 3467 nifestius
330 3437 558 3478 convincuntur,
575 3445 628 3465 nec
647 3436 749 3467 latendi
770 3437 868 3468 locum
890 3440 1037 3471 inveniunt
1049 3441 1106 3471 doli
1122 3442 1194 3479 ejus,
1213 3442 1242 3471 in

185 3475 240 3505 suae
262 3475 374 3506 malitiae
395 3473 587 3513 prosecutione
606 3474 767 3514 commisii,
782 3485 829 3506 aut
849 3477 930 3516 ipsius
991 3479 1064 3509 ffunt
1075 3479 1176 3509 insidiae
1191 3490 1242 3509 oc-

186 3514 300 3551 cultari,
318 3523 388 3551 quos
409 3513 442 3542 &
482 3522 528 3555 uas
541 3513 703 3556 communis
712 3513 771 3551 jam
787 3514 868 3545 notio
883 3517 1005 3554 publicat
1019 3518 1053 3549 &
1068 3518 1156 3556 sama,
1174 3519 1243 3558 quin

185 3553 278 3592 potius
290 3553 403 3588 infamia
417 3551 476 3588 pub
486 3560 527 3580 ica
540 3549 702 3581 manifestat.

226 3589 401 3621 Praemissam
413 3590 503 3628 itaque
515 3588 686 3633 illiiistsecuti
700 3599 759 3620 non
773 3590 889 3629 indigne
902 3592 1079 3634 doCtrinam,
1097 3595 1189 3632 cuiuS,
1209 3595 1242 3624 li-

187 3637 235 3660 cet
254 3628 484 3660 insufficientibus
506 3634 610 3657 meritis
623 3650 633 3666 ,
655 3629 818 3666 exequimur
831 3630 906 3661 vices
920 3631 949 3661 in
961 3634 1056 3671 terris,
1077 3632 1140 3671 post
1160 3634 1246 3664 varias

187 3669 374 3705 monitiones,
390 3666 610 3705 prohibitiones,
628 3665 822 3710 sententiarum
838 3673 1137 3702 excommunicationis
1155 3673 1188 3703 &
1204 3672 1248 3702 in-

187 3706 298 3738 terdidti
320 3705 509 3745 prolationes,
531 3713 681 3743 poenarum
701 3704 871 3736 indidiiones
890 3708 924 3738 &
944 3711 1177 3741 comminationes
1199 3719 1248 3740 ex-

189 3745 303 3783 pressas,
320 3744 356 3775 de
367 3743 437 3774 diffi
451 3742 550 3780 Regni
564 3742 718 3786 Aragoniae
730 3753 763 3774 ac
777 3751 927 3784 terrarum,
941 3747 1083 3787 quondam
1097 3749 1177 3789 ipsius
1192 3748 1246 3779 Pe-

189 3783 243 3821 tri,
262 3784 434 3821 expositione
457 3781 476 3801 ²*
496 3791 529 3811 ac
550 3782 706 3818 privatione
724 3781 826 3819 factas,
843 3782 877 3813 &
890 3792 1029 3823 praecepta
1043 3786 1147 3817 diversa
1163 3787 1248 3826 (quo-

191 3829 256 3850 rum
271 3823 402 3852 omnium
416 3819 491 3850 idem
507 3818 605 3850 Petrus
618 3819 644 3850 se
656 3827 858 3850 contumacem
869 3821 992 3853 exhibuit
1004 3826 1247 3863 contemptorem)

192 3856 327 3897 Regnum
346 3859 496 3899 Aragoniae
518 3859 653 3927 terrasqfiie
673 3858 818 3898 praedietas
831 3868 1000 3896 exponentes
1010 3863 1101 3893 modo
1113 3864 1249 3902 subscrip-

191 3903 240 3934 το,
257 3897 346 3934 ipsum
367 3898 501 3935 Petrum,
519 3905 586 3928 tunc
608 3925 611 3927 ,
639 3906 724 3934 egem
748 3897 915 3936 Aragoniae,
929 3897 1035 3938 Regno
1055 3901 1089 3932 &
1109 3904 1188 3933 terris
1201 3902 1250 3933 eis-

191 3933 257 3963 dem
270 3957 282 3974 ,
305 3935 454 3976 Regioque
474 3935 584 3966 honore
601 3935 795 3966 sententialiter
841 3934 941 3973 justitia
961 3938 1102 3978 exigente,
1127 3941 1249 3978 privavi-

192 3981 271 4009 mus;
289 3973 323 4003 &
341 3975 477 4011 privantes
488 3973 665 4012 exposuimus
679 3973 777 4004 eadem
822 3983 927 4012 egnum
943 3975 977 4005 &
987 3984 1071 4008 terras
1084 3979 1250 4017 occupanda.

192 4008 363 4050 Catholicis,
379 4012 415 4044 de
429 4013 548 4053 quibus,
561 4013 595 4045 &
607 4020 691 4055 prout
702 4012 775 4044 sedes
787 4011 955 4051 Apostolica
968 4013 1083 4046 duceret
1094 4017 1247 4058 providen-

1261 333 1393 370 consilio,
1413 334 1488 372 super
1513 335 1669 372 hujusmodi
1690 337 1862 376 privatione,
1879 339 2048 376 expositione
2065 341 2097 371 &
2111 341 2318 379 occupatione,
2334 343 2400 370 Edv.
2424 351 2448 369 ι.

1263 370 1393 401 sententia
1407 372 1503 402 seriose
1515 373 1643 404 declarat.

1301 409 1377 447 Quia
1397 412 1468 439 vero
1488 412 1537 440 ubi
1559 421 1618 440 non
1637 411 1679 441 est
1699 412 1896 451 Gubernator,
1914 424 1953 451 po
1975 414 2034 445 ulus
2052 418 2175 454 corruit,
2193 426 2230 446 ne
2245 416 2319 456 ipsoss

1263 455 1325 476 rum
1348 447 1498 491 Aragoriiae
1518 449 1653 487 Regnum
1673 450 1704 480 ὃς
1727 460 1860 481 terrarum
1921 424 2013 490 pupus²
2033 454 2119 485 fac'tus
2140 455 2240 494 absque
2253 455 2320 485 Gu-

1264 485 1409 515 bernatore
1429 486 1547 525 diutius,
1565 489 1656 517 veniat
1677 489 1706 517 in
1728 490 1849 526 ruinam,
1866 462 1970 520 disczam
1992 493 2182 530 provisionem
2204 494 2259 523 sedi
2275 503 2319 523 re-

1263 523 1394 553 servatam
1404 546 1412 561 ,
1430 524 1522 554 eidem
1542 525 1754 556 deliberavimus
1774 528 1982 566 exequendam,
1999 530 2032 559 &
2046 531 2155 561 idcirco
2167 531 2201 562 ad
2214 531 2319 562 carissi-

1264 563 1349 604 ιῃῌη
1364 561 1482 592 Christo
1495 563 1542 592 filii
1557 563 1652 593 nostrii
1666 558 1787 602 Philippi
1801 565 1888 603 Regis
1903 566 1925 594 F
1927 568 2028 596 ranciae
2039 568 2146 599 illustris
2160 579 2248 606 genus
2263 570 2319 600 cla-

1265 600 1420 638 risiimum,
1437 601 1569 631 illibatam
1590 602 1709 639 ejusdem
1731 604 1838 639 generis
1851 603 1935 632 sidem
1951 606 1984 634 ad
2002 605 2117 645 Deum,
2134 608 2182 637 dei
2190 610 2318 638 orionem

1265 638 1298 667 ad
1313 639 1400 677 ipsum
1415 640 1448 670 &
1461 639 1580 669 eandem
1596 640 1747 670 Eccleiiam
1762 640 1942 679 indefessam,
1963 643 2101 674 fervidum
2115 645 2207 675 zelum
2224 646 2256 676 ad
2272 655 2320 676 ex-

1264 675 1425 706 altationem
1448 677 1511 707 fidei
1531 678 1716 715 orthodoxae,
1731 680 1807 716 cujus
1828 679 1903 709 idem
1923 689 2009 719 genus
2029 691 2127 713 contra
2145 683 2237 714 hostes
2250 683 2322 722 ejus-

1265 715 1331 744 dem
1352 714 1415 744 fidei
1428 717 1515 746 extitit
1529 717 1666 755 singularis
1678 716 1795 754 athleta,
1811 718 1843 748 &
1860 718 2004 754 ingentem
2020 719 2090 750 illius
2104 723 2273 761 potentiam,
2291 724 2321 752 in

1265 752 1401 792 obsequiis
1415 754 1576 784 earumdem
1592 754 1652 784 fidei
1668 755 1701 784 ὃ(
1714 754 1847 785 Ecclesiae
1864 757 1978 787 feliciter
1991 760 2162 798 temporibus
2177 761 2324 791 retroactis

1266 799 1424 829 expertam,
1442 792 1667 822 considerationis
1686 793 1808 823 sollicitae
1826 795 1925 824 oculos
1946 805 2157 835 convertenteS,
2173 798 2207 828 ad
2222 807 2325 829 execu-

1267 830 1375 858 tionem
1391 831 1555 871 provisionis
1568 831 1688 868 ejusdem
1698 832 1816 869 aliquem
1831 832 1867 862 de
1882 833 1939 871 ipso
1954 843 2073 872 genere,
2091 836 2139 865 sub
2152 836 2208 866 Dei
2220 836 2322 867 fiduci&

1270 868 1278 903 (
1301 876 1365 896 uem
1388 871 1493 906 semper
1504 869 1573 899 illius
1587 870 1695 906 generis
1705 870 1774 899 clara
1788 873 1935 908 progenies
1948 875 1981 902 ὃς
1997 873 2130 912 Regnum
2146 874 2268 904 Franciae
2279 876 2324 905 in-

1268 915 1284 934 c
1296 907 1368 934 itum
1382 904 1538 936 firmissime
1551 907 1684 945 credidit,
1703 907 1882 938 devotissime
1895 909 2046 942 honoravit
2059 912 2091 942 &
2104 913 2204 949 coluit)
2220 913 2256 943 de
2270 914 2324 944 fra-

1268 950 1345 972 trum
1358 943 1479 982 ipsorum
1494 945 1610 975 consilio
1624 946 1834 976 deliberavimus
1847 947 2009 986 eligendum
2029 959 2035 977 z

1305 979 1339 1010 In
1358 982 1497 1011 electione
1518 985 1589 1012 vero
1610 983 1784 1022 hujusmodi,
1801 985 1921 1023 aliquem
1934 986 1969 1015 de
1983 987 2061 1026 ipsius
2077 986 2167 1024 Regis
2181 987 2241 1018 filiis
2254 999 2326 1028 prae-

1268 1018 1415 1049 ferendum
1436 1020 1581 1059 multiplex
1602 1024 1672 1051 ratio
1694 1022 1834 1059 persuasit,
1853 1023 1972 1061 ideoque
1994 1033 2049 1054 tuse
2063 1027 2325 1066 circumspectionis

1268 1056 1431 1087 industriam
1445 1058 1580 1096 prolatam
1595 1058 1754 1098 frequenter
1768 1061 1795 1089 in
1809 1060 1915 1098 arduis,
1933 1061 2020 1091 fidum
2033 1063 2144 1102 pedtus,
2163 1066 2327 1101 providum-

1268 1105 1323 1132 que
1344 1095 1492 1126 consilium
1513 1097 1596 1126 nobis
1615 1105 1682 1126 nota
1699 1097 1882 1128 familiaritate
1898 1100 2021 1137 diutina,
2040 1101 2133 1131 debita
2148 1103 2328 1134 meditatione

1269 1133 1428 1172 pensantes,
1445 1142 1473 1164 te
1493 1134 1529 1164 ad
1552 1133 1609 1164 hoc
1629 1134 1788 1165 ministrum
1811 1136 1963 1175 idoneum,
1978 1137 2012 1167 de
2030 1138 2144 1169 fratrum
2158 1142 2328 1171 eorumdem

1269 1172 1402 1210 consilio,
1419 1172 1601 1210 assumentes,
1619 1173 1654 1203 ad
1668 1173 1868 1212 occupandum
1886 1175 1960 1204 idem
1974 1175 2128 1212 Aragoniae
2143 1177 2278 1217 Regnum
2295 1180 2328 1210 ὃς

1269 1208 1449 1240 Comitatum
1464 1210 1672 1249 Barchinoniae,
1688 1213 1736 1251 qui
1749 1212 1789 1241 est
1803 1212 1838 1242 de
1853 1214 1929 1242 terris
1944 1222 1977 1243 ex
1997 1214 2087 1252 olitis,
2105 1224 2170 1252 quae
2183 1219 2254 1246 oiim
2267 1218 2330 1247 fue-

1268 1256 1329 1278 rant
1349 1247 1417 1279 dieti
1440 1248 1534 1287 Petri,
1551 1249 1587 1279 de
1601 1250 1665 1286 illo,
1680 1259 1714 1279 ex
1727 1250 1847 1288 ejusdem
1863 1250 1950 1290 Regis
1990 1253 2090 1282 ranciae
2102 1252 2178 1290 filiis,
2196 1264 2281 1293 quein
2294 1255 2329 1285 ad

1268 1285 1324 1316 hoc
1339 1287 1396 1325 ipse
1409 1286 1474 1316 Rex
1488 1288 1611 1326 eligerit,
1627 1288 1682 1318 alio
1699 1297 1795 1318 tamen
1810 1289 1846 1318 ab
1860 1299 1896 1318 eo
1908 1291 1956 1328 qui
1968 1290 2017 1320 iibi
2033 1290 2073 1320 est
2087 1292 2115 1320 in
2130 1292 2209 1321 dicto
2224 1293 2330 1331 Regno

1269 1323 1395 1354 Franciae
1413 1326 1598 1363 successurus,
1618 1326 1668 1356 sub
1688 1326 1765 1366 lege,
1783 1329 2040 1367 conventionibus,
2058 1329 2178 1366 pactisve
2198 1330 2331 1371 subscrip-

1270 1363 1320 1401 tis,
1338 1364 1373 1392 ab
1396 1364 1497 1393 eodem
1521 1364 1602 1403 Rege
1616 1364 1759 1404 Franciae,
1777 1375 1810 1395 ac
1826 1365 1883 1404 ipso
1900 1365 1974 1404 fili0‚
1993 1371 2025 1397 ad
2038 1369 2066 1397 id
2080 1367 2172 1398 electo
2187 1378 2235 1408 per
2249 1379 2332 1408 eum,

1269 1399 1429 1432 solemniter
1442 1402 1652 1441 promittendis,
1672 1411 1701 1433 ut
1715 1414 1815 1434 eorum
1828 1413 1970 1442 quemque
1986 1407 2175 1445 contingunt,
2193 1407 2226 1437 &
2239 1408 2331 1438 invio-

1269 1439 1387 1470 labiliter
1405 1440 1594 1479 observandis,
1613 1451 1662 1481 per
1683 1449 1711 1471 te
1727 1443 1890 1472 auctoritate
1912 1442 2092 1482 Apostolica,
2116 1455 2200 1482 quarn
2225 1447 2253 1476 i'ri
2276 1447 2328 1476 'nac

1270 1486 1347 1514 parte
1364 1478 1415 1509 tibi
1435 1479 1516 1517 plene
1533 1480 1739 1510 committimus
1752 1503 1763 1519 ,
1787 1482 1822 1511 de
1842 1482 1963 1520 ipsorum
1981 1482 2098 1512 fratrum
2116 1484 2249 1523 consilio,
2276 1495 2330 1515 vo-

1270 1516 1362 1546 lumus
1380 1518 1536 1556 provideri,
1554 1518 1587 1548 &
1603 1518 1692 1555 ipsum
1709 1519 1737 1549 id
1754 1519 1914 1549 faciendum
1934 1520 2105 1557 singulariter
2124 1521 2267 1560 deputari,

1308 1554 1462 1586 Statuentes
1483 1557 1516 1587 &
1537 1556 1717 1586 decernentes
1737 1558 1831 1596 quod,
1848 1558 1996 1598 postquam
2017 1560 2083 1598 ipsi,
2102 1559 2166 1589 Rex
2188 1560 2332 1600 Franciae,

1273 1592 1306 1622 &
1324 1592 1393 1623 silius
1410 1593 1486 1633 suus,
1503 1594 1536 1625 ad
1550 1594 1607 1625 hoc
1621 1595 1724 1625 eleftus
1736 1597 1772 1626 ab
1787 1597 1853 1634 illo,
1871 1597 1904 1626 ὃς
1916 1598 1932 1626 ἐι
1945 1606 1989 1634 te,
2006 1606 2035 1627 ut
2048 1599 2227 1637 praedicitur,
2245 1601 2334 1640 depu-

1272 1631 1386 1674 tandus,
1404 1632 1503 1663 eadem
1521 1632 1629 1672 legem,
1650 1635 1854 1664 conventiones
1876 1636 1908 1665 &
1928 1635 2007 1675 patira
2028 1637 2151 1674 expresse
2170 1647 2335 1677 acceptave-

1273 1678 1344 1709 rint,
1361 1671 1394 1701 &
1415 1672 1590 1708 promiserint
1611 1681 1743 1702 contenta
1762 1673 1791 1702 in
1806 1675 1844 1703 eis
1857 1672 1883 1703 se
1897 1674 2090 1705 inviolabiliter
2106 1675 2273 1715 servaturos,
2288 1685 2334 1708 tu-

1273 1717 1327 1775 rbiue
1347 1709 1435 1747 ipsum
1456 1709 1579 1748 ejusdem
1601 1709 1690 1748 Regis
1708 1711 1834 1742 Franciae
1849 1711 1938 1742 filium
1954 1712 1988 1742 ad
2004 1713 2032 1742 id
2047 1713 2234 1753 deputaveris,
2253 1715 2333 1746 idem

1294 1746 1343 1776 lius
1363 1748 1391 1776 in
1414 1748 1531 1787 praefato
1552 1748 1660 1785 Regno
1683 1749 1831 1787 Aragoniae
1846 1760 1952 1780 nomen
1966 1752 1999 1781 &
2015 1752 2127 1782 titulum
2142 1753 2269 1789 Regium
2304 1755 2334 1784 in

1273 1783 1419 1816 Comitatu
1437 1796 1550 1826 quoque
1571 1787 1710 1824 praedieto
1729 1789 1892 1827 dignitatem
1910 1798 2044 1827 ornnem,
2065 1800 2152 1828 quem
2174 1791 2265 1822 dictus
2276 1776 2335 1822 i>e-

1274 1831 1331 1853 trus
1337 1846 1350 1866 ,
1366 1826 1511 1862 quondam
1525 1825 1590 1855 Rex
1605 1825 1769 1865 Aragonum
1778 1849 1788 1864 ,
1803 1828 1833 1857 in
1846 1826 1896 1856 illis
1908 1828 2046 1867 optinuit,
2065 1829 2208 1868 sortiatur,
2226 1831 2259 1860 &
2275 1839 2334 1860 tam

1273 1866 1377 1901 perse,
1396 1865 1479 1901 quam
1494 1873 1542 1901 per
1554 1865 1622 1894 alios
1632 1865 1730 1894 eadem
1746 1865 1896 1904 Aragoniae
1910 1865 2044 1905 Regnum
2060 1868 2093 1898 &
2109 1866 2289 1898 Comitatum
2301 1869 2335 1898 li-

1277 1901 1343 1930 bere
1366 1911 1488 1939 occupet
1508 1903 1540 1932 &
1555 1903 1634 1933 faciat
1647 1902 1696 1933 suo
1710 1904 1826 1934 nomine
1841 1906 1992 1943 occupari,
2009 1914 2096 1942 eaque
2109 1913 2167 1935 tam
2182 1906 2238 1946 ipse
2251 1908 2335 1946 quam

1276 1938 1314 1968 sui
1339 1943 1476 1978 perpetuo
1499 1940 1664 1971 successores
1686 1942 1713 1970 in
1736 1942 1801 1978 iliis,
1820 1942 1990 1982 liifl'tscrlpto
2004 1943 2038 1973 ad
2057 1944 2102 1973 illa
2117 1943 2217 1974 ordine
2231 1946 2336 1975 admit-

1277 1978 1371 2016 tendi,
1389 1978 1490 2017 absque
1512 1980 1564 2009 ulla
1583 1979 1807 2010 conti-adistione
1829 1980 1997 2018 poilideant,
2013 1982 2046 2012 &
2065 1982 2094 2011 iri
2108 1982 2185 2020 ipsis,
2203 1992 2335 2021 tanquam

1277 2017 1336 2046 veri
1356 2017 1464 2056 Reges,
1483 2016 1613 2047 Comites
1633 2018 1666 2048 &
1684 2017 1822 2055 Domini,
1840 2020 1963 2057 legitime
1978 2019 2188 2058 administrent,
2208 2024 2336 2058 plenem

1278 2055 1316 2084 eis
1324 2054 1368 2092 jus
1383 2054 1486 2094 Regis,
1505 2054 1629 2086 Comitis
1642 2057 1675 2086 &
1691 2056 1812 2086 Domini
1827 2057 1959 2095 habituri,
1977 2058 2006 2086 in
2019 2057 2211 2089 Terraconen.
2226 2059 2339 2091 Civita-

1281 2100 1324 2131 te,
1343 2093 1422 2133 ipsius
1436 2095 1593 2133 territorio,
1611 2094 1779 2124 distrietibus
1793 2097 1826 2125 ὅς
1841 2098 2025 2135 pereuntis,
2043 2097 2178 2136 sepefane
2194 2097 2338 2129 ROiiianae

1277 2141 1310 2162 ac
1323 2132 1517 2162 Terraconen,
1537 2132 1721 2163 Ecclesiarum
1735 2143 1782 2172 per
1796 2134 1892 2164 omnia
1901 2136 1963 2171 jure
1976 2135 2056 2164 sano.

1314 2170 1421 2209 Qod,
1440 2171 1459 2201 si
1477 2171 1548 2201 dieti
1570 2171 1632 2201 Rex
1656 2171 1781 2201 Franciae
1802 2172 1834 2202 &
1859 2172 2045 2212 fitiuslegcni,
2065 2175 2283 2212 conventiones,
2303 2176 2336 2206 ὃ(

1277 2208 1360 2246 pasta
1372 2209 1470 2239 eadem
1484 2220 1544 2240 non
1556 2211 1774 2249 acceptaverint,
1792 2210 1837 2240 vel
1853 2220 1986 2241 contenta
2000 2212 2029 2240 in
2041 2213 2078 2241 eis
2087 2235 2096 2249 ,
2116 2221 2146 2242 ut
2161 2214 2340 2251 praedici-tur,

1277 2256 1338 2276 non
1357 2247 1532 2287 promiserint
1546 2270 1556 2286 ‚
1579 2256 1609 2279 tu
1628 2249 1663 2279 ad
1683 2248 1875 2289 provisionem
1895 2251 1929 2281 &
1949 2250 2161 2289 deputationein
2183 2252 2340 2289 hujusmodi

1278 2295 1338 2316 non
1353 2286 1496 2325 procedas,

1317 2324 1377 2354 Lex
1397 2334 1507 2363 autem,
1525 2326 1728 2356 conventiones
1749 2326 1783 2356 &
1801 2325 1896 2364 padia,
1916 2325 1966 2355 sub
1988 2327 2089 2365 quibus
2103 2326 2189 2357 dietas
2202 2328 2340 2364 provisio-

1279 2372 1346 2392 nem
1367 2363 1401 2393 &
1415 2364 1639 2403 deputationem,
1657 2365 1690 2395 δε
1703 2374 1764 2395 non
1778 2364 1871 2402 aliter,
1886 2364 2040 2402 procedere
2053 2365 2172 2395 velimus
2187 2365 2250 2397 haec
2261 2367 2322 2398 sunt
2331 2390 2341 2406 ‚

1279 2401 1425 2441 videlicet,

1318 2439 1364 2470 Ut
1393 2439 1491 2471 eadem
1522 2439 1661 2478 Regnum
1686 2441 1720 2471 ὃς
1745 2440 1926 2471 Comitatum
1950 2440 2080 2480 praefatus
2103 2440 2224 2480 ejusdem
2250 2441 2344 2479 Regis

1280 2476 1405 2508 Franciae
1427 2479 1512 2516 filius,
1530 2479 1566 2508 ab
1585 2489 1621 2508 eo
1639 2479 1760 2517 dedus,
1777 2480 1811 2510 ἅτ
1828 2480 1843 2508 ὲ.
1860 2489 1903 2517 te,
1922 2487 1951 2510 ut
1966 2481 2162 2518 praemittitur,
2182 2480 2341 2519 deputatus,

1279 2516 1370 2552 ejusve
1391 2517 1558 2547 successores
1578 2518 1606 2547 in
1620 2517 1688 2555 illis,
1705 2518 1784 2547 nullo
1797 2527 1918 2557 unquam
1930 2527 2058 2557 tempore
2070 2518 2210 2557 separent,
2228 2528 2282 2549 nec
2298 2520 2344 2556 ip-

1280 2554 1375 2583 sorum
1393 2555 1556 2585 alterutrum
1579 2555 1718 2593 dividant,
1737 2556 1775 2586 set
1797 2557 1827 2585 in
1848 2556 1966 2586 eandem
1987 2556 2132 2596 personam
2149 2556 2257 2596 semper
2272 2566 2342 2587 cum

1273 2591 1325 2633 *sua
1340 2593 1498 2632 integritate
1511 2602 1681 2623 concurrant
1695 2603 1701 2622 :

1319 2630 1366 2660 Ad
1386 2641 1485 2662 eorum
1507 2631 1708 2662 succeffionem
1729 2632 1818 2662 nullus
1839 2641 1980 2671 unquam,
1996 2634 2044 2671 qui
2065 2643 2124 2663 non
2145 2633 2177 2663 sit
2198 2633 2233 2663 de
2248 2635 2344 2664 matri-

1282 2670 1381 2699 monio
1393 2679 1471 2700 natus
1481 2671 1611 2707 legitimo
1646 2671 1683 2700 set
1699 2678 1807 2700 tantum
1822 2670 1941 2708 legitimi
1954 2671 2147 2702 admittantur:

1320 2707 1361 2738 Ita
1378 2717 1407 2739 ut
1421 2732 1430 2747 ,
1456 2710 1475 2739 si
1499 2708 1592 2739 eidem
1611 2693 1670 2739 silio
1688 2709 1757 2739 disti
1780 2709 1957 2739 Francorum
1976 2709 2081 2751 Regis,
2097 2709 2183 2739 suisve
2205 2711 2345 2750 imperpe-v

1281 2753 1361 2776 tuum
1383 2746 1599 2784 successoribus,
1615 2748 1644 2777 in
1664 2747 1770 2787 Regno
1794 2748 1826 2778 &
1840 2747 1987 2778 Comitatu
1999 2748 2140 2786 ejusdem,
2158 2749 2256 2779 mortis
2271 2757 2346 2779 tem-

1281 2794 1366 2824 pore,
1385 2786 1463 2816 liberi
1479 2785 1555 2816 seXst
1570 2786 1709 2826 utriusque
1724 2786 1871 2825 supersint,
1889 2796 1922 2816 ex
1938 2787 2000 2823 suo,
2017 2786 2062 2816 vel
2077 2786 2266 2817 successorum
2282 2787 2346 2817 suo*

1281 2833 1345 2891 ῐυὲη
1364 2825 1528 2893 corpfiribm
1540 2825 1663 2864 legitime
1676 2824 1889 2863 descendentes,
1907 2825 2123 2864 primogenitusi
2135 2825 2270 2856 masculus
2285 2825 2347 2856 suc-

1283 2871 1317 2892 ce
1336 2870 1363 2892 at
1378 2873 1407 2893 in
1423 2874 1432 2893 i
1453 2873 1488 2893 is:

1319 2900 1372 2930 *Si
1386 2912 1456 2932 vero
1469 2901 1558 2932 solum
1571 2902 1714 2932 foeminini
1728 2900 1806 2932 sexsis
1820 2901 1921 2932 liberos
1933 2900 2065 2940 superesse
2079 2902 2240 2941 cnotingat,
2252 2901 2349 2933 succe-

1282 2938 1328 2970 dat
1341 2940 1526 2979 primogenita
1539 2940 1569 2969 in
1579 2940 1680 2970 eisdem
1690 2952 1700 2978 ;

1323 2979 1416 3017 Qiae,
1432 2980 1450 3009 si
1464 2987 1592 3017 ternpore
1603 2978 1746 3009 devolutae
1760 2977 1918 3015 huiusmodi
1931 2977 2107 3009 succeffionis
2120 2978 2155 3008 ad
2166 2987 2229 3008 eam
2238 3002 2248 3015 ,
2265 2978 2349 3009 fuerit

1283 3018 1397 3055 inupta,
1415 3018 1448 3048 &
1469 3018 1574 3047 nubere
1587 3017 1720 3055 voluerit,
1738 3020 1861 3054 personae
1879 3026 1942 3055 quae
1960 3017 1994 3046 ad
2016 3017 2097 3055 ipsius
2112 3017 2208 3056 Regni
2223 3018 2349 3056 regimen

1284 3055 1317 3086 &
1337 3055 1527 3086 defensionem
1541 3054 1637 3085 existat
1650 3055 1767 3093 idonea,
1786 3055 1892 3084 nubere
1904 3062 2043 3085 teneatur:

1322 3094 1393 3125 Nec
1407 3095 1493 3125 nubat
1508 3094 1557 3124 nisi
1572 3103 1642 3124 vero
1658 3092 1826 3131 Catholico,
1844 3093 1877 3123 &
1896 3092 2031 3124 Ecclesiae
2043 3093 2188 3124 Romanae
2205 3093 2328 3124 devoto:

1322 3132 1371 3163 Set
1387 3132 1407 3162 si
1420 3133 1533 3163 scienter
1544 3132 1603 3170 jam
1619 3132 1761 3171 nupserat,
1776 3131 1820 3161 vel
1834 3130 1928 3172 postea
1942 3131 2030 3162 nubat
2045 3132 2127 3162 alicui
2143 3142 2202 3162 non
2219 3131 2348 3162 Catholi-

1286 3180 1341 3209 CO,
1359 3171 1404 3202 vel
1423 3171 1473 3208 ipsi
1494 3170 1626 3201 Ecclesiae
1642 3180 1701 3200 non
1723 3170 1848 3208 devoto,
1862 3170 1956 3200 donec
1980 3170 2025 3200 ille
2044 3171 2144 3202 vixerit
2164 3171 2198 3201 &
2213 3171 2242 3200 in
2257 3169 2349 3201 devia-

1285 3210 1363 3239 tione
1381 3211 1397 3240 Ξι
1418 3209 1489 3247 fide,
1506 3209 1550 3239 seu
1571 3210 1600 3238 iri
1621 3209 1700 3246 ipsius
1717 3208 1850 3239 Ecclesiae
1866 3208 2048 3238 indevotione
2063 3208 2231 3246 perstiterit,
2250 3208 2348 3239 eadem

1286 3247 1409 3278 Ecclesia
1434 3247 1556 3286 ipsorum
1582 3246 1678 3285 Regni
1698 3247 1731 3278 &
1755 3245 1919 3277 Comitatsis
1941 3246 2212 3278 administrationem
2232 3245 2349 3277 liberam

1286 3287 1443 3324 optinebit,
1462 3287 1498 3316 ita
1519 3284 1596 3323 quod
1612 3284 1699 3315 nichil
1713 3285 1814 3315 exinde
1826 3286 1969 3326 perveniat
1982 3285 2016 3316 ad
2028 3295 2107 3323 eam,
2125 3284 2167 3315 vel
2181 3284 2238 3321 ejus
2252 3285 2348 3315 virum

1286 3335 1346 3354 non
1361 3323 1563 3361 Catholicum,
1580 3323 1624 3353 seu
1639 3324 1724 3354 etiam
1737 3323 1905 3354 indevotum
1919 3334 1924 3353 2
2100 3361 2105 3366 ¹
2187 3360 2192 3365 ⁵
2250 3360 2256 3365 .
2300 3360 2306 3365 ⁵

1324 3362 1377 3393 Illo
1392 3364 1463 3393 vero
1478 3372 1536 3392 non
1553 3360 1707 3392 Catholico
1721 3362 1766 3392 seu
1780 3362 1916 3393 indevoto
1928 3361 2082 3399 defuneto,
2097 3360 2168 3398 ipsa,
2184 3369 2214 3388 in
2228 3359 2349 3390 Viduita-

1287 3409 1314 3431 te
1349 3401 1489 3439 ersistens,
1505 3401 1549 3430 seu
1563 3408 1648 3439 nupta
1661 3401 1725 3430 viro
1739 3399 1909 3438 Catholico,
1928 3400 2051 3437 devoto,
2070 3400 2104 3429 &
2117 3398 2242 3445 idoneo,
2259 3398 2347 3442 ut'est

1287 3440 1334 3470 die
1349 3449 1396 3470 um
1408 3462 1417 3477 ,
1436 3440 1550 3476 habeat,
1574 3438 1644 3468 sicut
1663 3439 1689 3468 ei
1711 3440 1864 3478 competit,
1882 3438 1980 3468 eadem
2000 3439 2140 3473 Regnum
2160 3436 2194 3466 &
2214 3436 2347 3467 Comita-

1287 3487 1366 3516 tum,
1384 3487 1498 3508 necnon
1519 3478 1552 3507 &
1572 3476 1843 3508 administrationem
1863 3477 2004 3515 ipsorum,
2022 3475 2111 3506 nichil
2126 3483 2221 3504 tamen
2234 3474 2271 3504 de
2284 3485 2349 3512 per-

1288 3517 1374 3556 ceptis
1389 3526 1423 3546 ex
1437 3516 1502 3554 illis,
1519 3515 1575 3545 hoc
1591 3515 1670 3554 casu,
1689 3515 1843 3546 restituetur
1857 3515 1958 3545 eidem.
2079 3551 2084 3557 .
2249 3551 2254 3557 .

1326 3555 1356 3585 Si
1368 3564 1439 3584 vero
1453 3556 1613 3593 ignoranter
1627 3563 1687 3584 non
1701 3552 1854 3584 Catholico
1867 3554 1911 3583 vel
1927 3552 2063 3583 indevoto
2073 3559 2132 3589 jam
2147 3560 2186 3580 nu
2207 3549 2284 3590 serit,
2299 3550 2345 3583 vel

1288 3593 1332 3623 ille
1341 3616 1350 3631 ,
1368 3594 1415 3623 cui
1428 3594 1482 3630 jam
1495 3600 1581 3630 nupta
1594 3601 1668 3630 erat,
1685 3592 1731 3622 vel
1745 3591 1840 3631 postea
1852 3591 1987 3629 nupserit,
2005 3588 2069 3634 post
2083 3597 2180 3632 contra
2204 3599 2263 3634 'um
2277 3599 2347 3621 cum

1288 3642 1318 3662 ea
1338 3632 1551 3662 matrimonium
1566 3631 1623 3660 talis
1634 3629 1698 3668 fiat,
1717 3640 1770 3660 nec
1787 3630 1842 3668 ipsa
1856 3631 1911 3666 ejus
1926 3638 2012 3659 errori
2026 3636 2072 3657 aut
2087 3626 2262 3658 indevotioni
2277 3638 2349 3659 con-

1290 3670 1414 3708 senserit,
1431 3670 1476 3700 seu
1493 3669 1619 3699 favorem
1635 3668 1808 3706 exhibuerit,
1826 3668 1949 3698 Ecclesia
1963 3665 2164 3709 nichilominus
2178 3667 2348 3697 eorumdem

1289 3708 1432 3746 Regni&
1447 3706 1606 3738 Comitatfis
1620 3706 1891 3737 administrationem
1903 3705 2034 3742 habebit,
2052 3703 2101 3733 illo
2115 3713 2247 3742 vivente;
2264 3715 2300 3736 ne
2314 3705 2350 3736 ad

1288 3747 1376 3784 ipsum
1399 3755 1432 3776 ex
1456 3745 1536 3775 dietis
1556 3744 1662 3784 Regno
1683 3745 1716 3774 δὲ
1739 3743 1887 3775 Comitatu
1902 3743 2004 3783 aliquid
2016 3742 2103 3772 valeat
2116 3743 2278 3782 pervenire;
2295 3743 2350 3781 set,

1288 3786 1336 3816 illo
1355 3784 1507 3821 destructo,
1526 3783 1619 3814 eidem
1638 3782 1718 3821 filiae,
1738 3784 1768 3813 in
1787 3782 1921 3814 viduitate
1943 3781 2085 3819 manenti,
2102 3780 2146 3811 vel
2160 3781 2279 3812 nubenti
2293 3781 2351 3812 Ca-

1289 3824 1413 3861 tholico,
1431 3821 1555 3860 devoto,
1572 3822 1606 3853 &
1622 3821 1742 3859 idoneo,
1759 3829 1788 3851 ut
1804 3820 1924 3858 superius
1938 3819 1979 3850 est
1994 3817 2165 3858 expressum,
2182 3819 2350 3857 restituetur,

1290 3863 1347 3893 hoc
1370 3861 1448 3899 casu,
1470 3868 1553 3900 prout
1574 3861 1600 3890 ei
1621 3861 1774 3899 competit,
1789 3857 1988 3889 administratio
2008 3867 2077 3888 cum
2093 3867 2178 3898 perce
2197 3859 2229 3889 tis
2246 3867 2280 3887 ex
2297 3857 2350 3895 ea,

1290 3901 1417 3933 deductis
1437 3908 1531 3929 tamen
1545 3898 1644 3928 exinde
1658 3898 1790 3928 omnibus
1801 3896 1939 3936 expensis,
1955 3896 2033 3928 fastis
2047 3897 2153 3927 ratione
2177 3906 2212 3926 eu
2224 3896 2351 3926 occafio-

1291 3950 1328 3971 ne
1346 3937 1590 3969 administrationis
1605 3937 1613 3966 i
1635 3937 1700 3974 sim,
1718 3936 1751 3967 &
1767 3937 1890 3974 caeteris,
1907 3945 1971 3975 quae
1989 3935 2093 3966 fuerint
2111 3933 2291 3972 deducenda,
2305 3932 2350 3963 su-

1292 3989 1340 4020 per
1358 3977 1457 4016 quibus
1473 3975 1599 4006 Romani
1639 3974 1760 4006 ontificis
1774 3976 1830 4004 e'us
1842 3975 1976 4014 temporis
1989 3974 2070 4004 dicto
2084 3973 2176 4004 stetur.
2270 4010 2276 4015 ¹
2334 4006 2337 4011 .

1329 4016 1394 4055 Set,
1409 4016 1443 4048 &
1464 4013 1524 4055 ipso
1541 4015 1604 4045 viro
1625 4014 1758 4053 vivente,
1775 3984 1797 4044 si
1816 4021 1885 4044 eum
1903 4012 1940 4045 ad
1952 4011 2018 4045 fidei
2029 4013 2190 4079 veritatemd,
2206 4009 2352 4080 sfflssfpfiss

2186 4057 2242 4081 evo
2255 4057 2320 4079 ione

2365 2878 2500 2913 *Il-²54·
