2570 4261
56 215 134 248 Ann.
152 214 183 246 D

44 1632 120 1665 Ann.
138 1631 178 1663 D.

65 1681 148 1711 1275.

43 1715 95 1740 An.
113 1722 137 1748 3.

45 1755 76 1777 E.
97 1760 119 1778 ι.

43 1792 117 1816 LA.
127 1787 153 1825 f.

46 1829 109 1863 376.
121 1827 146 1857 b.

43 1869 176 1893 PenesCa·

41 1913 136 1931 merar.

41 1978 163 2016 ⁸11.5s.

207 146 288 186 150

259 306 277 325 n
292 295 370 332 hujus
385 294 422 323 rei
436 290 629 322 testimonium
644 287 745 319 litteras
765 297 840 318 meas
856 294 979 326 patentes
997 284 1152 316 Nobilitati
1171 284 1272 316 vestrae

208 334 371 365 transmitto.

245 411 311 456 Dat.
326 409 398 448 apud
412 408 587 447 Wachesaye
606 416 652 448 30.
666 406 711 438 die
725 405 862 447 Augusti,
880 415 957 436 anno
971 404 1067 446 Regni
1083 405 1171 444 Regis
1185 402 1273 434 nostri

205 460 295 483 tertio.

239 529 336 560 Valeat
350 528 383 559 &
399 528 491 567 vigeat
506 526 678 559 Dominatio
692 525 782 559 vestra
797 536 847 565 per
861 533 989 564 tempora
1000 525 1137 556 diuturna.

203 664 252 695 De
266 657 411 693 mandato
439 663 547 694 iterato
571 664 704 706 Principi
726 661 835 693 Williae
854 658 898 692 ad
913 660 1101 704 Homagium
1120 660 1156 695 Θ·
1177 656 1269 690 Fide-

539 710 657 742 litatem
678 711 753 755 Regi
762 707 936 755 praestanda.

298 798 329 830 X
351 799 518 836 Lewelino,
536 797 595 828 filio
611 796 749 836 Griffini,
768 797 893 837 Principi
906 795 1037 833 Walliae‚
1055 794 1176 825 salutem.

149 866 154 871 .
178 826 185 834 ’
204 799 374 868 RECum
395 839 492 878 pluries
512 836 594 867 vobis
616 836 844 867 mandaverimus
866 835 942 874 quod
962 834 995 864 ad
1016 843 1069 863 nos
1087 833 1176 864 essetis
1190 832 1265 871 apud

205 874 344 907 Cestriam
359 876 393 907 ad
408 884 518 907 certum
532 876 624 914 diem,
641 875 674 905 ad
693 874 854 905 faciendum
873 874 955 904 nobis
974 873 1138 911 homagium
1155 872 1188 902 &
1202 872 1270 903 fide-

204 914 308 946 litatem
321 915 442 946 vestram
456 915 536 944 nobis
548 913 658 952 debita,
673 914 754 944 vobis
766 915 866 944 iterato
881 911 1044 942 mandamus
1058 910 1134 950 quod
1150 911 1202 941 sitis
1216 921 1268 941 co-

121 940 128 946 .
145 968 152 972 ·
203 964 263 984 ram
277 955 381 998 nobis,
391 953 464 994 apud
479 953 522 982 W
525 952 785 989 estnionasterium,
806 953 822 981 a
836 952 882 982 die
898 951 992 982 Sancti
1008 949 1158 980 Michaelis
1172 950 1267 987 proxi-

203 1002 254 1023 mo
269 993 359 1023 futura
375 1003 403 1023 in
419 1001 472 1022 tres
486 991 664 1029 septimanas,
683 990 717 1021 ad
730 990 893 1021 faciendum
910 990 993 1020 nobis
1007 989 1173 1027 homagium
1187 989 1220 1018 &
1235 987 1267 1017 fi-

201 1031 343 1062 delitatem
359 1031 441 1062 nobis
454 1030 548 1061 debita
561 1053 572 1069 ,
597 1030 630 1060 &
643 1030 676 1060 ad
693 1030 750 1060 hoc
767 1039 817 1060 vos
838 1037 937 1060 tenore
951 1026 1129 1067 praesentium
1140 1027 1267 1057 summo-

200 1080 315 1101 nemus·

237 1108 274 1139 Et
287 1094 487 1140 nichilominus
501 1117 550 1145 per
565 1106 706 1137 Abbatem
721 1105 756 1136 de
771 1105 915 1136 Dernhale
929 1128 938 1143 ,
963 1104 1112 1135 Thomam
1127 1104 1163 1135 de
1178 1103 1266 1141 Mey-

198 1149 323 1178 newarin
333 1171 343 1186 ,
363 1147 395 1177 &
412 1146 504 1177 Adam
516 1145 551 1175 de
567 1145 695 1183 Dutton,
715 1145 761 1175 vel
775 1144 845 1175 duos
867 1144 990 1182 ipsorum
1004 1167 1014 1182 ,
1036 1144 1134 1174 latores
1147 1142 1266 1182 praesen-

197 1187 269 1217 tium
279 1209 288 1226 ,
307 1195 358 1217 vos
372 1185 452 1222 super
465 1185 523 1216 hoc
538 1185 722 1224 praecepimus
735 1183 914 1214 summoneri.

238 1224 270 1255 [n
289 1226 383 1263 cujus,
401 1225 461 1255 &c-

234 1305 324 1337 Tcste
338 1305 418 1344 Rege
432 1305 504 1343 apud
522 1304 663 1336 Cestriam
679 1312 723 1333 10.
735 1302 780 1334 die
793 1303 974 1342 Septembris.

196 1444 317 1475 Littera
343 1442 489 1486 Principis
516 1441 625 1474 Willm
642 1466 651 1481 ,
685 1436 798 1471 direc7a
813 1436 936 1482 sitmmo
964 1434 1099 1480 Pontifici
1116 1461 1125 1477 ‚
1160 1446 1195 1465 ne
1208 1443 1262 1479 per

244 1492 371 1523 Curiam
389 1491 559 1521 Romanam
571 1486 751 1534 procedatur
770 1495 874 1518 contra
893 1497 960 1518 cum
970 1512 981 1528 ‚
1006 1484 1135 1517 durante
1143 1494 1261 1530 guerra

243 1541 320 1570 inter
339 1537 488 1583 Angliam
507 1541 543 1575 cy*
563 1537 717 1571 Walli'am.

198 1627 415 1690 SAnfflffirm
427 1628 454 1657 in
470 1626 588 1658 Christo
601 1625 699 1671 Patri,
725 1625 860 1671 Domino
880 1625 1043 1664 Gregorio,
1061 1622 1168 1653 Divina
1187 1621 1260 1666 Pro-

246 1667 381 1704 Videntia,
397 1666 509 1696 summo
523 1665 673 1705 Pontifici,
693 1665 803 1695 humilis
816 1665 876 1695 suus
897 1666 931 1695 ὃς
952 1664 1071 1694 devotus
1092 1661 1259 1692 Lewellinus

197 1703 331 1744 Princeps
351 1705 467 1736 Walliae
481 1728 491 1744 ,
517 1704 662 1735 Dominus
683 1703 878 1741 Snoudoniae,
907 1703 1011 1733 devota
1035 1700 1146 1731 Pedum
1167 1699 1260 1730 oscula

196 1744 351 1775 beatorum.

230 1782 304 1813 Non
325 1783 382 1813 sine
396 1791 496 1821 magna
515 1780 673 1812 necessitate
693 1780 794 1811 vestrae
813 1780 958 1810 SanCtitati
979 1776 1178 1816 compellimur
1192 1778 1258 1808 inti-

196 1830 272 1851 mare
284 1845 293 1859 ,
317 1821 395 1862 quod
409 1830 476 1851 cum
491 1820 561 1850 olim
578 1820 682 1850 habitae
703 1819 813 1849 fuissent
834 1819 1031 1849 contentiones
1045 1818 1077 1848 &
1093 1816 1259 1854 discordiae,

195 1870 228 1890 ex
241 1861 340 1900 quibus
358 1869 455 1900 guerra
470 1867 531 1889 orta
552 1859 603 1889 fuit
616 1881 625 1896 ,
651 1859 685 1889 &
704 1857 751 1888 diu
772 1859 858 1888 etiam
873 1857 963 1888 habita
982 1858 1054 1886 inter
1075 1855 1257 1885 excellentem

196 1900 289 1929 virum
306 1899 471 1929 Dominum
486 1897 664 1934 Henricum,
683 1897 769 1926 bonae
783 1895 953 1934 Memoriae,
972 1895 1087 1934 Regem
1101 1893 1212 1932 Angliae
1226 1894 1258 1923 il-

196 1936 328 1976 lustrem,
347 1947 381 1967 ex
391 1945 470 1996 parte
484 1946 537 1966 una
547 1959 556 1974 ,
576 1937 609 1966 δε
624 1945 676 1965 nos
694 1945 728 1966 ex
742 1935 842 1973 altera3
858 1934 970 1977 tandem
979 1957 988 1972 ,
1003 1933 1167 1963 auctoritate
1179 1932 1259 1976 Sedis

196 1976 370 2015 Apostolicae
432 1976 634 2005 interveniente
649 1997 658 2012 ,
682 1984 731 2013 per
752 1973 941 2004 venerabilem
959 1972 1072 2002 Patrem
1092 1970 1257 2001 Dominum

192 2014 395 2053 Ottobonum,
415 2013 510 2044 SanCti
524 2013 638 2044 Adriani
651 2012 817 2043 Diaconum
831 2011 1010 2042 Cardinalem
1023 2033 1033 2048 ,
1054 2019 1123 2041 tunc
1136 2009 1257 2047 ejusdem

193 2053 271 2083 Sedis
285 2055 315 2083 in
331 2053 432 2092 Anglia
448 2052 603 2092 Legatum,
621 2061 735 2091 guerra,
753 2051 951 2082 contentiones
964 2073 974 2088 ,
999 2050 1032 2080 &
1053 2048 1200 2078 discordiae
1213 2048 1257 2079 su-

212 2092 324 2122 radielae
334 2115 342 2129 ,
359 2092 453 2131 sopitae
468 2092 579 2121 fuerunt
596 2093 623 2120 in
640 2090 759 2128 quadarn
778 2089 871 2119 forma
886 2090 962 2128 pacis
975 2110 984 2125 ,
1008 2087 1085 2117 initae
1098 2088 1169 2117 inter
1184 2096 1257 2126 prae-

190 2102 279 2160 Eiram
295 2130 459 2160 Dominum
474 2129 586 2168 Regem
603 2130 635 2159 ὃς
649 2127 827 2159 Successores
844 2127 905 2157 suos
917 2136 952 2158 ex
967 2135 1043 2165 parte
1058 2135 1113 2155 una
1126 2148 1135 2163 ,
1159 2126 1192 2156 &
1206 2136 1257 2156 nos

190 2170 225 2199 &
239 2168 417 2199 Successores
431 2167 541 2197 nostros
554 2177 587 2198 ex
601 2167 700 2205 altera,
715 2167 875 2204 juramento
892 2174 950 2196 tarn
964 2166 971 2194 i
993 2165 1043 2195 sius
1056 2164 1178 2194 Domini
1194 2164 1255 2194 Re-

188 2208 246 2246 gis,
264 2208 297 2238 &
312 2207 435 2237 Domini
448 2206 580 2237 Edwardi
594 2206 775 2245 primogeniti
790 2204 848 2243 sui,
865 2205 913 2244 qui
927 2214 966 2244 po
992 2213 1023 2233 ea
1041 2202 1133 2233 eidem
1148 2202 1256 2233 succes-

191 2246 223 2276 fit
238 2247 266 2275 in
281 2246 386 2285 Regno
403 2245 530 2284 Anglice,
549 2245 582 2275 ὃ(
594 2244 684 2274 adhuc
698 2244 772 2274 idem
781 2243 917 2282 Regnum
929 2243 1056 2283 optinet,
1073 2242 1159 2281 quam
1171 2243 1255 2272 etiam

189 2283 288 2314 nostro
308 2284 403 2315 vallata
419 2296 429 2322 3
456 2293 519 2326 quae
542 2282 657 2321 quidem
679 2282 769 2313 forma
788 2283 861 2320 pacis
883 2291 931 2319 per
951 2280 1073 2311 eundem
1090 2279 1254 2311 Dominum

191 2322 330 2364 Legatum
346 2324 374 2352 in
387 2323 492 2360 scriptis
506 2321 548 2351 est
562 2321 687 2359 redaffl,
706 2321 739 2351 ὅ(
755 2329 811 2351 tam
827 2320 925 2358 Sigillo
945 2319 1041 2357 ipsius,
1057 2328 1142 2358 quam
1155 2318 1255 2358 Sigillis

189 2361 392 2400 praedi-storum
400 2360 524 2390 Domini
536 2360 623 2399 Regis
638 2360 671 2390 &
686 2358 809 2389 Domini
823 2358 972 2396 Edwardi,
990 2367 1076 2397 quam
1091 2358 1174 2388 etiam
1187 2368 1253 2388 nos-

189 2408 237 2430 tro
250 2400 380 2431 roborata
393 2422 402 2437 ,
430 2401 458 2429 in
474 2398 527 2439 qua
543 2399 658 2437 quidem
679 2398 773 2428 forma
791 2399 861 2428 inter
876 2397 926 2427 alia
947 2397 1127 2427 continentur
1140 2419 1149 2433 ,
1175 2396 1253 2434 quod

188 2447 241 2468 nos
254 2439 287 2469 &
299 2437 477 2469 Successor-es
492 2437 580 2467 nostri
593 2446 689 2467 tenere
701 2437 838 2467 debemus
849 2436 885 2467 de
902 2435 962 2474 ipso
976 2434 1111 2465 Domino
1123 2434 1206 2474 Rege
1220 2436 1253 2466 &

186 2476 398 2508 Succefforibus
411 2476 461 2506 suis
472 2475 585 2505 Walliae
600 2475 809 2515 principatum·

223 2515 263 2546 Ita
277 2515 354 2554 quod
366 2525 466 2546 omnes
480 2514 599 2545 Barones
613 2514 726 2544 Walliae
741 2537 751 2552 ,
773 2499 928 2544 wallenses
940 2535 951 2551 ,
978 2512 994 2542 a
1009 2511 1091 2542 nobis
1104 2512 1138 2542 &
1150 2510 1254 2542 Haere-

185 2553 266 2585 dibus
281 2555 380 2584 nostris
396 2563 480 2584 terras
493 2553 549 2583 suas
562 2554 591 2583 in
604 2554 694 2592 capite
714 2561 826 2583 teneant
838 2575 847 2591 ,
874 2552 906 2582 &
926 2551 1071 2589 homagia,
1089 2560 1124 2581 ac
1137 2549 1252 2582 fidelita-

186 2600 244 2622 tem
260 2593 341 2623 nobis
354 2594 387 2624 &
401 2591 610 2623 Successoribus
625 2591 725 2622 nostris
742 2591 860 2630 faciant,
879 2591 966 2621 unico
986 2589 1094 2619 Barone
1112 2598 1250 2628 excepte,

186 2641 240 2668 pro
251 2632 350 2670 quibus
366 2641 417 2661 nos
430 2631 463 2661 δε
477 2629 654 2661 Succeffores
668 2629 757 2660 nostri
769 2638 897 2660 tenemur
910 2628 1000 2659 facere
1015 2627 1181 2666 homagium
1190 2651 1200 2667 ,
1215 2628 1250 2658 &

185 2669 346 2700 fidelitatem
361 2669 477 2707 prcefato
499 2668 633 2699 Domino
654 2668 754 2708 Regi,
781 2669 814 2699 &
837 2666 1049 2698 Succefforibus
1064 2666 1129 2695 suis:
1147 2665 1252 2696 Conti-

185 2717 266 2738 netur
280 2709 313 2739 ὃ(
328 2708 432 2738 ibidem
443 2707 520 2746 quod
535 2707 612 2737 idem
633 2706 779 2737 Dominus
800 2706 864 2736 Rex
885 2707 919 2737 δε
940 2704 1116 2735 Succeffores
1134 2703 1172 2734 sui
1191 2714 1251 2735 non

184 2747 321 2784 recipient
333 2748 362 2776 in
377 2748 454 2777 terris
469 2746 520 2777 suis
533 2746 654 2784 aliquem
674 2745 859 2776 adversarium
873 2767 883 2783 ,
903 2744 948 2774 seu
966 2743 1131 2780 inimicum,
1149 2742 1195 2772 vel
1207 2742 1251 2772 fu-

183 2786 303 2823 gitivum
316 2785 462 2824 nostrum,
476 2784 522 2815 seu
529 2784 728 2816 Succefforum
743 2783 920 2821 nostrorum,
934 2791 988 2812 nec
1001 2791 1050 2811 cos
1066 2789 1165 2811 contra
1179 2791 1251 2820 nos,

184 2824 218 2853 &
232 2823 408 2854 Successores
421 2823 531 2854 nostros
544 2824 785 2860 manutenebunt,
803 2823 849 2853 seu
858 2822 1015 2860 juvabunt;
1032 2829 1096 2858 quae
1109 2821 1205 2850 omnia
1218 2821 1247 2849 in

185 2862 278 2893 form-i
299 2864 372 2902 pacis
390 2861 524 2900 praedicta
539 2885 549 2900 ,
576 2862 652 2899 cujus
668 2869 797 2892 tenorem
818 2861 889 2891 lator
910 2858 1088 2901 praesentium
1102 2857 1248 2889 SanCtitati

184 2899 283 2930 vestrae
296 2902 427 2931 exhibere
440 2902 561 2939 poterit,
577 2900 659 2939 plene
673 2901 865 2930 continentur.

222 2937 314 2968 Ecce!
335 2938 415 2969 Pater
431 2940 550 2976 Sancte,
567 2940 698 2978 praefatus
712 2938 858 2968 Dominus
866 2936 1035 2974 Edwardus,
1053 2935 1120 2966 Rex
1135 2934 1247 2975 Angliae

182 2975 218 3007 ad
233 2976 350 3014 praesens
362 2977 468 3007 illustris
483 3001 492 3016 ,
536 2978 706 3008 uorumdam
729 2977 871 3007 Baronum
886 2976 929 3006 W
931 2975 1063 3006 alenlium
1081 2983 1162 3005 terras
1175 2997 1186 3012 ,
1212 2974 1247 3004 ad

184 3014 360 3045 Dominium
375 3015 502 3045 nostrum
528 3016 685 3054 perstantes,
703 3017 732 3045 in
747 3025 865 3055 quarum
882 3014 996 3052 pacifica
1052 3012 1179 3043 sseffione
1193 3012 1247 3043 fui-

187 3062 250 3083 mus
264 3052 351 3092 longo
363 3062 491 3091 tempore
504 3053 567 3091 post
582 3054 688 3084 dietam
709 3054 833 3085 formam
854 3054 928 3093 pacis
941 3076 951 3092 ,
978 3053 1007 3083 su
1043 3051 1186 3082 Dominio
1199 3051 1248 3082 suo

185 3092 240 3129 jam
255 3092 376 3130 detinet,
391 3092 542 3131 quemdam
556 3093 639 3122 etiam
656 3092 794 3123 Bironem
815 3091 947 3123 nostrum
963 3114 973 3129 ,
999 3091 1046 3129 qui
1080 3100 1109 3120 er
1124 3090 1248 3120 formam

186 3130 262 3166 pacis
273 3129 301 3160 su
323 3130 435 3160 radietae
450 3140 517 3159 cum
530 3132 605 3160 terris
618 3130 669 3160 suis
681 3130 714 3160 ad
730 3141 781 3161 nos
795 3131 831 3161 de
839 3131 901 3169 jure
915 3130 1036 3170 spectare
1071 3129 1181 3167 eberet,
1199 3128 1248 3159 ad-

187 3169 244 3198 huc
258 3178 297 3198 no
320 3169 340 3198 is
357 3178 417 3198 non
432 3168 568 3206 restituit,
586 3168 623 3198 set
644 3170 673 3198 in
690 3178 795 3206 partem
811 3170 888 3200 suam
910 3168 1002 3199 adhuc
1023 3169 1129 3198 retinet.
1169 3168 1248 3198 Alios

187 3207 270 3237 etiam
285 3206 422 3245 Barones,
435 3206 471 3237 de
484 3207 573 3237 Terra
587 3206 681 3237 nostra
693 3208 826 3246 fugitivos
841 3218 873 3239 ac
895 3207 1017 3246 felones,
1035 3206 1083 3247 qui
1097 3206 1248 3236 machinati

186 3244 298 3275 fuerunt
311 3246 340 3275 in
358 3254 481 3276 mortem
496 3245 637 3283 nostram,
654 3246 684 3275 in
698 3246 786 3276 Terra
801 3247 844 3277 sua
859 3254 980 3284 receptat
995 3268 1005 3284 ,
1026 3246 1122 3284 juvat,
1141 3245 1174 3275 &
1190 3254 1249 3274 ma-

185 3292 327 3327 nutenet,
351 3292 450 3314 contra
470 3283 594 3313 formam
613 3284 687 3321 pacis
707 3283 890 3322 supradi&am
906 3308 916 3323 ,
940 3294 1000 3315 non
1020 3282 1148 3313 obstante
1170 3284 1248 3321 quod

188 3321 291 3357 praedas
305 3332 334 3351 in
347 3322 442 3352 Terris
460 3321 560 3352 nostris
581 3323 724 3360 ceperint,
743 3324 896 3354 homicidia
911 3346 920 3362 ,
948 3322 1077 3353 incendia
1095 3321 1249 3353 commise-

187 3369 251 3389 runt
259 3383 267 3398 ,
289 3361 322 3390 ὃς
334 3360 425 3391 adhuc
439 3371 499 3390 non
511 3360 616 3391 cessant
629 3361 720 3391 facere
732 3362 894 3391 conlimilia.

225 3396 278 3435 Et,
295 3399 359 3430 licet
374 3399 474 3429 litteras
488 3399 645 3429 Sandtitatis
663 3399 763 3429 vestrae
785 3400 988 3439 supplicatorias
1003 3399 1154 3436 receperit,
1172 3399 1250 3438 quod

186 3434 307 3466 formam
327 3439 401 3476 pacis
420 3436 602 3477 supradictam
621 3437 750 3467 observet
764 3460 774 3475 ,
806 3449 924 3476 quarum
945 3439 1097 3468 litterarum
1118 3446 1247 3468 tenorem

186 3471 263 3501 idem
279 3474 345 3518 lator
359 3476 535 3515 praesentium
550 3476 694 3506 Sanffitati
709 3475 807 3506 vestrae
821 3479 922 3517 poterit
934 3477 1064 3507 exhibere
1098 3484 1192 3506 tamen
1207 3477 1248 3506 ob

188 3520 368 3578 {exerrentiam
387 3514 550 3545 earumdem
563 3537 573 3553 ,
597 3515 682 3553 usque
695 3515 729 3545 ad
746 3515 808 3545 haec
823 3524 948 3556 tempora
959 3539 969 3554 ,
988 3499 1080 3546 nichil
1090 3514 1180 3545 facere
1199 3524 1250 3545 cu-

203 3559 217 3578 a
238 3559 245 3577 1
261 3572 267 3577 .

228 3586 316 3624 Item,
333 3590 408 3633 quod
422 3591 502 3621 nobis
516 3591 694 3629 periculosius
705 3591 761 3630 est,
780 3600 864 3622 vocat
877 3602 927 3622 nos
940 3592 974 3623 ad
986 3592 1084 3622 locum
1097 3592 1181 3622 nobis
1195 3592 1251 3621 mi-

190 3634 242 3654 nus
256 3633 364 3664 tutum,
382 3637 451 3658 inter
463 3630 588 3669 capitales
603 3629 713 3659 nostros
727 3632 858 3661 inimicos
872 3654 882 3668 ,
907 3632 940 3661 ὅ(
956 3632 1078 3661 maxime
1098 3630 1248 3668 fugitivos,

190 3663 225 3692 δε
244 3662 346 3692 felones
363 3665 548 3706 supradictos,
575 3668 610 3698 ad
624 3668 785 3698 faciendum
805 3669 855 3699 sibi
873 3670 1040 3708 homagium
1054 3691 1064 3706 ,
1085 3669 1119 3699 &
1134 3668 1249 3698 fidelita-

190 3708 257 3768 263¹}
259 3722 279 3766 {i
287 3700 327 3774 31)ιέ
329 3711 417 3768 r<i31cielrn
430 3704 527 3735 locum
539 3706 617 3737 nullo
633 3706 724 3737 modo
739 3706 870 3737 accedere
890 3707 1032 3749 polsemus
1048 3708 1105 3737 fine
1121 3707 1249 3747 corp0r1s

370 3750 385 3769 u
396 3750 424 3769 0.

228 3775 264 3805 Et
278 3775 382 3818 licet-in
399 3779 537 3814 prcesentia
550 3781 594 3812 sua
615 3783 691 3812 binte
710 3783 860 3824 propositae
877 3784 989 3815 fuissent
1003 3783 1193 3814 excusationes
1206 3781 1249 3812 su-

191 3823 240 3857 Pes
255 3814 414 3857 praemlssp‘,
433 3824 525 3861 tamen
539 3820 644 3849 easdem
662 3821 809 3852 admittere
822 3845 831 3860 ,
857 3822 901 3852 seu
924 3823 1022 3852 locum
1041 3830 1135 3853 tutum
1150 3820 1184 3850 ad
1206 3820 1248 3850 fa-

190 3852 324 3896 Gefldum
338 3851 387 3881 11b¹
400 3852 562 3895 homagium
576 3858 607 3887 ὅ(
621 3858 780 3901 fidelitatem
793 3861 875 3890 nobis
886 3861 1018 3899 assignare
1030 3861 1175 3890 recusavit:
1185 3867 1250 3896 quae

191 3890 308 3933 quidem
323 3898 406 3930 parati
421 3890 512 3921 sumus
527 3894 630 3935 facere,
646 3906 674 3925 in
693 3899 815 3927 omnino
829 3898 896 3928 loco
910 3907 972 3928 tuto
985 3922 995 3936 ,
1020 3908 1070 3936 per
1085 3897 1175 3935 ipsum
1196 3905 1249 3925 no-

191 3929 233 3958 bis
248 3927 426 3967 assignando,
444 3929 513 3958 dum
526 3931 580 3966 ipse
588 3932 725 3964 Articulos
744 3936 772 3964 in
785 3936 923 3974 praemiffii
938 3936 1031 3966 forma
1043 3937 1118 3976 pacis
1130 3942 1250 3965 conten-

190 3974 234 3997 tos
246 3966 380 3999 observet.
419 3965 457 3997 Et
470 3967 547 4006 quod
561 3970 754 4009 transgressum
769 3974 850 4005 fuerit
868 3982 966 4005 contra
982 3974 1124 4005 Articulos
1137 3980 1250 4003 memo-

651 121 1456 176 ,CONVENTIONES,
1512 121 1898 176 LITERAE,

186 239 193 245 ·
209 212 656 286 quarinugdfflumI-iumfridum
670 211 704 242 ad
717 209 850 242 officium
863 209 1051 250 praedictum,
1068 208 1088 239 si
1103 208 1211 247 placet,
1230 218 1274 239 re-

154 278 160 283 ·
209 268 236 288 ci
275 267 304 287 re
337 264 478 295 ignemini.

1312 216 1385 278 {205
1399 211 1535 279 cogngatl,
1552 211 1585 241 &
1599 211 1619 242 fi
1630 221 1694 253 quae
1707 213 1742 244 de
1754 214 1819 253 illis,
1835 224 1900 254 quae
1909 213 1942 244 ad
1956 222 2007 244 nos
2020 213 2143 254 spectare
2155 213 2276 254 debent,
2294 214 2374 247 defu..

1354 259 1372 277 n
1390 271 1399 286 ,
1416 259 1432 278 a
1452 258 1511 288 imp
1520 257 1572 279 eat.

1349 286 1386 317 Et
1401 288 1464 325 quia
1476 297 1536 331 non
1550 288 1654 327 placuit
1666 290 1758 320 eidem
1772 290 1907 321 Domino
1921 290 1996 330 Regi
2008 290 2141 322 accedere
2154 291 2189 322 ad
2203 291 2321 331 locum,
2339 293 2374 323 ad

1313 334 1400 369 quern
1415 326 1498 369 nobis
1519 335 1623 370 pateret
1638 336 1711 358 tutus
1724 329 1846 359 acceffus
1859 352 1869 368 ,
1892 337 1923 359 ut
1946 330 2112 369 homagium
2133 331 2183 361 sibi
2202 330 2354 361 faceremus
2365 354 2376 370 ‚

1312 363 1528 411 supplicavimus
1543 365 1635 395 eidem
1648 367 1725 404 quod
1743 369 1864 398 mitteret
1877 367 1911 398 ad
1923 378 1974 398 nos
1989 369 2093 409 aliquos
2111 367 2146 398 de
2159 369 2211 399 suis
2246 370 2294 408 qui
2307 369 2377 400 fide-

1312 400 1419 445 litatem
1433 413 1448 432 a
1463 403 1543 432 nobis
1556 405 1724 447 reciperent,
1762 405 1884 445 uousque
1897 407 2091 445 provideretur
2102 407 2185 437 nobis
2222 408 2316 438 eloco
2329 416 2373 438 tu-

1312 447 1360 478 to,
1380 450 1408 484 in
1422 450 1481 478 quo
1493 440 1669 486 personaliter
1683 453 1740 482 prae
1754 453 1800 474 ato
1814 443 1950 475 Domino'
1962 445 2038 485 Regi
2051 445 2142 476 facere
2160 446 2303 483 possemus
2318 447 2373 477 ho-

1312 486 1343 507 m
1380 488 1452 522 iuml:
1473 479 1551 523 quod
1565 489 1672 519 penitus
1685 483 1775 512 facere
1788 482 1943 521 denegavit.

1375 525 1386 546 t
1401 527 1465 554 quia
1478 527 1610 549 timemus
1624 541 1633 558 ,
1652 520 1729 558 quod
1746 521 1821 551 idem
1835 521 1981 552 Dominus
2000 520 2066 551 Rex
2083 522 2222 562 praemissa
2240 522 2324 563 facit,
2342 532 2374 555 ut

1311 555 1492 599 occasionem
1506 565 1610 601 quaerat
1621 557 1777 589 divertendi
1790 560 1804 589 a
1825 560 1919 590 forma
1938 560 2013 600 pacis
2033 560 2186 600 supradicta
2200 584 2211 600 ,
2235 562 2264 592 in
2279 570 2373 593 totum

1310 602 1371 622 non
1386 593 1447 638 plus
1458 596 1639 639 intelligentes
1650 597 1779 634 expedire
1792 607 1957 637 occurrere,
1972 599 2057 637 quam
2071 598 2135 637 post
2148 601 2297 638 negotium
2310 601 2374 631 vul-

1313 640 1432 675 nerantis
1448 634 1622 678 remedium,
1640 634 1674 665 ad
1690 636 1772 673 pedes
1786 636 1942 667 sanctitatis
1958 637 2055 668 vestrae
2070 638 2213 676 provoluti
2226 637 2377 669 Excellen-

1311 677 1357 700 tiae
1371 671 1471 714 vestrae
1482 693 1493 709 ,
1516 682 1598 702 omni
1614 673 1668 711 qua
1703 674 1828 704 ossiimus
1847 674 2020 715 devotione,
2046 675 2227 716 suplicamuS,
2244 678 2374 717 quatinus

1311 709 1486 753 remedium,
1505 711 1582 755 quod
1595 711 1677 742 secun
1699 722 1748 742 um
1760 713 1859 743 Deum
1873 714 2000 753 expedire
2012 715 2169 754 videretur,
2187 716 2206 746 si
2219 716 2320 746 vestrae
2333 715 2374 746 se-

1311 746 1381 791 derit
1395 748 1552 792 voluntati,
1569 750 1706 794 praedjeto
1721 752 1838 791 negotio
1851 753 1956 789 apponi
1969 752 2073 783 faciatis
2086 765 2096 792 3
2122 762 2229 792 partem
2243 755 2260 784 a
2278 755 2372 785 forma

1312 795 1388 823 pacis
1408 786 1570 827 supradffitae
1584 789 1683 819 resihre
1704 790 1847 820 volentem
1867 791 1900 820 ad
1918 791 2139 823 observationem
2157 793 2278 831 ejusdem
2300 803 2373 824 con-

1310 825 1457 862 pellendo:
1477 826 1662 870 attendentes,
1680 828 1700 858 si
1713 828 1812 858 vestrae
1830 828 1928 859 sederit
1945 829 2079 860 sanctitati
2094 853 2104 869 ‚
2130 840 2231 869 quanta
2249 832 2373 869 pericula

1311 864 1394 894 rebus
1409 864 1442 894 &
1461 865 1583 907 personis
1604 866 1776 908 populorum
1797 867 1972 897 Walensium
1993 868 2026 899 ὃς
2045 869 2205 909 Anglorum
2225 871 2374 900 imminere

1311 910 1443 970 &terunt
1456 926 1465 940 ,
1489 905 1508 932 {i
1519 907 1679 946 *occasione
1706 903 1808 935 formae
1832 906 1906 943 pacis
1932 906 2095 944 supradietae
2121 918 2180 938 non
2202 908 2374 947 observatae,

1346 951 1422 971 uerra
1434 941 1467 971 &
1482 941 1660 986 Discordiae,
1676 942 1754 982 quod
1770 942 1849 973 Deus
1863 953 1966 975 avertat
2001 953 2072 976 ortae
2084 945 2197 976 fuerunt
2208 947 2243 976 de
2256 957 2345 978 novo.

1345 979 1383 1010 Et
1395 989 1459 1019 quia
1470 980 1616 1011 constituti
1631 980 1722 1011 sumus
1735 982 1763 1011 in
1780 983 1918 1021 partibus,
1933 984 1948 1012 a
1961 967 2049 1014 Curia
2066 984 2157 1015 vestra
2171 984 2226 1016 ado
2239 987 2372 1025 remotis,

1309 1019 1466 1063 quodtn'on*
1474 1027 1549 1056 patet
1563 1020 1645 1050 nobis
1657 1020 1781 1051 acceffus
1795 1019 1829 1050 ad
1844 1019 1963 1051 Curiam
1980 1021 2101 1052 vestram
2115 1045 2126 1061 ,
2151 1023 2202 1054 nisi
2217 1034 2267 1062 per
2279 1023 2368 1062 Capi-

1309 1056 1373 1087 tales
1387 1067 1518 1088 inimicos
1530 1058 1639 1088 nostros
1652 1081 1662 1096 ,
1685 1060 1734 1098 qui
1747 1059 1766 1078 ²*
1783 1059 1867 1089 etiarn
1879 1060 2017 1090 maritima
2030 1060 2210 1100 custodiunt,
2225 1072 2261 1093 ne
2273 1063 2367 1094 transi-

1309 1102 1351 1125 tus
1366 1106 1416 1135 per
1429 1096 1528 1127 eadem
1543 1097 1625 1127 nobis
1639 1104 1729 1135 pateat
1743 1096 1777 1127 ad
1792 1096 1909 1128 Curiam
1929 1097 1957 1127 su
1979 1097 2128 1138 radietam,
2145 1108 2370 1140 quantacumque

1309 1135 1391 1165 nobis
1403 1136 1569 1174 gravaminis
1584 1136 1732 1175 inferatur,
1750 1135 1896 1166 San-{titati
1911 1146 1946 1166 ve
1973 1146 2012 1166 rae
2030 1136 2154 1176 placeat,
2170 1139 2247 1177 quod
2262 1139 2372 1179 nullus,

1308 1174 1461 1210 praedicans
1476 1173 1512 1203 de
1525 1174 1608 1204 nobis
1621 1174 1742 1212 sinistra,
1759 1175 1804 1204 seu
1817 1183 1914 1204 contra
1928 1174 2035 1205 dietam
2047 1175 2169 1206 formam
2183 1178 2257 1215 pacis
2268 1178 2372 1217 aliquid

1307 1221 1359 1242 nos
1371 1213 1455 1252 egisse
1471 1212 1654 1251 exaudiatur,
1677 1223 1731 1243 nec
1753 1213 1853 1252 aliquid
1870 1222 1968 1244 contra
1988 1223 2041 1244 nos
2059 1214 2217 1245 exaudiatur
2231 1238 2242 1254 ,
2268 1227 2375 1255 quous-

1307 1260 1343 1280 ue
1356 1261 1404 1288 per
1416 1251 1538 1289 aliquem
1559 1251 1709 1282 discretum
1729 1252 1763 1283 &
1777 1251 1888 1282 fidelem
1899 1275 1908 1290 ‚
1934 1253 2099 1290 cognitione
2112 1254 2268 1292 praemissa,
2291 1258 2376 1296 parti-

1307 1289 1358 1319 bus
1371 1290 1405 1320 ad
1419 1291 1517 1320 locum
1531 1298 1624 1320 tutum
1645 1291 1753 1321 vocatis
1767 1313 1777 1329 ,
1799 1291 1881 1320 vobis
1896 1289 1929 1320 ad
1951 1291 2067 1328 plenum
2090 1291 2246 1323 constiterit
2266 1292 2301 1324 de
2322 1305 2374 1325 ne-

1305 1329 1568 1398 gotiolmemorato.
1613 1328 1771 1360 Conservet
1789 1338 1840 1359 vos
1856 1328 2012 1360 Altiffimus
2024 1328 2157 1361 Ecclefiae
2169 1330 2225 1361 suae
2238 1341 2287 1372 per
2297 1341 2372 1364 tem-

1303 1376 1372 1406 pora
1396 1376 1477 1406 onga.

1341 1447 1409 1479 Dat.
1423 1447 1496 1486 apud
1509 1447 1655 1489 Treschyn
1669 1447 1751 1478 tertio
1763 1446 1829 1478 Idtis
1841 1448 2028 1488 Septembris,
2043 1458 2118 1480 anno
2126 1448 2249 1482 Domini
2268 1461 2351 1491 1275.

1301 1583 1351 1615 De
1378 1579 1615 1615 contentionibus
1637 1583 1715 1612 inter
1740 1582 1927 1613 Mercatores
1955 1578 2155 1624 Londonenfig
2175 1583 2213 1618 (ῥ’
2235 1584 2368 1618 Merca-

1710 1638 1786 1662 tores
1803 1626 1955 1663 Sclandiae.

1300 1721 1354 1775 R
1362 1721 1388 1752 E
1397 1720 1428 1752 X
1447 1719 1554 1751 dilecto
1567 1720 1601 1751 &
1616 1718 1693 1750 fideli
1707 1718 1773 1757 suo,
1791 1717 1935 1760 Stephano
1947 1718 1983 1750 de
1991 1717 2167 1753 Penecestria
2174 1745 2184 1762 ,
2202 1722 2366 1756 Constabu.

1363 1760 1430 1790 lario
1446 1758 1537 1790 Castri
1552 1759 1721 1797 Dovorriae,
1738 1758 1888 1790 salutem...

1339 1799 1433 1838 Quia,
1452 1808 1485 1828 ex
1499 1798 1585 1828 relatu
1600 1796 1656 1828 fide
1674 1797 1843 1836 dignorum,
1862 1796 2047 1827 intelleximus
2061 1820 2072 1836 ,
2097 1799 2175 1838 quod
2192 1799 2364 1833 Malefagto.

1299 1848 1341 1868 res
1375 1837 1552 1877 uamplurimi
1565 1836 1600 1866 de
1613 1836 1736 1877 partibus
1747 1835 1900 1873 Selandiae,
1915 1845 1984 1866 cum
2019 1838 2211 1869 uatuordecim
2225 1839 2315 1879 Cogis
2329 1842 2363 1872 &

1299 1848 1433 1915 amplius,
1451 1876 1600 1906 occasione
1615 1874 1757 1913 cujusdam
1772 1875 1964 1905 contentionis
1978 1896 1988 1912 ‚
2031 1875 2114 1906 abitae
2129 1877 2202 1907 inter
2217 1876 2364 1910 Mercato-

1299 1926 1341 1946 res
1355 1915 1465 1946 nostros
1481 1914 1683 1945 Londonenses
1695 1913 1728 1944 &
1742 1912 1920 1944 Mercatores
1938 1912 2074 1944 Selandiae
2086 1937 2096 1952 ,
2117 1925 2167 1954 per
2184 1925 2263 1946 mare
2281 1918 2311 1948 vi
2329 1918 2363 1949 &

1299 1955 1382 1984 armis
1397 1953 1575 1992 incedentes,
1595 1952 1802 1983 Mercatoribus
1817 1951 1917 1983 nostris
1930 1952 2071 1991 praedietis
2084 1975 2095 1991 ,
2119 1953 2153 1984 &
2165 1954 2223 1984 aliis
2233 1954 2269 1985 de
2283 1955 2364 1997 Reg-

1301 2003 1342 2024 no
1358 1992 1457 2024 nostro
1471 1992 1604 2023 insideant
1616 1992 1649 2022 ad
1664 1991 1881 2031 depraedationes
1894 1991 1973 2028 super
1988 1990 2058 2028 ipsos
2077 1992 2108 2022 in
2127 1994 2197 2023 mari
2211 1993 2366 2035 faciendas,

1300 2041 1349 2069 per
1364 2042 1430 2071 quas
1440 2030 1580 2069 dispendia
1595 2031 1628 2061 &
1642 2029 1827 2061 incommoda
1843 2029 2035 2060 intollerabilia
2047 2052 2057 2068 ,
2080 2030 2158 2069 quod
2171 2032 2240 2063 abiit
2252 2056 2263 2072 ,
2284 2041 2367 2074 pote-

1301 2080 1365 2101 runt
1380 2071 1546 2109 provenire,
1564 2069 1614 2100 nifi
1630 2078 1729 2100 eorum
1743 2069 1853 2099 malitiis
1867 2069 1948 2099 citius
1961 2068 2108 2098 obvietur:

1338 2109 1429 2140 Vobis
1443 2108 1610 2139 mandamus
1621 2108 1699 2147 quod
1718 2107 1810 2137 modis
1830 2108 1964 2138 omnibus
1977 2130 1987 2146 ,
2007 2107 2108 2146 quibus
2129 2108 2211 2138 caute
2225 2111 2369 2150 poteritis,

1300 2146 1458 2187 investigari
1479 2148 1584 2178 faciatis
1605 2146 1683 2184 super
1702 2145 1847 2184 praemiffis
1866 2145 1973 2184 plenius
1993 2146 2140 2177 veritatem
2153 2169 2164 2185 ,
2186 2147 2220 2178 δε
2243 2147 2367 2181 Barones

1300 2186 1412 2216 nostros
1425 2187 1549 2226 quinque
1561 2185 1700 2216 Portuum
1713 2183 1876 2214 nostrorum
1898 2184 1978 2222 super
1997 2184 2054 2214 hoc
2076 2185 2238 2222 praemuniri
2252 2198 2262 2224 3
2285 2187 2320 2218 &
2334 2189 2366 2219 in

1320 2226 1411 2265 ropria
1426 2225 1541 2263 persona
1555 2223 1646 2255 vestra
1664 2222 1784 2253 Barones
1798 2223 1910 2253 nostros
1932 2222 2082 2260 praedictos
2096 2222 2195 2254 adeatis
2207 2247 2217 2263 ,
2241 2235 2308 2256 cum
2326 2228 2367 2257 eis

1310 2273 1377 2301 uper
1393 2262 1536 2303 praemissis
1556 2262 1733 2300 colloquium
1754 2261 1894 2300 habituri,
1918 2262 1952 2292 ὃ(
1973 2260 2038 2291 inde
2054 2261 2089 2292 de
2106 2261 2230 2299 ipsorum
2244 2265 2365 2296 consilio

1298 2302 1356 2333 fieri
1371 2302 1474 2332 faciatis
1489 2301 1567 2340 quod
1582 2300 1671 2332 vestra
1682 2300 1811 2331 discretio
1827 2301 1913 2339 magis
1926 2299 2027 2331 viderit
2040 2300 2179 2338 expedire.

1335 2340 1487 2371 Mittemus
1509 2349 1605 2371 autem
1626 2340 1714 2369 literas
1737 2338 1843 2368 nostras
1865 2340 1901 2369 de
1925 2338 2068 2369 credentia
2092 2338 2245 2370 Batonibus
2262 2340 2364 2372 nostris

1298 2379 1454 2418 praedietis,
1473 2387 1503 2409 ut
1515 2379 1596 2409 vobis
1609 2379 1637 2408 in
1650 2378 1717 2415 hiis,
1736 2387 1801 2414 quae
1814 2378 1851 2406 eis
1864 2387 1898 2407 ex
1915 2385 1993 2414 parte
2007 2376 2103 2407 nostra
2118 2376 2237 2408 dixeritis
2249 2379 2277 2410 in
2290 2389 2364 2419 prae-

1298 2417 1400 2456 missis,
1415 2417 1543 2456 credant,
1561 2418 1594 2449 &
1609 2427 1641 2448 ea
1653 2426 1701 2455 per
1714 2415 1851 2446 effectum
1866 2416 1958 2454 operis
1970 2415 2074 2447 faciant
2087 2414 2241 2457 adimpleri.

1333 2499 1423 2530 Teste
1438 2498 1520 2540 Rege
1533 2497 1607 2536 apud
1621 2495 1768 2528 Acheston
1782 2504 1833 2537 23.
1846 2495 1892 2528 die
1906 2496 2088 2537 Septembris.

1293 2635 1401 2665 Litera
1413 2658 1423 2673 ‚
1442 2643 1497 2678 per
1515 2643 1610 2678 quam
1627 2631 1800 2676 Capitulum
1822 2632 1945 2676 Aquen.
1976 2629 2105 2672 Ecclefiae
2124 2627 2314 2664 Cathedralis
2330 2635 2364 2664 in

1340 2680 1505 2724 Vastwia,
1532 2683 1723 2725 conqueritur
1746 2681 1820 2724 Regi
1839 2681 1970 2711 Franciae
1985 2704 1996 2720 ,
2029 2676 2111 2723 quod
2136 2679 2253 2712 Balliva·
2272 2683 2364 2726 Ragis

1339 2729 1456 2775 Angliae
1473 2737 1613 2775 occupant
1627 2725 1703 2760 bona
1718 2727 1782 2771 ejus
1797 2726 1887 2758 Eccle
1896 2739 1937 2760 με.

1358 2816 1586 2848 Xcellentiffimo
1603 2815 1653 2846 suo
1675 2813 1810 2845 Domino
1822 2836 1832 2852 ,
1856 2813 1890 2844 &
1916 2813 2052 2845 Ecclefiae
2071 2812 2190 2845 Brachio
2210 2813 2356 2854 singulari,

1360 2855 1495 2886 Domino
1510 2854 1583 2885 Phili
1623 2864 1659 2892 ο,
1678 2853 1736 2883 Dei
1753 2853 1855 2892 gratia,
1873 2851 1950 2892 Regi
1970 2852 2144 2883 Francorum
2158 2876 2169 2892 ,
2190 2851 2234 2882 Ca
2255 2854 2355 2884 itulum

1293 2894 1422 2935 Aquense
1433 2893 1567 2924 Ecclesiae
1609 2891 1751 2924 athedralis
1764 2892 1794 2922 in
1807 2890 1947 2922 Vasconis
1960 2913 1970 2929 ,
1993 2891 2107 2923 salutem
2122 2901 2190 2922 cum
2203 2892 2238 2922 de
2260 2893 2298 2923 ita
2311 2902 2354 2923 re-

1290 2935 1414 2964 verentia
1425 2933 1459 2963 &
1474 2932 1592 2962 honore.

1328 2972 1421 3009 Non,
1440 2971 1497 3001 sine
1510 2972 1587 3010 gravi
1601 2970 1694 3001 cordis
1712 2968 1895 2999 amaritudine
1907 2991 1918 3007 ,
1942 2966 2143 2999 Dominationi
2157 2967 2259 3000 vestrae
2276 2970 2354 3009 cogi-

1290 3020 1354 3042 mur
1367 3012 1496 3042 intimare
1512 3008 1590 3047 quod
1603 3032 1613 3047 ,
1636 3007 1749 3046 praefata
1768 3006 1894 3038 Ecclesia
1912 3005 2008 3037 nostrii
2023 3029 2033 3045 ,
2053 3007 2115 3045 jam
2129 3007 2187 3037 fere
2206 3017 2255 3045 per
2269 3008 2355 3038 trien-

1289 3051 1368 3080 nium
1382 3073 1391 3088 ,
1414 3048 1528 3088 pastoris
1547 3049 1685 3087 regimine
1703 3045 1831 3077 destituta
1846 3069 1856 3084 ,
1880 3045 2020 3085 praepositi
2040 3045 2074 3076 δε
2095 3045 2191 3077 Ballivi
2209 3045 2356 3077 Senescalli

1290 3088 1378 3128 Regis
1393 3087 1521 3127 Angli-ae,
1540 3087 1580 3117 ibi
1591 3096 1644 3126 pro
1657 3094 1786 3123 tempore
1805 3084 1965 3122 existentes,
1983 3084 2096 3123 immo,
2115 3084 2195 3123 quod
2214 3083 2256 3114 est
2277 3084 2356 3116 dete-

1290 3128 1361 3165 rius,
1376 3126 1490 3157 illorum
1508 3125 1596 3156 Garci
1608 3148 1618 3164 ,
1644 3123 1690 3154 seu
1706 3123 1850 3153 servientes
1873 3123 1947 3153 bona
1962 3121 2136 3162 Episcopalia
2151 3121 2299 3162 Capituli,
2322 3133 2357 3154 ac

1291 3166 1406 3197 aliarum
1419 3163 1609 3195 Ecclesiamm
1623 3162 1659 3193 de
1672 3161 1790 3192 Diocesi
1802 3162 1964 3202 temporalia
1978 3184 1988 3200 ,
2033 3171 2066 3191 ro
2083 3161 2138 3191 suae
2152 3162 2302 3192 voluntatis
2311 3172 2356 3193 ar-

1289 3205 1394 3242 bitrio,
1411 3202 1545 3241 diripiunt
1557 3203 1590 3233 &
1609 3200 1802 3238 consumunt,
1827 3200 1988 3231 invadentes
2033 3198 2142 3230 cclesias
2162 3200 2195 3231 &
2208 3201 2293 3231 etiarn
2311 3202 2357 3232 in-

1290 3243 1457 3283 fringentes,
1475 3243 1615 3278 capientes
1630 3239 1758 3269 Clericos
1771 3262 1780 3277 ,
1806 3239 1839 3270 &
1853 3239 1959 3270 diversa
1978 3239 2105 3268 enormia
2124 3239 2357 3278 committentes,

1291 3291 1355 3320 quae
1367 3291 1427 3310 non
1442 3279 1585 3316 possemus
1598 3288 1646 3316 per
1659 3278 1760 3316 singula
1773 3287 1899 3308 enarrare
1913 3301 1924 3316 ,
1947 3286 2046 3308 contra
2066 3276 2202 3307 libertates
2216 3276 2357 3310 Ecclefia-

1291 3321 1371 3351 sticas
1385 3319 1528 3349 venientes
1537 3340 1546 3354 ,
1561 3317 1595 3348 δε
1607 3316 1749 3347 sententias
1764 3316 1895 3347 Ecclesiae
1908 3315 2030 3346 totaliter
2044 3324 2288 3355 contempnentes.

1328 3357 1407 3388 Cum
1420 3358 1503 3396 igitur
1517 3356 1660 3386 Dominus
1674 3355 1837 3386 Amanenus
1851 3354 1887 3384 de
1903 3354 2042 3385 Pomeriis
2055 3377 2064 3392 ‚
2088 3353 2215 3384 Vicarius
2229 3353 2355 3392 ejusdem

1289 3396 1442 3434 Ecclefiae,
1460 3394 1531 3425 Sede
1544 3402 1679 3432 vacante,
1698 3394 1731 3424 ὃ(
1745 3404 1797 3424 nos
1811 3403 1844 3424 ex
1858 3393 1940 3423 dietis
1955 3393 2165 3432 gravaminibus
2178 3392 2213 3423 ad
2231 3392 2352 3424 vestram

1290 3435 1450 3467 duxerimus
1463 3432 1631 3464 audientiam
1645 3432 1856 3472 appellandum,
1874 3433 1908 3463 ὃ(
1922 3432 1997 3463 bona
2012 3432 2068 3471 ipsa
2082 3430 2184 3462 vestrae
2196 3431 2354 3462 donationis

1290 3473 1418 3514 praesidio
1431 3470 1669 3509 submittendum,

1328 3510 1470 3550 Majestati
1490 3508 1592 3540 vestrae
1613 3511 1696 3549 regiae
1716 3509 1858 3540 humiliter
1876 3507 2062 3548 supplicamus
2082 3508 2209 3547 quatinus
2228 3505 2351 3538 eundem

1290 3552 1436 3582 Vicarium
1482 3557 1568 3587 quem
1582 3547 1616 3577 ad
1631 3547 1856 3587 prosequendum
1877 3546 2011 3585 praediffli
2026 3555 2125 3576 coram
2147 3545 2238 3575 vestra
2258 3544 2289 3574 R
2326 3543 2352 3574 ’ἃ

1292 3588 1438 3626 Maiestate
1449 3571 1668 3617 Procuratorem
1684 3586 1814 3617 nostrum
1828 3585 2024 3616 constituimus
2032 3606 2042 3622 ,
2057 3583 2245 3614 favorabiliter
2258 3583 2287 3612 in
2312 3582 2352 3611 uis

1290 3627 1470 3666 petitionibus
1479 3624 1605 3655 audiatis:
1627 3626 1660 3656 &
1672 3635 1714 3655 eas
1727 3624 1796 3663 juste
1809 3624 1844 3655 ad
1859 3622 2040 3654 exauditionis
2057 3622 2174 3660 gratiam
2187 3620 2352 3657 admittaris3

1289 3666 1391 3702 taliter,
1410 3663 1509 3694 divino
1519 3664 1636 3699 intuitu,
1655 3664 1729 3694 circa
1742 3664 1799 3694 hoc
1813 3673 1864 3694 vos
1877 3662 2025 3699 habentes,
2041 3659 2118 3700 quod
2132 3660 2225 3690 honor
2237 3657 2351 3701 Sanfstae

1289 3703 1390 3734 Matris
1402 3701 1536 3732 Ecclesiae
1583 3701 1676 3732 vestro
1696 3702 1836 3732 mediante
1855 3699 1976 3731 subsidio
1988 3722 1998 3739 ,
2023 3709 2084 3729 non
2099 3699 2186 3728 valeat
2205 3695 2350 3734 deperire,

1307 3743 1351 3809 uli?
1368 3742 1424 3808 jatrjn
1446 3741 1477 3770 in
1498 3724 1599 3770 nostris
1620 3741 1742 3779 partibus
1762 3739 1894 3780 Princeps
1916 3738 2130 3769 Provinciarurn
2150 3734 2223 3774 quasi
2245 3734 2292 3765 fita
2308 3733 2350 3765 est

1305 3790 1321 3810 u
1356 3787 1390 3809 tri
1413 3785 1470 3808 uto.

1330 3818 1348 3836 '¹‘
1364 3817 1440 3847 Bene
1454 3816 1488 3847 &
1502 3816 1550 3847 diu
1565 3817 1654 3848 valeat
1667 3816 1757 3848 vestra
1769 3816 1860 3854 Regia
1877 3813 2026 3853 Magestas.
2139 3849 2144 3854 Π

1326 3855 1359 3885 In
1371 3864 1491 3923 quodum
1512 3855 1706 3886 testimonium
1725 3854 1854 3894 Sigillum
1874 3853 2003 3883 nostrum
2023 3847 2198 3890 praesentibus
2219 3847 2351 3881 duximus

1291 3905 1307 3925 a
1367 3903 1421 3923 nen
1443 3903 1500 3923 um.

1308 3904 1327 3933 P
1361 3939 1396 3962 at.
1417 3931 1511 3976 Aquis.
1531 3931 1578 3962 die
1598 3932 1714 3964 Sabbati
1732 3929 1797 3970 post
1817 3928 1935 3961 Festum
1949 3926 2022 3958 beati
2044 3924 2135 3956 Lucae
2150 3923 2353 3966 Evangelistae‚

1289 3980 1367 4003 anno
1382 3969 1507 4001 Domini
1523 3978 1606 4011 ¹275-
2308 4005 2353 4032 De

2390 211 2467 244 Arm.
2483 210 2529 246 DJ
2562 220 2567 230 ¹

2415 260 2497 290 1275.

2391 292 2458 319 Edv.
2480 301 2504 318 1.

2383 1062 2508 1101 *11595

2384 1725 2462 1757 Ann.
2478 1726 2521 1760 D.

2405 1774 2487 1805 1275.

2382 1807 2440 1832 An.
2454 1814 2481 1842 3.

2381 1846 2412 1870 Ε.
2433 1852 2469 1879 ι.Δ

2381 1885 2436 1909 Rot.

2381 1919 2467 1957 Claus.
2490 1930 2518 1958 3.

2382 1960 2412 1985 Ε.
2430 1967 2453 1985 i.

2383 2006 2420 2026 m.
2429 2005 2458 2034 5.
2471 1996 2497 2026 Δ.

2374 2815 2450 2846 Ann.
2468 2815 2511 2847 D.

2397 2863 2482 2893 1275.

2371 2897 2424 2921 An.
2451 2904 2478 2930 3.

2373 2936 2403 2960 E.
2422 2941 2447 2958 i.

2373 2974 2404 2998 L.
2417 2973 2447 2997 Β.
2454 2969 2482 3006 f.

2376 3017 2439 3045 307.
2452 3007 2480 3035 b.

2374 3051 2446 3074 Penes

2374 3086 2510 3120 Camertir,v

2369 3817 2387 3836 ⁴
2402 3816 2441 3846 11.
2455 3817 2506 3846 6ο.
