2570 4261
0 269 53 292 m.
66 259 108 290 D.

0 308 90 369 22⁹?

0 556 113 593 1L848.

19 3341 97 3373 Ann.
107 3338 154 3370 D.

41 3388 126 3417 1299.

18 3422 71 3447 An.
88 3427 134 3453 27.

19 3461 51 3484 Ε.
75 3466 97 3483 ι.

19 3499 61 3522 Ex
75 3497 133 3522 Au-

18 3539 85 3570 ngr.

25 3806 42 3825 *
51 3804 160 3841 11.849.

746 171 780 211 13
817 171 857 211 '1'
938 173 977 213 ri
1016 173 1053 214 <3
1091 173 1131 214 ἹΓ
1169 176 1206 216 A&
1289 175 1320 215 Ι)
1359 176 1402 218 [J
1440 179 1472 219 13
1512 179 1544 220 1,
1582 180 1604 222 1'
1639 181 1678 223 (3
1715 182 1763 223 111

160 289 301 319 Recitavit
317 288 354 325 &¹
370 288 432 328 legit
449 289 539 320 verba
553 301 612 332 quae
620 289 781 332 fiquuntur.

154 365 188 395 N
203 365 337 396 Nomine
350 365 475 397 Domini
489 367 595 398 Amen.

193 404 274 435 Cum
295 405 442 435 Dominus
460 405 604 444 Johannes
618 405 654 436 de
669 404 806 446 Balliolo,
825 408 872 446 qui
887 406 933 439 hic
948 405 989 440 est
1005 409 1184 448 personaliter

122 451 223 472 coram
237 443 336 480 vobis,
354 444 512 474 reverendo
528 444 627 481 Patre,
647 445 778 475 Domino
798 446 943 485 Episcopo
966 448 1079 478 Vicent.
1103 450 1186 486 Apo-

123 479 233 510 stolicae
247 480 315 511 sedis
329 481 363 510 N
368 483 471 520 uncio,
490 481 627 521 Regnum
642 484 767 522 Scotiae,
785 494 863 522 cujus
879 486 1026 523 quondam
1048 486 1113 516 Rex
1136 496 1186 516 ex-

122 520 197 558 titit,
215 520 249 549 &
270 527 366 549 totum
383 520 442 557 jus,
461 521 538 557 quod
560 522 589 550 in
611 531 646 550 eo
667 522 781 559 habuit,
800 523 845 553 vel
866 527 899 553 ad
922 524 990 554 illud
1004 549 1014 563 ,
1034 524 1185 563 Regnique

122 557 253 595 praedicsti
272 557 290 576 ²*
308 558 462 595 populum,
481 559 514 588 ὃς
530 560 628 588 omnia
642 560 717 588 bona
730 560 790 598 sua,
810 571 862 598 pro
875 562 1017 592 nonnullis
1036 563 1186 600 transgres-

124 596 247 626 sionibus
268 595 302 625 ὃς
323 595 549 633 proditionibus,
568 597 720 635 magnifico
741 598 864 636 Principi
887 599 1021 631 Domino
1036 601 1185 639 Edvardm

124 633 184 664 Dei
198 634 304 672 gratia,
323 634 402 670 Regi
418 634 533 671 Angli-ae
547 634 644 664 illustri
654 658 662 673 ,
679 636 809 676 superiori
822 637 955 668 Domino
968 639 1017 668 suo
1033 641 1065 670 ὃς
1081 641 1185 669 inime—

124 671 221 710 diato‚
239 682 339 703 contra
358 673 528 709 homagium
551 672 631 702 suum
657 676 689 704 ὃς
704 674 838 705 fidelitatis
852 676 907 706 suae
922 677 1066 715 debitum,
1084 679 1186 707 imma-

129 711 203 741 niter
220 709 298 742 illatis
313 713 346 742 &
362 711 441 741 fac‘lis
455 720 505 747 per
518 719 602 749 eum,

166 747 259 789 Pure,
277 750 377 787 sponte
399 750 433 779 &
455 748 580 779 absolute
602 749 683 787 ipsius
707 749 830 781 Domini
843 752 883 782 sui
899 751 987 791 Regis
1001 753 1110 793 Angliae
1124 753 1187 783 sub-

128 787 242 817 misisset
262 788 386 819 totaliter
406 786 562 825 voluntati,
582 788 638 817 vita
660 790 693 818 &
716 790 869 828 membris,
888 791 990 828 absque
1005 793 1133 830 corporis
1145 793 1188 822 in-

128 827 338 864 carceratione,
357 825 558 855 tantummodo
573 826 623 856 fibi
635 826 727 857 salvis:

165 864 211 894 Ac
227 864 347 894 demum
359 864 497 900 Regnum
510 864 679 901 praedietum
693 865 816 904 Scotiae,
835 876 904 896 cum
916 867 1056 907 homagiis
1078 869 1111 899 &
1132 868 1188 898 aliis

127 901 180 933 fuis
190 903 297 940 juribus
313 903 346 933 &
360 903 532 939 pertinentiis
553 904 700 940 universis,
718 904 849 942 suamque
869 905 990 945 Regiam
1013 906 1188 945 Dignitatem

130 941 310 972 honoremve
332 940 480 979 Regium,
498 951 613 971 necnon
635 952 735 972 omnes
757 943 938 979 poileisiones
959 945 991 974 &
1012 953 1094 975 terras
1114 945 1190 983 suas,

130 988 201 1010 cum
221 979 357 1008 omnibus
378 980 461 1009 bonis
484 980 558 1018 ejus,
578 981 730 1010 mobilibus
751 983 785 1012 ὃς
808 983 1022 1022 immobilibus,
1039 993 1071 1013 ac
1086 982 1113 1012 se
1126 993 1191 1012 mo-

131 1017 280 1055 ventibus,
299 1016 378 1047 dicto
401 1017 537 1047 Domino
559 1018 608 1048 suo
628 1018 704 1057 Regi
727 1019 840 1056 Angliae
854 1043 865 1059 ,
882 1023 1000 1060 gratanti
1019 1022 1116 1051 animo
1130 1045 1139 1058 ,
1157 1023 1190 1052 &

130 1055 284 1093 spontanea
297 1056 442 1086 voluntate
451 1079 460 1093 ,
478 1057 549 1093 pure
564 1058 597 1088 &
610 1057 734 1087 absolute
743 1081 752 1095 ,
761 1059 793 1088 &
806 1058 831 1088 se
846 1061 931 1089 etiam
944 1059 1099 1097 redidiffet‚
1108 1068 1192 1096 prout

132 1094 191 1124 hoc
204 1095 232 1123 in
244 1094 369 1133 quodam
386 1094 505 1133 publico
518 1093 707 1126 instrumento
722 1097 787 1126 inde
801 1097 953 1136 confecto,
970 1097 1005 1127 ad
1020 1106 1149 1137 rogatum
1164 1107 1193 1127 e-

129 1132 238 1171 jusdem
246 1158 255 1171 ,
272 1133 380 1170 plenius
395 1134 573 1163 continetur:

171 1171 237 1211 Ego
254 1171 397 1202 Robcrtus
411 1172 447 1201 de
460 1171 632 1208 Bourghsth.
645 1171 818 1203 Procurator
835 1173 958 1204 Domini
970 1173 1061 1211 Regis
1082 1173 1194 1204 Anoiiae

134 1209 285 1247 supradicti
291 1233 301 1249 ,
319 1219 353 1240 ex
365 1210 493 1248 injunzsto
508 1211 631 1247 ejuidem
649 1210 773 1240 Domini
787 1214 843 1242 mei
858 1212 1118 1251 Regis,pr;i:fatum
1128 1200 1195 1242 Do-

136 1249 433 1288 minumJohaniiem,
453 1247 653 1278 Procuratorio
663 1251 796 1288 nomine,
815 1251 897 1281 vobis
920 1251 1054 1281 Domino
1076 1250 1198 1290 Raynal-

136 1288 194 1326 do,
212 1287 357 1325 Episcopo
374 1286 545 1323 Vicentino‚
564 1286 739 1324 Apostolicae
754 1288 821 1317 sedis
844 1288 987 1327 Nuncio,
1002 1291 1042 1318 ob
1062 1289 1196 1319 sanctitil-

138 1327 180 1356 mi
193 1325 280 1356 Patris
292 1327 326 1357 &
341 1325 465 1355 Domini
478 1324 566 1353 nostri
580 1325 683 1354 summi
698 1324 861 1365 Pontificis,
880 1328 913 1357 &
928 1328 1041 1361 Sansstae
1057 1326 1197 1358 Romanae

139 1364 275 1394 Eccleliae
288 1364 491 1399 devotionem,
509 1363 695 1392 reverentiam
709 1364 741 1393 ὃς
759 1365 917 1403 honorem,

177 1403 277 1433 Trado
292 1403 325 1433 ὃς
339 1402 428 1431 libero
441 1400 664 1439 praeientialiter,
683 1402 716 1431 ὀί
733 1401 839 1441 alligno
853 1404 945 1434 modis
967 1405 1001 1435 &
1024 1403 1198 1434 conditioni-

140 1442 209 1479 bus,
227 1442 275 1478 qui
289 1441 438 1477 secuntur,
457 1439 603 1477 videlicet,

179 1479 271 1517 Qiod
291 1478 439 1508 Dominus
460 1477 533 1514 Papa
555 1476 640 1515 poffit
659 1477 755 1508 dicere
767 1478 801 1509 &
814 1478 944 1509 ordinare
958 1479 1143 1511 solummodo
1164 1481 1200 1511 de

138 1516 259 1556 persona
277 1516 404 1555 praedicti
421 1516 574 1554 Johannis,
594 1526 626 1546 ac
648 1516 683 1546 de
704 1519 801 1556 terris,
817 1528 884 1556 quas
906 1519 984 1548 idem
994 1519 1137 1556 johannes
1150 1520 1200 1550 ha-

142 1557 203 1587 buit
217 1555 364 1594 quondam
377 1556 406 1585 in
421 1554 540 1593 Anglia,
559 1563 643 1592 prout
659 1556 708 1585 sibi
722 1555 842 1594 placuit,
859 1556 893 1586 ad
914 1557 969 1587 suae
991 1557 1199 1595 beneplacitum

140 1594 310 1631 voluntatis,
327 1595 357 1623 in
377 1593 481 1623 eodem
500 1595 591 1624 modo
613 1603 672 1631 quo
696 1594 847 1631 praedictus
868 1595 1015 1625 Dominus
1033 1596 1098 1625 Rex
1119 1606 1200 1626 meus

142 1632 256 1673 Angliae
271 1632 355 1671 possit
370 1631 481 1669 dicere,
499 1632 519 1662 fi
534 1632 624 1662 di&us
634 1631 777 1669 johannes
792 1633 970 1670 personaliter
986 1644 1070 1671 penes
1086 1644 1152 1665 eum
1169 1636 1199 1664 in

144 1672 249 1711 Anglia
271 1679 444 1709 moraretur,
464 1670 540 1701 salvis
562 1670 654 1700 eidem
676 1671 808 1700 Domino
821 1682 888 1702 meo
903 1672 978 1711 Regi
994 1673 1104 1712 Angliae
1126 1683 1201 1711 prae-

142 1711 223 1749 fato,
239 1711 273 1742 &
295 1711 353 1748 ejus
371 1708 530 1739 haeredibus
550 1708 662 1747 Angiiae
683 1708 825 1748 Regibus,
846 1710 949 1749 Regno
967 1711 1090 1750 Scotiae,
1108 1711 1203 1741 homi-

142 1750 243 1788 nibus,
261 1749 295 1781 ὅτ
309 1747 541 1780 inhabitatoribus
555 1748 625 1777 dieti
639 1747 751 1786 Regni,
769 1758 801 1778 ac
818 1749 939 1787 ejusdem
952 1750 1126 1787 pertinentiis
1141 1751 1203 1780 uni-

142 1788 244 1826 versis,

181 1825 254 1857 Hoc
266 1825 309 1857 est
321 1826 390 1858 scire
400 1825 436 1856 &
452 1823 621 1863 intelligere,
639 1823 720 1862 quod
733 1824 878 1856 Dominus
892 1826 986 1856 noster
992 1826 1116 1857 summus
1125 1826 1204 1858 Pon-

142 1865 212 1896 tifex
226 1875 286 1896 non
300 1865 386 1903 poffit
399 1863 547 1902 ordinare,
562 1873 617 1893 nec
630 1862 724 1893 dicere
737 1863 772 1894 de
782 1864 862 1895 dicto
883 1864 988 1904 Regno
1009 1866 1132 1903 Scotiae,
1151 1867 1206 1896 lio-

143 1905 267 1934 miriibus
280 1904 314 1934 &
327 1902 532 1939 habitantibus,
551 1911 604 1931 nec
619 1901 655 1931 de
670 1902 834 1939 appenditiis
848 1903 942 1942 Regni
967 1903 1130 1942 supradieli,
1149 1915 1203 1942 pro

141 1942 283 1982 praedieto
301 1941 434 1981 johanne
452 1940 489 1970 de
510 1940 644 1977 Balliolo,
660 1950 714 1970 nec
736 1951 789 1978 pro
803 1941 854 1971 suis
870 1942 1043 1980 hxredibus,
1063 1943 1204 1981 quisunt,

144 1981 193 2013 vel
205 1981 263 2011 esse
277 1988 410 2018 poterunt
423 1981 452 2009 in
466 1979 577 2016 futuro,
595 1988 648 2009 nec
664 1989 718 2016 pro
732 1980 871 2017 aliquibus
881 2003 890 2018 ,
908 1981 1001 2010 eidem
1016 1980 1206 2020 Dominojo—

141 2019 245 2058 hanni,
263 2020 293 2049 in
306 2028 479 2057 quocunque
491 2016 580 2056 gradu
594 2017 640 2048 vel
655 2017 747 2048 modo
761 2019 957 2057 attinentibus,
977 2030 1144 2058 quacunque
1152 2030 1206 2051 oc-

144 2058 258 2089 casione
272 2058 329 2088 6116
342 2057 500 2095 contigerit.

182 2096 220 2126 Et
234 2106 302 2133 n05,
320 2096 470 2134 praedie’cus
482 2093 654 2133 EpiscopuS,
671 2095 911 2132 praenominatum
925 2095 1089 2127 Dominum
1099 2096 1208 2135 Johan-

144 2144 215 2166 nem
228 2134 264 2164 de
277 2134 394 2164 Balliolo
403 2134 500 2172 ,nobis
515 2132 709 2170 traditum,nc
725 2135 882 2171 recepimus
897 2135 1001 2165 vice&
1012 2137 1132 2165 nomine
1141 2135 1208 2166 Do-

146 2174 218 2203 mini
231 2172 321 2202 nostri
333 2173 438 2202 summi
452 2171 597 2201 Pontificis
607 2170 762 2209 supradicti.

187 2211 221 2241 In
242 2212 320 2249 cujus
344 2212 383 2241 rei
408 2209 605 2241 testimonium
625 2210 769 2247 praeditstas
790 2209 890 2241 litteras
905 2211 1002 2249 scrIbi,
1021 2213 1055 2243 ὃς
1071 2212 1209 2249 publicari

146 2250 268 2281 fecimus
294 2259 341 2287 per
358 2249 487 2279 nostrum
507 2248 666 2280 Notarium
682 2249 754 2280 infra
778 2248 913 2286 scriptum
927 2274 938 2288 ,
965 2251 998 2281 ὃς
1019 2251 1097 2290 sigilli
1119 2251 1209 2281 nostri

147 2289 308 2320 munimine
321 2289 458 2319 roborari.

187 2363 298 2396 Datum
312 2367 346 2397 ὃς
361 2365 471 2396 Adrum
485 2364 636 2406 Witsand,

181 2403 323 2442 J'ohannis
338 2404 474 2442 Stenard3

452 2480 636 2512 Praesentibus
651 2480 810 2519 magnificis
825 2482 906 2521 viris,

189 2560 306 2589 Domino
321 2558 446 2589 Amadea
457 2561 559 2587 'Comite
573 2556 717 2587 Sabaudiae
727 2580 736 2595 ,
754 2555 792 2592 &-

188 2600 305 2628 Domino
321 2597 454 2635 Johanne
473 2598 504 2626 de
523 2600 614 2625 Burro
623 2618 633 2634 ,

188 2639 305 2666 Domino
320 2636 442 2665 Gerardo
457 2635 655 2665 Archidiacono
669 2633 843 2664 Richemund.
859 2633 897 2669 ό·

188 2677 315 2704 Dominis
330 2674 436 2712 Jacobo
453 2675 485 2703 a'e
504 2671 666 2712 Belloforti,
685 2670 723 2707 ὠ·

187 2711 292 2744 ΖτἹίεῑο
311 2715 343 2742 de
364 2711 502 2751 Brocheffe
521 2710 677 2742 Militibus:
697 2709 735 2745 &⁶

188 2754 312 2792 Aymene
329 2750 473 2791 Senescallo
492 2754 560 2780 Can.
579 2749 698 2778 Edven:
719 2759 752 2778 ac

189 2793 314 2819 Dominis
326 2789 472 2819 Lancelino
488 2788 629 2828 Praepofito
642 2789 750 2816 Sanblae
765 2787 839 2817 Tetk
853 2787 1002 2818 Mediolani.
1017 2785 1055 2823 ὠ

188 2827 281 2858 Thom.
298 2829 329 2857 de
343 2832 371 2858 V
372 2831 437 2866 icopi
450 2851 459 2866 ,
479 2838 516 2858 an
532 2831 600 2857 Can.
613 2826 782 2864 capellanis:
802 2837 834 2855 ac

189 2867 357 2906 Edscantino
371 2869 492 2897 Notario
505 2865 603 2895 Clerico
618 2864 712 2904 nostris
721 2876 730 2894 .·

191 2943 232 2974 Et
246 2943 303 2974 aliis
316 2942 440 2981 pluribus
449 2966 459 2982 ,
476 2942 593 2974 testibus
607 2944 642 2975 ad
656 2945 719 2975 haec
729 2968 739 2983 ,
756 2955 833 2976 anno
847 2942 972 2973 Domini
995 2942 1144 2973 millesimo
1164 2942 1217 2973 du-

155 2982 312 3013 centesimo
334 2982 519 3020 nonagesimo
544 2992 642 3021 nono,
661 2983 822 3014 Indictione
843 2980 1029 3018 duodecima,
1048 2983 1081 3012 &
1095 2981 1217 3012 octode-

157 3021 234 3051 cima
255 3019 362 3063 Mensis
381 3020 452 3058 Julii
464 3042 475 3059 ,
491 3020 674 3053 Pontificatfis
695 3022 822 3054 Domini
844 3020 982 3053 Bonifacii
1001 3020 1086 3058 Papae
1112 3020 1217 3052 onst-ava

157 3068 236 3089 anno
251 3066 361 3096 quinto.

160 3195 269 3227 Litera
282 3193 416 3241 prodisti
442 3193 577 3240 Epifiopi
605 3194 738 3237 Gallice,
764 3194 799 3227 de
823 3198 978 3240 receptione
998 3193 1152 3240 Johanm's
1183 3191 1219 3225 de

483 3241 607 3274 Balliolo
621 3242 704 3288 apud
720 3242 892 3288 Whitstznd.

163 3327 304 3389 ATous
323 3336 426 3365 ceaux,
446 3328 495 3366 qui
515 3335 567 3357 cez
589 3326 682 3371 lettres
702 3336 835 3366 verront,
853 3338 892 3358 ou
911 3336 1046 3372 orrount,
1066 3327 1220 3370 Raynauz‚

242 3376 290 3404 pai·
312 3365 338 3396 la
356 3365 517 3396 souffrance
537 3366 574 3395 de
594 3365 691 3403 Dieu,
707 3364 848 3404 Evesques
868 3368 903 3396 de
919 3367 1062 3406 Vicence,
1082 3367 1220 3404 messages

165 3404 260 3436 nostre
275 3404 411 3440 Seigneur
423 3403 618 3441 l'Apostoille,
635 3403 708 3433 saluz
721 3414 756 3434 en
771 3404 862 3443 Dieu,
883 3405 1053 3442 pardurable.

201 3443 290 3474 Nous
303 3442 410 3472 faizons
425 3441 516 3472 savoir
531 3453 546 3472 a
559 3451 640 3472 votre
653 3441 833 3480 Universae,
850 3454 905 3482 que
919 3453 1021 3473 venant
1041 3455 1056 3473 a
1077 3443 1222 3482 Wissant,

166 3492 202 3512 en
225 3481 370 3511 Roiaume
390 3479 425 3509 de
445 3480 569 3517 France,
584 3490 600 3509 a
621 3479 716 3510 nostre
729 3480 876 3519 presance,
895 3481 1042 3512 Monlieur
1057 3482 1172 3512 Robers
1185 3482 1222 3512 de

166 3518 338 3552 Borouhsth.
362 3516 539 3555 chevaliers,
555 3517 741 3548 Conestables
761 3518 797 3549 de
810 3518 943 3558 Douurs,
962 3521 995 3550 &
1012 3520 1172 3550 Procureur
1185 3521 1224 3551 du

165 3567 220 3590 tres
240 3557 328 3588 noble
349 3554 452 3587 Prince
473 3557 507 3588 &
525 3556 586 3588 Roi
609 3556 806 3596 d'Angleterre
821 3581 831 3595 ,
861 3557 976 3589 establiz
994 3569 1030 3590 cri
1050 3558 1125 3589 ceste
1147 3559 1226 3589 four-

165 3607 224 3629 me.

227 3671 337 3742 Dlward
354 3682 403 3742 phar
424 3670 450 3703 la
471 3680 570 3712 grace,
588 3669 648 3707 &c.
664 3677 695 3702 ut
717 3677 784 3702 ante
798 3694 809 3712 ‚
826 3672 858 3703 de
877 3673 936 3704 dat.
960 3683 1005 3714 14.
1028 3673 1130 3714 Junii,
1148 3673 1227 3714 usque

254 3723 304 3743 Jaec
320 3721 371 3741 ‘Uer
389 3722 416 3741 a.

228 3788 264 3819 N
281 3797 352 3818 nom
365 3786 401 3818 de
416 3787 494 3818 Dieu
510 3787 614 3819 Amen.

266 3826 396 3857 Comme
416 3826 477 3856 Sire
491 3826 582 3865 Jehan
602 3826 638 3856 de
658 3824 778 3864 Balluel,
816 3827 845 3856 ui
862 3825 904 3857 est
926 3828 963 3858 ici
980 3829 1087 3866 presens
1108 3838 1157 3867 par
1178 3828 1229 3860 de-

168 3872 237 3894 vant
252 3875 323 3896 vous
333 3887 343 3903 ,
361 3873 490 3896 reverent
504 3864 590 3902 Pete,
599 3864 726 3902 Evesque
740 3864 776 3894 de
819 3865 1071 3906 icence,Message
1082 3867 1118 3897 de
1132 3867 1228 3898 nostre

169 3902 304 3941 Seigneur
315 3902 496 3944 l'Apostoille
532 3913 604 3942 pour
618 3911 700 3933 mout
715 3903 750 3933 de
764 3903 863 3941 trespas
876 3904 910 3934 ὃς
924 3905 1045 3944 traysons
1054 3929 1064 3944 ,
1082 3906 1231 3947 inhumey-

170 3949 291 3971 nement
308 3941 472 3973 demostrez
493 3927 527 3973 ἐς
546 3942 627 3972 defez
649 3951 697 3979 par
710 3942 765 3985 lui,
783 3951 798 3971 a
811 3949 864 3972 tres
878 3951 959 3979 grant
972 3943 1074 3975 Prince
1095 3945 1146 3975 son
1168 3945 1231 3974 sou-

173 3979 272 4009 verein
293 3978 429 4019 Seigneur
444 4005 453 4019 ,
478 3981 553 4011 seinz
580 3990 684 4020 moyen
701 4004 710 4019 ,
735 3980 796 4010 8116
816 3979 931 4011 Edwart
949 4004 960 4020 ,
985 3992 1034 4020 par
1054 3983 1078 4013 la
1096 3991 1178 4022 grace
1196 3983 1232 4013 de

173 4015 350 4092 Eifeeigsstff‘oi
369 4018 582 4059 d'Angleterre,
599 4027 736 4051 encontre
753 4018 805 4051 son
822 4018 964 4060 homage,
980 4022 1014 4054 &
1031 4020 1059 4052 le
1077 4020 1178 4056 devoir
1198 4021 1234 4053 de

209 4095 283 4124 Tom.
299 4096 326 4125 Ι.
344 4095 378 4125 Ρ.
395 4097 455 4133 1112

2203 200 2277 229 211

1993 267 2144 300 souzme‘ist
2165 270 2201 301 de
2214 279 2279 303 tout

1260 259 1432 300 Purement,
1457 274 1505 301 par
1520 265 1568 295 sori
1579 268 1646 305 gre,
1666 269 1699 298 &2
1714 267 1789 298 sainz
1803 267 1957 299 condicion

1670 305 1729 336 Roi
1751 307 1777 336 le
1793 306 1938 338 Roiaume
1972 307 2106 346 'Escoce,
2124 309 2162 339 du
2176 311 2239 347 quel
2257 310 2276 340 il

1224 298 1278 328 ala
1300 300 1417 330 volunte
1440 301 1477 331 de
1498 302 1540 333 dit

1213 336 1307 367 -estoit
1317 337 1386 375 jadis
1400 338 1490 377 Rois,
1509 342 1542 372 δι
1555 350 1619 373 tout
1634 343 1661 372 le
1676 343 1750 375 droit
1765 345 1830 382 qu’il
1846 347 1921 376 avoir
1936 357 1971 376 en
1990 347 2050 384 cel,
2069 356 2108 378 ou
2126 357 2141 376 a
2160 348 2222 385 cel,
2240 350 2274 379 &

1223 385 1257 404 au
1278 375 1383 414 Peuple
1407 376 1443 407 de
1463 379 1578 422 meisme
1598 381 1624 410 le
1646 380 1807 421 Roiaume,
1825 384 1859 415 &
1875 395 1889 414 a
1902 394 1936 414 ce
1948 393 2019 415 touz
2029 385 2068 414 ses
2082 386 2178 424 biens,
2196 386 2278 417 sauue

1224 420 1282 442 tant
1295 414 1480 458 soulementa
1494 417 1532 446 lui
1549 417 1620 456 Vie,
1639 419 1671 449 &
1691 419 1844 460 Membre,
1862 423 1894 453 δε
1911 432 1971 453 nori
1984 422 2251 460 eii-,prisonnemenn

1260 450 1298 481 Et
1312 462 1367 489 que
1381 454 1441 489 puis
1456 454 1494 492 il,
1513 465 1560 495 par
1573 458 1623 486 son
1643 458 1771 494 agreable
1792 469 1910 499 corrige,
1927 462 1961 492 &
1976 471 2025 498 per
2040 461 2065 491 sa
2086 462 2202 492 franche
2224 472 2278 493 vo=

1222 488 1317 534 lunte,
1335 500 1484 535 puremem
1505 496 1538 524 &
1559 494 1632 524 sainz
1650 495 1823 536 condicion,
1842 499 1869 528 se
1888 500 1992 529 rendist
2007 510 2022 529 a
2034 500 2083 529 son
2099 500 2235 539 Seigneur
2248 511 2279 530 a-

1221 527 1348 566 vantdit,
1365 528 1424 559 R01
1444 530 1654 570 d'Angleterre,
1673 534 1706 564 &
1725 533 1752 563 le
1772 535 1813 565 dit
1836 536 1979 567 Roiaume
1997 537 2152 577 d’Escoce,
2168 549 2226 569 oue
2240 539 2279 569 les

1222 565 1354 596 hommes
1374 568 1407 596 ὃς
1430 568 1468 598 ses
1487 578 1576 599 autres
1599 570 1744 611 droytures
1764 573 1797 602 &
1810 583 2026 611 appurtenances
2041 577 2223 616 univerleles,
2242 578 2277 608 &

1221 604 1248 634 sa
1271 603 1382 643 Royale
1401 605 1523 645 dignite,
1542 609 1575 638 δε
1600 611 1650 637 1011
1674 608 1775 639 Roiale
1799 611 1925 650 honeur,
1944 615 1977 644 ὃς
1989 622 2071 644 outre
2085 624 2120 644 ce
2132 623 2224 645 toutes
2238 616 2279 646 ses

1220 649 1304 672 terres
1318 665 1328 680 ,
1353 643 1386 672 &
1405 653 1497 685 toutes
1518 645 1555 675 ses
1574 645 1739 682 possessions
1753 670 1764 685 ,
1788 658 1844 678 oue
1863 658 1933 679 touz
1953 652 1990 680 les
2012 653 2138 683 muebles
2163 654 2195 684 &
2217 663 2278 684 non

1222 681 1363 723 muebleS,
1382 682 1414 712 &
1427 684 1466 712 101
1482 692 1624 722 niovanz,
1640 685 1658 714 si
1673 695 1793 715 comme
1807 686 1825 716 il
1838 695 1899 723 part
1913 697 1962 724 per
1978 699 2017 719 un
2030 689 2204 722 Instrument
2225 702 2279 730 pu-

1222 718 1336 757 blique,
1351 720 1390 749 fet
1405 718 1440 750 de
1454 731 1504 759 ce,
1521 721 1571 751 ala
1591 723 1719 760 requeste
1735 723 1774 753 du
1789 723 1830 755 dit
1841 724 1933 760 Jehan
1944 725 1979 756 de
1993 726 2112 758 Bailluel.

1255 756 1290 793 Je
1305 756 1418 786 Robers
1430 758 1465 788 de
1479 759 1657 799 Borouhsth‚
1695 771 1829 793 rocureur
1842 762 1881 794 du
1895 762 1998 794 devant
2013 764 2053 794 dit
2069 765 2129 796 Roi
2143 766 2279 808 d'Angle-

1224 800 1312 832 terre,
1331 805 1381 832 per
1395 797 1648 828 commandement
1682 809 1697 829 6
1712 799 1766 838 lui,
1786 801 1819 831 &
1835 811 1953 832 comme
1973 801 2150 842 procureur,
2168 806 2222 836 bail
2244 809 2278 838 &

1223 831 1269 861 alsi
1307 842 1327 875 ¹e
1345 833 1443 865 l’avant
1464 835 1504 865 dit
1521 836 1611 874 Jehan
1625 837 1732 873 present
1751 848 1765 868 a
1789 849 1876 877 vous,
1903 839 1965 870 Sire
1988 840 2133 880 Raynaut‚
2152 841 2282 882 Evesqiie

1225 870 1261 913 de
1293 871 1415 909 Hcence,
1434 873 1566 911 Mesl'age
1579 875 1676 905 nostre
1688 876 1821 914 Seigneur
1835 877 2031 916 l'Apostoille‚
2050 889 2124 916 pour
2146 880 2169 909 la
2191 881 2280 912 devo-

1225 918 1318 952 cion,
1330 919 1480 941 reverence
1493 914 1526 943 &
1541 913 1650 942 honeur
1664 913 1704 943 du
1718 922 1773 943 tres
1787 914 1856 945 seint
1872 916 1943 946 l’ere
1958 917 2054 946 nostre
2070 918 2207 954 Seigneur
2221 919 2281 949 ΓΑ-

1226 945 1371 985 postmlle,
1389 949 1422 979 &
1437 950 1472 979 de
1487 950 1512 980 la
1526 950 1622 980 Seinte
1638 950 1732 988 Eglise
1744 952 1779 981 de
1795 952 1912 992 Rome,
1931 965 1958 985 es
1975 957 2110 986 manieres
2124 958 2156 987 ὃ(
2172 966 2200 987 es
2211 967 2283 988 con-

1226 984 1334 1015 dicions
1350 996 1405 1023 que
1418 987 1580 1026 s'ensuient,
1598 988 1665 1018 c’est
1679 999 1695 1019 a
1708 990 1806 1020 savoir.

1266 1023 1335 1062 Qie
1349 1023 1446 1055 nostre
1459 1026 1593 1064 Seigneur
1607 1026 1785 1064 l'Apostoille
1797 1029 1887 1068 puiffc
1898 1030 1958 1060 dire
1972 1032 2006 1062 &
2018 1031 2140 1062 ordener
2154 1041 2214 1064 tant
2224 1033 2284 1065 seua

1227 1061 1335 1091 lement
1346 1062 1382 1092 de
1397 1063 1422 1092 la
1436 1064 1551 1100 persone
1566 1063 1591 1093 le
1605 1065 1710 1094 mesine
1719 1065 1825 1104 Jehan,
1843 1068 1876 1097 &
1891 1067 1926 1097 de
1938 1076 2019 1099 terres
2028 1094 2037 1107 ,
2054 1071 2091 1100 les
2104 1072 2197 1109 queles
2206 1072 2287 1103 meis-

1230 1109 1280 1130 me
1294 1100 1447 1139 celiJehan
1463 1110 1514 1132 out
1524 1102 1593 1140 jadis
1606 1112 1641 1132 en
1656 1103 1838 1142 Angleterre,
1856 1105 1875 1134 fi
1883 1115 2000 1136 comme
2015 1108 2032 1136 il
2047 1108 2130 1145 plaira
2143 1120 2158 1139 a
2172 1109 2197 1140 la
2210 1111 2288 1141 bone

1229 1138 1348 1168 volunte
1360 1139 1396 1169 de
1408 1139 1503 1169 nostre
1516 1141 1652 1180 Seigneur
1667 1141 1904 1181 l'Apostoille,en
1918 1145 2033 1174 meisme
2050 1149 2074 1175 la
2087 1150 2289 1187 maniere,que

1231 1186 1302 1206 mon
1324 1177 1459 1216 Seigneur
1483 1178 1501 1208 li
1525 1178 1597 1209 Rois
1622 1178 1817 1216 d’Angleterre
1836 1183 1947 1219 porroit
1961 1182 2039 1220 dire,
2056 1183 2075 1212 si
2088 1186 2203 1216 meisme
2215 1188 2288 1218 celui

1228 1215 1320 1252 Jehan
1342 1214 1487 1246 demoroit
1506 1226 1567 1246 vers
1586 1217 1625 1247 lui
1643 1219 1850 1256 personelment
1864 1229 1899 1249 en
1913 1220 2096 1260 Angleterre,
2111 1232 2128 1255 e
2142 1224 2222 1255 insint
2234 1230 2289 1264 que‘

1233 1263 1267 1283 ce
1280 1263 1335 1291 que
1350 1254 1369 1283 li
1382 1254 1431 1283 diz
1446 1253 1543 1285 nostre
1557 1255 1600 1285 Sc'
1622 1265 1693 1286 rieur
1709 1257 1884 1294 l'Apostoille
1896 1258 1953 1288 dira
1969 1269 2009 1289 ou
2021 1259 2158 1290 ordenera
2178 1262 2213 1292 de
2233 1272 2289 1293 ter-

1232 1302 1293 1330 res,
1311 1301 1368 1329 que
1385 1291 1501 1322 meisme
1515 1293 1587 1324 celui
1594 1265 1690 1332 ¹ffehan
1703 1303 1755 1325 out
1769 1296 1833 1332 jadis
1847 1307 1883 1326 en
1898 1296 2062 1336 Angleterre
2072 1321 2081 1336 ,
2094 1298 2191 1329 tendra
2205 1310 2241 1330 en
2265 1301 2290 1331 la

1233 1330 1350 1367 persone
1363 1329 1399 1360 de
1414 1330 1535 1362 Edward
1550 1331 1599 1362 filz
1613 1332 1729 1363 meisme
1745 1334 1817 1364 celui
1827 1335 1936 1373 Jehan,
1959 1336 1977 1365 ii
1993 1345 2071 1367 autre
2085 1337 2186 1376 chose,
2205 1338 2291 1369 ende-

1234 1377 1373 1406 menterS,
1391 1369 1502 1399 n’estoit
1515 1370 1637 1401 ordenee
1650 1371 1684 1401 &
1699 1373 1839 1403 accordee
1850 1374 1895 1403 sur
1907 1383 1942 1403 ce
1956 1384 2005 1411 per
2017 1382 2096 1405 entre
2109 1375 2136 1405 le

1235 1406 1297 1437 Roi
1310 1407 1346 1437 de
1360 1406 1467 1438 France
1482 1409 1515 1439 &
1530 1418 1602 1439 mon
1617 1410 1752 1449 Seigneur
1768 1411 1795 1441 le
1808 1412 1870 1442 Roi
1883 1421 1966 1442 avant
1978 1412 2036 1451 dit,
2054 1422 2140 1452 quant
2162 1413 2182 1444 il
2199 1414 2293 1446 seront

1235 1445 1394 1483 ensemble3
1412 1446 1493 1477 sauue
1508 1457 1523 1477 a
1535 1457 1605 1477 mon
1619 1448 1755 1485 Seigneur
1767 1450 1794 1479 le
1925 1449 1987 1480 Roi
2001 1451 2210 1491 d'Angleterre,
2228 1454 2262 1484 &
2277 1465 2294 1486 a

1234 1483 1273 1513 ses
1296 1484 1369 1513 heirs
1391 1484 1465 1513 Rois
1486 1484 1696 1525 d’Angleterre,
1714 1487 1740 1517 le
1761 1487 1908 1518 Roiaume
1929 1488 2085 1527 d’Escoce,
2104 1490 2141 1520 les
2156 1490 2296 1531 homme,

1235 1522 1273 1552 les
1295 1522 1484 1561 inhabitantz,
1500 1524 1533 1554 &
1555 1532 1647 1555 toutes
1667 1525 1705 1555 les
1724 1535 1940 1563 appertenances
1961 1528 1996 1557 de
2012 1529 2128 1558 meisme
2141 1529 2167 1559 le
2182 1530 2293 1562 Roiau-

1237 1570 1284 1590 me

1273 1584 1345 1629 (lest
1366 1609 1382 1630 a
1404 1599 1494 1630 savoir
1515 1601 1549 1632 &
1571 1601 1722 1640 enoendre,
1742 1612 1797 1642 que
1817 1613 1900 1635 notre
1916 1604 2052 1642 Seigneur
2066 1604 2244 1643 l’Apostoille
2257 1616 2296 1638 ne

1236 1638 1327 1674 puille
1348 1637 1470 1668 ordener
1482 1661 1490 1676 ‚
1515 1649 1552 1669 ne
1572 1639 1633 1670 dire
1652 1641 1691 1671 du
1715 1641 1819 1672 devant
1837 1642 1876 1672 dit
1898 1642 2043 1673 Roiaume
2062 1643 2199 1675 d’Escoce
2213 1668 2223 1684 ,
2244 1645 2294 1676 des

1237 1676 1382 1714 hommes,
1401 1676 1448 1706 des
1461 1677 1647 1716 inhabitanti,
1665 1679 1713 1709 des
1728 1690 1762 1717 ap
1782 1689 1941 1711 ertenances
1956 1682 1992 1712 de
2007 1682 2125 1712 meisme
2146 1683 2170 1713 le
2184 1682 2294 1714 Roiau-

1239 1723 1302 1753 me,
1320 1725 1393 1753 pour
1405 1716 1432 1745 16
1446 1715 1548 1747 devant
1559 1716 1700 1755 ditJehan
1713 1718 1748 1749 de
1785 1719 1891 1757 ailluel,
1909 1729 1945 1749 ne
1958 1730 2030 1758 pour
2050 1720 2088 1750 ses
2109 1720 2226 1759 Hours,
2245 1723 2295 1760 qui

1237 1752 1316 1790 sont,
1333 1763 1373 1783 ou
1389 1755 1438 1791 qui
1452 1755 1597 1791 portoient
1611 1754 1701 1798 estre,
1719 1766 1756 1787 ne
1768 1767 1841 1795 pour
1856 1758 1905 1789 nul
1918 1757 1954 1788 de
1966 1758 2006 1789 ses
2027 1767 2229 1798 apperrenauz,
2246 1769 2297 1798 per

1239 1801 1428 1830 queucunque
1443 1793 1521 1822 cause
1533 1803 1588 1831 que
1604 1804 1639 1824 ce
1653 1796 1712 1825 ioit.

1276 1829 1315 1861 Et
1336 1840 1406 1860 nous
1429 1830 1532 1862 devant
1551 1831 1593 1861 dit
1614 1831 1759 1872 Evesque,
1775 1833 1801 1864 le
1821 1833 1899 1865 desus
1921 1833 1963 1864 dit
1980 1834 2071 1873 Jehan
2083 1835 2118 1866 de
2134 1835 2266 1875 Bailluel,
2282 1846 2298 1868 a

1239 1877 1311 1899 nous
1333 1869 1441 1907 baillie,
1460 1879 1548 1900 avons
1567 1871 1632 1900 ainsi
1654 1881 1737 1903 receu
1752 1882 1788 1902 en
1800 1873 1874 1911 lieu,
1892 1873 1926 1904 &
1939 1883 1977 1903 en
1989 1883 2061 1904 nom
2075 1874 2111 1904 de
2123 1874 2220 1905 nostre
2237 1875 2298 1906 Sei-

1240 1915 1330 1943 gneur
1344 1907 1531 1945 l'Apostoille.

1277 1945 1322 1976 En
1336 1946 1476 1984 tesmoing
1487 1946 1523 1976 de
1536 1955 1624 1985 queus
1638 1947 1749 1986 choses,
1768 1958 1840 1980 nous
1855 1959 1944 1981 avons
1959 1951 2013 1981 mis
2026 1950 2122 1982 nostre
2135 1951 2199 1982 Seel
2215 1961 2232 1982 a
2246 1960 2300 1983 cez

1241 1983 1380 2021 presentes
1393 1984 1494 2014 lettres.

1281 2022 1399 2052 Donees
1411 2033 1426 2052 a
1434 2022 1574 2054 Wincent
1585 2023 1612 2053 le
1627 2023 1749 2055 Sabbedi
1763 2025 1866 2057 devant
1880 2026 1960 2057 Feste
1975 2027 2174 2059 nostreDame
2180 2028 2205 2058 la
2213 2028 2302 2066 Mag-

1243 2060 1360 2099 delene3
1376 2071 1411 2092 au
1424 2061 1489 2103 quel
1499 2063 1564 2100 jour
1577 2072 1648 2092 nous
1662 2073 1797 2094 reccimes
1812 2065 1838 2095 le
1851 2064 1954 2095 devant
1964 2065 2056 2104 Jehan
2067 2067 2103 2096 de
2115 2066 2245 2106 Bailluel,
2263 2077 2301 2098 en

1243 2100 1268 2130 la
1284 2101 1410 2130 maniere
1421 2100 1498 2130 delus
1514 2100 1570 2130 dite
1585 2110 1634 2138 per
1647 2101 1673 2131 le
1686 2112 1841 2140 procureur
1855 2104 1957 2135 devant
1969 2105 2017 2135 dit.

1283 2138 1354 2208 Lf’an
1375 2138 1412 2168 de
1432 2137 1530 2169 nostre
1548 2138 1684 2179 Seigneur
1707 2141 1757 2172 mil
1778 2141 1852 2172 deux
1873 2151 1960 2174 centz.
1972 2152 2068 2182 quatre
2082 2144 2180 2182 vintz‚
2197 2143 2247 2175 diz
2267 2144 2302 2176 &

1245 2186 1303 2208 HOC
1317 2199 1324 2206 .

1248 2306 1356 2339 Prima
1375 2310 1547 2354 prorogatio
1566 2307 1745 2354 fhffirentiae
1770 2310 1848 2341 inter
1868 2311 1960 2354 Reges
1986 2307 2102 2355 Angliae
2117 2310 2154 2347 ὠ·
2171 2308 2303 2344 Franciae

1573 2367 1629 2402 per
1645 2355 1837 2401 Bomfacium
1859 2362 1987 2403 Papam.

1251 2438 1452 2501 Bonifacius
1463 2440 1634 2481 Episcopus,
1652 2440 1743 2471 servus
1758 2439 1905 2472 servorum
1920 2439 1995 2479 Dei,
2011 2440 2047 2471 ad
2061 2440 2183 2473 futuram
2196 2443 2236 2473 rei
2244 2450 2307 2474 me-

1323 2490 1452 2510 moriam.

1290 2517 1411 2547 Dudum
1433 2519 1504 2549 inter
1524 2516 1678 2548 carissimos
1699 2519 1728 2548 in
1751 2517 1868 2548 Christo
1886 2516 1957 2548 filios
1980 2517 2093 2548 nostros
2106 2542 2117 2556 ,
2141 2518 2305 2557 Philippum

1252 2555 1380 2586 Franciae
1394 2565 1427 2586 ex
1442 2565 1519 2594 parte
1533 2556 1606 2595 una,
1624 2558 1657 2587 &
1672 2555 1837 2591 Edvardutn
1853 2556 1965 2593 Angliae
1980 2565 2014 2585 ex
2037 2557 2138 2595 altera,
2157 2557 2252 2596 Reges
2274 2558 2307 2588 il-

1252 2593 1365 2632 lustres,
1384 2594 1462 2632 super
1484 2595 1595 2626 diversis
1613 2595 1746 2625 Articulis
1769 2594 1883 2625 materia
1901 2594 2075 2625 dissensionis
2089 2596 2202 2633 exorta,
2220 2596 2308 2626 iidem

1252 2632 1347 2672 Reges
1361 2643 1411 2670 per
1427 2633 1553 2671 speciales
1566 2632 1690 2671 ipsorum
1704 2633 1905 2663 Procuratores
1919 2634 1952 2663 &
1968 2632 2103 2663 Nuncios
2117 2633 2152 2664 ad
2163 2644 2216 2664 nos
2223 2644 2310 2673 prop-

1253 2679 1328 2701 terea
1341 2671 1491 2702 destinatos
1501 2673 1549 2710 ,&
1561 2673 1597 2702 ab
1610 2672 1648 2701 eis
1662 2671 1741 2708 super
1755 2672 1806 2701 hiis
1819 2670 1966 2710 specialem
1978 2671 2145 2708 potestatem
2159 2673 2312 2712 habentes,

1252 2709 1281 2738 in
1296 2719 1365 2749 nos,
1385 2719 1518 2749 tanquam
1532 2711 1561 2740 in
1574 2711 1711 2749 privatam
1722 2710 1885 2748 personam,
1904 2710 1937 2740 &
1951 2708 2116 2741 Dominum
2122 2710 2310 2742 Benedictum

1253 2747 1432 2788 Gaytanum,
1450 2758 1584 2787 tanquam
1597 2750 1627 2779 in
1641 2749 2010 2792 arbitrum,arbitrat0rem‚
2027 2748 2217 2793 laudatorem,
2236 2749 2313 2780 diffi-

1251 2787 1379 2817 nitorem
1392 2811 1401 2825 ,
1425 2788 1584 2818 arbitralem
1604 2787 1827 2817 sententiatorem
1843 2811 1852 2825 ,
1882 2788 1916 2818 &
1937 2787 2113 2818 amicabilem
2134 2788 2312 2826 composito-

1253 2834 1331 2864 rem,
1349 2834 1569 2864 praeceptorem,
1587 2825 1781 2856 ordinatorem
1794 2849 1804 2863 ,
1821 2825 2014 2863 dispositorem
2027 2849 2037 2863 ,
2054 2826 2088 2856 &
2112 2828 2310 2864 pronuntiato-

1253 2873 1316 2893 rem
1336 2865 1416 2902 super
1437 2864 1619 2895 reformanda
1639 2874 1726 2902 pace,
1744 2864 1777 2894 &
1792 2863 1950 2905 concordis
1964 2864 2037 2904 inter
2054 2864 2126 2902 ipsos
2142 2864 2253 2904 Reges,
2272 2866 2307 2896 δε

1254 2901 1335 2939 super
1351 2903 1371 2923 ²¹²
1389 2904 1442 2933 hiis
1457 2913 1520 2941 quae
1534 2903 1568 2933 ad
1583 2912 1685 2941 pacem
1699 2904 1855 2940 pertinent,
1872 2912 1905 2933 ac
1917 2903 1994 2945 su‘per
2007 2902 2143 2932 omnibus
2165 2903 2198 2934 ὃ(
2220 2903 2313 2943 singu-

1254 2940 1286 2970 lis
1302 2940 1463 2979 discordiis,
1483 2942 1604 2980 guerris,
1622 2941 1729 2979 litibus,
1747 2940 1957 2979 controversiis,
1976 2940 2076 2984 causis,
2095 2940 2315 2982 quaestionibus,

1254 2978 1384 3017 dampnis
1397 2981 1430 3011 &
1444 2980 1565 3017 injuriis,
1582 2980 1761 3016 petitionibus
1776 2980 1809 3010 δε
1823 2979 2123 3017 aetionibus‚realibus
2137 2980 2170 3010 &
2185 2981 2315 3020 persona-

1254 3018 1342 3056 libus,
1359 3026 1441 3056 atque
1460 3019 1553 3048 mixtis
1566 3041 1575 3054 ,
1615 3027 1660 3048 uae
1680 3017 1790 3049 fuerant
1802 3040 1812 3056 ,
1830 3026 1908 3048 erant
1923 3042 1932 3056 ,
1950 3018 1997 3048 vel
2015 3017 2072 3048 esse
2092 3026 2222 3056 poterant
2242 3019 2316 3050 inter

1252 3056 1367 3087 eosdem
1389 3057 1502 3095 Reges,
1519 3065 1591 3086 occa
1603 3066 1668 3086 ione
1689 3056 1874 3095 quicunque,
1892 3056 1946 3087 alte
1967 3066 1999 3087 ac
2019 3055 2111 3094 basse,
2129 3056 2255 3088 absolute
2276 3067 2312 3091 ac

1255 3095 1360 3133 libere,
1378 3095 1427 3125 sub
1442 3094 1519 3125 certa
1535 3093 1631 3125 forma
1646 3096 1910 3132 compromittentes
1924 3103 2102 3126 curaverunt.

1294 3133 1447 3172 Volentes,
1467 3133 1679 3171 promittentes,
1697 3134 1731 3164 &
1748 3132 1873 3171 expresse
1889 3133 2220 3172 consentientes‚tamdiu
2228 3138 2314 3166 com-

1254 3172 1389 3217 promissa
1406 3171 1563 3210 hujusmodi
1583 3171 1732 3209 perdurare
1746 3195 1755 3209 ,
1781 3171 1917 3209 quamdiu
1936 3180 2115 3211 treuguarum
2126 3195 2136 3210 ,
2154 3173 2313 3203 voluntarie

1255 3212 1390 3242 initarum
1401 3219 1498 3249 antea,
1515 3211 1588 3241 inter
1603 3209 1695 3241 (1ίᾶ03
1716 3209 1827 3249 Reges,
1844 3218 1954 3249 tempus
1975 3210 2009 3242 &
2030 3211 2165 3241 terminus
2184 3211 2316 3248 perdura-

1257 3258 1300 3280 ret

1296 3274 1387 3328 Qiod
1401 3287 1515 3326 quidem
1528 3286 1585 3317 esse
1599 3286 1728 3318 dixerunt
1741 3287 1821 3317 unius
1834 3287 1916 3325 anni,
1925 3287 1940 3316 a
1954 3286 2038 3317 Festo
2046 3287 2210 3324 Epiphaniae
2218 3287 2314 3324 proxi-

1257 3337 1309 3358 mo
1329 3328 1470 3365 praeterito
1489 3335 1558 3356 tunc
1576 3326 1708 3364 proximo
1729 3325 1841 3364 futuro,
1859 3326 1945 3363 usque
1965 3325 1999 3355 ad
2021 3325 2094 3355 aliud
2113 3324 2227 3368 Festum
2247 3324 2316 3368 Epi-

1257 3367 1368 3404 phaniae
1383 3375 1460 3395 nunc
1476 3364 1601 3395 futurum
1613 3365 1749 3402 proximo
1763 3364 1946 3403 numerandi,
1963 3364 1997 3395 ὃς
2011 3363 2089 3401 quod
2110 3373 2162 3393 nos
2181 3371 2314 3402 interim,

1260 3405 1281 3435 si
1297 3404 1416 3442 placeret
1430 3404 1528 3440 nobis,
2092 3440 2097 3444 1
2202 3440 2207 3445 .

1296 3443 1342 3473 Ac
1361 3442 1520 3473 videremus
1539 3439 1708 3478 expediens,
1734 3440 1879 3478 possemus
1900 3441 1929 3470 in
1949 3448 2028 3470 antea
2048 3437 2215 3482 hujusmodi·
2230 3448 2316 3469 corn-

1260 3480 1465 3519 promissorum
1475 3503 1484 3518 ,
1500 3488 1533 3509 ac
1541 3478 1777 3517 ferendiarbitrii,
1794 3480 1840 3509 seu
1853 3479 2005 3517 arbitragii‚
2022 3477 2055 3508 &
2067 3477 2185 3517 aliorum
2208 3487 2238 3506 in
2263 3477 2316 3508 hu-

1256 3519 1381 3559 jusmodi
1393 3516 1602 3556 compromiffis
1617 3525 1837 3555 contentorum,
1856 3526 1969 3546 necnon
1983 3518 2016 3546 &
2032 3515 2230 3553 praedietarum
2238 3523 2315 3560 treu-

1260 3568 1380 3598 guarum
1395 3566 1504 3593 tempus
1519 3556 1552 3586 ὃς
1565 3557 1735 3593 terminum,
1754 3556 1833 3586 simul
1849 3555 1882 3585 ὃς
1897 3564 1958 3585 11011
1971 3553 2156 3592 aliter,semel
2169 3553 2203 3584 &
2216 3553 2318 3591 pluries

1261 3597 1296 3627 ad
1313 3596 1441 3628 nostrum
1457 3594 1663 3631 beneplacitum
1676 3602 1836 3632 prorogare.
2217 3631 2222 3636 Ι
2274 3631 2280 3636 ·

1300 3635 1370 3666 Nos
1385 3643 1454 3666 veto
1469 3632 1608 3669 praedietis
1623 3631 1834 3669 compromiffis
1849 3632 1984 3669 receptis,
2024 3629 2142 3674 uandam
2161 3629 2317 3674 ordinatio-

1263 3685 1333 3705 nem
1346 3673 1423 3710 super
1438 3670 1597 3709 hujusmodi
1609 3672 1743 3708 negotio,
1761 3678 1844 3708 prout
1860 3677 1927 3700 tunc
1946 3678 2002 3700 con
2024 3677 2073 3711 itio
2092 3675 2246 3707 temporis,
2263 3679 2316 3699 ne-

1264 3714 1333 3753 gotii
1353 3712 1434 3742 status
1454 3711 1486 3741 &
1509 3708 1621 3747 qualitas
1641 3708 1789 3739 suadebant
1803 3731 1813 3747 ‚
1831 3708 1958 3738 duximus
1981 3705 2152 3749 factendam:
2172 3707 2316 3752 nonnullis

1264 3754 1293 3782 in
1307 3751 1411 3782 eodem
1425 3748 1541 3786 negotio
1556 3746 1606 3776 sub
1619 3746 1713 3777 futura
1725 3746 1903 3777 ordinatione
1919 3743 2126 3788 remanentibus
2142 3752 2265 3776 attamen
2287 3755 2317 3775 in

1265 3789 1392 3827 suspenso
1407 3812 1416 3826 ,
1442 3793 1526 3824 prout
1545 3786 1574 3815 in
1595 3785 1825 3823 pronuntiatione
1843 3783 1988 3822 praedi<stae
2008 3782 2191 3814 ordinationis
2212 3785 2318 3824 plenius

1338 3836 1434 3858 inetur.

1265 3838 1395 3897 co{lunc
1416 3871 1508 3894 autem
1527 3862 1701 3893 attendentes
1713 3886 1723 3900 ,
1750 3861 1828 3899 quod
1848 3861 1964 3891 faciente
1986 3860 2060 3897 pacis
2079 3860 2196 3898 actore,
2222 3860 2238 3890 a
2259 3869 2319 3898 quo

1267 3905 1372 3936 cuneta
1385 3904 1460 3933 bona
1475 3900 1652 3939 procedunt,
1669 3911 1700 3930 ea
1714 3910 1776 3938 quae
1792 3909 1840 3937 per
1852 3909 1904 3929 nos
1922 3897 2048 3929 ordinata
2067 3898 2237 3943 noscuntur,
2254 3908 2321 3938 pro-

1268 3942 1346 3982 spera
1360 3938 1531 3972 successione
1546 3940 1698 3970 virescunt:
1717 3940 1751 3969 ὅ(
1764 3937 1944 3968 desiderantes
1955 3936 2111 3967 admodum
2124 3945 2195 3967 inter
2209 3945 2322 3980 caetera,

1269 3990 1334 4020 qua:
1354 3981 1450 4010 votiva
1470 3977 1587 4008 sensibus
1607 3976 1707 4008 nostris
1728 3984 1900 4014 occurrunt,
1918 3983 1950 4006 ut
1969 3976 1999 4005 in
2025 3975 2143 4013 praefato
2156 3983 2271 4013 negotio
2286 3982 2322 4004 ex

1271 4019 1371 4051 nostris
1385 4017 1497 4054 studiis,
1515 4015 1604 4046 divini
1618 4015 1710 4046 auxilii
1724 4014 1920 4053 suffragatione
1931 4013 2050 4052 fulcitis,
2067 4013 2132 4044 felix
2146 4012 2322 4044 &desidera-

1271 4067 1315 4092 tus
1336 4057 1511 4095 subsequatur
1534 4053 1654 4087 effeetus
1666 4065 1677 4092 3
1691 4061 1909 4123 ὅςάρτοριειω
1929 4061 2089 4092 praecavere
2106 4052 2274 4121 volenteti³11¹
2276 4059 2326 4127 pitz

1774 4100 1792 4122 2

2296 285 2369 315 Ann.
2378 282 2421 313 D.

2294 352 2298 357 ‚
2318 330 2403 361 1299,

2290 363 2357 390 Edv.
2379 369 2405 389 1.

2329 2451 2405 2484 Ann.
2415 2451 2457 2482 D„

2354 2501 2438 2529 1299.

2324 2533 2377 2558 Aa.
2394 2539 2440 2565 27.

2326 2573 2356 2597 E.
2379 2579 2388 2596 1
2396 2589 2404 2596 .

2330 2611 2367 2634 Ex
2381 2611 2441 2634 Au-

2326 2653 2391 2683 ngr.

2331 2913 2464 2949 *11350.
