2570 4261
716 82 1529 135 CONVENTI-ONES,

1583 81 1976 132 LlTERAE,

109 214 186 249 Arm.
200 214 240 248 D.

121 258 220 314 ,¹²88'
253 276 366 307 farma
388 281 449 317 qua
471 267 574 301 debent
599 266 739 310 custodiri
765 263 884 310 Obsides
902 275 957 311 pro
985 266 1221 297 Conventionum
1239 275 1319 296 com-

109 300 177 324 [av.
199 306 222 323 ι’
511 318 656 364 plememo
672 318 746 363 Regi
768 318 926 362 Aragoniae
945 313 1066 347 traditi.

108 405 162 431 An·
182 403 223 428 16·
339 404 463 434 Overint
483 401 602 433 universi
615 426 624 440 ,
650 400 796 439 praesentes
815 399 905 430 literas
925 399 1092 438 inspecturi,
1112 397 1191 437 quod
1206 397 1320 428 ordina-

108 445 138 468 E.
165 450 186 469 ¹·
348 452 410 474 turn
424 442 476 472 fuit
490 441 524 471 ὃς
539 449 717 471 conventum
731 441 802 469 inter
817 437 983 478 magnificos
990 437 1152 475 Principes,
1169 436 1318 467 Dominos

109 483 139 507 L.
154 483 182 505 B.
193 477 219 514 f·
252 482 444 519 Edwardum,
463 480 522 510 Dei
543 479 630 517 gratia
643 503 652 518 ,
668 478 805 509 illustrem
826 477 938 516 Regem
956 476 1068 515 Anglice
1082 476 1246 506 Dominum
1260 475 1319 504 Hi·-

109 517 156 552 89-
170 521 213 543 P?-
253 521 376 558 berniz,
393 521 427 551 δε
443 519 562 549 Ducem
579 518 775 556 Aequitaniae,
793 517 827 547 &
843 515 1010 552 Alfonsum,
1029 514 1129 544 eiadem
1152 513 1256 553 gratia,
1277 513 1319 543 A-

107 565 147 582 ms
163 558 217 581 Ca-
252 560 374 599 ragoniae
389 581 399 597 ‚
427 558 632 596 Majoricarum
654 557 688 587 &
706 555 845 586 Valentiae
868 554 984 594 Regem
997 552 1134 583 illustrem
1140 575 1150 590 ,
1168 553 1202 583 ὃς
1215 551 1318 582 Comi-

108 603 198 621 mmf·
252 608 311 628 tem
327 596 498 628 Barchinon.

292 637 386 676 Qod
398 636 436 666 illi
450 635 621 674 septuaginta
634 633 680 664 sex
692 632 829 670 Batones,
848 630 974 674 Nobiles
989 654 998 668 ,
1017 630 1051 661 &
1066 629 1216 675 Burgenses
1232 629 1317 667 (quos

253 676 346 707 dictus
369 675 435 705 Rex
458 674 569 714 Angliae
590 672 726 709 tradidit,
749 672 779 701 in
801 670 928 707 obsides,
947 668 1041 698 eidem
1057 668 1132 708 Regi
1148 669 1317 706 Aragoniae,

251 724 306 754 pro
325 713 542 751 complemento
561 713 595 742 δε
615 710 760 741 securitate
770 709 944 747 quarundam
958 706 1214 746 Conventionum,
1233 716 1318 737 com-

252 753 418 791 plendarum
441 752 535 782 eidem
555 750 630 788 Regi
652 749 804 787 Aragoniae
820 772 829 785 ,
847 747 892 778 vel
906 746 957 776 suis
970 746 1145 784 haeredibus,
1164 756 1213 783 per
1227 745 1317 785 Egre-

253 792 333 831 gium
348 793 442 821 virum
457 789 623 820 Dominum
639 787 781 818 Karolum
797 786 891 816 Princi
914 794 960 815 em
982 784 1189 815 Salernitanum
1202 809 1211 823 ,
1230 793 1317 822 prout

253 833 282 860 in
305 830 464 860 tractatibus
481 853 491 867 ,
517 829 596 865 siiper
618 827 784 857 liberatione
805 825 886 863 ipsius
926 824 1036 861 rincipis
1048 823 1166 862 habitis,
1184 824 1316 854 contine-

251 869 308 905 tur)
324 867 518 899 custodientur
531 868 560 896 in
574 865 669 896 forms
682 864 832 902 subscripta
842 887 851 902 ,
869 862 1018 901 videlicet,

289 907 381 947 Qod
398 906 516 944 quilibet
528 903 687 935 eorundem
698 902 832 933 obsidum
852 903 951 933 habeat
968 900 1040 931 duos
1053 900 1201 939 custodes,
1218 900 1254 931 ad
1268 910 1317 931 ex-

251 948 345 986 pensas
367 946 492 984 ipsorum
510 943 644 975 obsidum
657 966 666 980 ,
691 942 793 973 scilicet
812 942 840 971 in
861 941 1004 971 esculentis
1027 940 1060 970 &
1080 939 1263 977 poculentis,
1281 941 1315 971 &

252 996 304 1024 pro
317 985 425 1015 familiis
439 985 473 1015 &
489 984 507 1002 ²*
524 983 684 1020 equitaturis
699 981 822 1019 ipsorum
836 979 989 1010 custodum
1005 978 1146 1009 dabuntur
1161 979 1316 1017 unicuique

250 1024 376 1061 ipsorum
394 1033 444 1061 per
464 1021 575 1052 obsides
590 1046 600 1059 ,
616 1022 759 1058 quierunt
775 1020 803 1048 in
820 1018 1003 1055 Cathalonia,
1022 1016 1143 1056 scilicet,
1163 1017 1222 1046 duo
1236 1017 1315 1048 solidi

252 1063 458 1094 Barchinonen.
475 1062 508 1092 &
527 1070 576 1098 per
597 1058 708 1090 obsides
723 1083 732 1097 ,
757 1058 806 1096 qui
826 1066 908 1087 erunt
929 1058 959 1087 in
981 1056 1122 1096 Aragonia
1138 1079 1148 1095 ,
1163 1055 1266 1086 decem
1281 1057 1315 1088 &

251 1102 323 1133 0610
336 1101 441 1132 denarii
453 1099 578 1137 Jaccens.

289 1140 328 1171 Et
341 1139 420 1179 quod
433 1138 502 1169 disti
511 1147 612 1168 omnes
626 1137 659 1168 ὃ(
676 1135 773 1175 singuli
788 1134 897 1165 obsides
912 1133 1107 1165 custodientur
1129 1133 1268 1165 curialiter
1282 1134 1316 1166 δε

253 1180 321 1210 beni
342 1189 389 1209 ne·

291 1188 340 1248 Itag
355 1203 435 1256 qilod
456 1215 561 1254 possint
582 1215 622 1244 ire
641 1213 792 1252 spaciatum
806 1236 815 1251 ,
831 1211 937 1251 equest.
956 1211 1002 1242 vel
1019 1209 1125 1249 pedest.
1144 1221 1193 1249 per
1208 1210 1316 1242 Civita-

253 1256 387 1295 tem,vel
401 1256 498 1285 locum
514 1255 563 1285 ubi
578 1261 676 1291 erunt,
690 1253 722 1283 &
739 1260 814 1282 extra
828 1250 986 1288 hujusmodi
995 1250 1151 1281 Civitatem
1168 1251 1201 1281 &
1215 1250 1315 1281 locum

250 1306 313 1335 quo
327 1294 484 1331 voluerint,
503 1293 536 1323 &
549 1292 583 1322 ad
597 1291 761 1322 venandum
775 1300 843 1320 curn
859 1289 985 1320 Canibus
999 1290 1033 1320 &
1050 1289 1176 1326 Avibus,

291 1334 332 1364 Ita
351 1342 447 1364 tamen
466 1331 548 1370 quod
571 1330 671 1361 eadem
692 1330 739 1360 die
753 1338 926 1359 revertantur
938 1328 973 1358 ad
987 1327 1143 1359 Civitatem
1158 1328 1203 1358 seu
1216 1327 1316 1358 locum

251 1373 300 1404 ubi
314 1381 395 1402 erunt
404 1396 413 1409 ,
431 1371 464 1401 δε
475 1370 509 1400 ad
521 1369 643 1400 domum
658 1370 686 1398 in
701 1378 754 1406 qua
767 1368 973 1405 morabuntur,

289 1411 448 1441 Praesertim
461 1419 530 1440 cum
546 1408 675 1446 praedicti
686 1406 813 1445 obsides,
830 1416 932 1437 omnes
948 1407 981 1437 ὅ(
997 1405 1112 1445 singuli,
1127 1404 1221 1436 eidem
1236 1405 1314 1445 Regi

251 1450 403 1489 Aragoniae
425 1448 574 1486 corporale
595 1445 784 1485 praestiterunt
832 1445 866 1475 ad
881 1444 973 1474 sandica
986 1444 1045 1474 Dei
1059 1443 1227 1484 Evangelia,
1239 1445 1316 1482 jura-

251 1497 381 1519 meutum
401 1497 462 1517 non
484 1485 616 1517 recedere
637 1485 672 1515 de
691 1484 770 1522 posse
789 1469 857 1514 dieti
870 1482 960 1523 Regis
976 1483 1143 1522 Aragoniae,
1161 1483 1217 1513 sine
1229 1483 1269 1513 sui
1282 1482 1315 1513 li-

250 1527 362 1565 centii,
381 1526 426 1556 vel
447 1525 592 1556 haeredum
614 1523 728 1554 suorum
743 1547 753 1561 ,
774 1521 869 1553 donec
889 1520 1125 1560 ConventioneS,
1144 1531 1196 1559 pro
1213 1522 1315 1560 quibus

252 1567 313 1597 sunt
327 1565 428 1604 positi,
447 1564 550 1594 fuerint
568 1562 745 1600 adimpletae,
763 1561 808 1591 vel
830 1561 998 1592 satisfactum
1019 1571 1072 1598 pro
1093 1561 1131 1591 eis
1151 1559 1228 1599 Regi
1244 1560 1316 1592 Ara-

250 1605 346 1645 goniae
360 1603 535 1643 supradicito,
553 1601 599 1632 vel
612 1600 663 1631 suis
676 1599 852 1638 haeredibus,

289 1645 374 1711 Quael
383 1642 529 1681 adimpleri
542 1640 648 1671 debent
663 1639 735 1670 infra
747 1648 801 1670 tres
816 1638 923 1669 menses
937 1638 953 1668 Ξι
965 1637 1011 1668 die
1022 1637 1192 1669 liberationis
1205 1637 1315 1669 Princi-

272 1684 293 1713 is
327 1692 365 1712 rae
376 1682 451 1712 ibati.

251 1693 271 1722 p
290 1693 346 1760 Ept,
362 1720 382 1750 fi
397 1721 470 1751 forte
484 1719 597 1758 aliquis,
615 1717 662 1749 vel
675 1717 760 1755 aliqui
771 1715 902 1747 obsidum
918 1715 1139 1753 praedic'iorum,
1158 1715 1228 1746 infra
1243 1726 1315 1754 prae-

249 1760 342 1791 dietos
353 1769 407 1790 tres
421 1759 546 1797 menses,
564 1757 602 1788 sic
615 1756 794 1793 recederent,
813 1755 858 1785 vel
874 1753 1034 1792 recederet,
1051 1754 1108 1785 sine
1120 1754 1232 1786 licentia
1245 1754 1316 1785 disti

250 1800 340 1838 Regis
353 1799 523 1836 Aragoniae,
541 1797 587 1828 vel
598 1795 745 1826 haeredum
758 1794 890 1832 suorum,
908 1802 1084 1824 remanentes
1099 1793 1169 1831 sint,
1186 1801 1245 1824 tam
1261 1804 1315 1832 pro

248 1838 338 1882 seipsis
351 1862 360 1875 ,
385 1837 472 1876 quam
492 1846 544 1875 pto
567 1833 727 1874 hujusmodi
748 1831 912 1871 recedenti,
935 1832 982 1864 vel
1001 1831 1197 1863 recedentibus
1212 1857 1222 1871 ‚
1241 1832 1315 1863 obli-

268 1886 313 1907 ati.

248 1886 267 1916 g
284 1914 322 1946 Et
342 1914 422 1953 quod
436 1939 446 1953 ,
472 1912 536 1952 post
557 1911 662 1951 lapsum
680 1910 883 1949 praedi&orum
903 1912 990 1941 trium
1012 1909 1152 1940 mensium
1168 1933 1178 1948 ,
1196 1909 1216 1940 si
1230 1909 1315 1941 dictae

248 1953 468 1984 Conventiones
487 1962 546 1983 non
568 1951 672 1981 fuerint
692 1949 852 1988 adimpletae
863 1974 872 1987 ,
891 1949 937 1979 vel
958 1949 1128 1979 satisfadfflm
1143 1959 1197 1986 pro
1208 1949 1264 1988 eis,
1279 1950 1313 1980 δε

249 1993 374 2023 similiter
408 1992 560 2030 postquam
575 1990 674 2028 aliquis
686 2012 697 2028 ,
714 1989 761 2020 vel
775 1988 860 2026 aliqui
876 1987 1079 2025 praedictorum
1090 1986 1252 2026 Obsidum,
1271 1988 1314 2018 in-

248 2032 290 2062 fra
313 2017 466 2070 praedictos
488 2039 542 2061 tres
563 2029 670 2059 menses
686 2051 696 2067 ,
720 2036 752 2058 ut
765 2026 944 2066 praedicitur,
961 2025 1127 2056 recederent
1138 2026 1185 2056 vel
1198 2025 1313 2057 recede-

249 2079 308 2108 ret,
327 2070 418 2100 didius
432 2070 497 2100 Rex
512 2068 665 2107 Aragoniae
676 2066 761 2105 poffit
773 2065 887 2096 eosdem
902 2073 1077 2096 remanentes
1091 2064 1201 2095 obsides
1214 2066 1314 2104 artiuS,

248 2117 334 2147 prout
349 2109 399 2138 sibi
413 2108 561 2146 placuerit,
578 2106 671 2137 facere
685 2104 830 2136 custodiri.

288 2147 423 2177 Praefatus
443 2155 538 2176 autem
560 2144 627 2175 Rex
646 2143 757 2183 Angliae
769 2143 854 2182 jurari
867 2142 953 2180 fecit,
971 2143 1000 2172 in
1013 2143 1136 2173 animam
1151 2141 1244 2181 suam,
1264 2153 1314 2181 per

251 2185 419 2216 Dominum
442 2184 561 2215 Petrum
581 2183 617 2214 de
634 2181 771 2213 Chevant
791 2181 916 2212 Militem
937 2182 1018 2212 suum
1031 2204 1041 2219 ‚
1066 2181 1161 2219 quod,
1180 2182 1199 2211 fi
1214 2182 1314 2221 aliqui,

250 2224 297 2255 vel
316 2224 413 2262 aliquis
427 2246 437 2261 ,
458 2221 592 2254 obsidum
612 2220 817 2260 praedietorum
833 2245 842 2258 ,
867 2220 939 2250 infra
955 2219 1109 2259 praedictos
1120 2228 1175 2251 tres
1187 2220 1295 2251 menses
1307 2245 1317 2259 ,

249 2273 310 2294 non
333 2261 481 2300 completis
501 2261 620 2300 praefatis
640 2259 911 2297 conventionibus,
939 2259 996 2289 fine
1015 2259 1127 2290 licentia
1142 2259 1211 2289 dieti
1226 2259 1315 2299 Regis

251 2301 403 2340 Aragoniae
418 2325 427 2338 ,
452 2300 499 2330 vel
519 2299 666 2329 haeredum
686 2298 801 2328 suorum
814 2297 949 2328 recedent
962 2297 1009 2329 vel
1019 2297 1181 2335 recederet,
1199 2298 1314 2328 eosdem

250 2340 289 2371 fic
309 2338 471 2370 recedentes
486 2363 494 2377 ,
520 2338 566 2368 seu
585 2336 767 2368 recedentem
789 2335 834 2367 vel
854 2337 978 2368 remittet
995 2338 1024 2366 in
1048 2336 1128 2374 posse
1141 2336 1210 2367 dieti
1225 2336 1316 2374 Regis

249 2379 418 2417 Aragomae,
437 2377 482 2407 vel
496 2375 574 2407 dabit
585 2376 653 2406 alios
667 2375 853 2412 sufficientes,
871 2375 1013 2406 velalium
1026 2373 1233 2414 sufficientem,
1246 2375 1315 2406 loco

247 2417 372 2455 ipsorum
384 2415 593 2454 recedentium,
612 2414 658 2445 vel
673 2413 828 2445 recedentis
845 2415 852 2443 i
875 2413 935 2444 sius.

287 2455 320 2486 In
348 2456 427 2491 cuius
448 2455 494 2498 rei·
506 2453 704 2485 testimonium
726 2452 833 2492 praefati
851 2424 950 2496 Reges
972 2451 1084 2492 Angliae
1103 2452 1137 2483 &
1161 2451 1314 2493 Aragoniae

247 2494 428 2533 praesentibus
448 2493 531 2533 sigilla
552 2493 597 2524 sua
611 2492 740 2524 fecerunt
752 2501 866 2533 apponi.

99 990 234 1028 ‘11.3Ss.

283 2571 394 2602 Datum
406 2570 480 2609 apud
494 2569 639 2600 Canfrank
652 2568 698 2599 die
714 2568 850 2608 Veneris,
865 2567 997 2599 vicesima
1011 2578 1088 2599 nona
1100 2567 1146 2599 die
1157 2567 1313 2607 Onobris,

245 2620 321 2641 anno
335 2609 459 2641 Domini
478 2608 627 2639 millesimo
641 2607 838 2638 ducentesimo
852 2607 1045 2647 o&uagefimo
1057 2607 1173 2638 0613110.

247 2734 401 2783 Obligatie
439 2735 541 2768 Caroli
567 2736 712 2778 Principt's
740 2731 929 2766 Salernitani
945 2758 955 2774 ,
996 2731 1032 2764 de
1061 2730 1161 2764 decem
1189 2729 1312 2764 milibus

315 2788 507 2819 Marcarum
525 2780 564 2816 ab
584 2780 735 2816 Edvardo
754 2783 832 2827 Rege
850 2781 968 2827 Angliae
982 2790 1087 2813 mutuo
1106 2783 1241 2826 acceptis.

99 2889 128 2920 Α
192 2886 223 2917 D
248 2870 323 2932 N
333 2871 456 2902 Overint
470 2868 607 2906 universi,
626 2866 772 2906 praesentes
785 2866 875 2896 literas
890 2866 1056 2905 inspeffimri,
1071 2865 1149 2904 quod
1162 2875 1230 2904 nos,
1250 2864 1312 2896 Ka-

129 2898 194 2956 mgg
225 2909 233 2917 ⁸
344 2910 420 2940 rolus
434 2909 570 2945 Princeps
583 2906 784 2942 salernitanus,
803 2905 923 2936 fatemur
944 2916 996 2936 nos
1012 2914 1115 2936 mutuo
1129 2904 1263 2942 recepisse
1276 2905 1310 2936 δε

121 2937 156 2957 ¹²
187 2967 203 2992 6
250 2948 375 2979 habuisse
394 2949 410 2977 a
430 2946 582 2986 magnifico
600 2945 734 2982 Principe
757 2943 891 2974 Domino
903 2943 1064 2982 Edivardo,
1083 2943 1142 2974 Dei
1155 2943 1258 2983 gratia,
1277 2944 1311 2974 il-

208 2986 214 2991 '
248 2987 326 3017 lustri
350 2986 431 3025 Rege
454 2985 565 3025 Angliae
579 3009 588 3023 ,
612 2983 747 3014 Domino
768 2981 917 3014 Hibernia:
931 3007 940 3022 ,
957 2984 990 3015 ὃς
1011 2982 1098 3013 Duce
1115 2982 1311 3021 Acquitaniae,

246 3025 454 3064 consanguineo
474 3023 574 3054 nostro
595 3022 738 3053 kariffimo
752 3045 762 3059 ‚
784 3020 887 3052 decem
900 3022 986 3052 millia
1002 3021 1168 3052 Marcarum
1186 3022 1310 3061 argenti,

249 3066 282 3096 δε
297 3064 354 3094 illas
367 3065 396 3093 in
411 3062 517 3093 nostras
531 3060 733 3100 urgentiffimas
745 3060 918 3092 necessitates
930 3060 1013 3091 fuisse
1026 3059 1170 3091 converfir.

285 3103 365 3142 Qae
386 3101 502 3140 quidem
522 3100 625 3130 decem
645 3100 731 3129 millia
743 3097 908 3142 Marcarum
921 3099 1045 3140 argenti,
1063 3099 1140 3129 bona
1155 3097 1228 3137 fide,
1243 3108 1310 3137 pro—

246 3143 382 3173 mittimus
402 3139 545 3171 restituere
565 3138 645 3168 dieto
666 3137 801 3168 Domino
823 3138 923 3177 Regi,
947 3138 1058 3169 velsuis
1069 3138 1246 3176 haeredibus‚
1263 3146 1311 3169 aut

244 3190 346 3211 eorum
367 3178 500 3210 mandato
513 3201 523 3215 ,
547 3179 577 3207 in
590 3175 720 3206 nundinis
734 3176 830 3207 8311611
845 3178 929 3216 Ayoli
943 3177 1097 3208 Pruvinen.
1118 3178 1251 3214 proximo
1264 3176 1310 3207 fu-

245 3221 330 3258 turis,
349 3218 407 3249 fine
421 3218 544 3249 ulteriori
556 3215 702 3252 dilatione,
720 3225 790 3245 cum
804 3215 948 3255 dampnis,
967 3215 1092 3254 expensis
1114 3217 1148 3247 &
1162 3214 1310 3253 interesse,

245 3268 313 3296 quse
326 3257 415 3296 ipsum
427 3256 594 3287 Dominum
609 3253 741 3293 Regem,
759 3253 806 3285 vel
825 3254 889 3285 suos
907 3255 1048 3293 haeredes,
1066 3262 1182 3295 propter
1195 3255 1254 3285 hoc
1269 3253 1310 3284 fa-

244 3307 311 3327 cere
325 3297 477 3335 contigerit
487 3294 534 3326 vel
542 3293 640 3324 subire.

280 3335 339 3366 Pro
352 3336 454 3373 quibus
470 3333 607 3364 omnibus
622 3332 656 3362 ὃς
667 3331 777 3370 singulis
790 3331 906 3363 fideliter
924 3331 1109 3371 adimplendis
1122 3354 1132 3370 ‚
1151 3332 1311 3371 obligamus

246 3374 343 3404 eidem
364 3373 500 3404 Domino
520 3371 550 3402 R
589 3372 594 3376 '
618 3372 652 3402 &
671 3371 728 3409 ejus
742 3370 898 3401 haeredibus
910 3382 979 3410 nos,
995 3373 1029 3402 &
1041 3369 1166 3401 haeredes
1178 3370 1311 3408 nostros,

249 3413 283 3443 &
298 3422 399 3443 omnes
416 3420 499 3442 terras
513 3420 553 3440 no
581 3419 635 3447 raS,
654 3419 687 3439 ac
700 3410 797 3439 omnia
811 3409 886 3440 bona
899 3410 1008 3447 nostra,
1024 3409 1141 3440 mobilia
1156 3410 1190 3440 &
1204 3410 1313 3440 immo-

248 3450 331 3488 bilia,
346 3450 491 3488 praesentia
505 3450 538 3480 &
553 3448 660 3486 futura,
680 3447 788 3485 speciali
801 3448 884 3479 titulo
896 3449 1065 3487 ypothecae3

289 3488 498 3520 Renunciantes
511 3486 637 3526 expresse
650 3487 863 3523 exceptionibus
875 3497 936 3517 non
953 3496 1076 3526 receptae
1087 3511 1098 3525 ,
1115 3496 1177 3516 non
1190 3486 1310 3524 habitae,

251 3525 287 3556 &
301 3536 360 3557 non
373 3536 528 3558 numeratae
540 3527 685 3564 pecuniae,
701 3524 782 3563 doli,
800 3526 834 3556 &
854 3527 885 3555 in
903 3525 1013 3556 factum
1028 3550 1038 3564 ,
1061 3535 1094 3556 ac
1107 3526 1242 3555 omnibus
1255 3524 1313 3554 aliis

252 3567 477 3605 exceptionibus,
492 3566 632 3602 omnique
641 3564 709 3603 juris
725 3564 843 3602 auxilio,
861 3572 920 3594 tam
934 3563 1079 3595 Canonici
1094 3587 1104 3603 ‚
1129 3564 1217 3601 quarn
1230 3563 1313 3595 Civi-

252 3600 285 3631 lis
318 3612 366 3639 per
380 3614 443 3642 quae
457 3603 602 3642 possemus
615 3613 668 3633 nos
682 3610 780 3633 contra
794 3602 928 3640 praedjen
941 3603 1093 3634 defendere
1104 3602 1150 3632 vel
1162 3603 1269 3640 juvare.

307 3650 326 3669 n
360 3652 461 3672 uorum
475 3644 609 3673 omnium
621 3640 835 3679 testimonium,
852 3642 916 3679 quia
937 3641 1057 3681 sigillum
1076 3642 1225 3679 proprium
1239 3649 1314 3670 non-

255 3675 343 3721 dum.
365 3681 403 3709 eri
422 3681 541 3712 fecimus
553 3706 563 3720 ‚
585 3679 799 3718 impressionem
816 3681 902 3710 trium
920 3680 1056 3711 facierum
1071 3703 1082 3719 ‚
1100 3678 1227 3710 consueti
1240 3677 1315 3708 anuli

254 3714 362 3758 nostn,
379 3718 554 3754 praesentibus
565 3718 696 3749 duximus
711 3717 925 3756 apponendam,
943 3720 977 3749 ὃς
992 3729 1080 3750 11131111
1091 3716 1186 3748 nostra
1201 3717 1314 3756 propria

254 3752 409 3790 smpsimus
422 3756 536 3794 sequens
549 3758 672 3789 verbum
691 3758 789 3795 (CRE
800 3759 830 3786 D
838 3760 871 3786 A
879 3758 971 3795 TIS.)
1300 3771 1302 3773 >

99 2971 151 2995 An.
173 2976 181 2992 1

100 3011 130 3033 E.
154 3014 176 3030 1.

101 3049 133 3071 ι..
148 3040 211 3079 B.f.

104 3090 166 3115 ¹05-
188 3084 233 3108 Pe-

100 3130 141 3148 nes
155 3123 208 3148 Ca-

101 3168 193 3187 ruerat.

294 3827 406 3860 Datum
420 3832 491 3868 apud
503 3833 621 3864 Oleron.
637 3835 723 3865 tertio
736 3833 783 3864 die
796 3833 977 3865 Novembris
990 3858 1000 3874 ‚
1017 3844 1095 3866 anno
1109 3832 1235 3864 Domini
1250 3830 1315 3862 mil-

257 3865 356 3900 lesimo
371 3867 564 3902 ducentesimo
574 3873 754 3912 odrogesimo
767 3871 882 3904 octavo.

1359 262 1387 289 *ἓ
1407 268 1576 312 Recognitio
1601 267 1703 299 Caroli
1722 269 1868 313 Principis
1883 267 2070 300 Salernitani
2085 266 2177 311 fasta
2192 267 2343 301 Eduardo
2362 273 2422 304 Rea
2438 271 2454 289 *
2466 273 2570 314 1¹·389·

1798 318 1835 362 gi
1853 315 1979 362 Angliae.

1395 398 1429 429 N
1447 398 1584 430 Nomine
1599 399 1740 438 Domini,
1760 400 1864 430 Arnen.
2442 400 2509 438 Arm
2524 410 2559 441 -D

1427 437 1516 468 Anno
1529 438 1692 482 Nativitatis
1711 439 1834 478 ejusdem
1848 438 1998 469 millesimo
2018 439 2212 472 ducentesimo
2224 441 2421 482 ocituagesimo
2467 433 2550 479 12238.
2561 432 2569 440 ⁹

1356 475 1463 520 0613νο
1477 501 1486 514 ,
1506 476 1554 506 die
1571 478 1655 508 teitio
1675 478 1869 516 Novembris,
1884 477 2015 508 secundae
2032 478 2214 517 [ndiffionis,
2232 480 2420 512 Pontificatsis
2439 488 2491 512 Aa.
2510 490 2551 517 16.

1357 513 1482 545 Domini
1496 515 1636 546 Nicliolai
1650 516 1735 554 Papae
1753 517 1844 554 quarti
1863 526 1939 547 anno
1959 518 2070 555 primo,
2087 519 2117 547 in
2129 517 2272 555 praesentia
2285 522 2343 550 mei
2357 520 2417 551 Ni-
2438 524 2504 552 Edv.
2527 535 2551 555 i.

1357 552 1450 596 cholai
1472 553 1509 583 de
1528 554 1698 598 Vallesoran.
1720 556 1844 593 pupplici
1866 554 2032 592 Apostolica
2053 556 2219 587 auetoritate
2233 557 2364 598 Nomii,
2382 560 2416 590 &
2438 565 2470 588 L.
2484 567 2514 591 Β.
2519 564 2549 601 f.

1355 590 1471 622 testium
1491 592 1734 631 subscriptorum,
1758 594 1792 623 ad
1810 594 1868 624 hoc
1889 594 2040 631 specialiter
2061 603 2232 626 vocatorum
2252 597 2286 628 &
2303 606 2418 637 rogato-
2442 602 2502 629 113.
2517 603 2543 632 b.

1356 639 1422 660 rum
2559 656 2562 657 ⁷

1392 655 1527 709 Egregius
1540 671 1573 701 &
1586 670 1696 701 illustris
1708 671 1752 701 vir
1767 670 1914 702 Dominus
1929 670 2052 703 Karolus
2067 671 2203 711 Princeps
2213 672 2418 715 Salernitanus,
2434 646 2568 709 372³:th

1356 708 1565 745 recognoscens
1579 708 1605 739 se
1618 709 1698 748 fore,
1734 719 1763 739 er
1777 709 1996 748 mediationem,
2024 713 2236 742 rocurationem
2251 713 2284 743 ὃ(
2299 723 2418 751 operam

1354 744 1516 790 serenissimi
1530 746 1684 786 Principis,
1736 748 1828 778 omini
1842 747 1991 785 Edwardi,
2046 751 2071 780 ei
2086 751 2188 790 gratia,
2199 750 2287 788 Regis
2304 752 2418 791 Angliae

1355 783 1464 830 illustris
1472 809 1482 824 ,
1501 786 1516 815 3
1528 796 1643 830 'carcere‘
1660 786 1802 826 magnifici
1814 785 1953 825 Principis
1967 786 2093 818 Domini
2103 789 2229 828 Alfonsi,
2243 790 2342 821 eadem
2354 801 2418 831 gra-

1352 829 1390 853 tia
1404 848 1412 862 ,
1434 824 1547 868 'il—lustris
1569 824 1658 864 Regis
1681 825 1806 864 Aragon.
1825 825 1876 855 sub
1897 827 1980 856 certis
2001 827 2088 864 pastis
2102 850 2112 865 ‚
2135 827 2360 869 ostagiamento,
2379 833 2414 862 δι’.

1353 862 1566 894 conditionibas
1579 863 1745 901 liberatum,
1763 864 1796 894 &
1809 865 1838 893 in
1854 863 1926 894 statu
1938 864 1993 895 suae
2006 865 2138 896 libertatis
2153 866 2287 907 existere,

1353 946 1364 969 t
1393 900 1467 932 Non
1485 903 1513 933 vi
1529 927 1538 940 ,
1562 912 1617 932 nec
1638 910 1739 940 metu,
1762 901 1808 933 sed
1827 902 1873 933 sua
1893 903 1969 933 bona
1982 927 1993 942 ,
2007 904 2092 934 libera
2104 905 2139 936 &
2151 905 2301 943 spontanea
2315 907 2418 939 volun-

1365 947 1409 970 ate

1389 964 1545 1023 C'onfessus
1564 978 1605 1010 est
1620 1003 1631 1017 ,
1656 980 1690 1010 &
1708 980 1793 1010 etiam
1812 981 1984 1019 recognovit
2004 980 2083 1018 quod
2103 981 2180 1012 idem
2201 982 2267 1014 Rex
2287 983 2417 1024 Angliae,

1353 1026 1606 1088 ‘sffsszfflffa
1615 1017 2007 1088 ‘s'tl’ls‘gffi‘ginffiff‘bssffilff
2022 1019 2414 1090 sssffignicRRefg‘fflsuum’

1355 1095 1389 1125 &
1402 1094 1454 1140 spis
1469 1096 1646 1134 haeredibus,
1662 1081 1715 1140 pio
1728 1095 1849 1140 se·,'ipso
1864 1095 1996 1134 Principe
2007 1081 2126 1140 ²rogante
2140 1121 2150 1135 ,
2169 1069 2418 1131 ffiemgggqnpgilk

1352 1133 1488 1177 sentiente
1500 1159 1510 1174 ,
1533 1145 1587 1172 pro
1609 1143 1710 1173 certis,
1727 1134 1850 1174 scilicet,
1869 1135 2109 1166 conventionibus
2124 1136 2159 1167 &
2171 1137 2420 1179 promissionibus,

1354 1172 1435 1202 inferi
1439 1173 1476 1203 us*
1482 1175 1620 1205 annotatis
1627 1198 1636 1212 ,

1389 1210 1493 1255 Eidem
1506 1212 1582 1243 Reoi
1595 1212 1720 1257 Aragon.
1739 1212 1786 1243 vel
1801 1212 1852 1242 suis
1865 1212 2040 1250 haeredibus,
2058 1213 2087 1242 in
2100 1214 2183 1244 certis
2197 1215 2303 1246 casibus
2315 1217 2348 1247 &
2362 1224 2420 1247 ter-

1355 1252 1438 1280 minis
1453 1261 1502 1289 per
1516 1238 1607 1289 ipsiim
1620 1251 1784 1289 Principem
1799 1251 1999 1293 adimplendis,
2016 1253 2046 1281 in
2061 1250 2163 1283 decem
2175 1254 2286 1284 milibus
2302 1254 2419 1286 Marca-

1354 1298 1419 1333 rum
1439 1292 1544 1329 argenti
1559 1302 1569 1329 3
1595 1290 1615 1320 s1
1628 1315 1637 1329 ,
1664 1289 1812 1329 videlicet,
1830 1289 1921 1321 dictus
1934 1290 2085 1329 Princeps,
2103 1291 2173 1322 infra
2189 1300 2244 1324 tres
2256 1293 2381 1333 menses,
2401 1296 2418 1325 a

1353 1326 1402 1358 die
1422 1327 1477 1358 suae
1499 1329 1669 1360 liberationis
1690 1328 1879 1359 numerandos
1894 1354 1904 1368 ,
1929 1339 1990 1360 non
2009 1330 2152 1368 compleat
2170 1331 2332 1370 hujusmodi
2345 1343 2418 1364 con—

1352 1367 1501 1398 ventiones
1516 1368 1549 1399 8(
1564 1366 1762 1406 promiffiones
1777 1378 1842 1406 quae
1856 1368 1922 1398 tales
1934 1368 2013 1407 sunt,
2032 1368 2153 1407 scilicet,

1391 1405 1483 1444 Qod
1504 1406 1596 1437 dietus
1618 1406 1752 1444 Princeps
1776 1406 1904 1444 promisit
1923 1407 1958 1438 ὃς
1971 1408 2074 1446 juravit
2094 1407 2211 1438 fideliter
2230 1409 2322 1440 facere
2337 1411 2419 1448 posse

1351 1443 1448 1482 suum,
1466 1445 1535 1475 infra
1549 1454 1604 1476 tres
1620 1444 1745 1483 menses,
1763 1445 1780 1475 ‘a
1794 1444 1840 1475 die
1853 1444 1908 1476 suae
1921 1445 2110 1485 liberationis,
2123 1448 2252 1486 optinere
2266 1451 2300 1479 &
2315 1449 2421 1480 habere

1353 1482 1530 1515 Sindicatum
1546 1483 1692 1522 Massiliae,

1390 1522 1467 1561 Aut,
1486 1523 1506 1553 si
1526 1523 1584 1554 hoc
1605 1533 1666 1553 non
1706 1521 1772 1553 offit
1793 1522 1912 1561 habere,
1930 1522 2038 1562 tradet,
2055 1523 2127 1554 infra
2139 1523 2253 1555 eosdem
2266 1534 2320 1556 tres
2335 1536 2418 1557 men-

1352 1561 1406 1600 ses,
1423 1562 1524 1599 viginti
1547 1561 1657 1592 obsides
1701 1571 1718 1591 e
1736 1561 1901 1592 melioribus
1920 1561 2052 1592 Massiliae
2068 1585 2078 1600 ,
2101 1563 2148 1593 vel
2160 1563 2262 1593 redibit
2275 1565 2310 1595 ad
2322 1575 2418 1596 carce-

1353 1610 1414 1630 rem
1430 1599 1519 1640 Regis
1532 1599 1659 1638 Aragon.
1677 1600 1841 1639 supradieti3
1859 1609 1944 1638 prout
1958 1600 2022 1632 haec
2036 1602 2134 1631 omnia
2149 1602 2178 1631 in
2190 1602 2308 1634 tractatu
2329 1604 2362 1635 ὅ(
2375 1605 2419 1634 111-

1354 1638 1518 1672 strumentis
1531 1639 1685 1678 pupplicis,
1703 1639 1810 1677 scriptis
1823 1649 1910 1670 manu
1925 1639 2057 1679 Magistri
2066 1639 2204 1678 johannis
2217 1640 2254 1671 de
2266 1640 2399 1673 Cadamo
2408 1667 2420 1682 ,

1353 1677 1459 1716 publici
1472 1678 1640 1709 austoritate
1651 1677 1817 1716 Apostolica
1834 1677 1970 1717 Notarii,
1988 1678 2069 1717 super
2082 1679 2250 1710 liberatione
2263 1680 2332 1712 dicti
2338 1681 2421 1712 Prin-

1353 1717 1422 1755 cipis
1436 1717 1536 1748 habitis
1551 1717 1584 1748 &
1596 1717 1736 1748 confectis
1745 1741 1754 1754 ,
1773 1717 1881 1757 plenius
1897 1719 2069 1748 continetur.

1390 1754 1553 1794 Volensque
1566 1755 1641 1786 idern
1655 1755 1790 1793 Princeps
1803 1756 1952 1794 praefatum
1960 1756 2074 1796 Regem
2089 1756 2219 1796 Angliae,
2237 1768 2271 1788 ac
2285 1758 2343 1797 ejus
2358 1758 2418 1789 hae-

1353 1793 1447 1834 redes,
1464 1795 1544 1833 super
1565 1795 1767 1833 indempnitate
1787 1793 1987 1832 praedictarum
2004 1795 2184 1832 obligationis
2201 1797 2235 1827 81
2248 1807 2363 1836 poenae,
2377 1797 2419 1827 se-

1353 1843 1456 1864 curum
1478 1833 1569 1865 facere
1584 1857 1594 1873 ,
1619 1835 1653 1866 ὃς
1674 1833 1747 1872 ipsos
1765 1833 1802 1864 de
1814 1833 1955 1872 praedietis
1969 1833 2137 1872 indempnes
2149 1833 2267 1866 reddere
2281 1836 2314 1867 &
2329 1835 2420 1867 serva-

1354 1882 1425 1957 n{ln
1437 1912 1490 1955 nsua
1506 1912 1634 1943 libertate
1655 1911 1773 1943 existens
1808 1921 1869 1942 non
1890 1913 1919 1942 vi
1934 1921 1988 1942 nec
2003 1911 2226 1956 metue-oasim,
2243 1911 2289 1943 sed
2303 1912 2350 1944 sui
2363 1914 2419 1944 bo-

1353 1960 1390 1981 na
1424 1950 1511 1994 liber}
1525 1952 1559 1983 &
1573 1950 1726 1989 spontanea
1737 1935 1901 1989 voluntate,
1919 1950 1989 1981 sicut
2003 1949 2164 1988 praedicitur

1391 1973 1524 2034 Promisit
1539 2014 1548 2028 ,
1574 1989 1653 2034 bons⁴
1673 1990 1729 2021 fide
1743 2014 1753 2027 ,
1778 1990 1813 2020 &
1834 1988 2082 2033 perhsolempnem
2096 1988 2129 2019 sti
2151 1975 2320 2029 ulationem,
2339 1990 2418 2031 Regi

1353 2027 1401 2058 An
1422 2028 1465 2058 lire
1479 2028 1639 2067 supradicto
1658 2029 1804 2066 recipienti
1820 2029 1853 2060 &
1867 2028 2007 2065 stipulanti
2021 2038 2074 2066 pro
2088 2028 2116 2058 se
2176 2028 2332 2060 haeredibus
2347 2029 2418 2069 suis,

1393 2038 1485 2106 (ἰωὰ
1498 2090 1508 2106 ,
1536 2067 1555 2098 fi
1576 2067 1711 2105 praedidta
1734 2077 1821 2105 poena
1842 2066 2042 2106 prcedic‘tarum
2060 2066 2163 2097 decern
2177 2068 2289 2098 milium
2303 2067 2417 2099 Marca-

1353 2115 1417 2136 rum
1436 2107 1542 2144 argenti
1556 2128 1566 2144 ,
1588 2108 1617 2136 111
1640 2106 1780 2144 ρτεεάἰέὶίε
1801 2106 1852 2136 suis
1873 2105 1980 2136 casibus
1995 2129 2005 2144 ,
2022 2105 2068 2137 vel
2084 2105 2287 2144 praedictorum
2301 2107 2417 2145 aliquo,

1352 2146 1540 2175 convincatur
1552 2168 1562 2183 ,
1580 2145 1656 2175 idem
1679 2144 1815 2182 Princeps
1835 2154 1953 2183 poenam
1973 2144 2137 2182 praedictam
2153 2146 2182 2175 in
2233 2153 2290 2183 rte,
2309 2146 2342 2177 &
2357 2145 2416 2176 fine

1353 2183 1581 2214 contradictione
1596 2184 1735 2222 qualibet,
1753 2183 1858 2222 solvet,
1876 2183 1922 2214 vel
1937 2183 2008 2214 solvi
2022 2183 2122 2221 faciet,
2141 2183 2170 2213 in
2214 2183 2287 2214 astro
2309 2183 2416 2214 Burde-

1352 2223 1442 2262 galen.
1461 2222 1538 2262 Regi
1558 2222 1671 2260 Angliae
1690 2221 1848 2260 supradidm
1865 2246 1875 2260 ,
1899 2221 1945 2252 vel
1968 2222 2026 2260 ejus
2047 2221 2203 2252 haeredibus
2218 2245 2228 2261 ,
2252 2230 2299 2252 aut
2312 2232 2418 2253 eorum

1353 2261 1503 2299 mandato,
1523 2271 1573 2302 per
1585 2261 1678 2299 ipsum
1693 2261 1809 2301 Regem
1823 2260 1933 2300 Angliae
1942 2285 1952 2299 ,
1970 2261 2016 2292 vel
2031 2261 2089 2290 e'us
2100 2259 2241 2300 haeredes,
2258 2260 2339 2292 dicto
2353 2261 2417 2292 Re-

1352 2301 1381 2339 gi
1397 2300 1568 2337 Aragoniae,
1586 2300 1632 2331 vel
1645 2302 1701 2339 ejus
1716 2299 1872 2330 haetedibus
1884 2299 2033 2344 persolven
2054 2309 2118 2338 am·,

1391 2338 1432 2369 Ita
1446 2364 1456 2378 ,
1480 2338 1613 2370 videlicet
1627 2363 1637 2378 ,
1656 2339 1733 2377 quod
1754 2338 1831 2369 idem
1844 2337 1978 2376 Princeps
1999 2339 2151 2369 intantum
2163 2337 2306 2368 solutionis
2318 2340 2416 2369 termi-

1352 2386 1439 2416 num,
1458 2378 1488 2407 in
1511 2377 1649 2415 praedicto
1669 2378 1786 2408 trac‘tatu
1799 2402 1810 2415 ,
1835 2378 1869 2408 &
1886 2376 2078 2408 instrumentis
2097 2384 2286 2415 contentum,
2304 2387 2415 2414 praeve-

1353 2418 1427 2454 niet,
1447 2417 1526 2454 quod
1547 2416 1624 2446 idem
1643 2418 1779 2447 terminus
1799 2415 1918 2454 praefato
1939 2415 2016 2456 Regi
2033 2415 2217 2455 Aragonum,
2234 2416 2281 2447 vel
2294 2416 2345 2447 suis
2359 2416 2419 2446 hae-

1354 2455 1482 2494 redibus,
1500 2465 1548 2495 per
1562 2455 1650 2493 ipsum
1666 2454 1780 2495 Regem
1794 2455 1906 2494 Angliae
1920 2454 2009 2486 valeat
2022 2454 2175 2492 observari,

1391 2494 1518 2532 Sicquei
1540 2493 1600 2524 sum
1615 2493 1748 2534 Regem,
1766 2495 1800 2526 δε
1815 2494 1872 2532 ejus
1888 2493 2012 2524 haeredes
2031 2494 2067 2524 ab
2086 2493 2260 2532 obligatione
2279 2494 2314 2525 δε
2328 2492 2419 2531 1300113,

1351 2532 1492 2571 praetiietis
1504 2533 1522 2563 li
1544 2534 1647 2572 erabit,
1664 2535 1698 2565 δι
1713 2533 1831 2564 servabit
1844 2531 2028 2570 indempnes,
2045 2541 2114 2562 cum
2127 2532 2272 2570 dampnis,
2289 2532 2415 2570 expensis

1352 2573 1386 2603 &
1402 2571 1546 2610 interesse,
1565 2582 1631 2611 quae
1644 2572 1734 2610 ipsum
1749 2572 1779 2603 R
1817 2581 1864 2602 em
1880 2571 2009 2610 Angliae,
2036 2570 2083 2602 vel
2098 2571 2156 2609 ejus
2168 2570 2312 2610 haeredes,
2327 2581 2417 2609 prop-

1351 2618 1394 2640 ter
1405 2611 1463 2642 hoc
1476 2633 1486 2649 ,
1504 2611 1597 2641 Facere
1610 2612 1777 2650 contigerit,
1807 2621 1841 2641 eu
1856 2610 1955 2640 subire.

1389 2648 1448 2680 Pro
1470 2650 1572 2688 quibus
1592 2650 1727 2680 omnibus
1747 2651 1781 2681 &
1799 2648 1911 2688 fingulis
1928 2648 2047 2679 fideliter
2067 2646 2142 2678 adim
2162 2646 2251 2678 lendis
2271 2649 2304 2679 δε
2319 2648 2415 2678 obser-

1349 2687 1446 2719 vandis
1455 2712 1464 2725 ,
1480 2687 1628 2725 praedictus
1642 2687 1776 2725 Princeps
1787 2687 1925 2725 obligavit
1937 2685 2032 2716 eidem
2046 2686 2121 2724 Regi
2164 2685 2262 2726 ngliae,
2280 2685 2415 2723 stipulan-

1349 2727 1371 2756 ti
1392 2727 1425 2757 &
1444 2727 1592 2764 recipienti
1608 2735 1661 2764 pro
1679 2726 1707 2755 se
1729 2727 1763 2756 &
1786 2724 1942 2755 haeredibus
1962 2724 2031 2762 suis,
2050 2723 2077 2754 se
2091 2726 2124 2755 ὃς
2139 2723 2265 2754 haeredes
2279 2724 2360 2762 suos,
2379 2725 2413 2755 δε

1349 2773 1548 2834 (ἐπιηεεὲἒτὲῗε
1563 2765 1637 2802 suas,
1655 2764 1689 2795 δε
1701 2764 1799 2794 01111113
1811 2763 1889 2794 bona
1902 2763 1966 2800 sua,
1975 2762 2091 2792 mobilia
2106 2763 2140 2793 &
2154 2762 2413 2801 immobilia,prae-

1363 2812 1435 2833 entia
1530 2812 1589 2834 tura

1387 2841 1562 2873 Submittens
1588 2827 1616 2872 se
1636 2842 1670 2873 &
1687 2840 1811 2872 haeredes
1825 2841 1888 2872 suos
1903 2849 1937 2871 ex
1949 2838 2027 2870 certa
2040 2838 2172 2878 scientia,
2188 2849 2243 2878 pro
2258 2839 2412 2878 omnibus,

1349 2881 1383 2912 &
1397 2880 1508 2920 singulis
1521 2880 1682 2919 supradietis
1695 2890 1764 2911 com
1785 2880 1872 2910 lendis
1887 2880 1920 2910 ὃ(
1934 2878 2131 2916 observandis,
2145 2878 2227 2916 foro,
2241 2877 2412 2916 jurisdictio-

1349 2921 1379 2950 ni
1393 2920 1427 2951 &
1439 2919 1603 2950 cohercioni
1618 2919 1742 2949 Domini
1782 2928 1859 2957 apae,
1877 2919 1925 2956 qui
1939 2928 1994 2956 pro
2006 2926 2138 2955 tempore
2152 2916 2250 2955 fuerit,

1385 2958 1428 2989 Ita
1445 2957 1523 2996 quod
1535 2959 1592 2996 ipse
1603 2957 1750 2989 Dominus
1763 2957 1854 2996 Papa,
1872 2956 1906 2987 ad
1920 2956 2008 2987 solam
2023 2955 2234 2994 requisitionem
2249 2954 2295 2986 seu
2309 2954 2411 2994 suppli-

1348 2998 1492 3030 cationem
1506 2996 1577 3028 dicti
1590 2997 1678 3037 Regis
1692 2996 1820 3036 Angliae,
1840 2996 1886 3027 vel
1901 2995 2047 3026 haeredum
2061 2995 2143 3033 ipsius
2152 3018 2162 3034 ,
2181 2994 2257 3025 nulla
2271 2995 2412 3025 monitio-

1347 3047 1385 3068 ne
1406 3035 1544 3074 praemissa
1556 3061 1566 3075 ,
1592 3036 1627 3067 &
1647 3035 1751 3074 absque
1767 3035 1863 3074 aliquo
1877 3033 2001 3074 judiciali
2021 3033 2138 3072 strepitu
2154 3058 2164 3072 ,
2187 3032 2273 3074 poffit
2287 3032 2412 3064 eundem

1347 3076 1512 3113 Principem
1526 3098 1537 3114 ,
1563 3074 1610 3106 vel
1628 3074 1751 3105 haeredes
1772 3075 1854 3112 ipsius
1875 3073 2048 3112 compellere
2069 3072 2105 3102 ad
2118 3071 2365 3112 complementum
2377 3072 2412 3102 ὃς

1347 3113 1576 3158 observationem
1597 3114 1730 3144 omnium
1745 3136 1755 3151 ,
1779 3114 1812 3144 &
1833 3112 2008 3152 singulorum
2022 3110 2251 3150 praemissorum,
2267 3118 2353 3147 prout
2368 3109 2414 3140 su-

1348 3160 1769 3235 pessuPrbligifsffuetiitziiii'diQs
1791 3190 1927 3229 Princeps
1949 3189 1998 3220 Re
2015 3190 2025 3234 J
2049 3187 2160 3233 Angliae
2173 3186 2348 3225 supradicto,
2365 3185 2414 3216 sti-

1348 3231 1454 3270 pulanti
1474 3230 1508 3261 &
1528 3231 1699 3268 recipienti,
1725 3240 1777 3267 pro
1799 3230 1826 3261 se
1848 3230 1882 3261 δε
1903 3229 1993 3259 Haere
2014 3228 2075 3258 ibus
2090 3229 2159 3265 iuis,
2176 3225 2204 3256 se
2219 3225 2362 3257 fadiiirum
2377 3226 2412 3256 δε

1347 3278 1510 3301 curaturum
1530 3268 1609 3307 quod
1630 3268 1809 3298 Sacrosansta
1826 3268 1960 3299 Romana
1986 3266 2112 3297 Ecclesia
2133 3274 2222 3296 ratam
2242 3265 2278 3296 &
2298 3264 2411 3294 firmam

1348 3308 1480 3346 habebit,
1492 3308 1526 3376 sin
1540 3308 1676 3338 omnibus
1689 3308 1723 3339 ὃς
1737 3307 1848 3347 singulis
1866 3307 1918 3338 suis
1938 3305 2064 3338 clausulis
2083 3305 2118 3336 &
2139 3304 2247 3342 verbis,
2263 3303 2413 3344 obligatio-

1350 3357 1418 3378 nem
1453 3356 1491 3377 rae
1502 3354 1598 3377 entem

1386 3385 1425 3416 Et
1432 3357 1524 3424 pquod
1546 3371 1645 3415 eadem
1665 3384 1799 3415 Romana
1821 3383 1946 3415 Ecclesia
1967 3382 2172 3422 obligationem
2191 3380 2359 3424 praefatam,
2376 3376 2412 3407 ad

1349 3424 1488 3457 cautelam
1505 3423 1575 3454 dieti
1595 3424 1685 3461 Regis
1700 3423 1811 3463 Angliae
1831 3424 1865 3454 &
1877 3421 2038 3453 Haeredum
2053 3421 2151 3458 ipsius,
2169 3418 2349 3450 confirmabit
2360 3425 2411 3454 per

1348 3464 1450 3495 litteras
1465 3461 1659 3501 Apostolicas,
1677 3461 1770 3492 eidem
1785 3461 1860 3501 Regi
1882 3461 1994 3500 Angliae
2009 3484 2019 3499 ,
2036 3459 2083 3491 vel
2095 3458 2146 3490 suis
2159 3457 2346 3494 Haeredibus,
2364 3462 2413 3486 aut

1349 3511 1453 3534 eorum
1467 3501 1618 3539 mandato,
1636 3500 1760 3539 ipsorum
1775 3501 1908 3539 nomine,
1926 3497 2104 3539 affignandas.
2351 3532 2357 3537 .

1389 3540 1522 3571 Promisit
1544 3539 1652 3577 insuper
1673 3538 1750 3569 idern
1774 3539 1909 3576 Princeps
1929 3537 1959 3568 R
1997 3538 2002 3543 ’
2021 3535 2133 3579 Angliae
2144 3534 2306 3572 praelibate,
2324 3530 2412 3569 stmu-

1350 3580 1418 3610 lanti
1442 3579 1477 3609 &
1496 3579 1666 3616 recipienti,
1688 3588 1742 3616 pro
1762 3578 1790 3608 se
1811 3579 1845 3608 &
1861 3575 1979 3607 Haeredi
2002 3585 2033 3606 us
2047 3574 2115 3612 suiS,
2133 3572 2212 3612 quod
2227 3579 2325 3616 contra
2339 3579 2413 3607 prce-

1351 3617 1450 3655 misia,
1465 3616 1512 3647 vel
1532 3616 1646 3655 aliquod
1665 3616 1893 3654 praemissorum,
1911 3614 2018 3645 nullam
2036 3613 2104 3652 juris
2121 3611 2168 3643 seu
2188 3611 2255 3642 faeti
2270 3617 2413 3647 proponet

1352 3656 1399 3688 vel
1416 3656 1530 3693 recipiet
1545 3656 1763 3694 exceprionem3
2269 3685 2274 3690 ,
2321 3686 2324 3689 ,
2350 3686 2356 3691 ,
2371 3685 2377 3691 ,

1388 3694 1502 3731 Immo,
1517 3693 1573 3724 sine
1593 3695 1674 3724 omni
1694 3693 1888 3731 excusatione,
1905 3691 2056 3728 mandato,
2074 3688 2250 3724 monitione,
2268 3684 2413 3730 inhibitio-

1351 3743 1405 3770 ne,
1422 3741 1469 3762 aut
1491 3733 1620 3769 precibus
1641 3733 1843 3771 cujuscumque
1866 3730 2009 3769 personae,
2027 3733 2264 3773 quantaecumque
2275 3723 2415 3768 dignitatis

1352 3779 1399 3802 aut
1421 3769 1507 3800 status
1528 3770 1624 3802 existat
1638 3796 1648 3809 ,
1663 3772 1693 3802 in
1707 3771 1882 3802 contrarium
1896 3779 1956 3812 non
1971 3765 2109 3802 admissis,
2123 3772 2220 3806 omnia
2232 3748 2365 3806 Pl'aefss&²²
2378 3763 2414 3794 &

1351 3808 1500 3848 quodlibet
1525 3809 1726 3848 praediCtorum
1744 3809 1862 3846 servabit
1875 3807 1992 3838 firmiter
2005 3806 2039 3837 &
2051 3801 2224 3840 complebit,
2241 3801 2275 3832 &
2287 3810 2316 3831 in
2330 3801 2412 3833 nullo

1352 3849 1550 3879 contraveniet
1565 3850 1672 3880 ratione
1684 3848 1794 3886 aliqui,
1813 3847 1870 3877 five
1880 3847 1951 3884 jure.
2136 3877 2142 3883 ,
2295 3878 2300 3884 Ι
2338 3879 2342 3884 1
2377 3877 2383 3884 ‚
2399 3880 2401 3883 Ι

1392 3886 1570 3917 Renuntians
1590 3887 1790 3917 nichilominus
1810 3885 1888 3915 idern
1908 3883 2043 3924 Princeps
2061 3887 2143 3922 οξῐὶξὶῐ
2164 3876 2231 3921 ξΟΥΟ
2244 3878 2278 3909 &
2289 3877 2416 3920 Junsdlc-

1353 3925 1444 3963 tioni,
1461 3927 1542 3955 omni
1558 3925 1753 3956 consuetudini
1767 3924 1801 3955 &
1813 3923 1934 3960 statuto,
1948 3928 2031 3950 omm
2051 3916 2202 3961 plslvlleglo
2224 3926 2311 3961 cruce
2327 3923 2418 3961 vgm·

1354 3964 1388 3994 tis
1404 3964 1513 4034 hddum)
1533 3965 1568 3998 &
1587 3962 1762 4005 indulgendo
1773 3986 1784 4002 ,
1807 3961 1904 3994 litteris
1925 3955 2098 3996 Apostolicis
2112 3963 2264 3994 impetratis
2279 3956 2313 3989 &
2327 3963 2420 3993 ῑωΡθ·

1358 4010 1419 4034 tran
1439 4012 1470 4034 is.

2431 3186 2570 3239 1111390.ι

2382 4026 2421 4059 Et
