2570 4261
8 238 84 268 Ann.
100 234 147 266 D.

28 276 110 312 1285.

8 316 76 344 Edu.
100 320 124 341 ἰ.

9 446 86 479 Ann.
101 445 143 476 D.

29 486 114 523 1285.

8 528 63 553 An.
79 534 120 561 ¹3·

9 568 39 590 Ε.
63 573 86 590 ¹.

10 605 40 630 ι.
57 598 126 635 Af.

13 638 108 675 13{.b.

10 680 81 705 Penes
92 679 144 703 Ca-

11 724 104 743 merar.

16 1166 94 1198 Ann,
107 1164 139 1196 D

48 1206 131 1243 1285.

19 1248 74 1273 An.
93 1254 134 1281 ¹3.

20 1288 50 1310 Ε,
76 1292 97 1309 ι.

17 1326 50 1349 L.
67 1325 101 1350 A.
110 1320 137 1358 f.

20 1360 82 1386 186.
97 1371 123 1386 ιι.

17 1401 89 1424 Penes
102 1401 152 1424 Ca-

18 1444 111 1463 merar-

21 1890 153 1925 ‚⁸11·²95·

24 2019 100 2051 Ann.
115 2019 155 2049 D.

52 2060 133 2097 1285.

24 2102 76 2125 An.
95 2108 136 2125 ιι..

22 2140 54 2163 Β.
80 2146 101 2162 i.

21 2179 62 2202 Ex
76 2177 132 2201 Att-

20 2221 86 2249 eegr.

702 146 812 191 ET
895 147 1161 190 ACTA
1240 141 1719 191 PUBLICA.

206 324 332 365 Lirem,
358 321 394 354 de
411 319 605 353 contrahendo
630 311 820 352 matrimonio
838 323 914 352 inter
921 320 1025 364 filium
1043 322 1163 353 Comitis

382 369 569 411 Hollandiae,
593 371 628 406 (ῥ’
639 368 741 412 filiam
763 371 849 415 Regis
867 370 992 415 Angliae.

215 454 383 484 Ereniffimo
396 453 536 490 Principi,
552 452 686 482 Domino
701 452 854 490 Edwardo,
872 452 951 490 Regi
966 453 1074 492 Angliae
1089 450 1216 491 magnifi-

227 503 266 523 co
283 493 315 522 &
331 491 449 529 illustri,
468 491 619 521 Florentius
633 490 740 520 Comes
755 490 932 529 Hollandiae,
950 500 1071 531 paratam
1085 491 1112 520 in
1120 491 1216 520 omni-

161 531 213 561 bus
226 530 416 568 voluntatem,
435 540 502 559 cum
514 529 645 565 obsequio
660 529 766 567 semper
782 538 924 568 prompto.

195 568 358 599 Dominum
372 568 560 606 Stephanum,
581 567 732 597 Decanum
747 567 878 597 Eccleliae
893 567 1092 605 Trajectensis,
1110 567 1215 597 Domi-

162 614 232 636 num
248 606 409 637 Gerar-dum
424 606 460 636 de
474 605 703 639 Wetlieringlien
720 605 843 635 Militem
859 628 869 643 ,
887 606 919 636 δε
936 605 1105 645 Magistrum
1120 605 1213 635 Simo-

165 655 232 675 nem
248 644 412 682 Clericum,
430 645 547 674 dilectos
564 645 705 674 familiares
726 644 834 673 nostros
849 666 858 678 .,
875 654 905 674 ac
920 645 1092 681 secretarios,
1107 644 1217 673 Sereni-

162 684 211 714 tati
225 683 323 714 vestrae
336 683 464 713 duximus
476 681 652 712 destinandos
662 682 738 719 super
754 683 936 712 matrimonio
946 707 954 721 ,
973 684 1044 712 inter
1059 681 1142 711 filiam
1157 692 1216 711 ves-

163 731 235 752 tram
255 722 288 752 &
305 721 433 751 nostrum
453 720 542 750 silium
562 721 755 751 contrahendo
769 743 777 758 ,
797 720 909 750 finaliter
924 722 1083 751 rraetaturos
1098 743 1107 757 ,
1127 728 1216 750 ratum

160 760 292 790 habentes
313 760 346 789 &
361 768 470 797 gratum
487 758 620 796 quicquid
637 759 782 798 praedicti,
800 760 854 789 una
874 759 1038 797 vobiscum,
1052 758 1129 797 super
1145 769 1216 798 prte-

160 798 263 836 miffis,
281 797 456 828 decreverint
471 797 668 827 ordinandum.

198 873 308 904 Datum
321 884 396 904 anno
412 873 535 903 Domini
554 873 701 904 millesimo
718 873 910 905 ducentesimo
929 872 1118 912 offituagesimo
1131 872 1215 910 quin-

161 921 212 951 το,
229 911 342 942 decimo
357 912 402 942 die
418 913 516 942 mensis
532 912 641 949 Aprilis.

207 1039 257 1070 De
273 1035 426 1069 concordia
433 1035 578 1082 facienda
595 1040 671 1068 inter
688 1037 831 1069 Comitem
848 1035 1014 1069 Hollandlae
1024 1060 1034 1077 ,
1059 1038 1095 1073 ὠ
1115 1037 1170 1068 Co·

559 1089 663 1117 mitem
685 1083 820 1133 Ghelryae.

216 1170 389 1201 Ereniffimo
404 1171 529 1209 Principi
545 1197 554 1210 ,
571 1171 704 1202 Domino
718 1167 858 1199 Edi-vardo
873 1192 883 1207 ,
901 1169 978 1209 Regi
992 1169 1101 1208 Angliae
1115 1170 1224 1208 magni-

225 1209 281 1242 fico
295 1211 328 1240 ὃς
341 1210 452 1248 illustri,
472 1210 641 1248 Florentius,
657 1210 765 1240 Comes
785 1207 963 1246 Hollandite,
981 1218 1101 1248 paratam
1113 1209 1142 1237 in
1159 1217 1225 1237 om-

167 1249 248 1278 nibus
265 1249 452 1286 voluntatem,
471 1258 538 1278 cum
551 1248 688 1285 obsequio
703 1248 807 1285 semper
821 1254 963 1288 prompto.
1205 1284 1210 1288 .

208 1287 371 1316 Dominum
394 1286 569 1323 Stephanum
584 1309 593 1324 ,
611 1285 761 1316 Decanum
782 1284 914 1314 Ecclelioe
926 1283 1103 1322 Tarajec'ten.
1120 1283 1226 1313 Domi-

171 1335 239 1355 num
262 1324 421 1355 Gerardum
440 1324 475 1353 de
497 1324 539 1352 W
541 1324 723 1363 atheringhen
738 1323 881 1359 Militem,
899 1323 931 1351 δε
947 1322 1115 1360 Magistrum
1130 1322 1226 1352 Simo-

170 1373 235 1393 nem
248 1362 393 1393 Clericum
402 1385 412 1400 ,
429 1361 547 1391 dilestos
559 1362 701 1392 familiares
717 1360 826 1392 nostros
840 1370 872 1391 ac
888 1362 1060 1398 iecretarios,
1079 1360 1225 1390 Serenitati

169 1401 268 1432 vestrae
283 1401 410 1431 duximus
423 1399 616 1438 destinandos,

206 1439 252 1470 Ut
271 1439 320 1477 ipsi
336 1439 371 1469 de
391 1438 538 1476 discordia,
562 1440 632 1469 inter
646 1438 773 1469 nobilem
795 1438 905 1473 virum,
923 1436 1089 1467 Dominum
1104 1436 1227 1475 Reynal-

169 1478 239 1508 dum
251 1477 400 1507 Comitem
416 1476 567 1517 Ghelryae,
582 1478 615 1508 &
631 1488 700 1514 nos,
715 1476 882 1515 jamdudum
896 1476 1005 1513 habita,
1024 1476 1057 1506 δε
1073 1474 1172 1504 vestrae
1180 1484 1227 1518 or-

166 1515 305 1546 dinationi
326 1516 469 1553 utrimque
490 1515 655 1554 commissa,
674 1525 707 1546 ex
727 1524 804 1553 parte
817 1513 910 1544 nostra
923 1525 974 1544 vos
986 1513 1119 1544 instruant
1135 1514 1168 1544 &
1183 1523 1227 1542 in-

167 1555 311 1591 forment,

202 1593 308 1623 Rarum
322 1591 454 1622 habentes
467 1592 499 1622 δε
513 1599 623 1630 gratum
637 1591 771 1630 quicquid
787 1591 875 1623 vestra
889 1589 1034 1621 Celsitudo
1056 1591 1086 1620 in
1104 1589 1228 1627 praemis-

166 1631 198 1661 sis
212 1631 367 1661 decreverit
381 1630 576 1661 ordinandum.

206 1707 317 1738 Datum
337 1717 412 1738 anno
433 1707 557 1737 Domini
580 1706 727 1738 millesimo
739 1706 931 1738 ducentesimo
943 1706 1133 1745 oCtuagesimo
1147 1705 1230 1744 quin-

165 1753 217 1783 το,
235 1745 350 1776 decimo
362 1746 408 1777 die
423 1745 524 1776 mensis
536 1745 647 1783 Aprilis.

172 1877 191 1898 '⁴‘
209 1878 297 1910 Bulla
323 1875 431 1911 blanca
457 1881 585 1912 Honorii
613 1882 645 1912 in
673 1881 790 1924 Papam
816 1874 918 1919 elerii,
951 1873 987 1911 de
1009 1877 1150 1922 decimis,
1171 1891 1226 1926 pro

431 1924 562 1973 fitbfidio
584 1925 678 1960 Terra
688 1927 815 1972 silasne,
840 1925 977 1970 conceffis·

174 2012 373 2078 HOnorius
394 2014 496 2046 elestus
515 2015 684 2056 EpiscopuS‚
702 2016 794 2047 servus
812 2015 956 2046 servorum
979 2016 1056 2056 Dei,
1074 2016 1226 2048 Cariffimo

267 2057 296 2085 in
311 2053 430 2084 Christo
444 2054 502 2084 filio
662 2054 737 2094 Regi
754 2055 865 2094 Angliae
879 2054 992 2094 illustri,
1011 2057 1124 2087 salutem
1140 2058 1173 2087 ὃς
1191 2057 1233 2087 Α-

174 2093 342 2132 postolicam
358 2093 593 2123 benedictionem.

213 2132 389 2162 Ace-edentes
408 2132 441 2161 ad
465 2131 658 2170 Apostolicam
679 2131 770 2161 sedem
792 2131 885 2161 dilecti
908 2131 972 2169 filii,
994 2132 1131 2173 Magister
1150 2133 1235 2164 Wal-

173 2178 246 2200 terus
268 2169 431 2200 Canonicus
451 2169 600 2199 Wcllensis
621 2192 630 2206 ,
662 2170 695 2200 &
716 2170 818 2200 nobilis
837 2171 880 2200 vir
900 2169 1005 2210 Helyas
1025 2172 1061 2202 de
1082 2171 1235 2211 Hanvilla,

174 2208 276 2248 Regiae
298 2207 503 2243 Magnitudinis
518 2208 650 2245 Nuncii,
668 2209 696 2238 in
716 2208 878 2247 praesentia,
898 2209 993 2240 faelicis
1016 2210 1234 2249 reeordationis,

175 2247 294 2278 Martini
319 2246 403 2284 Papae
425 2247 513 2284 quarti
527 2271 536 2284 ,
562 2245 767 2285 praedecessoris
787 2246 891 2284 nostri,
916 2248 949 2278 ὃ(
969 2259 1057 2286 nuper
1077 2251 1161 2280 etiam
1183 2259 1236 2280 co·-

173 2296 232 2316 ram
255 2286 337 2315 nobis
359 2295 393 2315 ex
414 2294 489 2322 parte
508 2283 598 2324 Regia
612 2284 779 2322 retulerunt,
798 2285 876 2324 quod
890 2286 971 2326 ipsius
983 2287 1048 2318 sedis
1062 2289 1235 2326 benignitas,

172 2325 317 2355 decimam
339 2325 367 2353 in
388 2322 493 2362 Regno
516 2323 620 2354 Scotiae
639 2332 691 2361 pro
706 2323 824 2354 subsidio
837 2324 938 2354 Terrae
953 2324 1054 2356 sanstae
1068 2326 1236 2366 collectam,

170 2363 278 2400 pridem
299 2363 373 2399 tibi,
397 2372 450 2399 pro
468 2363 476 2391 i
499 2362 547 2392 sius
567 2362 764 2398 prosecutione
785 2362 917 2401 subsidii,
943 2373 975 2393 ea
996 2365 1026 2393 in
1046 2364 1103 2395 hoc
1125 2365 1234 2404 adjecta

171 2402 337 2432 conditione
358 2372 511 2437 conceffii,
528 2400 547 2430 si
561 2399 594 2429 ad
609 2399 638 2430 id
659 2400 789 2430 carissimi
804 2401 833 2430 in
849 2400 964 2431 Christo
980 2400 1027 2431 filii
1044 2403 1131 2433 nostri

278 2438 367 2477 Regis
396 2438 501 2468 Scotiae
528 2436 637 2468 illustris
658 2438 804 2468 consensus
824 2438 954 2469 accedere
974 2440 1156 2471 nosceretur:
1201 2441 1236 2472 In

170 2487 231 2517 quo
249 2478 363 2516 quidem
383 2477 462 2513 casu,
479 2475 664 2512 Magnatibus
682 2476 751 2506 dieti
773 2476 868 2515 Regni
888 2480 1060 2509 transfretare
1075 2480 1233 2510 volentibus

172 2517 301 2584 tsenereris
316 2537 325 2553 ,
346 2516 423 2553 juxta
444 2515 637 2551 provilionem
656 2514 723 2544 sedis
742 2514 864 2553 ejusdem
877 2538 887 2553 ‚
910 2516 946 2547 de
966 2516 1102 2554 praedieta
1122 2518 1235 2549 decima

186 2555 327 2584 ubvenire.

215 2592 313 2631 Qiare
333 2590 437 2628 praefati
459 2590 573 2620 Nuncii
594 2601 647 2631 pro
665 2599 740 2629 parte
759 2590 807 2622 tua
826 2591 968 2622 humiliter
982 2591 1187 2631 supplicarunt,
1205 2602 1236 2624 ut

176 2640 245 2660 cum
272 2629 392 2666 ejusdem
420 2629 520 2659 Terrae
547 2629 743 2660 conditionem
763 2630 855 2667 longo
877 2640 911 2660 ex
932 2632 1070 2661 erimento
1090 2631 1236 2671 didiceris,

179 2670 213 2699 &
236 2669 369 2706 respicere
389 2669 501 2697 noveris
520 2667 678 2699 strenuitate
699 2668 806 2699 validos
818 2691 829 2707 ,
855 2668 888 2699 &
929 2670 1073 2699 iscretione
1092 2671 1238 2709 probatos,

177 2715 261 2746 prout
281 2708 361 2744 ipsius
378 2706 479 2736 Terrae
498 2705 641 2737 necessitas
662 2707 761 2746 exigit,
778 2708 968 2744 provisionem
989 2708 1147 2747 hujusmodi
1160 2709 1240 2741 beni-

176 2747 233 2784 gne
253 2746 304 2775 tibi
327 2744 401 2774 sedes
421 2744 519 2775 eadem
534 2746 714 2775 committere
727 2745 896 2784 dignaretur.

213 2783 301 2821 Super
324 2793 382 2821 quo
403 2782 547 2813 Serenitati
573 2782 672 2822 Regiae
702 2783 789 2814 taliter
809 2784 1029 2823 respondemus;
1056 2785 1149 2824 quod,
1168 2795 1237 2816 curn

176 2832 230 2860 pro
250 2831 332 2859 pace,
349 2830 382 2852 ac
401 2822 586 2859 tranquilitate
605 2823 726 2860 negotii,
744 2822 778 2852 &
799 2831 829 2853 ut
850 2822 975 2861 facilior,
993 2824 1027 2854 ὃς
1047 2824 1164 2854 celerior
1184 2826 1239 2861 ejus

178 2861 333 2899 sequeretur
352 2858 487 2898 effe&us,
507 2860 695 2897 provisionem
717 2860 895 2900 hujusmodi,
913 2872 972 2892 non
993 2863 1048 2892 line
1063 2863 1160 2893 multae
1172 2863 1241 2893 deli⁴

181 2899 331 2929 berarionis
343 2897 482 2936 instantia,
489 2898 629 2938 praedidiae
638 2899 703 2929 sedis
710 2899 825 2929 arbitrio
833 2901 950 2931 extiterit
957 2900 1088 2932 reservata
1095 2924 1103 2938 ,
1111 2900 1240 2931 honesta*

178 2945 238 2967 tem
259 2937 326 2967 sedis
348 2937 427 2974 ipsius
446 2938 616 2975 aliquatenus
637 2947 696 2967 non
718 2937 846 2976 deceret,
863 2939 884 2969 si
905 2938 978 2969 nulla
999 2939 1081 2970 causa
1094 2939 1239 2970 necessaria

178 2976 358 3013 suggerente,
374 2975 451 3012 quod
471 2976 500 3005 in
521 2976 578 3005 hoc
601 2976 749 3014 prudenter
764 2977 918 3014 providisse
934 2977 1091 3009 dinoscitur
1107 2979 1238 3009 immuta-

178 3022 245 3050 ret,
271 3022 370 3043 verum
392 3020 485 3042 tamen
506 3014 689 3051 intendimus,
715 3014 763 3045 suo
783 3015 853 3045 loco
873 3016 908 3045 ὃς
931 3024 1075 3055 tempore,
1103 3017 1240 3056 requirere

179 3051 330 3081 consilium
351 3058 431 3080 tuum
446 3072 456 3089 ,
477 3051 510 3081 &
526 3073 535 3089 ,
560 3061 643 3089 prout
659 3054 789 3092 expedire
809 3054 843 3084 &
860 3053 961 3085 decere
979 3054 1149 3094 viderimus,
1172 3055 1239 3086 illud

179 3090 306 3129 prosequi
325 3089 512 3119 favorabiliter
534 3091 564 3118 in
577 3092 628 3120 hac
642 3100 727 3131 parte.

220 3127 332 3166 Adjecit
351 3128 434 3157 etiam
449 3127 636 3170 Nunciorum
653 3129 762 3161 assertio
777 3130 1000 3170 praedkstorum,
1014 3132 1108 3170 quod,
1127 3138 1194 3162 cum
1209 3132 1239 3162 in

180 3166 327 3204 praedietae
346 3166 446 3196 Terrae
466 3165 613 3196 subsidium
626 3169 718 3204 cupias
733 3170 886 3207 proficisci,
906 3171 956 3201 tibi
974 3171 1100 3208 dudum,
1116 3179 1173 3200 tam
1191 3169 1240 3199 de«

181 3206 287 3235 cimam
307 3203 568 3234 Ecclesiasticorum
588 3212 776 3244 proventuum
790 3209 819 3238 iri
835 3208 941 3248 Regno
956 3207 1066 3249 Angliae
1081 3219 1112 3238 ac
1128 3208 1240 3247 Hyber-

182 3244 254 3279 niae,
277 3244 310 3273 δε
331 3242 445 3273 Walli'ae
467 3243 605 3281 partibuS,
624 3253 672 3280 per
694 3253 746 3275 tres
767 3256 870 3285 annos,
888 3248 972 3285 quam
994 3249 1077 3278 etiam
1097 3246 1236 3276 decimam

182 3282 212 3311 in
241 3281 346 3323 Regno
367 3282 472 3311 Scotiae
494 3290 652 3311 memorato
670 3283 839 3324 colled’cam,
857 3286 906 3315 sub
927 3286 1002 3316 certa
1016 3285 1110 3316 forma
1122 3286 1240 3325 gratiose

184 3320 321 3350 concessit
340 3319 528 3349 munificentia
542 3319 627 3350 diStae
640 3318 716 3350 sedis.

222 3357 330 3387 Verum
347 3366 416 3388 cum
438 3357 573 3396 praedicta
592 3358 718 3398 decima,
735 3361 765 3390 in
785 3360 909 3401 Regnis,
925 3363 958 3394 &s
980 3363 1101 3401 partibus
1120 3363 1239 3393 collefti
1266 3387 1271 3390 .

184 3396 302 3434 praefatis
315 3420 324 3434 ,
344 3396 422 3441 ‚adeo
438 3419 448 3434 ,
472 3397 539 3426 sicut
561 3405 613 3434 pro
632 3406 701 3441 vero
725 3401 892 3439 comperisse
911 3409 939 3431 te
960 3402 1048 3432 asseris
1062 3427 1071 3439 ,
1095 3402 1126 3431 sit
1145 3403 1239 3440 exilis,

185 3435 264 3476 quod
285 3443 319 3464 ex
342 3444 400 3471 ipsa
421 3434 533 3470 speratae
550 3435 739 3466 subventionis
758 3438 914 3469 comodum
928 3441 1055 3470 obtinere
1070 3450 1126 3469 non
1144 3440 1242 3478 poii'n,

187 3473 345 3512 suppliciter
361 3471 503 3509 postulasti
517 3496 526 3510 ‚
558 3482 589 3502 ut
610 3484 645 3503 ne
666 3475 816 3512 contingat
835 3487 888 3514 pro
905 3479 1062 3508 necesissiriae
1080 3478 1243 3514 proviiionis

186 3512 320 3549 defectu,
350 3512 424 3541 circa
441 3510 510 3541 dieti
534 3510 757 3555 prosecutionem
775 3513 883 3545 subsidii
908 3516 1053 3555 hebetari,
1079 3516 1242 3546 desiderium

188 3552 291 3581 mentis
311 3558 387 3588 tuae,
404 3549 560 3588 hujusmodi
578 3551 727 3581 triennium
742 3574 753 3590 ,
776 3553 810 3583 ad
821 3554 1045 3594 quinquennium
1060 3555 1152 3585 saltem
1167 3555 1244 3585 dieta

188 3589 262 3620 sedes
276 3587 422 3618 exrendere
435 3588 602 3626 dignaretur.

226 3627 272 3658 Ad
302 3626 380 3664 quod
402 3626 590 3665 Magnitudini
620 3624 721 3665 Regiae
752 3628 839 3659 taliter
861 3631 1025 3669 respondere
1049 3632 1244 3670 decrevimus3

190 3666 269 3704 quod
289 3675 355 3695 cum
370 3664 442 3695 sedes
459 3665 513 3702 ipsa
524 3665 550 3695 se
564 3665 616 3695 tibi
629 3665 707 3702 super
722 3665 796 3705 hoc,
812 3668 831 3698 si
845 3668 990 3708 diligenter
1003 3671 1167 3708 attenditur,
1185 3681 1243 3701 non

192 3704 344 3735 modicum
371 3704 516 3742 gratiosam
544 3703 765 3742 munificamque
790 3705 936 3738 reddiderit
952 3731 961 3746 ,
992 3719 1061 3739 cum
1089 3709 1245 3746 hujusmodi

191 3741 336 3772 concessio
355 3743 449 3779 grane
470 3742 520 3771 tibi
543 3742 624 3772 fmstae
643 3742 709 3771 anni
731 3743 799 3772 noni
818 3746 988 3776 curriculum
1007 3748 1246 3786 comprehendat,

191 3780 381 3810 Mansuetudo
394 3780 485 3819 Regia
498 3780 735 3819 impresentiarum
750 3781 901 3820 liepedieto
913 3786 1035 3815 triennio
1051 3787 1081 3815 lit
1096 3795 1243 3816 contenta:

192 3817 273 3848 Nam
293 3820 312 3849 si
332 3828 359 3849 tc
378 3819 486 3858 signum
500 3820 590 3848 crucis
604 3818 757 3848 assumente
771 3819 971 3860 sollempniter,
988 3834 1021 3854 ac
1033 3826 1115 3853 etiam
1131 3825 1245 3855 sollicite

192 3857 271 3895 prose
291 3866 390 3894 uente,
408 3858 436 3887 vi
448 3858 557 3887 ierimus
578 3857 705 3895 proceliu
718 3859 850 3895 temporis
864 3868 1045 3897 augmentum
1058 3864 1152 3899 gratiae
1165 3873 1248 3903 expe-

193 3893 270 3932 dire,
297 3896 402 3925 ibenter
416 3897 445 3925 in
460 3895 517 3925 hoc
534 3896 658 3933 petitioni
671 3894 788 3933 Reeiae,
802 3905 886 3932 prout
902 3899 953 3935 ipsi
965 3907 1043 3930 terra:
1057 3895 1249 3940 iieceliaiium,

194 3932 229 3962 &
247 3933 308 3962 alias
325 3934 487 3973 expediens,
507 3944 540 3964 ac
556 3933 658 3964 decens
670 3933 730 3964 fore
742 3934 917 3974 putabimus,
933 3946 1054 3969 annuere
1067 3940 1251 3979 intendimus,

194 3969 215 4000 si
235 3969 366 4001 fuerimus
382 3972 510 4011 requisiti.
964 3984 974 3999 x

232 4007 374 4041 Petierunt
387 4020 500 4051 quoque
508 4009 621 4043 Nuncii
634 4010 797 4052 supradicti,
817 4019 847 4042 ut
861 4012 1000 4052 universa,
1015 4014 1048 4046 ὃς
1061 4016 1251 4057 singula,quae

2223 155 2302 202 239

1254 231 1284 260 in
1299 230 1434 262 Concilio
1449 232 1628 272 Lugdunenfi
1649 234 1750 265 Terrae
1770 233 1872 265 {andtae
1889 233 2000 266 fuerunt
2019 233 2067 265 assi
2088 238 2150 265 nata
2171 232 2306 272 subsidio,
2321 229 2395 260 Ann-
2411 221 2452 261 fiz

1254 269 1446 301 mandaremus
1465 273 1494 300 in
1516 274 1722 311 praenominato
1737 271 1844 308 Regno
1859 273 1963 304 Scotiae
1977 283 2033 304 tuae
2077 271 2211 303 elsitudini
2225 272 2305 310 affig-

2341 269 2424 305 128’32

1253 309 1326 345 nari,
1344 317 1425 344 prout
1447 309 1498 338 tibi
1519 311 1555 340 ab
1572 311 1669 340 eadem
1683 312 1760 349 sede,
1780 314 1809 341 in
1824 312 1962 352 praedictis
1974 312 2079 351 Regno
2092 311 2222 350 Angliae,
2240 310 2307 349 Hy:
2322 309 2388 334 Ἐάν·
2406 316 2431 332 h

1253 344 1364 384 bernia,
1382 346 1415 376 ὃς
1436 347 1539 377 Wallia
1552 347 1611 378 sunt
1623 349 1762 379 concessa.

1268 421 1272 426 Π
1290 383 1377 421 Super
1399 394 1458 422 quo
1477 386 1513 415 sic
1534 386 1671 425 responsio
1691 387 1784 417 nostra
1804 388 1956 426 formatur,
1971 387 2046 426 quod
2066 398 2118 418 nos
2130 387 2255 418 volentes
2268 385 2308 416 sa³

1254 421 1376 452 tisfacere
1396 423 1468 452 votis
1488 425 1539 452 tuis
1556 447 1564 460 ,
1588 425 1727 463 praemissa
1746 434 1878 464 quatenus
1898 437 1949 464 pro
1969 428 2109 466 praeterito
2129 435 2256 463 tempore
2277 425 2308 454 in

1254 461 1370 498 praefato
1392 461 1495 490 Scotiae
1518 460 1639 501 Regno,
1657 471 1738 502 prout
1757 464 1875 502 ejusdem
1896 466 1994 494 it'errae
2014 465 2131 495 subsidio
2149 466 2225 503 quta
2247 472 2310 493 me⁴

1254 507 1394 528 moratum
1417 498 1584 529 Concilium
1605 500 1666 530 sunt
1686 502 1820 538 collecta,
1837 502 1907 532 dum
1920 510 2013 532 tamen
2027 503 2184 541 hujusmodi
2199 503 2310 541 signum·

1255 537 1393 573 praediCto
1407 538 1496 567 modo
1511 538 1626 568 assumas
1638 540 1670 569 ὃς
1684 541 1767 569 etiam
1784 541 1951 579 prosequaris
1964 541 2029 579 tibi,
2049 551 2131 578 prout
2145 541 2253 571 decima
2269 541 2273 546 '

2266 550 2275 569 i

1256 575 1307 604 iius
1330 574 1424 614 Regni
1446 577 1610 606 conceditur
1624 600 1633 614 ,
1659 587 1769 607 exnunc
1792 578 1964 616 praesentium
1987 582 2151 610 auctoritate
2172 550 2309 610 concedi:

1256 622 1317 642 mus
1332 623 1384 652 pro
1399 614 1589 650 prosecutione
1601 615 1707 644 subsidii
1720 616 1873 654 supradicti.

1294 650 1428 693 Praeterea
1444 652 1630 683 Nunciomm
1647 654 1766 692 iptorum
1781 653 1935 684 sollicitudo
1949 654 2101 693 subjunxit,
2118 663 2149 685 ut
2163 652 2239 686 bona
2253 654 2312 685 Ec*

1255 689 1356 728 cleiiis,
1374 690 1417 719 vel
1439 691 1494 719 aliis
1516 692 1564 728 piis
1585 693 1692 729 usibu3,
1711 692 1755 721 seu
1777 691 1896 722 Praelatis
1917 693 1952 722 ab
1974 693 2101 723 intestato
2121 694 2232 732 debita,
2248 703 2312 733 quae

1255 728 1442 769 in-praedictis
1461 729 1571 767 Angliae
1595 731 1627 760 ὃς
1650 730 1755 760 Scotiae
1773 730 1895 769 Regnis,
1914 741 2026 760 necnon
2043 733 2076 762 δε
2088 732 2185 761 Terris
2198 741 2253 762 tute
2266 733 2311 770 ju-

1255 766 1406 807 riidtetioni
1432 767 1560 804 subjec‘tis
1582 768 1739 807 frequenter
1755 768 1850 799 haberi
1866 770 2022 808 contingit,
2041 780 2074 799 ac
2090 771 2172 800 etiam
2187 770 2205 799 si
2229 780 2261 800 ua
2275 769 2311 799 de

1255 803 1413 845 hujuimodi
1435 805 1515 836 bonis
1535 807 1563 836 in
1587 805 1787 844 Prtelrtorum,
1810 808 1854 838 vel
1876 808 1988 837 aliarum
2011 808 2187 846 personarum
2208 808 2313 838 hecle-

1256 842 1423 883 rusticarum
1441 844 1642 887 praedictorum
1657 845 1674 863 *¹²
1691 844 1858 883 Regnorum
1880 848 1913 877 ὃ(
1927 846 2078 876 Terrarum
2093 845 2229 886 potestate
2241 856 2312 876 con-

1256 879 1348 910 listant
1362 903 1371 917 ,
1401 882 1450 911 tibi
1476 882 1548 912 sedes
1566 882 1663 913 eadem
1680 905 1688 920 ‚
1718 884 1802 922 usque
1823 885 1856 914 ad
1873 886 2097 922 quinquennium
2114 908 2123 923 ,
2147 885 2181 914 d'e
2202 883 2312 922 speciali

1257 919 1415 949 concedere
1436 921 1523 957 gratia
1542 921 1716 959 dignaretur,
1734 922 1753 951 si
1772 923 1806 952 ad
1828 923 1856 953 id
1875 922 2029 952 eorundem
2044 924 2159 953 allensus
2173 922 2315 953 accelierit

1211 988 1219 991 ,
1257 955 1446 987 Praelatorum.

1296 994 1383 1034 Super
1401 1006 1459 1034 quo
1481 997 1531 1026 tibi
1553 997 1692 1034 breviter,
1710 998 1778 1028 sicut
1801 999 1833 1028 &
1854 998 1917 1028 alias
1937 1008 1984 1035 per
2000 998 2231 1038 praedecessorem
2246 1001 2314 1027 eun-

1258 1032 1323 1062 dem
1344 1033 1502 1072 responsum
1523 1036 1627 1072 extitit,
1645 1035 1773 1065 duximus
1793 1036 2032 1074 respondendum,
2048 1037 2126 1074 quod
2143 1047 2210 1067 cum
2223 1036 2314 1066 adhuc

1259 1069 1417 1108 hujusmodi
1445 1072 1589 1102 conceffio
1614 1083 1663 1110 per
1691 1074 1782 1104 sedem
1809 1074 1925 1104 eandem
1945 1074 2027 1103 alicui
2046 1076 2119 1104 facta
2136 1085 2196 1104 non
2214 1075 2314 1111 fuerit,

1261 1119 1323 1139 eam
1340 1110 1416 1147 tibi,
1445 1118 1705 1148 quantumcumque
1727 1111 1873 1149 personam
1900 1111 2018 1149 Regiam
2046 1113 2152 1142 sincero
2173 1112 2317 1151 prosc-qua*

1263 1157 1325 1177 mur
1345 1147 1466 1187 affectu,
1482 1149 1573 1178 facere
1592 1150 1724 1180 decenter
1744 1159 1803 1180 non
1824 1150 1984 1187 posliimus,
2003 1152 2035 1180 ὅσ
2055 1151 2173 1187 proinde
2193 1160 2251 1180 non
2267 1151 2316 1180 de*

1262 1186 1376 1224 bemus,
1396 1189 1462 1222 cium
1482 1188 1510 1216 in
1530 1188 1592 1224 juris
1612 1187 1805 1224 praejudicium
1826 1188 1921 1226 alieni,
1939 1190 1971 1218 &
1985 1190 2012 1217 in
2026 1189 2205 1225 pernitiosum
2221 1198 2315 1218 exem-

1261 1224 1340 1261 plum
1361 1225 1550 1261 proculdubio
1568 1225 1741 1257 redundaret.
2307 1257 2309 1259 .

1301 1262 1511 1300 proposuerunt
1532 1264 1640 1301 insuper
1659 1264 1771 1294 Nuncii
1792 1263 1952 1302 supradic‘ti,
1970 1263 2045 1304 quod
2058 1272 2088 1294 tu
2101 1287 2110 1301 ,
2124 1264 2214 1294 arduis
2228 1263 2319 1294 variis-

1262 1310 1316 1340 que
1337 1302 1376 1331 tui
1398 1300 1492 1341 Regni
1513 1304 1632 1342 negotiis
1652 1303 1800 1341 impeditus
1816 1325 1826 1342 2
1858 1304 1948 1332 crucis
1968 1303 2111 1344 praedictae
2132 1302 2319 1341 signaculum,

1263 1340 1293 1368 in
1313 1339 1433 1377 ejusdcm
1454 1341 1553 1370 Terrae
1575 1341 1676 1371 sanstae
1698 1341 1864 1379 sublidium,
1884 1342 2023 1380 huculque
2043 1340 2177 1370 assumere
2192 1341 2319 1378 nequivi-

1264 1376 1298 1407 sti
1317 1388 1324 1407 :
1363 1377 1453 1408 Unde
1474 1389 1541 1409 cum
1559 1379 1593 1410 ad
1613 1379 1812 1417 susceptionem
1832 1380 1901 1409 illius
1915 1380 1979 1409 zelo
1991 1379 2097 1409 ultima:
2111 1378 2267 1409 devotionis
2279 1378 2319 1408 as-

1265 1417 1352 1455 pires,
1375 1426 1407 1446 ac
1431 1418 1458 1447 in
1479 1417 1657 1456 suscipiendi,
1682 1428 1712 1448 ut
1735 1419 1787 1448 tuis
1809 1418 1898 1448 verbis
1920 1428 2048 1455 utamur,
2074 1418 2158 1447 firmo
2176 1417 2321 1457 proposito

1266 1455 1417 1494 perseveres
1433 1478 1442 1493 ,
1471 1453 1612 1486 humiliter
1633 1457 1790 1494 supplicasti
1809 1479 1818 1493 ,
1842 1465 1873 1486 ut
1894 1456 1944 1486 tibi
1963 1457 2035 1486 sedes
2056 1457 2112 1494 ipsa
2134 1461 2322 1493 concederet,

1266 1493 1345 1531 quod
1368 1494 1437 1523 infra
1458 1493 1572 1524 Festum
1594 1495 1666 1524 beati
1682 1495 1819 1532 johannis
1838 1494 1966 1533 Baptistae
1981 1497 2074 1531 primo
2091 1503 2257 1533 venturum,
2277 1494 2322 1524 vel

1267 1533 1296 1561 in
1317 1532 1362 1562 die
1383 1532 1462 1569 iplius
1483 1532 1558 1563 Festi
1578 1532 1732 1570 hujusmodi
1752 1535 1860 1571 lignum
1879 1533 2012 1563 ass'umeie
2031 1557 2040 1571 ,
2073 1543 2106 1563 ac
2127 1543 2162 1562 eo
2182 1533 2323 1572 aliumpto

1266 1570 1350 1607 possis
1370 1570 1439 1601 iufra
1459 1572 1682 1610 quinquennium
1704 1570 1719 1602 ὲι
1739 1572 1822 1602 Festo
1846 1572 1916 1602 beati
1939 1571 2098 1609 Michaelis,
2117 1571 2178 1610 post
2200 1572 2323 1609 ejusdem

1267 1608 1363 1639 Samsti
1378 1608 1515 1647 johannis
1536 1609 1652 1640 Festum
1672 1611 1800 1648 proxime
1820 1619 2004 1648 occurrente,
2022 1611 2106 1640 libere
2125 1610 2292 1640 transfretare
2303 1612 2324 1641 si

1268 1647 1334 1677 velis
1348 1670 1358 1685 ,
1383 1657 1437 1678 nec
1456 1648 1490 1678 ad
1514 1648 1541 1678 id
1561 1648 1649 1679 valeas
1671 1649 1781 1678 interim
1804 1650 1919 1679 coartari
1938 1658 1944 1678 ι
1985 1650 2136 1688 Alioquin,
2168 1648 2324 1687 hujusmodi

1267 1685 1358 1725 elapso
1379 1687 1575 1724 quinquennio
1590 1709 1599 1724 ,
1624 1689 1738 1717 tenearis
1755 1688 1892 1725 omnino,
1918 1696 2000 1725 prout
2016 1688 2052 1717 de
2071 1687 2266 1730 beneplacitO,
2288 1688 2322 1718 ὅς

1268 1723 1401 1754 mandato
1421 1725 1488 1755 ledis
1504 1725 1654 1756 antediCtae
1674 1726 1853 1764 procefferit,
1872 1727 1899 1755 in
1920 1726 1999 1764 iplius
2020 1726 2121 1756 Terrae
2140 1728 2241 1756 sanetae
2258 1725 2321 1755 sub-

1267 1761 1366 1792 fidium
1384 1762 1529 1801 proficisci.

1278 1836 1281 1837 ⁷
1305 1801 1373 1831 Nos
1394 1811 1504 1841 autem,
1531 1803 1578 1840 qui
1599 1810 1643 1841 te,
1662 1802 1699 1832 fili
1723 1802 1875 1841 carissime,
1891 1812 1924 1833 ac
1943 1802 2068 1834 inclitam
2090 1803 2213 1834 domum
2230 1810 2325 1842 tuam,

1269 1839 1325 1870 fide
1346 1841 1525 1879 praeclaram,
1542 1843 1576 1872 &
1597 1841 1750 1871 devotione
1771 1842 1922 1879 sinceram,
1942 1841 2013 1871 dum
2031 1841 2148 1871 essemus
2170 1842 2199 1871 in
2219 1842 2326 1871 minori

1269 1878 1370 1909 officio
1391 1879 1553 1918 constituti,
1570 1881 1677 1920 speciali
1693 1879 1845 1910 affectione
1865 1880 2026 1917 dileximus,
2046 1881 2078 1910 ὃς
2101 1879 2215 1919 diligere
2236 1881 2328 1910 intena

1268 1915 1361 1947 dimus
1383 1918 1412 1947 in
1435 1919 1582 1958 futurum,
1601 1919 1803 1948 considerantes
1824 1919 1957 1948 intentius
1976 1919 2093 1957 ingentis
2114 1917 2273 1948 devotionis
2286 1917 2328 1949 af-

1271 1955 1395 1993 festum,
1414 1966 1487 1995 quo,
1506 1957 1555 1987 sub
1578 1957 1789 1988 continuatione
1806 1956 1953 1994 laudabili,
1971 1957 2079 1986 fervere
2100 1957 2247 1987 dinosceris
2266 1966 2330 1996 erga

1270 1992 1434 2024 Romanam
1455 1995 1628 2032 Ecclesiam,
1645 1994 1769 2026 Matrem
1791 2003 1866 2025 tuam
1887 2005 1892 2025 :
1917 1996 1949 2026 &
1970 1995 2096 2025 volentes
2108 2004 2254 2034 propterea
2266 2005 2330 2033 per-

1270 2033 1366 2062 sonam
1386 2031 1509 2072 Regiam
1529 2034 1625 2064 favore
1648 2034 1774 2072 prosequi
1795 2033 1932 2072 gratioso,
1949 2034 2018 2070 tibi,
2036 2034 2111 2072 quod
2133 2034 2204 2063 infra
2223 2034 2328 2064 Natale

1272 2070 1414 2110 Domini,
1428 2073 1474 2102 vel
1495 2074 1524 2102 in
1545 2072 1623 2110 iplius
1644 2072 1753 2103 Natalis
1768 2072 1830 2109 die,
1847 2073 1955 2112 signum
1967 2072 2102 2102 affumere
2117 2072 2205 2102 valeas
2219 2082 2331 2103 memo-

1273 2118 1379 2148 ratum,
1396 2111 1432 2140 de
1452 2110 1538 2150 gratia
1553 2110 1734 2141 concedimus
1747 2109 1863 2150 speciali.

1311 2148 1401 2185 Super
1420 2159 1456 2179 eo
1476 2151 1563 2188 vero,
1583 2148 1659 2187 quod
1677 2149 1848 2188 Magnitudo
1861 2148 1952 2187 Regia
1967 2147 2132 2189 postulavit,
2150 2153 2198 2187 ut,
2216 2150 2272 2178 viz.
2287 2150 2331 2178 ina

1273 2185 1313 2217 fra
1335 2188 1561 2225 quinquennium
1571 2211 1579 2225 ,
1596 2188 1633 2218 ab
1647 2187 1768 2226 ejusdem
1782 2187 1878 2218 Saneti
1891 2186 2039 2217 Michaelis
2053 2187 2136 2217 Festo
2149 2189 2244 2226 primo
2259 2198 2329 2218 ven-

1273 2233 1337 2255 turo
1358 2226 1443 2256 libere
1463 2226 1636 2256 transfretare
1658 2227 1760 2263 valeas,
1778 2226 1797 2255 si
1818 2225 1853 2255 de
1867 2224 1915 2256 tua
1927 2225 2086 2265 process'erit
2098 2225 2256 2262 voluntate,
2274 2236 2330 2257 nec

1273 2264 1308 2294 ad
1327 2263 1355 2294 id
1376 2265 1490 2295 interim
1512 2266 1578 2296 cooi
1600 2264 1684 2303 poffis
1704 2277 1714 2304 3
1747 2264 1815 2294 Nos
1828 2287 1837 2301 ,
1862 2272 1918 2295 tuae
1945 2265 2078 2303 potentia:
2106 2264 2331 2301 nngnitudinem

1273 2302 1443 2334 attendentes
1469 2313 1502 2334 ac
1523 2289 1693 2334 advertentes
1709 2327 1719 2342 ,
1749 2302 1826 2342 quod
1842 2325 1851 2340 ‚
1884 2302 1954 2332 sicut
1984 2302 2165 2332 verilimiliter
2192 2304 2329 2342 creditur,

1274 2351 1406 2381 magnam
1436 2342 1470 2373 ὃς
1496 2341 1693 2372 honorabilem
1723 2349 1896 2371 armatorum
1928 2349 2025 2371 tecum
2055 2340 2170 2371 duceres
2203 2341 2330 2372 Comiti-

1273 2389 1339 2410 vam
1354 2401 1364 2416 ,
1391 2389 1476 2418 quam
1498 2380 1614 2419 quidem
1636 2379 1812 2410 necessariam
1840 2389 1892 2418 pro
1912 2379 1993 2416 iplius
2019 2379 2120 2409 Terrae
2143 2388 2250 2409 tantum
2280 2391 2331 2410 cu-

1273 2417 1362 2448 stodia
1377 2429 1437 2448 non
1458 2418 1586 2449 videmus
1607 2419 1641 2449 ad
1661 2418 1797 2458 praesens,
1816 2426 1868 2457 pro
1890 2427 1925 2446 eo
1936 2417 2013 2456 quod
2029 2426 2138 2455 treuva,
2157 2418 2227 2448 inter
2241 2417 2330 2449 Chri-

1275 2456 1375 2487 stianos
1396 2457 1505 2499 illarum
1519 2458 1657 2494 pai-tium,
1676 2458 1708 2487 &
1866 2455 2022 2485 Soldanum
2040 2442 2172 2486 liac‘ienus
2185 2456 2317 2488 inchoata

1275 2494 1377 2525 dicitur
1398 2495 1489 2525 adhuc
1509 2506 1567 2525 non
1590 2496 1699 2525 modici
1721 2494 1855 2533 temporis
1877 2494 1963 2533 spatio
1984 2493 2128 2534 duratura,
2153 2494 2186 2524 &
2207 2479 2333 2526 uriiiarni

1273 2532 1308 2563 ad
1328 2535 1568 2573 recuperationem
1590 2534 1711 2571 ejusdem
1730 2533 1848 2570 Terrae,
1870 2533 1992 2570 potentia
2012 2534 2081 2570 ipla,
2106 2533 2190 2562 etiam
2210 2534 2334 2573 plurium

1274 2571 1393 2601 aliorum
1422 2571 1541 2602 subsidiis
1570 2571 1701 2609 suffulta,
1733 2569 1880 2600 sufficeret.
1931 2569 2059 2601 Maxime
2081 2580 2150 2600 cum
2173 2572 2335 2612 interrogati

1275 2609 1403 2647 praedicti
1427 2610 1461 2640 N
1465 2611 1539 2640 uncii
1554 2610 1589 2640 de
1606 2620 1726 2640 numero
1741 2608 1908 2638 bellatorum
1918 2631 1927 2646 ,
1945 2619 2013 2647 quos
2026 2617 2123 2639 tecum
2139 2609 2173 2639 ad
2187 2618 2276 2647 partes
2290 2613 2336 2649 ipa

1274 2648 1312 2679 sas
1332 2647 1450 2687 ducere,
1469 2658 1501 2678 ac
1524 2648 1559 2678 de
1579 2649 1678 2687 mora,
1694 2657 1781 2686 quam
1802 2647 1967 2677 contrahere
1987 2648 2123 2685 proponis
2136 2647 2243 2679 ibidem
2256 2672 2267 2688 ,
2291 2659 2337 2680 re-·

1275 2686 1436 2725 sponderint
1457 2686 1657 2726 praedidtorum
1679 2685 1875 2716 certitudinem
1896 2695 1954 2715 non
1977 2686 2102 2724 habere,
2127 2686 2334 2726 responlionem

1276 2724 1401 2756 nostram
1417 2726 1495 2763 super
1508 2725 1566 2755 hoc
1579 2724 1708 2755 duximus
1721 2723 1937 2763 suspendendam
1957 2734 1962 2753 :
2265 2759 2268 2761 ι

1313 2763 1367 2794 Sed
1388 2763 1588 2794 nichilominus
1609 2764 1628 2794 si
1647 2763 1775 2801 processu
1797 2763 1930 2802 temporis
1951 2763 2047 2800 nobis,
2064 2761 2102 2792 de
2113 2761 2270 2800 hujusmodi
2283 2769 2337 2795 nu'-·

1278 2808 1376 2840 mero,
1394 2812 1427 2833 ac
1446 2801 1544 2840 morit,
1563 2803 1596 2833 ὃ(
1615 2802 1701 2832 dietae
1715 2811 1795 2833 terne
1810 2801 1926 2831 utilitate
1940 2800 2095 2838 constaret,
2113 2811 2198 2838 prout
2211 2802 2335 2834 suaderet

1278 2842 1414 2881 temporis
1434 2841 1564 2879 qualitas,
1582 2841 1615 2870 ὃς
1630 2841 1690 2870 alias
1705 2840 1862 2870 videremus
1877 2839 2039 2877 expediens,
2058 2841 2288 2879 prolequeremur
2303 2842 2335 2870 in

1275 2879 1328 2910 hac
1351 2888 1426 2917 parte
1441 2878 1630 2909 favorabiliter
1643 2888 1711 2910 vota
1722 2888 1787 2916 tua,
1804 2887 1872 2909 cum
1887 2877 2005 2908 libenter
2019 2878 2084 2916 illis,
2102 2878 2130 2911 in
2151 2879 2252 2917 quibus
2269 2889 2335 2917 pos-⁷

1276 2916 1389 2955 sumus,
1406 2927 1568 2947 annuamus.
2321 2950 2325 2951 ⁷

1314 2956 1384 2986 Nec
1406 2957 1512 2985 mireris
1532 2954 1608 2993 quod
1629 2955 1722 2993 Bulla,
1740 2965 1800 2985 non
1818 2955 1973 2991 exprimens
1995 2964 2103 2985 nomen
2123 2954 2273 2993 nostrum,
2289 2955 2332 2986 est.

1277 2995 1392 3034 appensa
1407 2993 1602 3032 praesentibus,
1619 3003 1682 3033 quae
1695 3001 1758 3024 ante
1777 2993 2001 3023 Conl'ecrationis
2015 2994 2047 3024 δε
2064 2992 2271 3024 Βεηεάἰᾶἰοηίε
2283 3003 2339 3025 ηοε

1278 3032 1342 3062 firae
1361 3033 1524 3071 sollempnia
1544 3032 1766 3069 conceduntur,
1792 3033 1854 3069 quia
1875 3030 1929 3068 hii,
1953 3032 2000 3070 qui
2019 3030 2133 3062 fuerunt
2153 3031 2287 3064 haetenus
2307 3034 2338 3063 in

1280 3071 1428 3101 Romanos
1448 3071 1530 3100 elec‘ti
1545 3070 1713 3108 Pontifices,
1730 3071 1758 3099 in
1781 3069 1915 3099 bullandis
1930 3070 2041 3108 litteris,
2056 3078 2121 3100 ante
2136 3070 2338 3101 Consecratio-

1278 3111 1368 3178 nigs&
1389 3109 1595 3140 Benedictionis
1614 3108 1669 3141 suae
1693 3118 1810 3147 munus,
1827 3108 2032 3140 consueverunt
2045 3108 2167 3149 modum
2181 3109 2339 3148 hujusmodi

1277 3157 1297 3178 o
1329 3157 1430 3179 ervare.

1315 3235 1383 3266 Dat.
1404 3232 1507 3265 Perusii
1524 3234 1701 3267 duodecimo
1715 3233 1779 3265 Kal.
1796 3233 1885 3273 Maii,
1902 3234 2017 3273 suscepti
2033 3236 2048 3265 a
2060 3236 2143 3266 nobis
2159 3232 2343 3272 Apostolatfi-s?

1278 3272 1380 3304 Officii
1396 3283 1472 3305 anno
1486 3273 1588 3312 primo.

1619 3348 1762 3379 Plumbum
1774 3348 1833 3390 fine
1847 3354 1950 3380 nomine
1966 3341 2111 3389 Pontificis'.

1895 3426 1949 3456 Sub
1963 3425 2016 3467 filo
2029 3424 2132 3456 canabi.

1282 3571 1331 3603 De
1364 3569 1482 3601 licemia
1515 3565 1656 3608 visitandi
1680 3566 1824 3598 Carolum
1850 3570 1935 3614 Regis
1965 3566 2068 3598 Siciliae
2086 3567 2338 3612 primogenitum,

1610 3613 1671 3660 stab
1697 3613 1826 3657 custodia
1848 3613 2010 3647 detentumi

2332 845 2465 886 *11.29‹i.

1282 3708 1424 3770 FRater
1443 3709 1574 3745 Latinus,
1589 3706 1770 3746 permistione
1785 3706 1879 3737 divin&
1893 3729 1902 3744 ,
1928 3705 2040 3737 Ostien.
2056 3707 2089 3737 &
2103 3699 2252 3739 velletren.
2270 3701 2341 3746 Epi-*-
2357 3715 2433 3746 Αῃῇ,
2448 3709 2491 3747 D,

1354 3748 1454 3785 scopus
1469 3771 1478 3783 ,
1505 3747 1634 3785 religiosis
1652 3747 1718 3775 viris
1732 3770 1741 3783 ,
1766 3746 1841 3775 fratri
1859 3744 1979 3783 Hugoni
1999 3745 2034 3775 de
2057 3745 2163 3776 Sancto
2183 3745 2340 3777 Edmundo
2380 3755 2463 3793 1285.-

1284 3787 1374 3816 Priori
1398 3787 1512 3815 fratrum
1535 3785 1570 3814 de
1590 3784 1809 3814 Cbeltnereford
1823 3807 1833 3821 ,
1865 3785 1897 3813 ὃ(
1921 3783 1994 3813 fratri
2014 3783 2155 3814 Gualtero
2176 3784 2213 3814 de
2234 3785 2340 3824 Segge-
2358 3797 2466 3830 An,13‚¹

1283 3826 1347 3862 felt,
1366 3824 1471 3854 ordinis
1489 3823 1579 3852 nostri
1598 3822 1835 3860 Praedicatorum,
1858 3821 1973 3851 salutem
1993 3823 2023 3852 in
2042 3821 2179 3853 Domino
2198 3822 2341 3860 sempiter⁴
2359 3836 2387 3859 E.
2412 3842 2434 3859 ,-

1285 3873 1359 3894 nani.

2354 3874 2385 3898 Li
2407 3861 2474 3905 nfi-

1322 3901 1364 3931 ΕΚ
1385 3907 1461 3939 parte
1483 3897 1573 3928 vestra
1593 3898 1645 3929 fuit
1666 3897 1835 3928 sanfflffimo
1856 3896 1944 3935 Patri,
1964 3897 2098 3929 Domino
2120 3898 2217 3929 nostro
2235 3897 2344 3928 Hono‘-
2360 3917 2421 3942 151-
2438 3911 2465 3934 b:

1289 3942 1347 3978 rio,
1366 3939 1457 3968 eleeto
1480 3936 1592 3967 summo
1608 3936 1755 3974 Pontifici,
1774 3935 1914 3965 humiliter
1937 3936 2119 3977 supplicatum
2131 3946 2177 3974 ut,
2196 3945 2265 3965 cum
2279 3936 2342 3966 illu⁴
2357 3950 2428 3972 Penes

1291 3979 1350 4009 stris
1372 3977 1435 4006 Rex
1458 3975 1569 4014 Angli-ie
1590 3985 1641 4005 vos
1661 3974 1825 4005 transmittat
1844 3973 1877 4004 ad
1897 3975 2065 4006 visitandum
2084 3976 2117 4006 δε
2137 3973 2340 4005 consolandum
2356 3986 2491 4011 Cametas:

1293 4015 1475 4057 magnificum
1492 4014 1510 4033 ³¹²
1525 4015 1636 4051 virum,
1650 4012 1815 4044 Dominum
1831 4011 1989 4053 Karolum‚
2004 4014 2242 4055 primogenitum,
2260 4012 2342 4042 clarae
2353 4017 2415 4049 *114
2427 4022 2492 4055 ²977:

2235 4054 2348 4081 memo-
