2570 4261
56 243 131 275 Ann.
147 242 191 273 D.

78 282 161 319 1265.

54 325 118 348 Heu.
141 330 166 357 3.

53 1167 71 1186 ⁹⁵
86 1168 110 1196 Ι.
124 1166 188 1204 834.

211 177 292 216 104

207 250 276 279 betis
307 248 394 278 nullus
408 246 464 277 fine
479 243 582 276 assensu
602 242 753 273 Diocesani
774 241 908 281 Episcopi
927 241 961 271 &
980 239 1074 270 vestro
1088 263 1098 278 ,
1111 236 1270 282 „Capellam

208 288 252 317 {eu
265 272 430 318 &ratorium
444 284 480 314 de
496 293 576 313 novo
589 280 754 312 construere
766 281 883 318 audeat,
902 279 980 310 salvis
994 278 1139 318 privilegiis
1153 273 1270 314 pontifi-

206 336 274 356 cum
290 325 497 354 Romanorum.
1101 354 1107 359 1
1201 352 1206 357 ι
1219 350 1225 355 ,

246 363 290 392 Ad
304 363 364 391 haze
380 370 465 389 novas
478 360 511 390 &
526 357 663 388 indebitas
675 357 833 387 exafflones
845 356 882 386 ab
897 354 1139 397 Archiepiscopis,
1153 351 1271 396 Episco-

226 403 262 438 is,
282 399 494 431 Archidiaconis
509 397 553 427 seu
569 395 708 433 Decanis,
724 397 758 426 ὃς
770 396 826 425 aliis
844 395 978 425 omnibus
991 392 1180 424 ecclesiasticis
1193 394 1271 419 iecu-

203 411 336 469 gribiisve
350 437 470 474 personis
483 446 498 465 a
514 436 596 465 vobis
609 435 732 464 omnino
745 433 803 463 fieri
818 433 1007 471 prohibemus.

241 476 416 513 Sepulturam
427 484 542 514 quoque
556 474 638 511 ipsius
658 473 716 503 loci
730 472 844 502 liberam
867 472 924 501 effe
941 469 1144 512 decernimus,
1170 474 1202 510 ut
1221 474 1271 494 eo-

203 524 267 545 rum
280 513 426 543 devotioni
445 514 478 543 &
497 521 630 543 extremae
650 511 789 542 voluntati
802 533 811 549 ,
839 511 886 549 qui
903 510 929 539 se
943 509 1000 538 illic
1016 507 1120 544 sepeliri
1135 505 1270 549 delibera-

204 554 312 589 verint,
332 552 381 581 nisi
392 551 651 588 excommunicati,
668 550 713 581 vel
726 549 800 578 forte
814 547 954 578 interdisti
969 547 1040 584 sint,
1057 554 1104 574 aut
1119 553 1202 574 etiam
1217 551 1271 582 pu—

204 591 278 620 blice
293 590 437 628 Usurarii,
453 589 543 619 nullus
561 588 698 624 obsistat;
725 587 810 617 Salvii
822 596 916 617 tamen
934 584 1038 624 justitia
1057 584 1165 613 illarum
1178 581 1269 612 eccle-

203 629 317 666 siarum,
333 630 347 658 {i
362 629 462 666 quibus
477 636 656 658 mortuorum
669 636 790 666 corpora
803 625 987 655 assumuntur.

239 667 372 698 Decimas
386 675 518 707 praeterea
532 667 565 696 δε
585 664 767 705 poffeffiones
779 687 790 703 ,
813 664 847 694 ad
861 665 900 701 jus
918 661 1096 704 ecclesiarum
1115 657 1270 705 vestrarum

204 706 221 736 s
236 708 373 743 ectantes,
391 715 454 744 quae
469 715 484 734 a
499 705 572 735 laicis
585 703 763 739 detinentur,
782 700 941 732 redimendi
955 701 988 732 &
1010 700 1134 739 legitime
1149 697 1270 727 liberan-

224 746 232 773 i
246 744 280 774 de
293 745 419 773 manibus
433 753 551 780 eorum,
569 743 602 772 &
616 741 650 771 ad
665 741 808 779 ecclefias,
828 740 862 770 ad
879 750 944 778 quas
957 739 1114 779 pertinent,
1131 745 1270 767 revocan-

203 783 232 813 di
246 783 330 813 libera
345 784 375 813 sit
390 783 470 812 vobis
482 782 517 811 de
532 779 627 810 nostrii
640 780 803 809 auitoritate
813 779 934 808 facultas.
1251 813 1256 820 Ι

241 821 377 851 Obeunte
389 822 460 850 vero
473 828 517 856 te,
535 828 612 849 nunc
627 818 750 855 ejusdem
765 818 821 847 loci
837 816 935 846 Priore
949 840 959 853 ,
985 815 1030 845 vel
1044 823 1160 845 tuorum
1179 811 1271 851 quoli-

205 860 252 890 bet
267 859 466 890 Successoi-um
481 857 569 888 nullus
583 858 623 887 ibi
637 856 760 896 qualibet
779 855 955 893 surreptionis
969 854 1084 892 astutia,
1103 852 1149 882 seu
1161 851 1271 881 violen-

201 898 239 928 tii
252 907 447 937 praeponatur,
467 897 516 927 nisi
531 905 618 935 quem
632 895 724 925 fratres
739 895 889 925 communi
911 893 1043 923 consensu
1058 915 1068 930 ,
1092 891 1137 922 vel
1152 890 1269 934 fratrum

204 939 292 973 major
307 947 366 977 pars
379 935 485 966 consilii
502 935 614 965 sanioris
636 933 789 964 secundum
805 933 906 963 Deum
924 932 958 963 &
980 932 1053 962 beati
1066 928 1215 969 Augustini
1229 938 1272 958 re-

202 975 296 1014 gulam
311 974 483 1014 providerint
497 972 666 1013 eligendum.
1192 1007 1197 1012 .
1220 1006 1225 1012 .

244 1013 309 1044 Paci
323 1023 439 1052 quoque
453 1013 486 1043 &
501 1011 678 1052 tranquilitati
693 1009 792 1041 vestrae
806 1009 918 1050 paterni
939 1006 1126 1047 imposterum
1140 1005 1272 1050 sollicitu-

205 1052 273 1082 dine
288 1053 436 1092 providere
451 1050 576 1081 volentes
615 1050 779 1080 auctoritate
794 1059 809 1078 a
830 1048 949 1079 ostolica
969 1046 1150 1089 prohibemus
1164 1068 1173 1084 ,
1199 1044 1270 1075 infra

206 1091 338 1121 clausuras
352 1091 484 1121 locorum
504 1089 548 1120 seu
568 1074 756 1127 drangiarum
772 1091 819 1118 vel
836 1097 927 1117 rarum
943 1109 952 1124 ,
976 1086 1064 1116 nullus
1083 1093 1208 1128 rapinam
1224 1084 1271 1113 seu

205 1129 313 1160 furtum
324 1130 431 1168 facere,
448 1130 545 1168 ignem
558 1137 698 1170 apponere
731 1126 893 1165 sanguinem
907 1125 1024 1156 fundere
1037 1146 1046 1161 ,
1069 1123 1217 1153 hominem
1230 1130 1272 1152 te-

205 1169 283 1198 mere
297 1178 396 1206 capere
408 1170 424 1185 ³⁶
445 1166 491 1197 vel
503 1168 674 1204 interficere,
702 1175 737 1195 eu
751 1165 896 1196 violentias
911 1163 1008 1194 audeat
1021 1171 1157 1192 exercere.
1212 1200 1217 1205 ⁵

243 1207 380 1237 Praeterea
398 1215 499 1237 omnes
522 1205 659 1235 libertates
679 1204 713 1235 &
737 1204 925 1233 immunitates
938 1226 947 1242 ,
979 1212 995 1232 a
1018 1199 1272 1231 Praedeceffonbus

207 1245 307 1276 nostris
322 1245 463 1275 Romanis
476 1242 679 1280 Pontificibus,
698 1241 833 1273 Ecclesiae
848 1241 948 1272 vestrae
967 1239 1110 1271 conceffas
1124 1261 1134 1276 ,
1155 1248 1271 1268 necnon

204 1284 343 1315 libertates
367 1284 401 1314 ὃς
423 1283 612 1319 exemptiones
634 1281 797 1312 secularium
826 1281 1005 1311 exaitionum
1018 1302 1027 1317 ,
1052 1279 1067 1308 a
1087 1277 1215 1317 Regibus
1237 1277 1271 1307 &

204 1321 401 1360 Principibus,
417 1321 463 1352 vel
477 1320 533 1350 aliis
545 1320 672 1350 fidelibus
686 1320 882 1350 rationabiliter
896 1319 978 1349 vobis
991 1317 1123 1354 indultas,
1141 1316 1270 1360 ‚auetori-

203 1369 260 1392 tate
272 1360 438 1405 Apostolica
451 1359 649 1391 confirmamus
662 1381 674 1397 ,
697 1360 731 1389 &
750 1358 890 1396 praesentis
911 1357 1003 1397 scripti
1024 1355 1169 1395 privilegio
1190 1363 1272 1385 com-

204 1409 355 1430 munimus.

242 1438 432 1469 Decernimus
445 1446 513 1477 ergo
526 1444 557 1467 ut
573 1436 642 1466 nulli
655 1436 776 1466 omnino
791 1435 943 1465 hominum
959 1435 1039 1465 liceat
1054 1432 1196 1471 praefatam
1216 1430 1272 1462 Ec-

206 1476 317 1507 clesiam
331 1477 438 1507 temere
453 1476 628 1516 perturbare,
643 1482 690 1505 aut
706 1476 762 1513 ejus
776 1473 956 1512 possessiones
970 1473 1094 1510 auferre,
1113 1472 1158 1501 vel
1172 1470 1270 1501 ablatas

205 1516 339 1553 retinere,
355 1516 499 1552 minuere,
517 1513 562 1544 seu
578 1512 746 1552 quibussibet
760 1514 954 1543 vexationibus
973 1512 1101 1551 fatigare5
1121 1510 1159 1540 set
1173 1510 1271 1539 omnia

205 1553 311 1598 integra
326 1553 544 1592 conserventur,
563 1561 681 1589 eorum,
699 1562 751 1595 pro
765 1562 887 1592 quorum
901 1551 1102 1594 gubernatione
1120 1559 1154 1579 ac
1168 1547 1272 1578 susten-

2558 47 2559 59 i

2556 62 2559 80 l

712 146 1946 198 coNvENT1oNES,L1TERAE,
2559 132 2570 173 ῑ,

2400 223 2478 257 Ann.
2493 210 2534 260 ὁ,
2560 224 2563 267 3

2419 266 2502 302 1265.
2514 299 2518 304 Δ
2562 283 2563 286 =

2401 307 2465 332 Heu.
2482 315 2507 342 3.
2517 309 2523 341 ζ
2562 310 2564 338 ζ

1542 327 1592 358 De
1611 325 1757 359 conduffu
1776 326 1968 358 Nunciorum
1989 324 2146 358 Lemelim'.

1315 411 1460 468 REX,
1478 412 1513 443 ad
1529 412 1686 445 instantiam
1700 414 1864 445 venerabilis
1876 415 1958 452 patris
1973 413 2012 443 O.
2029 413 2124 444 Sancti
2141 412 2258 443 Adriani
2273 410 2383 442 Diaco-
2402 412 2453 438 An.
2464 419 2481 446 5
2483 412 2510 440 0'·
2567 427 2570 435 ·

1379 452 1408 481 ni
1423 450 1595 490 Cardinalis,
1613 452 1728 493 suscepit
1746 455 1775 482 in
1788 453 1893 483 salvum
1909 453 1942 483 &
1962 454 2092 483 securum
2107 452 2287 483 conductum
2302 450 2380 480 sirum
2401 452 2434 475 H.
2447 458 2472 484 3-
2567 452 2570 490 i

1314 489 1452 520 Nuncios
1473 489 1612 520 Lewelini
1632 490 1682 521 filii
1702 491 1820 522 Griffini
1835 514 1845 530 ,
1869 501 1940 529 quos
1959 490 2035 521 idem
2055 490 2214 521 Lewelinus
2233 490 2268 521 ad
2291 488 2381 526 ipsum
2401 489 2420 512 P
2422 494 2517 522 ‘'t-50·
2569 496 2570 500 ’

1315 527 1458 596 Lelgatum
1468 527 1598 558 missurus
1611 528 1665 567 est,
1685 540 1754 560 cum
1768 530 1828 569 ipso
1842 530 1920 569 super
1933 529 1983 559 suis
1996 530 2116 568 negotiis
2129 529 2308 560 tractaturos:
2398 527 2432 550 H.
2454 533 2481 559 3·

1367 574 1393 596 ta
1405 566 1483 606 quod
1493 566 1584 609 *iidem
1596 566 1710 598 Nuncii
1723 569 1804 599 fimul
1822 570 1936 599 veniant
1952 571 1967 585 *
1988 568 2020 598 ὃ(
2036 568 2071 597 ab
2085 567 2209 598 invicem
2227 578 2289 598 non
2302 577 2381 598 rece·-
2401 571 2426 587 ”·
2443 572 2505 600 ¹03·

1314 603 1397 642 dant,
1414 604 1563 643 videlicet,
1580 615 1650 635 cum
1665 616 1702 636 10
1714 608 1892 646 equitaturis,
1909 608 1943 638 &
1961 615 1996 636 10
2009 607 2148 645 peditibus
2160 614 2279 637 tantum.
2402 598 2421 618 *
2436 602 2458 629 1.
2468 604 2532 640 835·-

1353 643 1388 687 In
1409 646 1488 682 cujus
1500 665 1510 681 ,
1535 644 1595 674 &e
1617 644 1756 676 duraturas
1775 646 1859 685 usque
1879 645 1914 677 ad
1935 644 2051 676 Festum
2064 644 2272 676 Purificationis
2291 645 2381 676 beatae

1313 680 1416 712 Mariae
1429 683 1562 720 proximo
1573 681 1707 714 futurum.

1351 758 1440 790 Teste
1455 761 1536 802 Rege
1549 762 1622 803 apud
1634 762 1766 793 Windes.
1786 772 1822 802 14
1836 763 1883 795 die
1895 763 2074 795 Decembris.

1518 905 1569 937 De
1586 902 1804 937 Par-donatione
1815 913 1871 950 pro
1893 901 2016 938 Roberto
2032 905 2177 953 Pazgnell.

1314 990 1442 1046 REX
1459 992 1592 1023 omnibus
1626 993 1688 1024 &c.
2400 993 2478 1025 Ann.
2491 995 2533 1028 D.

1414 1030 1509 1075 sciatis
1528 1015 1609 1071 quod
1620 1054 1630 1070 ‚
1642 1032 1688 1075 ‘ad
1709 1030 1866 1062 instantiam
1885 1031 1983 1062 dilecti
2001 1033 2035 1064 sc
2055 1032 2142 1064 fideus
2156 1034 2244 1066 noffli
2259 1034 2380 1065 Gaifrtdi
2419 1035 2503 1064 1266.

1316 1066 1448 1112 Cantelin
1463 1094 1473 1109 ,
1498 1069 1712 1107 pardonawmus
1724 1070 1858 1101 Roberto
1874 1068 1998 1109 Paignell
2017 1081 2137 1102 omnem
2157 1073 2381 1112 indignationem
2399 1076 2451 1100 Aa.
2462 1083 2507 1108 50.

1316 1106 1350 1136 &
1363 1108 1448 1151 animi
1461 1119 1628 1147 rancorem,
1644 1118 1716 1146 quos
1726 1119 1755 1139 er
1774 1120 1788 1139 a
1803 1108 1895 1146 ipsum
1907 1118 2142 1149 conceperamus,
2161 1112 2310 1142 occasione
2324 1121 2379 1143 tur-
2400 1116 2435 1138 H·
2456 1121 2482 1148 3-

1315 1145 1436 1176 bationis
1445 1147 1476 1190 „in
1494 1147 1599 1187 Regno
1613 1146 1712 1178 nostro
1724 1147 1758 1177 ha
1781 1148 1827 1178 ime
1840 1169 1851 1186 ,
1872 1147 1906 1178 &
1921 1147 2011 1185 ipsum
2025 1147 2091 1179 inde
2112 1149 2240 1186 quietum
2255 1149 2311 1180 ess'e
2324 1151 2382 1182 cla-
2400 1153 2515 1186 1¹at.50.

1317 1193 1429 1215 mamus
1443 1194 1664 1227 imperpetuum:
2400 1192 2434 1214 H.
2453 1198 2480 1224 3.

1355 1222 1492 1255 Volentes
1509 1226 1544 1257 ὃς
1565 1224 1754 1256 concedentes
1771 1234 1824 1264 pro
1843 1224 1925 1254 nobis
1947 1225 1981 1255 &
2003 1223 2161 1256 haeredibus
2178 1225 2281 1257 nostris
2302 1227 2382 1266 quod
2399 1236 2435 1254 m·
2450 1236 2496 1262 72-

1316 1261 1465 1300 praedic'tus
1479 1262 1640 1302 Robertus,
1658 1263 1703 1294 vel
1719 1262 1843 1294 haeredes
1857 1263 1896 1293 sui
1910 1285 1920 1301 ,
1942 1264 2094 1294 occasione
2112 1264 2268 1303 praedicita,
2288 1266 2317 1295 in
2334 1267 2385 1296 ali-

1315 1310 1374 1340 quo
1393 1311 1452 1331 non
1492 1311 1623 1333 raventur
1635 1326 1645 1340 ,
1668 1301 1882 1333 occafionentur
1902 1301 1947 1331 vel
1967 1302 2171 1341 molestentur,
2197 1303 2268 1334 dum
2289 1312 2384 1335 tamen

1316 1338 1466 1378 praediCtus
1513 1342 1624 1372 obertus
1637 1364 1647 1379 ,
1671 1341 1705 1371 &
1720 1340 1842 1371 haeredes
1856 1339 1896 1372 sui
1915 1339 1952 1371 de
1967 1349 2073 1372 caetero
2087 1340 2205 1373 fideliter
2219 1343 2246 1373 se
2265 1342 2385 1375 habeant

1315 1387 1346 1408 er
1365 1388 1379 1407 a
1395 1388 1447 1408 nos
1460 1378 1502 1410 &⁴
1528 1392 1532 1398 ¹
1553 1379 1630 1413 redes
1645 1378 1763 1410 nostros.
2234 1384 2236 1386 '

1367 1426 1386 1446 n
1400 1417 1494 1456 cujus,
1547 1428 1574 1450 c.

1314 1497 1441 1574 ffl'ggste
1462 1497 1544 1538 Rege
1565 1498 1640 1540 apud
1659 1496 1784 1530 Westm.
1807 1507 1844 1530 12
1863 1497 1908 1530 die
1928 1497 2092 1538 Februarii,
2112 1510 2189 1531 anno
2206 1500 2302 1543 Regni
2319 1513 2386 1534 nos-

203 1600 307 1623 tatione
320 1591 452 1623 concessa
463 1591 540 1630 sunt,
559 1591 651 1621 usibus
670 1590 845 1620 omnimodis
864 1593 1031 1627 promtum3
1056 1587 1128 1619 salvfi
1146 1587 1214 1617 sedis
1230 1586 1271 1617 A-
1326 1604 1329 1606 -

203 1630 351 1671 postolicae
365 1631 547 1669 audlmriraoe,
564 1629 598 1660 &
612 1629 763 1659 Diocesani
778 1628 910 1667 Episcopi
925 1627 1064 1659 canonica
1075 1625 1187 1666 justitia.

241 1669 326 1708 Siqua
337 1670 421 1709 igitur
439 1669 468 1699 in
481 1667 608 1699 futurum
621 1690 630 1706 ,
656 1667 839 1698 ecclesiastica
859 1666 1016 1698 secularisve
1036 1665 1151 1706 persona
1164 1688 1173 1703 ,
1196 1663 1270 1708 hanc

206 1707 310 1738 nostrae
335 1707 541 1738 constitutionis
565 1708 694 1747 paginam
715 1705 802 1736 sciens
836 1714 933 1737 contra
958 1714 1020 1735 eam
1043 1705 1149 1736 temere
1174 1712 1270 1734 venire

207 1754 264 1777 tem
286 1748 402 1786 taverit,
419 1745 543 1777 secundo
558 1747 677 1776 tertiove
695 1746 871 1775 commonita
885 1768 895 1783 ,
920 1743 970 1774 nisi
982 1751 1089 1774 reatum
1101 1743 1181 1772 suum
1199 1751 1271 1772 con-

206 1793 274 1824 grua
284 1785 468 1817 satisfaciione
483 1784 632 1815 correxerit
647 1806 656 1821 ,
682 1783 822 1822 potestatis
835 1782 1003 1820 honorisque
1017 1782 1056 1812 sui
1074 1789 1165 1812 careat
1180 1780 1271 1820 digni—

206 1832 279 1862 tate,
295 1833 425 1863 reamque
436 1823 463 1853 se
475 1823 573 1853 divino
583 1822 692 1861 judicio
704 1821 818 1852 existere
829 1822 864 1853 de
877 1821 1030 1860 perpetrata
1041 1821 1186 1857 iniquitate
1201 1828 1271 1858 cog-

206 1863 301 1894 noscat
317 1875 326 1900 3
349 1864 382 1894 &
395 1863 410 1892 a
428 1860 606 1892 sacratissimo
624 1870 744 1898 corpore
759 1871 792 1891 ac
808 1861 937 1900 sanguine
958 1859 1017 1890 Dei
1035 1860 1068 1890 &
1085 1858 1210 1889 Domini
1228 1869 1270 1888 re-

206 1900 362 1938 demptoris
376 1899 463 1931 nostri
473 1900 538 1938 Jesu
554 1898 663 1930 Christi
678 1899 768 1930 aliena
783 1899 845 1938 fiat,
861 1907 944 1937 atque
958 1899 987 1929 iri
1003 1907 1130 1929 extremo
1144 1897 1270 1927 examine

208 1938 341 1970 distriffle
354 1940 489 1978 subjaceat
500 1939 614 1969 ultioni:

244 1976 365 2008 Cunffis
378 1986 487 2015 autem,
507 1976 599 2007 eidem
614 1976 680 2007 loco
693 1975 737 2006 sua
753 1977 806 2007 'ura
821 1976 990 2007 servantibus
1004 1999 1014 2014 ,
1038 1974 1070 2006 fit
1085 1985 1138 2013 pax
1150 1974 1272 2005 Domini

207 2016 297 2046 nostri
307 2016 372 2055 Jesu
384 2015 492 2046 Christi
507 2040 516 2054 ,
541 2017 667 2055 quatinus
688 2015 722 2046 &
763 2015 789 2045 ic
810 2015 934 2045 frustum
949 2016 1034 2045 bonae
1049 2014 1167 2044 aetionis
1182 2014 1273 2057 perci-

186 2066 191 2069 ,
207 2056 300 2093 piant,
320 2056 353 2086 &
367 2055 439 2094 apud
450 2054 609 2085 distrffiium
620 2053 752 2092 Judicem
765 2055 880 2093 praemia
894 2062 1007 2084 aeternae
1023 2054 1097 2091 pacis
1118 2054 1271 2083 inveniant.

66 3612 144 3643 Ann.
155 3610 196 3642 D.

90 3650 173 3688 1265.

64 3691 117 3716 An.
135 3698 179 3723 50.

67 3731 102 3753 H.
123 3735 148 3762 3·

67 3767 182 3799 Pat.5o.

68 3805 102 3828 H.
118 3810 144 3836 3.
158 3812 184 3829 n.

73 3847 133 3874 ¹¹9·

209 2092 304 2124 Amen
312 2116 322 2133 ,
340 2093 433 2124 Amen
442 2116 452 2133 ,
470 2092 574 2124 Amw.

245 2176 272 2203 S.
290 2175 387 2204 Petrus
409 2177 435 2204 S.
452 2173 572 2214 Paulus,
589 2175 676 2203 Lacus
689 2175 940 2212 Monogrammatis.
955 2171 1074 2205 Clemens
1088 2173 1164 2211 Papa
1179 2180 1207 2210 4.

244 2252 323 2284 Oculi
340 2257 390 2284 mei
399 2253 503 2294 semper
519 2256 560 2286 ad
753 2264 825 2285 num.

246 2337 305 2372 Ego
319 2332 455 2374 Clemens,
472 2335 617 2365 Catholicae
628 2334 750 2376 Ecclqfiae
765 2332 911 2375 Epfiopus.

246 2417 307 2452 Ego
320 2415 396 2453 Ode,
413 2413 554 2454 Tuftulan.
574 2416 602 2444 E
620 2414 730 2455 istopur,

245 2455 305 2490 Ego
319 2453 470 2492 Stephanus
503 2424 671 2494 Prenelli'nus
686 2456 713 2482 E
731 2453 843 2493 ifiopus,

243 2493 302 2528 Ego
314 2495 414 2521 Frater
425 2476 586 2530 Jobamzes,
604 2495 681 2522 Port·
747 2493 855 2522 Sanllae
869 2490 976 2533 R'Cfinae
990 2488 1128 2530 Eptstopus
1135 2512 1147 2529 ,

243 2532 302 2567 Ego
312 2529 486 2570 Radulphus,
503 2530 646 2560 Albanen.
662 2534 690 2560 E
708 2534 718 2559 i
731 2539 820 2569 copus,

244 2571 302 2607 Ego
317 2571 467 2608 Henricus,
485 2568 585 2611 ostien.
599 2568 636 2605 &
650 2572 686 2599 Ve
697 2569 793 2599 letren.
809 2568 956 2608 Epifiopus.

239 2651 299 2687 Ego
314 2649 475 2688 Ant-herus,
492 2649 582 2679 Tituli
595 2651 701 2680 SanHae
716 2649 848 2679 Praxedis
864 2648 1001 2678 Presbiter
1017 2645 1191 2685 Cardinalis,

242 2689 301 2724 Ego
312 2687 495 2726 Guillielmus,
513 2688 600 2718 Tituli
613 2690 708 2718 Sanffl
724 2691 817 2717 Marci
833 2687 968 2716 Presbiter
984 2685 1157 2723 cardinalis,

243 2727 302 2764 Ego
311 2725 596 2794 Cicflczglzlzgnibaldus
615 2750 624 2766 ,
654 2725 777 2767 Bafilicae
799 2725 900 2765 christi
920 2723 1109 2765 Apostolorum
1131 2721 1269 2754 Presbiter

244 2846 302 2883 Ego
322 2848 489 2912 Otltamanus
503 2868 513 2884 ,
537 2846 645 2876 Sam‘i‘ae
668 2849 772 2876 Mariae
791 2847 821 2875 in
841 2847 897 2875 Via
921 2842 985 2874 lata
1013 2845 1149 2873 Diaconus
1171 2841 1270 2871 Cardi-

243 2922 301 2959 Ego
314 2894 477 2968 ἷξυΙΞ-Σῆιηες,
494 2923 588 2952 δανιέῖἰ
603 2921 713 2952 Nicolai
726 2925 755 2952 in
770 2925 883 2952 earcere
903 2920 1028 2950 Tulliano
1049 2922 1188 2950 Diaconus
1201 2921 1270 2948 Car-

248 2998 306 3033 Ego
316 2959 458 3036 31¹2}qu
476 3000 582 3028 Sam‘lae
599 3002 703 3029 Mariae
720 3002 749 3029 in
765 2997 903 3038 Cofinydin
924 3000 1061 3027 Diaconus
1080 2993 1252 3032 Cardinalis,

246 3036 305 3072 Ego
315 3035 502 3102 ggssligridus,
520 3039 612 3067 Sanffz‘i
625 3041 745 3076 Gregorii
759 3039 799 3067 ad
809 3037 900 3068 velum
914 3040 1040 3066 Aureum
1054 3038 1190 3065 Diaconus
1199 3037 1269 3064 Car-

245 3112 305 3149 Ego
318 3097 451 3150 Ubertui,
469 3115 560 3143 Sanc‘i‘i
571 3113 712 3154 Eustachii
727 3117 863 3144 Diaconus
877 3111 1042 3144 cardinalis.

246 3190 315 3222 Dat.
330 3191 434 3223 Perusii
472 3202 518 3230 per
538 3202 653 3223 manum
675 3192 805 3233 Magistri
818 3193 967 3225 Michaelis
985 3193 1021 3224 de
1035 3191 1178 3230 Tholosa,
1201 3191 1270 3222 San-

210 3228 265 3266 {tte
279 3229 422 3262 Rornanae
436 3215 569 3261 sscclesiae
585 3232 823 3269 Vicecancellarii,
843 3242 861 3262 2
881 3233 965 3263 Non.
987 3231 1176 3263 Novembris.
1223 3230 1271 3259 ln-

209 3267 332 3311 dit'lione
343 3269 442 3299 Nona.
480 3268 679 3300 Incarnationis
697 3281 772 3301 anno
793 3271 876 3310 1265.
913 3269 1097 3303 Pontificatfis
1117 3278 1186 3300 vero
1204 3267 1272 3299 Do·

210 3315 279 3336 mini
291 3306 446 3339 Clementis
459 3306 543 3348 Papae
557 3318 579 3347 4
591 3319 667 3339 anno
681 3310 783 3349 primo.

607 3388 662 3418 Sub
668 3387 730 3431 filis
736 3388 829 3428 firicis
836 3390 916 3429 flavi
927 3391 1052 3431 rubeique
1066 3387 1165 3419 colorir.

535 3526 583 3558 De
597 3525 716 3572 Treuga
736 3536 805 3557 cum
824 3525 945 3559 Wallia.

274 3606 339 3637 EX
351 3613 504 3651 omnibus,
523 3614 583 3644 &c.
598 3612 720 3644 salutem.

312 3645 414 3690 Sciatis⁴
437 3651 493 3680 uod
508 3652 634 3682 dedimus
654 3649 823 3691 potestatem
842 3650 947 3682 diledm
965 3652 998 3683 &
1014 3652 1089 3684 fideli
1113 3651 1211 3683 nostro
1221 3652 1269 3691 Ja-

214 3681 291 3727 cobo
304 3682 339 3725 de
354 3683 427 3728 Aldit
448 3689 473 3717 el
488 3697 594 3729 treugas
607 3690 750 3730 capiendi,
767 3691 885 3720 nomine
899 3690 1014 3729 nostro,
1032 3701 1100 3724 curn
1116 3691 1269 3722 Lewelino

213 3720 271 3750 filio
283 3718 397 3752 Griffim
412 3725 444 3754 ὃς
458 3726 652 3767 Complicibus
665 3728 734 3768 suis,
751 3727 836 3768 usque
854 3728 889 3758 ad
909 3727 1119 3769 Carniprivium
1137 3730 1270 3770 proximo

212 3759 354 3795 summm,
372 3769 459 3791 ratum
474 3765 636 3797 habituri&
651 3767 766 3811 firmum
780 3766 915 3807 quicquid
927 3766 1002 3798 idem
1013 3767 1156 3808 jacobus,
1171 3768 1267 3799 nomi-

213 3795 375 3871 nelxgocshrj&
391 3798 574 3865 irgpraemiffis
585 3804 691 3835 duxerit
704 3803 872 3836 faciendum.

352 3865 356 3868 ,
380 3857 390 3872 ,
429 3845 466 3866 ἐ.

246 3912 336 3945 Teste
351 3914 432 3954 Rege
444 3916 516 3954 apud
528 3917 652 3951 Westm.
665 3922 702 3953 28
715 3922 759 3954 die
771 3922 957 3957 Novembris.

1438 1673 1497 1703 Pro
1515 1672 1628 1704 Comite
1645 1672 1806 1704 Britannia
1821 1669 1858 1704 de
1875 1673 2028 1706 comitatu
2046 1669 2263 1706 Richmundiae.

1315 1757 1401 1814 RE
1412 1758 1443 1789 X
1462 1760 1568 1791 dileeto
1583 1760 1616 1791 ὃ(
1631 1760 1706 1791 fideli
1719 1760 1786 1800 suo,
1804 1759 1981 1793 Gwichardo
1992 1760 2028 1792 de
2043 1759 2190 1800 charron,
2208 1761 2333 1793 salutem.
2398 1759 2475 1791 Ann.
2490 1761 2532 1794 D.

1414 1797 1492 1829 Cum
1515 1798 1645 1837 quasdam
1667 1809 1769 1838 terras,
1797 1807 1958 1829 tenementa
1977 1800 2010 1830 &
2026 1797 2155 1830 Maneria
2168 1800 2261 1831 nostra
2273 1801 2381 1831 dederi·
2418 1800 2503 1830 1266.

1316 1846 1378 1866 mus
1393 1837 1425 1866 &
1440 1838 1658 1868 concess'enmus
1668 1839 1774 1869 dilecto
1788 1838 1821 1868 &
1835 1837 1908 1868 fideli
1927 1837 2042 1876 nostrO,
2059 1838 2147 1869 Petro
2157 1838 2268 1870 Comiti
2281 1839 2318 1870 de
2331 1839 2381 1870 Sa·
2395 1842 2448 1866 An.
2462 1848 2508 1874 50.

1315 1875 1432 1914 baudia,
1451 1876 1586 1907 Domino
1599 1876 1708 1915 vestro,
1726 1877 1755 1907 in
1774 1876 1943 1907 escambium
1964 1876 2126 1908 Comitatus
2141 1877 2173 1908 &
2190 1876 2309 1908 honoris
2327 1877 2381 1908 Ri—
2396 1881 2430 1904 H·
2453 1886 2479 1914 3.

1314 1914 1498 1945 chemondiae
1513 1914 1560 1953 (de
1574 1916 1674 1954 quibus
1686 1915 1801 1956 quidem
1815 1916 1907 1954 terris,
1924 1916 2092 1946 tenementis
2104 1917 2137 1947 &
2147 1915 2283 1948 Maneriis
2295 1916 2382 1947 iidem
2397 1919 2455 1942 Pat.
2469 1924 2515 1950 50.

1316 1952 1426 1983 Comes
1438 1954 1472 1984 ὅ(
1484 1954 1570 1984 amici
1582 1954 1622 1984 sui
1637 1954 1693 1985 effe
1708 1953 1812 1984 debent
1825 1955 1928 1984 merito
1940 1956 2079 1991 contenti)
2093 1965 2127 1985 ac
2143 1965 2195 1985 nos
2204 1953 2383 1986 Comitatum
2400 1958 2433 1981 H-
2446 1963 2504 1990 3·n·
2524 1962 2527 1963 ’

1316 1992 1349 2021 &
1363 1991 1503 2022 honorem
1517 1993 1686 2030 praedictum
1694 2016 1704 2031 ,
1719 2002 1787 2024 cum
1801 1994 1973 2031 pertinentiis
1986 2016 1996 2031 ,
2015 1993 2120 2024 dilecto
2135 1994 2168 2025 &
2182 1992 2256 2025 fideli
2269 1994 2385 2034 nostro,
2399 1994 2447 2031 46-

1312 2029 1438 2068 Johanni
1453 2030 1533 2062 Duci
1544 2031 1692 2062 Britanni-ae
1705 2031 1890 2069 reddidimus,
1908 2042 1956 2072 per
1971 2031 2048 2069 quod
2058 2031 2239 2070 Radulphum
2253 2032 2289 2064 de
2297 2033 2385 2065 Mor-

1317 2070 1374 2099 rein
1389 2067 1515 2099 Militem
1532 2070 1614 2107 ipsius
1626 2069 1718 2100 Ducis
1737 2070 1772 2100 ad
1786 2079 1838 2100 vos
1856 2071 2064 2100 transmittimus
2079 2093 2091 2109 ,
2113 2080 2166 2112 pro
2179 2070 2328 2102 Comitatu
2347 2072 2383 2103 &

1317 2106 1428 2177 &onore
1440 2108 1595 2148 praedictis,
1613 2110 1732 2139 nomine
1749 2108 1872 2139 Domini
1891 2109 1931 2139 sui
1945 2109 2072 2146 praedicti·
2086 2131 2096 2147 ,
2123 2110 2137 2139 a
2151 2109 2232 2139 vobis
2246 2111 2385 2149 recipien-

1338 2156 1374 2176 13.
2351 2166 2354 2167 γ

1352 2169 1446 2228 ,ῧοὺίε
1457 2185 1638 2224 mandamus,
1655 2185 1773 2216 fimiter
1785 2186 1958 2225 injungentes
1973 2207 1983 2224 ,
2007 2192 2140 2225 quatenus
2154 2186 2303 2226 praedic‘ios
2321 2186 2386 2217 Co-

1317 2230 1447 2254 mitaturri
1461 2224 1495 2254 &
1509 2223 1668 2262 honorem,
1684 2234 1751 2254 cum
1767 2225 1901 2254 omnibus
1915 2225 2087 2264 pertinentiis
2100 2224 2169 2262 suis,
2189 2226 2306 2263 piaefato
2321 2225 2385 2256 Mi-

1315 2262 1355 2292 liti
1371 2262 1489 2292 liberetis
1501 2263 1528 2292 in
1541 2263 1634 2294 forma
1649 2262 1781 2300 praediffl
1796 2274 1806 2301 3
1830 2262 1864 2295 &
1880 2262 1938 2294 hoc
1952 2285 1963 2301 ,
1986 2263 2055 2294 sicut
2070 2272 2120 2293 vos
2130 2264 2164 2294 ὃς
2180 2264 2322 2294 honorem
2335 2275 2385 2295 ve-

1316 2300 1406 2330 strum
1416 2324 1426 2339 ,
1445 2310 1559 2331 necnon
1574 2301 1608 2332 &
1620 2303 1717 2332 omnia
1728 2301 1804 2332 bona
1817 2300 1907 2332 vestra
1922 2324 1932 2340 ,
1955 2312 2020 2339 quae
2041 2303 2070 2331 in
2084 2300 2191 2340 Regno
2209 2304 2322 2339 tenetis,
2340 2303 2385 2333 di-

1315 2339 1416 2379 ligitis,
1434 2340 1467 2370 &
1480 2340 1548 2370 sicut
1563 2340 1788 2379 indignationem
1803 2339 1929 2370 nostram
1945 2341 2030 2372 vitare
2043 2340 2184 2371 volueritis
2195 2362 2206 2381 ,
2228 2341 2307 2370 nullo
2320 2351 2386 2371 mo-

1316 2377 1355 2409 do
1369 2378 1516 2408 omittatis:
1533 2378 1635 2408 Scituri
1649 2378 1741 2418 quod,
1760 2378 1810 2408 nisi
1823 2378 1940 2408 feceritis
1951 2401 1960 2417 ,
1984 2379 2140 2418 periculum
2153 2379 2384 2412 exhaeredationis

1316 2424 1397 2447 terrae
1409 2415 1506 2446 vestrae
1520 2416 1653 2447 Chavcns
1666 2417 1748 2447 vobis
1761 2426 1794 2446 ex
1809 2416 1866 2446 hoc
1883 2418 1984 2455 poterit
1997 2418 2164 2455 imminere,

1355 2454 1424 2485 Nos
1438 2456 1514 2485 enim
1536 2464 1598 2494 erga
1618 2454 1785 2486 Dominum
1805 2454 1930 2486 vestrum
1951 2454 2101 2487 Comitem
2120 2455 2265 2487 sabaudiae
2284 2455 2386 2497 praedi-

1314 2493 1413 2532 (stum,
1430 2494 1463 2524 &
1477 2494 1671 2534 quoscumque
1683 2495 1749 2525 alios
1764 2503 1816 2523 vos
1831 2494 1896 2525 inde
1907 2495 2134 2525 conservabimus
2145 2495 2318 2532 indempnes.

1349 2531 1384 2562 In
1398 2534 1476 2571 cujus
1489 2533 1528 2563 rei
1541 2532 1737 2564 testimonium
1750 2532 1799 2564 has
1812 2531 1913 2563 litteras
1928 2532 2034 2564 nostras
2049 2532 2107 2566 fieri
2121 2534 2239 2566 fecimus
2250 2542 2383 2574 patentes,

1349 2612 1437 2645 Teste
1451 2614 1558 2653 meipso
1572 2614 1645 2656 apud
1657 2613 1894 2654 Northampton,
1913 2614 1932 2643 6
1945 2614 1991 2645 die
2006 2614 2087 2647 Maii.

1311 2699 1313 2702 “
1350 2693 1389 2724 Et
1404 2694 1566 2725 mandatum
1581 2694 1622 2725 est
1639 2694 1795 2733 Militibus,
1814 2693 1905 2724 liberis
1920 2694 2100 2732 hominibus,
2118 2695 2152 2725 δε
2166 2696 2299 2726 omnibus
2309 2695 2384 2734 aliis,

1312 2733 1471 2763 tenentibus
1483 2733 1519 2763 de
1533 2732 1654 2771 Castro,
1671 2732 1819 2763 Comitatu
1835 2732 1868 2762 &
1883 2732 1992 2762 honore
2005 2732 2145 2769 praedidtis
2158 2755 2168 2771 ,
2193 2733 2273 2770 quod
2286 2734 2380 2765 eidem
2431 2733 2433 2735 ’

1313 2779 1445 2809 tanquam
1461 2771 1596 2802 Domino
1609 2771 1658 2803 suo
1673 2771 1725 2803 lint
1736 2769 1927 2808 intendentes,
1945 2770 2005 2800 &c.

1560 2913 1611 2945 De
1625 2914 1757 2947 Servilio
1772 2914 1925 2947 Baranam
1945 2911 2128 2946 Borealium.

1381 2999 1447 3032 EX
1465 3001 1602 3032 omnibus
1633 3001 1694 3033 &c.
1709 3001 1832 3033 salutern.
2394 3009 2461 3042 An„
2486 3010 2518 3043 D

1384 3079 1388 3084 ,
1420 3039 1518 3083 Sciatis
1553 3023 1617 3070 uod²
1629 3041 1793 3084 venerabilis
1807 3039 1888 3070 Pater
1902 3062 1912 3077 ,
1934 3038 1974 3070 R.
1989 3037 2191 3070 Dunolmensis
2204 3038 2376 3078 Episcopus,
2414 3034 2499 3079 1266,
2520 3035 2528 3042 '

1313 3080 1347 3110 &
1362 3077 1456 3110 dilecti
1469 3079 1503 3108 δε
1516 3077 1535 3107 fi
1556 3078 1610 3108 eles
1624 3078 1730 3117 nostri,
1748 3078 1830 3109 Peter
1843 3079 1879 3109 de
1892 3078 1960 3109 Brus
1971 3103 1981 3117 ,
2001 3078 2168 3116 Radulphus
2181 3078 2252 3108 filius
2264 3078 2374 3108 Ranul-
2389 3091 2441 3118 Aa,
2455 3097 2505 3124 50.

1312 3117 1381 3158 phi,
1398 3116 1571 3147 Willielmus
1586 3116 1657 3147 Baro
1670 3117 1706 3147 de
1720 3117 1854 3148 Graistok
1865 3140 1875 3156 ,
1900 3118 1934 3148 &
1953 3117 2114 3147 Nicholaus
2125 3117 2162 3148 de
2173 3116 2308 3157 Bolteby,
2326 3125 2375 3154 per
2394 3131 2430 3154 H.
2447 3137 2474 3163 3,

1312 3154 1750 3225 fissssssefifflmfflfflffiffl?
1769 3153 2374 3225 ‘fflissieiiiffss‘iigiicri}ufl‘esssifgssffliffneffiaffid
2398 3169 2509 3199 ¹²⁶¹·50·

1314 3235 1359 3277 nia
1368 3256 1376 3271 ,
1390 3216 1528 3276 johanne,
1535 3232 1571 3262 de
1579 3231 1713 3276 Balliolo,
1731 3234 1764 3264 ὃ(
1776 3234 1882 3265 caeteris
1894 3232 2019 3264 fidelibus
2030 3232 2149 3272 nostris,
2166 3232 2260 3263 secum
2273 3233 2304 3261 in
2317 3240 2380 3269 par-
2395 3207 2452 3279 {18}
2458 3224 2463 3229 ⁴
2472 3212 2498 3230 n*

1313 3273 1386 3302 tibus
1398 3270 1554 3301 borealibus
1572 3269 1750 3302 existentibus
1762 3295 1772 3311 ,
1796 3273 1812 3303 a
1825 3272 1871 3302 die
1887 3271 2004 3302 Veneris
2013 3294 2024 3310 ,
2049 3273 2179 3312 proxima
2192 3269 2257 3309 post
2275 3268 2380 3300 festum

1315 3310 1412 3341 Sancti
1428 3309 1566 3348 Georgii,
1585 3318 1662 3351 anno
1682 3309 1778 3350 Regni
1797 3310 1886 3340 nostri
1904 3319 1942 3348 50
1958 3333 1968 3349 ,
1991 3310 2077 3348 usque
2096 3311 2130 3340 ad
2145 3310 2223 3341 diem
2242 3309 2335 3339 Lunae
2349 3308 2380 3338 in

1315 3348 1447 3380 Crastino
1463 3347 1574 3378 Sandtae
1585 3345 1730 3379 Trinitatis
1744 3349 1876 3389 proximo
1895 3349 2031 3387 sequentis
2043 3360 2054 3387 ς,
2077 3349 2208 3380 videlicet
2253 3357 2302 3385 per
2313 3355 2380 3390 qua-

1314 3387 1438 3431 draginta
1449 3386 1657 3429 dies„utraque
1668 3386 1714 3417 die
1732 3396 1895 3431 computata
1908 3397 1915 3417 z
1940 3387 1989 3418 De
2001 3397 2061 3430 quo
2076 3387 2193 3426 quidem
2208 3371 2320 3418 &vitio
2334 3393 2379 3424 ip-

1315 3426 1358 3456 sos
1372 3433 1480 3466 quietos
1492 3432 1653 3464 quictamus

1351 3463 1387 3495 111
1400 3464 1494 3502 cujus,
1509 3462 1569 3494 &c.

1349 3544 1439 3577 Teste
1451 3543 1534 3583 Rege
1547 3543 1620 3582 apud
1635 3542 1844 3576 Northamton.
1863 3553 1900 3583 23
1914 3544 1960 3576 die
1974 3544 2058 3576 Maii.

1368 3676 1397 3703 δὲ
1424 3669 1545 3709 Litiera
1562 3677 1635 3722 Regi
1649 3678 1780 3709 Franciae
1799 3676 1835 3711 de
1852 3679 1974 3727 ‘I'i‘euga
1995 3687 2065 3711 cum
2081 3677 2159 3725 Rege
2172 3675 2324 3708 Navarra
2397 3679 2413 3695 ¹¹
2424 3680 2447 3707 1.
2463 3679 2528 3718 836.
2545 3674 2548 3676 ’

1776 3724 1917 3763 ineunda.

1313 3813 1379 3874 D
1389 3811 1503 3843 Omino
1516 3812 1590 3854 Regi
1603 3814 1745 3854 Franciae,
1762 3814 1829 3846 Rex
1843 3815 1955 3853 Angliae
1970 3814 2092 3850 salutem·
2133 3849 2138 3855 ¹
2393 3811 2471 3843 Ann-
2485 3811 2527 3843 D·

1337 3881 1344 3888 ,
1378 3889 1383 3894 .
1426 3850 1514 3891 Super
1527 3861 1579 3891 eo,
1597 3853 1673 3893 quod
1686 3855 1770 3885 nobis
1782 3855 1815 3884 δε
1830 3853 1972 3884 Edwardo
1984 3854 2076 3893 primo
2093 3856 2173 3893 enito
2186 3846 2285 3879 nostro
2298 3858 2379 3880 man-
2424 3852 2507 3882 1266.

1312 3880 1397 3926 dastis
1410 3899 1459 3928 pei·
1472 3890 1565 3920 fratres
1580 3891 1765 3932 Radulphum
1781 3893 1816 3923 &
1831 3891 1993 3923 Amaneum
2006 3913 2017 3929 ,
2038 3858 2142 3919 ordinis
2155 3886 2267 3930 SanCtae
2281 3886 2379 3918 Trini-
2394 3893 2447 3918 An.
2461 3899 2507 3926 50·

1312 3928 1373 3952 tal—‘¹⁵
1449 3936 1547 3959 itantes
1561 3939 1576 3959 a
1591 3931 1672 3961 vobis
1685 3932 1786 3962 litteras
1798 3930 1834 3960 de
1845 3929 2017 3967 Credentiaq
2030 3936 2082 3956 nos
2096 3927 2130 3956 ὃς
2143 3925 2232 3955 filium
2246 3925 2379 3957 nostrum
2393 3933 2430 3956 H.
2447 3938 2473 3965 3.

1312 3937 1481 4031 grffdiggim
1496 3976 1529 3997 ex
1544 3978 1598 3998 una
1611 3978 1687 4006 parte
1701 3992 1711 4007 ,
1734 3978 1768 3998 ac
1783 3968 1950 3998 Dominum
1964 3966 2078 4005 Regem
2092 3963 2232 3995 Navarrae
2248 3973 2282 3997 ex
2296 3964 2379 3998 altera
2392 3970 2453 4033 Zur.
2461 3975 2508 4002 50·

1361 4013 1460 4042 vente,
2422 4024 2428 4030 .
2470 4027 2475 4033 .

1351 4028 1496 4076 §erenitati
1507 4044 1607 4077 vestrae
1620 4043 1804 4085 significamus
1816 4041 1908 4082 quod,
1925 4042 1990 4082 quia
2001 4040 2039 4073 de
2048 4041 2130 4074 vobis
2142 4041 2379 4111 specialiffiriffion-
2395 4051 2432 4072 m.
2440 4013 2467 4079 73.
2482 4041 2507 4072 d.

2330 4089 2378 4119 ¹²⁸²
