2570 4261
0 1856 68 1888 Ann.
81 1854 124 1885 D.

14 1895 100 1926 1286.

0 1938 42 1975 rln.
60 1944 102 1970 ¹4·

0 1977 24 2001 Ε.
42 1983 66 2002 i.

0 2016 23 2039 t.
36 2016 66 2039 B.
72 2009 99 2047 f.

0 2058 76 2084 57.a.
86 2055 124 2085 pe-

0 2098 32 2115 res
54 2092 106 2114 Ca,-

0 2135 87 2153 merar.

0 2203 128 2243 *II 333.

0 3216 81 3260 uim.
96 3218 137 3249 D.

27 3258 112 3288 1286.

0 3302 58 3326 idn.
77 3307 120 3332 ¹4·

0 3333 37 3363 ΞΕ.
59 3344 82 3362 1.

0 3376 62 3401 [λοι.
77 3372 104 3400 de

0 3412 121 3447 Traga,

0 3447 65 3482 -όιε,
77 3458 122 3484 14.

0 3489 139 3516 ,z.i.m.2.

681 141 792 182 ET
876 142 1143 184 ACTA

71 320 87 364 ‘-
121 313 228 345 Litera
253 313 327 356 Regi
346 311 505 356 Aragoniae
525 307 561 341 de
584 310 722 355 Trcuga,
738 310 898 355 fifhmmo
914 312 1048 356 Pontifici
1057 313 1180 358 placue-

369 361 410 390 rit
421 384 431 400 ,
455 370 523 389 cum
541 360 618 403 Rege
634 360 761 391 Franciae
779 369 933 391 conventa.

126 443 296 506 EGregio
307 442 447 482 principi,
466 440 599 470 Domino
615 441 751 480 Alfonso,
770 442 845 482 Regi
862 443 1027 484 Amgoniae,
1044 446 1104 477 &c.
1120 444 1180 474 Ed-

201 481 325 515 wardus,
342 480 441 510 eadem
455 480 554 519 gratia,
573 479 638 509 Rex
652 480 781 519 Angliae,
799 482 861 512 δερ.
874 482 988 513 salutem
1011 486 1044 515 &
1066 484 1181 513 sincerae

124 520 284 551 dilectionis
301 517 447 548 affectum.

161 559 246 588 Licet
258 558 287 587 in
301 565 413 594 treuga,
430 556 530 594 vobis,
549 555 711 598 Regnisque
730 556 828 588 vestris
863 557 1038 597 Comitatui,
1053 560 1087 590 &
1107 560 1183 590 Ter-

125 597 161 627 ris
182 596 256 633 aliis,
275 605 340 632 quas
362 595 460 625 tenetis
480 594 513 624 ad
535 598 666 635 praeiens,
686 605 735 632 per
757 605 809 626 nos
822 582 901 635 (iata,
918 598 974 628 sive
989 599 1128 628 concefffi
1149 607 1184 628 ex

124 633 369 672 potestate,nobis
385 631 482 663 tradita
497 634 530 663 &
543 632 661 662 obtenta
672 634 707 662 ab
722 633 819 664 illustri
834 635 916 674 Rege
932 636 1073 674 Franciae,
1092 636 1128 666 de
1140 637 1182 674 se,

125 673 232 710 suisque
247 672 371 711 Regnis,
389 671 422 702 ὃς
443 670 602 708 Gentibus,
621 671 654 700 ad
674 671 797 702 vestram
817 673 989 712 instantiam,
1008 676 1185 705 conditiones

123 711 225 780 {iliquae
239 710 291 740 sint
307 709 430 747 insertae,
448 708 492 738 illa
505 710 662 747 praecipue,
673 709 698 750 fi
705 710 805 749 Jiaemmi
825 711 963 752 Pontificis
980 712 1112 752 placuerit
1134 724 1185 742 vo-

135 757 228 780 untatt

163 771 285 818 Nos‘irae
305 794 401 816 tamen
423 785 586 815 intentionis
607 785 697 816 existit
712 809 722 824 ,
740 787 773 817 δε
795 787 853 818 hoc
875 798 928 826 pro
946 789 1031 820 firmo
1052 790 1186 820 volumus

127 836 180 858 vos
194 834 305 861 tenere,
324 823 402 861 quod
413 831 525 862 treuga,
544 824 625 854 vobis
638 825 717 862 data,
735 825 885 864 vestrisque
905 828 1031 867 Regnis,
1049 829 1081 858 ὃς
1103 828 1186 857 Gen-

127 865 202 895 tibus
225 863 406 900 memorads,
426 863 511 892 robur
528 863 640 901 incipiat
661 865 789 901 optinere
809 866 838 894 in
859 866 967 896 octabis
981 866 1187 903 Affumptionis

128 902 182 933 Vir
202 902 251 930 ⁴nis
266 900 394 940 gloriosse
408 901 541 937 proximo
556 903 696 939 venturis,

195 949 282 970 xtunc
295 940 379 969 etiam
393 938 509 969 firmiter
522 938 650 969 duratura
662 941 807 978 usquequo
821 942 905 972 nobis
922 942 958 972 de
971 942 1109 973 contraris
1117 953 1188 980 prae-

130 978 180 1009 fari
197 978 300 1008 summi
322 976 468 1007 Pontificis
492 977 648 1008 constiterit
669 979 829 1018 voluntate,
848 982 882 1011 &
903 982 986 1010 etiam
1001 991 1051 1018 per
1065 982 1188 1011 duorum

131 1016 271 1047 mensium
286 1016 419 1056 spatium,
438 1014 589 1053 postquam
608 1017 691 1046 nobis
712 1017 748 1047 de
764 1018 863 1048 eadem
883 1019 1038 1049 constiterit
1051 1021 1189 1049 continue

130 1054 357 1092 numerandum,
375 1053 444 1084 infra
459 1055 538 1092 quod
550 1064 602 1086 vos
614 1055 759 1093 possumus
773 1056 809 1087 de
822 1056 946 1088 Domini
967 1057 1051 1095 Papae
1071 1057 1190 1088 dissensu

133 1093 249 1124 reddere
263 1094 404 1123 certiores.

169 1132 317 1171 Quocirca
339 1131 521 1161 dileffionem
539 1130 659 1162 vestram
682 1133 849 1170 requirimus
868 1134 903 1164 ὃς
919 1142 1051 1172 rogamus
1066 1135 1189 1172 attente,

130 1180 267 1209 quatenus
287 1180 354 1208 VOS,
373 1170 406 1200 &
426 1169 550 1208 vestrOS,
569 1170 585 1199 a
608 1170 716 1200 cundiis
739 1172 925 1202 invasionibus
939 1196 948 1209 ,
967 1173 1124 1210 violentiis,
1142 1172 1191 1202 de-

132 1208 505 1247 praedationibus,·injuriis,
524 1209 553 1237 in
574 1209 705 1238 homines
727 1208 861 1239 Vaffallos
881 1210 926 1240 seu
942 1210 1098 1248 Valitores,
1115 1211 1192 1241 Ter-

132 1258 174 1277 ras
193 1248 239 1278 seu
258 1246 354 1277 Castra
376 1246 463 1285 Regis
485 1246 609 1276 Franciae
622 1246 658 1276 de
670 1255 775 1277 caetero
788 1248 962 1285 exercendis,
985 1251 1130 1279 continere
1142 1249 1192 1279 sub

133 1285 185 1316 ista
199 1286 299 1316 fiduci&
313 1286 432 1322 faciatis,
450 1294 503 1314 vos
518 1285 600 1314 etiam
614 1285 762 1321 specialiter
779 1294 909 1323 rogamus
924 1287 1002 1324 quod
1014 1288 1072 1317 hoc
1086 1287 1118 1318 fit
1139 1298 1193 1319 vo-

133 1325 176 1354 bis
185 1348 194 1361 ,
208 1325 344 1362 aliquibus
357 1323 509 1352 rationibus
523 1322 586 1352 alias
599 1323 681 1353 vobis
695 1323 884 1361 exponendis,
901 1324 1048 1355 secretum.

170 1362 226 1402 Et,
244 1364 263 1392 si
286 1362 353 1400 quid
376 1369 475 1391 contra
497 1359 578 1390 istam
601 1361 725 1390 nostram
748 1363 935 1392 intentionem
954 1364 1104 1402 contigerit
1118 1388 1128 1401 ,
1146 1363 1193 1394 seu

133 1401 229 1432 aetum
251 1400 349 1438 fuerit,
367 1409 416 1437 per
437 1398 515 1436 quod
533 1398 570 1429 ad
590 1409 642 1429 nos
665 1400 819 1437 quicquam
839 1401 970 1431 mandare
985 1402 1145 1440 volueritis,
1164 1403 1192 1432 id

140 1440 223 1469 nobis
239 1449 288 1479 per
303 1447 392 1468 unum
406 1436 526 1468 istorum
540 1436 663 1468 duorum
677 1437 836 1469 vestrorum
850 1439 884 1470 N
888 1441 1039 1471 unciorum
1055 1440 1195 1478 significe-

138 1479 192 1516 tis,
208 1478 242 1508 ’δε
257 1486 316 1507 non
329 1487 378 1515 per
393 1475 487 1506 alium.

175 1552 243 1584 Dat.
265 1552 347 1584 Paris.
369 1553 504 1584 vicesimo
526 1553 627 1591 quinto
648 1552 693 1583 die
709 1553 796 1592 Julii,
813 1564 890 1585 anno
910 1554 1032 1586 Domini
1047 1556 1196 1588 millesimo

138 1591 334 1623 ducentesimo
347 1592 539 1631 octuagesimo
553 1592 637 1623 sexto.

139 1717 312 1762 Prorogatio
331 1716 449 1763 Treugae
461 1717 550 1761 fassae
564 1720 642 1750 inter
658 1721 764 1765 Regem
782 1721 911 1751 Franciae
931 1722 967 1757 6*-
987 1722 1095 1767 Regem
1109 1724 1199 1754 Ara-

432 1770 526 1813 goniae
537 1793 546 1809 ‚
567 1776 623 1812 per
640 1769 771 1799 Franciae
792 1770 910 1813 Regem.

141 1848 342 1910 PHilippus,
360 1849 417 1880 Dei
429 1851 532 1890 gratis,
551 1851 726 1882 Francorum
741 1852 820 1882 Rex.
837 1852 991 1890 magnifico
1013 1853 1135 1892 Principi
1156 1865 1202 1886 ca-

211 1888 319 1919 riffirno
331 1889 540 1920 consantrui‘neo
553 1891 586 1921 &
601 1889 676 1920 fideli
688 1891 753 1930 suo,
773 1890 997 1929 Edwardo,Dei
1011 1893 1111 1932 gratia,
1131 1893 1204 1924 illus-

144 1929 179 1958 tri
193 1927 269 1967 Regi
281 1927 408 1966 Angliie,
429 1913 562 1959 Domino
575 1928 740 1967 Hiberniae,
759 1930 792 1960 &
808 1929 886 1960 Duci
900 1930 1074 1970 Aquitaniae,
1088 1932 1203 1964 salutem

145 1967 179 1997 ὃ(
191 1967 296 1996 intimae
310 1966 467 1998 dilefflonis
479 1967 627 1997 affeetum.

185 2003 265 2035 Cum
287 2015 355 2043 nOS,
372 2005 406 2035 ad
426 2004 637 2044 requisitionem
658 2005 798 2044 vestram,
817 2007 899 2037 vobis
913 2007 1081 2046 potestatem
1095 2008 1205 2039 dederi-

147 2050 209 2073 mus
225 2043 420 2081 concedendi,
439 2045 458 2074 fi
472 2044 585 2074 summo
599 2044 732 2074 Pontifici
748 2045 898 2084 placuerit,
917 2054 1026 2085 treugas
1047 2046 1083 2076 de
1105 2048 1205 2085 nobis,

148 2083 181 2113 ὃς
195 2081 301 2121 Regnis
314 2082 413 2112 nostris
422 2106 431 2121 ,
448 2093 481 2113 ac
495 2083 593 2113 Terris
606 2083 662 2113 aliis
679 2093 743 2121 quae
758 2083 914 2113 detinemus
928 2084 962 2114 ad
977 2084 1112 2124 praesens,
1125 2085 1208 2116 Gen-

149 2121 292 2158 tibusque,
310 2120 435 2151 Vassiillis
449 2145 458 2160 ,
478 2121 510 2152 &
530 2120 701 2151 Valitoribus
723 2121 824 2152 nostris
846 2122 1014 2152 eorumdem
1036 2123 1207 2164 Regnorum

149 2160 183 2190 δί
200 2159 370 2197 Terrarum,
389 2159 509 2190 Alfonso
526 2159 585 2189 filio
604 2160 748 2198 quondam
768 2160 844 2191 Petri
866 2160 902 2190 de
920 2160 1079 2201 Aragonia,
1098 2163 1207 2202 Arago-

149 2198 204 2227 riiae
217 2197 409 2236 Valentiaeque
430 2198 554 2237 Regnis,
571 2199 604 2228 &
621 2199 639 2218 ἧς
661 2198 818 2229 Comitatui
838 2198 1041 2239 Barchinonae,
1056 2211 1089 2232 ac
1110 2201 1208 2231 Terris

145 2236 203 2266 aliis
219 2246 284 2274 quas
297 2236 417 2274 possidet
430 2237 460 2266 in
474 2236 615 2275 praesenti,
633 2237 667 2267 &
681 2236 822 2274 Vassallis,
838 2237 1010 2268 Valitoribus
1025 2246 1110 2277 atque
1125 2239 1208 2270 Gen-

144 2275 219 2306 tibus
239 2275 290 2305 suis
312 2275 482 2305 eorumdem
503 2275 672 2314 Regnorum
686 2298 694 2312 ,
729 2274 893 2306 Comitatus
916 2278 949 2307 &
968 2277 1124 2308 Terrarum
1137 2302 1147 2316 ,
1173 2279 1207 2309 &

144 2314 230 2344 etiam
252 2313 280 2343 V
282 2313 377 2343 assallis
398 2315 431 2345 ὅς
448 2313 621 2344 Valitoribus
640 2313 762 2344 e'usdem
787 2314 913 2352 Alfonsi,
934 2315 1027 2352 quoad
1049 2316 1152 2347 Terras
1173 2317 1207 2348 &

145 2351 245 2382 Castra
266 2362 330 2391 quie
348 2353 377 2382 in
396 2352 556 2382 Roffilione
577 2354 610 2384 δε
664 2353 775 2382 eritania
795 2361 908 2391 tenent,
925 2353 989 2392 post
1009 2354 1207 2393 obsidionem,

148 2391 225 2429 siqua
242 2391 295 2428 eis,
314 2391 359 2421 vel
381 2399 482 2421 eorum
501 2392 584 2420 alicui
604 2391 690 2428 posita
712 2391 768 2429 est,
786 2391 910 2428 finitam,
926 2391 1013 2429 usque
1033 2392 1068 2422 ad
1091 2393 1208 2424 Festum

147 2429 222 2459 beati
238 2429 388 2459 Michaelis
403 2430 503 2459 mensis
517 2429 702 2467 Septembris,
719 2430 784 2458 anni
799 2428 922 2460 Domini
937 2429 1075 2461 millesimi
1096 2431 1207 2462 ducen—

147 2463 238 2497 tesimi
253 2467 435 2506 ostuagelimi
454 2467 562 2505 septimi
578 2466 729 2497 duraturas

183 2505 320 2535 Volentes
335 2506 442 2543 plenius
456 2515 578 2535 annuere
590 2507 664 2536 votis
679 2505 793 2542 vestris,
808 2505 992 2536 concedimus
1007 2506 1084 2545 quod
1101 2516 1163 2538 treu
1185 2519 1209 2539 ae

146 2542 307 2582 hujusmodi
320 2545 355 2573 ab
368 2544 476 2574 odiabis
490 2543 612 2573 instantis
626 2543 789 2573 Festivitatis
803 2544 1010 2582 Affiimptionis
1031 2546 1119 2577 beatae
1180 2557 1209 2576 a-

147 2582 198 2612 riae
212 2581 334 2621 Virginis
347 2589 474 2620 teneant,
493 2583 638 2620 quousque
653 2582 722 2611 infra
734 2582 823 2623 ipsum
839 2582 954 2612 Festum
968 2584 1041 2613 beati
1056 2583 1208 2615 Michaelis

148 2620 278 2651 voluntas
290 2620 393 2650 summi
407 2620 552 2651 Pontificis
567 2620 645 2658 super
661 2621 718 2650 hoc
733 2620 816 2650 nobis
831 2622 863 2652 ὃς
880 2621 962 2651 vobis
976 2622 1058 2652 fuerit
1072 2624 1208 2662 intimata,

147 2660 197 2696 qui
212 2659 231 2689 si
244 2658 318 2689 forte
331 2658 487 2697 dissentiat,
505 2659 638 2689 volumus
651 2658 729 2696 quod
745 2658 852 2689 eaedem
865 2668 973 2696 treugae
988 2670 1037 2697 per
1051 2659 1121 2693 duos
1128 2671 1210 2692 men-

147 2698 188 2765 {es
201 2698 370 2765 congnuos’
388 2697 452 2735 post
464 2698 625 2727 intimatum
639 2698 721 2727 nobis
737 2698 770 2728 ὃς
785 2698 868 2728 vobis
882 2697 1049 2737 dissensum,
1064 2700 1093 2734 in
1106 2701 1210 2732 robore

162 2745 201 2765 uo
214 2745 262 2773 per
284 2744 374 2766 urent.

186 2773 219 2817 In
233 2775 312 2842 1ςιῄῖιὶε
327 2775 365 2804 rei
379 2773 576 2804 testimonium
587 2773 766 2812 praesentibus
779 2774 876 2806 litteris
889 2774 1019 2806 nostrum
1035 2776 1154 2811 fecimus
1161 2787 1211 2816 ap-

148 2822 220 2851 poni
245 2822 283 2851 igi
305 2822 363 2843 um.

186 2881 296 2912 Actum
316 2881 397 2912 Paris.
420 2881 466 2911 die
486 2880 607 2911 Veneris
625 2881 691 2920 post
711 2881 825 2913 Festum
847 2883 936 2913 beatae
961 2882 1064 2915 Mari-se
1092 2884 1213 2925 Magda-

149 2920 246 2989 lenaes,
276 2930 353 2988 aprio
373 2920 496 2950 Domini
518 2920 668 2951 millesimo
694 2920 891 2952 ducentesimo
912 2922 1092 2962 ottogeiimo
1113 2923 1189 2954 sexto
1201 2946 1211 2962 ‚

149 2968 217 2989 men
229 2969 245 2989 e
252 2969 290 2996 ju
302 2969 329 2988 ii.

153 3086 203 3119 De
220 3084 340 3128 T‘reuga
365 3085 442 3117 inter
470 3084 560 3129 Reges
583 3085 713 3118 Francia
736 3089 774 3124 ῤ’
802 3088 977 3133 Arragoniae
1003 3085 1209 3132 observanda,

220 3131 371 3178 quousque
390 3131 655 3175 voluntasfhmmi
678 3133 826 3178 Pontificis
834 3134 926 3181 fitper
945 3134 997 3168 hoc
1001 3137 1044 3179 fit
1059 3146 1141 3169 nota.

192 3215 363 3247 Eteniffimo
382 3215 526 3253 PrIncipi,
546 3215 680 3246 Domino
701 3217 735 3248 &
757 3219 859 3250 consan
881 3222 965 3252 uineo
983 3221 1033 3252 suo
1056 3220 1213 3260 karissimo,

211 3254 343 3285 Domino
358 3254 506 3292 Philippo,
525 3254 582 3284 Dei
595 3254 699 3291 gracia,
717 3255 842 3288 Franciae
900 3270 916 3289 e
937 3261 943 3289 i
965 3259 1077 3298 illustri,
1096 3259 1212 3290 Edwar-

157 3292 207 3322 dus
222 3315 231 3331 ,
249 3293 348 3323 eadem
371 3293 455 3332 gratis
471 3315 480 3336 ἓ
498 3292 563 3322 Rex
583 3292 692 3331 Angliae
704 3317 714 3332 ,
732 3293 877 3327 Dominus
934 3299 1048 3328 iberniae
1063 3322 1071 3334 ,
1088 3300 1121 3329 &
1143 3298 1213 3329 Dux

158 3331 318 3399 quuitaniae
338 3331 452 3362 salutem
473 3341 503 3361 in
525 3341 578 3368 eo,
596 3341 644 3369 per
667 3342 753 3369 quem
771 3333 866 3374 Reges
886 3345 1003 3376 regnant
1021 3337 1055 3368 &
1069 3337 1212 3375 Principes

178 3378 347 3401 ommantur.

196 3409 275 3439 Cum
288 3419 357 3446 vos,
374 3407 408 3438 ad
423 3407 633 3445 requisitionem
649 3407 791 3446 nostram,
807 3411 889 3441 nobis
904 3413 1032 3444 dederitis
1046 3413 1211 3452 potestatem

157 3447 349 3485 concedendi,
366 3446 386 3476 fi
404 3446 518 3476 summo
539 3445 673 3477 Pontifici
690 3447 823 3484 placuerit
838 3471 848 3487 ‚
865 3458 973 3490 treugas
995 3452 1032 3485 de
1052 3454 1133 3483 vobis
1149 3475 1158 3490 ,
1176 3453 1209 3483 δε

158 3487 254 3517 Terris
267 3486 349 3523 alliis,
368 3494 433 3522 quas
448 3483 575 3514 detinetis
586 3484 621 3514 ad
635 3485 769 3524 praesens‚
788 3486 932 3519 Gentibus
947 3490 1072 3521 Vaffailis
1107 3492 1140 3522 &
1155 3490 1211 3520 Va-

155 3525 283 3556 litoribus
297 3525 394 3555 vestris
409 3521 578 3567 eorumdem
593 3522 764 3566 Regnorum
777 3525 811 3556 &
826 3525 998 3568 Terrarum,
1017 3514 1152 3567 Alfdnso,
1166 3529 1211 3559 Fi-

157 3563 198 3594 lio
220 3563 363 3602 quondam
381 3561 505 3605 Domini
525 3560 602 3591 Petri
622 3560 658 3591 de
678 3561 837 3606 Aragomfi,
855 3564 1004 3606 Aragoniae
1018 3567 1211 3606 Valentiaeque

156 3601 281 3642 Regnis,
298 3603 331 3633 δε
345 3599 502 3631 Comitatui
517 3599 615 3630 Barch.
626 3609 658 3630 ac
670 3600 767 3630 Terris
778 3601 852 3641 aliis,
891 3614 936 3635 uas
949 3604 1069 3643 poffidet
1090 3608 1118 3635 in
1139 3616 1211 3644 prae-

156 3640 239 3679 senti,
255 3642 289 3672 ὃς
303 3639 462 3677 Gentibus,
479 3637 623 3676 Vaffallis,
641 3639 675 3669 &
687 3638 856 3671 Valitoribus
887 3644 926 3672 uis
944 3645 1110 3674 eorumdem
1131 3644 1212 3684 Reg-

158 3688 282 3718 norum,
301 3676 479 3714 Comitatus,
497 3678 531 3709 &
544 3677 717 3715 Terrarum,
735 3678 769 3709 δί
783 3679 867 3709 etiarn
881 3680 1006 3712 Vassallis
1026 3684 1060 3713 ὃς
1080 3682 1212 3714 Valitori-

160 3715 212 3748 bus
232 3717 356 3756 ejusdem
377 3715 504 3753 Alfonsi,
519 3715 612 3754 quoad
628 3715 731 3759 Terras
751 3717 785 3746 ὃς
798 3715 912 3756 Castra,
931 3730 995 3758 quae
1008 3722 1037 3750 in
1052 3721 1212 3752 Russilione

159 3755 195 3785 &
209 3755 350 3786 Ceritanifi
369 3763 481 3792 renem,
496 3753 560 3791 post
580 3753 776 3791 obsidionem,
793 3753 868 3792 siqua
887 3758 940 3794 eis,
955 3759 1000 3788 vel
1013 3759 1094 3789 alicui
1109 3770 1211 3791 eorum

160 3793 248 3829 posita
259 3795 317 3833 est,
338 3793 459 3830 finitam,
478 3792 564 3830 usque
578 3792 611 3821 ad
626 3792 742 3822 Festum
755 3793 829 3823 beati
844 3793 1091 3835 Michaelis,anno
1106 3798 1215 3829 Domi-

161 3832 191 3861 ni
206 3832 354 3864 millesimo
366 3831 559 3863 ducentesimo
573 3831 766 3870 oetuagesimo
777 3832 904 3870 septimo.

200 3868 390 3909 Volentesque
411 3870 515 3910 plenius
535 3880 657 3899 annuere
675 3870 748 3899 votis
768 3868 870 3899 nostris
883 3893 894 3908 ,
924 3873 1116 3904 concesseritis
1136 3875 1215 3913 quod

162 3907 446 3978 geugaehliujusmpldi
458 3932 476 3953 ,Ι
498 3909 534 3954 ab
554 3908 666 3976 odtabist
683 3907 807 3977 instapstis
827 3907 990 3977 Fessifivitads
1010 3911 1216 3981 Affumpstionis

164 3954 274 4013 iffi,
288 3956 381 4015 sffi
396 3957 544 4017 Missas
552 3956 1217 4026 5833,ssssssssssss’Ponsflssffffiss‘i‘msspvit

164 4021 208 4053 bis
221 4022 254 4055 ὃς
268 4022 350 4054 nobis
364 4023 445 4057 fuerit
456 4025 599 4064 intimata,
616 4023 830 4064 volueritisque,
848 4023 927 4064 quod
939 4024 961 4056 fi
972 4025 1048 4059 forte
1059 4026 1136 4060 idem
1142 4028 1219 4061 sum-

1227 141 1703 189 PUBLICA.
2222 152 2270 202 13

1215 227 1436 270 mus-Pontifex
1453 229 1607 269 dissentiat,
1626 230 1704 269 quod
1726 230 1836 261 eaedem
1857 239 1980 270 treugae,
1997 241 2046 270 per
2067 231 2139 262 duos
2162 231 2269 262 menses
2289 233 2363 263 Ann.
2374 232 2415 262 D.

1216 275 1386 304 continuos,
1405 267 1469 304 post
1484 269 1643 299 intimatum
1656 269 1738 300 vobis
1752 270 1785 300 ὃς
1797 270 1878 300 nobis
1890 269 2039 300 dissensum
2045 292 2056 308 ,
2074 272 2103 300 in
2116 270 2165 300 suo
2181 271 2269 300 robo-
2310 271 2394 301 1286.

1217 313 1247 332 re
1260 304 1449 340 perseverent·

1257 341 1301 371 Ac
1322 341 1420 372 Petrus
1442 329 1561 386 Martini
1579 343 1615 374 de
1629 343 1785 386 Artis'sona,
1802 346 1988 384 &Johannes
2003 345 2143 384 Zappata,
2160 345 2272 376 Procu-

1218 387 1319 409 ratores
1333 381 1367 410 δε
1382 380 1416 410 N
1420 391 1495 410 uncii
1508 381 1576 411 dicii
1590 382 1716 420 Alfonsi,
1736 384 1866 414 habentes
1882 384 1960 422 super
1974 385 2031 414 hoc
2046 385 2080 414 ab
2096 384 2271 414 eodemDo-

1218 419 1299 447 mino
1321 418 1369 448 suo
1389 419 1500 456 plenam
1521 420 1555 450 &
1577 419 1694 450 liberam
1716 421 1881 457 potestatem
1902 422 2078 453 concedendi
2092 423 2174 452 nobis
2208 423 2273 453 vice

1220 456 1254 486 &
1275 457 1394 486 nomine
1413 457 1535 495 ejusdem
1556 456 1679 488 Domini
1697 458 1735 488 sui
1750 481 1760 497 ,
1778 460 1889 496 plenam
1911 462 1944 491 &
1965 460 2082 490 liberam
2103 446 2272 498 potestatem

1219 493 1303 523 dandi
1317 493 1353 524 de
1365 494 1423 532 ipso
1438 495 1576 532 Alfonso,
1594 495 1745 535 Aragoniae
1759 497 1893 527 Valentiae
1916 509 1950 528 ue
1970 498 2096 536 Regnis,
2115 500 2147 529 ὃς
2170 499 2274 535 Comi-

1220 540 1278 562 tatu
1293 531 1479 563 Barchinonae
1493 534 1526 563 &
1539 533 1636 563 Terris
1649 535 1721 573 aliis,
1740 545 1805 572 quas
1821 535 1892 574 possi
1912 545 1938 566 et
1953 537 1980 565 in
1994 538 2179 574 praesenti,&
2190 537 2273 567 Gen-

1220 572 1311 609 tibus,
1330 571 1473 610 Vassillis,
1491 573 1525 603 &
1540 571 1710 602 Valitoribus
1722 572 1773 603 suis
1787 573 1955 604 eorumdem
1964 574 2011 604 Re
2031 584 2152 613 norum,
2171 575 2275 605 Comi-

1220 608 1294 639 tarsis
1308 633 1317 647 ,
1337 610 1369 639 &
1389 610 1545 640 Terrarum
1560 634 1569 647 ,
1595 612 1629 641 δε
1651 611 1735 640 etiam
1757 610 1793 640 de
1816 611 1940 641 Vassallis
1962 612 1994 642 ὃς
2046 612 2188 643 alitoribus
2207 613 2276 650 suis,

1221 648 1315 685 quoad
1332 647 1435 677 Terras
1457 650 1490 679 ὃς
1514 647 1628 686 Castra,
1647 658 1710 686 quae
1730 650 1759 678 in
1782 649 1940 680 Russilione
1960 651 1993 680 &
2007 649 2149 681 Ceritaniei
2164 659 2278 689 tenent,

1221 686 1320 723 vobis,
1339 686 1372 716 &
1392 686 1498 725 Regnis
1519 686 1632 724 vestris,
1651 688 1684 717 &
1705 686 1761 716 aliis
1774 688 1889 726 Terris,
1908 698 1974 726 quas
1988 690 2085 718 tenetis
2097 689 2130 718 ad
2145 690 2280 727 praesens,

1222 724 1382 761 Gentibus,
1400 723 1523 754 Vallallis
1537 726 1570 755 δε
1585 725 1754 755 Valitoribus
1767 725 1863 756 vestris
1879 726 2047 758 eorumdem
2061 725 2232 767 Regnorum
2246 728 2280 758 &

1222 762 1395 799 Terrarum,
1413 763 1446 793 ὃς
1460 764 1544 793 etiam
1559 771 1686 802 treugam
1701 765 1877 801 acceptandi:

1261 800 1346 838 Nos,
1363 801 1526 831 auctoritate
1540 800 1698 840 hujusmodi
1714 802 1872 841 potestatis,
1890 802 1906 832 a
1920 803 2003 833 vobis
2015 803 2048 834 &
2067 803 2149 833 dietis
2169 803 2279 834 Procu—

1225 839 1361 871 tatoribus
1375 839 1457 869 nobis
1471 839 1559 877 datae,
1575 841 1737 869 ordinamus
1753 840 1830 877 quod
1846 851 1965 880 treugae,
1985 851 2051 879 quas
2064 842 2146 871 vobis
2162 843 2195 873 &
2216 851 2279 872 ves-

1224 878 1289 914 tris,
1307 877 1339 907 &
1353 877 1419 906 vers
1418 877 1433 907 a
1446 879 1510 908 vice
1524 878 1616 908 eidem
1631 878 1749 908 Alfonso
1764 880 1796 909 &
1813 879 1881 918 suis,
1898 879 2087 910 concessimus
2103 881 2131 909 in
2146 880 2198 910 hac
2220 890 2281 918 par-

1224 924 1268 953 te,
1285 915 1320 944 ab
1334 915 1443 944 ofitabis
1455 915 1578 946 instantis
1594 915 1757 947 Festivitatis
1772 917 1976 956 Ass‘umptionis
1996 919 2085 947 beatze
2102 917 2202 948 Mariae
2216 918 2282 948 Vir-

1224 954 1295 993 ginis
1315 961 1443 991 teneant,
1462 953 1623 991 quousque,
1643 953 1712 983 infra
1731 955 1877 991 praefamm
1898 956 1993 985 Sanni
2013 955 2163 986 Michaelis
2186 957 2282 986 termi-

1226 1001 1312 1035 num,
1330 991 1459 1022 voluntas
1472 991 1575 1022 summi
1588 992 1751 1030 Pontificis,
1767 993 1844 1030 super
1859 994 1934 1031 hoc,
1953 994 2034 1025 vobis
2050 996 2083 1025 &
2098 995 2180 1024 nobis
2201 995 2284 1025 fuerit

1227 1036 1365 1060 intimata:

1268 1067 1418 1107 Qodque
1440 1067 1548 1098 eaedem
1569 1076 1690 1107 treugae,
1731 1068 1804 1098 uoad
1820 1069 1921 1099 Terras
1936 1069 1969 1099 ὃ(
1984 1068 2082 1099 Castra
2096 1070 2284 1101 Vaffanorum

1230 1108 1264 1138 δί
1279 1106 1440 1136 Valitorum
1454 1106 1535 1143 ipsius
1551 1106 1660 1136 Alfonli
1672 1107 1700 1135 in
1746 1106 1876 1136 ossilione
1896 1108 1930 1137 ὃς
1949 1106 2106 1145 Οεῐίῐαῃίὲ,
2126 1109 2190 1145 post
2211 1109 2286 1138 obsi-

1227 1145 1344 1175 dionem
1353 1168 1362 1182 ,
1380 1144 1455 1182 siqua
1468 1146 1507 1174 eis
1521 1144 1567 1175 vel
1581 1154 1682 1174 eorum
1696 1144 1777 1174 alicui
1793 1145 1879 1182 posita
1893 1144 1950 1182 est,
1969 1143 2092 1183 finitam,
2111 1146 2229 1176 habeant
2238 1157 2285 1177 ro-

1228 1184 1303 1213 boris
1320 1182 1498 1220 firmitatem,
1517 1182 1603 1219 usque
1623 1182 1657 1212 ad
1677 1181 1764 1212 finem
1787 1184 1900 1213 termini
1923 1182 2081 1220 saepedic'ti,
2100 1192 2146 1221 ut,
2164 1184 2241 1222 quod
2256 1195 2287 1214 e—

1227 1223 1295 1251 tiarn
1318 1221 1337 1250 fi
1358 1221 1481 1250 summus
1501 1220 1633 1250 Pontifex
1655 1220 1793 1251 dissentiat
1816 1220 1992 1251 concessioni
2008 1220 2166 1258 hujusmodi
2180 1232 2289 1261 treuga-

1228 1269 1309 1296 rum,
1327 1258 1436 1289 eiedem
1452 1267 1573 1298 treugae,
1592 1269 1640 1296 per
1655 1258 1726 1289 duos
1741 1259 1848 1289 menses
1862 1261 2031 1296 continuos,
2052 1259 2115 1297 post
2128 1261 2290 1290 intimatum

1229 1299 1313 1329 vobis
1332 1299 1365 1329 δε
1385 1297 1403 1316 *
1423 1297 1505 1327 nobis
1525 1297 1694 1335 dissensum,
1711 1297 1911 1327 nichilominus
1934 1299 1962 1327 in
1981 1296 2030 1327 suo
2044 1299 2149 1327 robore
2163 1298 2291 1335 perseve-

1235 1345 1305 1366 rent.

1268 1374 1301 1405 In
1317 1375 1394 1412 cujus
1406 1374 1446 1403 rei
1459 1373 1652 1405 testimonium
1667 1373 1714 1403 has
1722 1373 1822 1404 litteras
1829 1372 1934 1403 nostras
1949 1373 2008 1404 fieri
2024 1374 2142 1405 fecimus
2158 1383 2291 1412 patentes.

1270 1449 1338 1481 Dat.
1354 1449 1437 1479 Paris.
1451 1449 1588 1480 vicesimo
1603 1449 1722 1487 septimo
1735 1449 1781 1479 die
1789 1449 1857 1488 Julii
1866 1473 1876 1488 ,
1893 1460 1970 1480 anno
1993 1449 2117 1481 Domini
2141 1451 2292 1482 millesimo

1235 1488 1429 1519 ducentesimo
1444 1488 1636 1528 offituagesimo
1652 1489 1737 1518 seXto.

1234 1630 1341 1661 Litera
1361 1630 1446 1673 Regis
1464 1627 1579 1674 Angliae
1597 1627 1719 1672 fhmmo
1744 1625 1879 1669 Pontifici
1897 1626 2040 1672 fhasbria
2056 1649 2068 1666 ,
2093 1639 2149 1674 pro
2170 1632 2296 1676 Treugis

1374 1675 1560 1708 concedendis
1579 1679 1655 1709 inter
1671 1678 1760 1722 Reges
1776 1677 1906 1708 franciae
1925 1678 1961 1713 ὠ*
1983 1679 2153 1723 Aragoniae.

1239 1759 1453 1822 SAnCtiffimo
1468 1760 1497 1789 in
1513 1759 1630 1790 Christo
1645 1760 1738 1798 Patri,
1756 1770 1788 1790 ac
1803 1760 1937 1790 Domino
1952 1760 2104 1799 Honorio,
2122 1761 2219 1793 divina
2231 1772 2297 1800 pro-

1299 1798 1437 1836 videntia,
1454 1799 1634 1829 stcrosandtae
1650 1799 1794 1829 Roman-:e
1810 1800 1843 1830 &
1857 1799 2014 1829 universalis
2030 1798 2164 1830 Ecclesiae
2183 1801 2296 1831 summo

1239 1837 1389 1875 Pontifici,
1409 1836 1578 1875 Edwardus,
1596 1837 1696 1867 effidem
1718 1837 1819 1876 gratia,
1836 1837 1900 1867 Rex
1923 1838 2032 1876 Angliae
2047 1859 2056 1875 ,
2075 1837 2220 1869 Dominus
2242 1839 2298 1869 Ηί-

1240 1878 1363 1914 berniae,
1381 1878 1414 1907 ὅῑ
1430 1875 1498 1905 Dux
1515 1876 1709 1914 Aquitanniae,
1726 1876 1827 1906 devota
1843 1876 1948 1914 pedum
1962 1875 2055 1906 oscula
2069 1877 2227 1907 beatorum.

1279 1915 1324 1946 Ex
1339 1915 1482 1945 canonicis
1496 1914 1626 1944 institutis
1640 1914 1803 1944 Romanam
1821 1914 1994 1952 Ecclesiam,
2014 1913 2142 1945 Matrem
2158 1916 2301 1954 nostram,

1243 1956 1272 1985 in
1286 1954 1454 1984 memoriam
1468 1953 1541 1983 beati
1556 1952 1647 1991 Petri,
1666 1952 1871 1990 Apostolorum
1893 1952 2045 1991 Principis,
2063 1954 2227 1984 instruimur
2248 1956 2301 1985 ho-

1242 2002 1359 2030 norare3
1378 1992 1427 2029 &,
1448 2000 1481 2021 ex
1497 1991 1637 2028 utriusque
1652 1991 1718 2026 legis
1736 1992 1897 2029 praeceptis,
1916 1999 2044 2021 tenemur
2059 1994 2301 2031 proximos,sicut

1243 2042 1295 2062 nos
1308 2031 1395 2071 ipsOS,
1413 2030 1528 2069 diligere
1542 2038 1657 2067 propter
1671 2023 1788 2067 Deum,
1804 2031 1837 2060 ὃ(
1854 2039 1971 2067 pacem,
1990 2040 2075 2068 quam
2096 2031 2211 2062 salvator
2234 2043 2300 2062 nos-

1243 2079 1304 2108 ter,
1322 2078 1390 2100 cum
1407 2078 1460 2106 pro
1475 2069 1556 2099 nobis
1573 2067 1640 2097 esset
1653 2068 1686 2098 ad
1703 2067 1859 2106 passionem
1875 2070 1977 2106 iturus,
1996 2068 2139 2106 Apostolis
2154 2070 2299 2101 dedisse&

1243 2108 1399 2146 reliquisse,
1417 2109 1468 2145 &,
1489 2106 1628 2145 resurgens
1649 2106 1664 2135 a
1685 2108 1804 2137 mortuis
1817 2130 1826 2145 ,
1845 2106 2006 2144 praedicfisse
2028 2108 2127 2146 legitur
2139 2132 2149 2147 ,
2165 2110 2300 2139 omnibus

1244 2155 1411 2185 procurare,
1430 2155 1498 2176 cum
1519 2147 1612 2175 omnis
1634 2146 1690 2183 ejus
1708 2145 1799 2182 actio,
1817 2145 1912 2175 nostra
1928 2145 2076 2175 instructio
2098 2147 2128 2176 sit
2147 2147 2297 2177 censenda·

1245 2195 1310 2224 quae
1323 2185 1414 2215 facere
1429 2183 1587 2222 credimus,
1606 2183 1625 2212 si
1637 2193 1725 2213 ovem
1739 2191 1895 2222 errantem,
1914 2194 2000 2222 quam
2013 2183 2106 2220 pastor
2120 2187 2252 2215 omniurn
2268 2196 2283 2215 a

1266 2233 1363 2260 regem
1376 2223 1490 2260 pastoris
1505 2222 1628 2252 humeris
1640 2221 1731 2252 afferit
1745 2223 1960 2260 reportandam,
1978 2223 2107 2259 juvemus
2120 2223 2154 2253 ad
2167 2224 2303 2254 unitatem

1273 2262 1382 2293 cclesiae
1396 2262 1537 2300 revocari,
1555 2262 1655 2291 erroris
1666 2261 1777 2292 tramite
1788 2260 1942 2299 derelitfto,
1959 2261 1994 2293 δε
2014 2262 2124 2292 animos
2146 2261 2305 2293 discordan-

1243 2303 1316 2332 tium
1332 2300 1518 2331 concordare.

1281 2339 1353 2369 Sane
1366 2349 1433 2369 cum
1447 2339 1495 2369 diu
1508 2337 1548 2368 est
1563 2336 1734 2377 gessissemus
1743 2362 1753 2375 ,
1773 2338 1806 2368 &
1822 2337 1915 2368 adhuc
1928 2347 2057 2376 geramus
2071 2339 2099 2368 in
2113 2340 2204 2377 votis,
2223 2339 2303 2377 quod

1244 2378 1315 2408 inter
1330 2377 1353 2407 F
1354 2379 1456 2407 ranciae
1470 2379 1503 2408 &
1518 2377 1669 2415 Aragoniae
1684 2377 1787 2414 Regna
1803 2384 1881 2406 mota
1894 2376 2045 2414 discordia,
2064 2376 2237 2407 ministrante
2251 2387 2304 2408 oc-

1244 2416 1386 2446 casionem
1407 2416 1521 2446 humani
1541 2416 1648 2454 generis
1671 2416 1808 2453 inimico,
1825 2422 1939 2452 propter
1961 2415 2111 2445 utilitatem
2133 2417 2216 2446 totius
2238 2415 2304 2446 fidei

1244 2453 1421 2492 christianae,
1437 2456 1470 2485 &
1486 2462 1516 2484 ut
1530 2456 1682 2484 vitarentur
1695 2453 1784 2491 mala,
1802 2463 1866 2491 quae
1879 2453 2029 2483 cismarinis
2050 2454 2084 2484 &
2105 2453 2307 2494 ultramarinis,

1247 2501 1281 2522 ex
1294 2493 1303 2521 i
1325 2493 1376 2522 {ius
1391 2493 1620 2530 continuatione,
1639 2493 1789 2528 provenire
1802 2499 1948 2530 poterant,
1964 2492 2137 2530 sopirentur,

1319 2541 1352 2560 os
1365 2553 1376 2568 ,
1400 2532 1544 2561 venientes
1569 2529 1604 2560 ad
1625 2529 1797 2560 karissimum
1820 2530 1985 2560 Dominum
2008 2532 2041 2561 &
2063 2530 2304 2568 consanguineum

1247 2568 1395 2607 nostrum,
1413 2569 1591 2606 Philippum,
1611 2568 1668 2598 Dei
1689 2568 1788 2608 grati-3,
1807 2568 1921 2608 Regem
1940 2569 2063 2599 Franciae
2084 2568 2235 2608 illustrem,
2254 2571 2304 2608 qui

1245 2617 1323 2637 nunc
1338 2607 1394 2645 est,
1414 2607 1589 2645 exposuimus
1604 2606 1696 2636 eidem
1710 2607 1885 2637 voluntatem
1900 2606 2027 2637 nostram
2042 2608 2075 2638 ὃς
2091 2607 2256 2638 desiderium
2276 2609 2306 2639 in

1245 2645 1297 2676 hac
1319 2653 1411 2685 parte,
1429 2653 1557 2685 rogantes
1578 2655 1661 2683 eum,
1678 2654 1712 2675 ex
1733 2645 1837 2682 corde,
1857 2645 1935 2683 quod
1955 2645 2012 2683 ipse
2024 2670 2034 2684 ,
2042 2654 2166 2713 (propter
2186 2647 2305 2677 rationes

1245 2684 1408 2723 praedietas,
1425 2685 1458 2716 &
1485 2684 1634 2723 specialiter
1657 2691 1771 2721 propter
1791 2683 2021 2714 deliberationem
2063 2684 2213 2715 ileiitorum
2232 2694 2306 2715 con-

1248 2723 1463 2762 sanguineorum
1484 2723 1599 2753 suorum
1619 2722 1652 2752 &
1670 2722 1852 2760 nostrorum,
1871 2721 1970 2752 Karoli
1983 2722 2120 2760 Principis
2142 2723 2247 2754 Salem.
2269 2725 2304 2755 δε

1248 2761 1371 2791 filiorum
1394 2760 1539 2800 quondam
1560 2760 1684 2791 Domini
1705 2760 1852 2798 Ferrandi,
1870 2760 1978 2791 illustris
2000 2761 2086 2801 Regis
2102 2760 2234 2792 Castellae
2248 2763 2305 2800 pri-

1247 2801 1400 2839 mogeniti,
1418 2801 1451 2831 ὃς
1463 2799 1574 2829 dileetae
1588 2798 1801 2839 consanguineae
1813 2799 1936 2837 nostrae,
1955 2799 2092 2829 Dominae
2098 2799 2224 2838 Blancae,
2233 2809 2305 2831 uxo-

1248 2839 1282 2868 ris
1298 2841 1369 2876 suae,
1387 2838 1421 2869 ad
1436 2838 1559 2877 Pacem,
1575 2837 1595 2867 si
1631 2837 1703 2868 osset
1716 2838 1791 2876 talis,
1809 2848 1874 2876 quae
1887 2839 1985 2876 vobis,
2004 2837 2084 2868 Pater
2105 2840 2138 2869 &
2159 2838 2308 2877 Domine,

1250 2878 1299 2914 qui
1320 2876 1384 2907 estis
1407 2878 1539 2906 omnium
1557 2886 1597 2906 no
1625 2875 1690 2906 rfim
1713 2885 1812 2914 caput,
1830 2876 1944 2907 deberet
1959 2876 2022 2907 sore
2035 2876 2135 2914 placita
2148 2901 2158 2915 ,
2176 2878 2307 2916 reperiri,

1252 2915 1283 2944 di
1303 2924 1413 2945 naretur
1427 2915 1565 2954 Regalem
1575 2916 1703 2944 animum
1717 2915 1857 2945 inclinare.

1284 2924 1343 2992 Ξῖ,
1362 2953 1426 2991 quia
1445 2962 1496 2990 pax
1517 2952 1693 2991 hujusmodi,
1710 2954 1812 2992 absque
1832 2952 1933 2984 vestrae
1952 2952 2108 2984 sanctitatis
2125 2953 2231 2985 assensu
2244 2978 2253 2993 ,
2272 2955 2306 2986 &

1248 2991 1351 3030 absque
1364 2992 1453 3032 longo
1467 2991 1584 3021 tradiatu
1597 2991 1656 3021 fieri
1669 3002 1729 3022 non
1750 2991 1869 3030 valeret,
1887 2991 2010 3022 eundem
2033 2991 2148 3029 Regem
2170 2992 2305 3023 instanter

1249 3032 1427 3069 rogavimus,
1447 3029 1524 3067 quod
1547 3029 1668 3066 placeret
1688 3031 1713 3060 ei
1733 3039 1778 3068 ut,
1796 3030 1875 3067 super
1887 3030 1963 3068 hoc,
1981 3030 2128 3061 hincinde
2141 3040 2245 3070 treugae
2259 3042 2306 3062 ca-

1248 3078 1396 3107 perentur,
1416 3068 1501 3106 usque
1514 3066 1547 3097 ad
1564 3066 1679 3097 Festum
1692 3068 1787 3098 Saneti
1810 3068 1974 3107 Michaelis,
1991 3070 2057 3099 anni
2074 3068 2198 3100 Domini
2217 3070 2307 3100 mille-

1248 3106 1309 3136 simi
1331 3107 1515 3138 ducentelimi
1536 3106 1721 3144 octuagesimi
1740 3107 1848 3144 septimi
1869 3107 2025 3145 duraturae,
2043 3115 2074 3138 ut
2088 3108 2219 3147 interim,
2237 3118 2307 3139 curn

1247 3144 1352 3212 alliensu
1368 3144 1478 3183 vestro,
1494 3144 1657 3175 tractaretur
1672 3154 1723 3183 pax
1737 3145 1804 3184 ista,
1821 3146 1870 3183 &,
1888 3146 1908 3176 si
1923 3146 2044 3185 placeret
2058 3145 2205 3185 altiffimo,
2223 3156 2307 3178 com-

1280 3192 1379 3214 eretur.

1249 3192 1268 3223 p
1285 3221 1340 3260 Et,
1358 3229 1389 3252 ut
1405 3221 1581 3260 propositum
1595 3220 1725 3252 nostrum
1739 3222 1881 3260 possemus
1895 3222 1983 3253 levitis
1996 3222 2100 3254 ducere
2114 3223 2148 3253 ad
2155 3222 2305 3260 effe&um,

1247 3268 1397 3297 antequam
1419 3261 1454 3290 de
1476 3259 1575 3298 Anglia
1599 3261 1799 3299 movissemus,
1817 3261 1851 3291 ad
1867 3260 2032 3291 Dominum
2047 3262 2213 3299 Alfonsuin,
2232 3260 2308 3291 Petri

1247 3298 1392 3367 1quondam
1413 3299 1501 3338 Regis
1522 3298 1645 3337 Aragon.
1668 3298 1775 3338 filium,
1791 3299 1918 3338 speciales
1931 3300 2010 3338 super
2025 3300 2083 3330 hoc
2100 3299 2234 3329 Nuncios
2248 3299 2304 3328 mi-

1258 3346 1381 3367 eramus·

1285 3360 1398 3414 Qibi’is
1418 3374 1543 3405 Nunciis
1566 3373 1668 3404 nostris
1681 3398 1691 3411 ,
1708 3375 1742 3405 δέ
1764 3375 1821 3406 aliis
1841 3376 1922 3414 ipsius
1942 3374 2050 3406 Alfonfi
2065 3398 2075 3415 ,
2090 3375 2306 3406 occurrentibus

1248 3414 1330 3444 nobis
1344 3413 1425 3444 Paris.
1442 3423 1510 3444 cum
1525 3413 1644 3450 plenaria
1659 3413 1795 3450 potestate
1810 3423 1916 3454 treugas
1931 3414 2062 3451 ineundi,
2081 3415 2114 3445 ὅ(
2126 3415 2210 3444 etiam
2231 3422 2305 3443 con-

1249 3450 1385 3490 cedendi,
1402 3452 1479 3482 idern
1502 3452 1564 3481 Rex
1586 3451 1619 3481 &
1638 3452 1860 3490 consanguineus
1879 3452 1974 3483 noster
1995 3452 2071 3483 dedit
2091 3453 2173 3482 nobis
2186 3452 2304 3481 liberam

1248 3490 1418 3528 potestatem
1441 3488 1618 3521 concedendi
1636 3489 1722 3519 dietas
1743 3499 1867 3530 treugas,
1883 3491 1902 3521 si
1921 3490 2021 3522 vestrae
2041 3490 2175 3530 placuerit
2195 3489 2306 3520 Sancti-

1248 3530 1314 3567 tati,
1333 3539 1382 3567 per
1402 3537 1512 3566 tempus
1528 3550 1537 3566 ,
1559 3527 1668 3557 dietum
1689 3528 1810 3566 superius
1822 3553 1832 3568 ,
1851 3531 2007 3567 duraturas,
2047 3530 2107 3566 uia,
2122 3537 2223 3566 praeter
2236 3528 2306 3559 San-

1248 3569 1324 3598 &am
1343 3567 1519 3599 voluntatem
1533 3564 1672 3604 vestram,
1690 3567 1748 3605 ipse
1762 3568 1808 3598 vel
1828 3574 1880 3598 nos
1898 3567 1984 3598 nichil
1996 3568 2024 3597 in
2044 3577 2060 3597 e
2073 3567 2258 3604 proponimus
2271 3577 2306 3598 o-

1249 3616 1347 3645 pesari-

1285 3644 1411 3682 Verum,
1429 3651 1599 3682 quamquam
1611 3643 1640 3671 in
1653 3642 1711 3674 hoc
1725 3644 1807 3674 nobis
1820 3644 1852 3675 sit
1866 3644 1941 3674 reeta
1959 3644 2095 3685 intentio,
2108 3643 2216 3682 justum
2235 3643 2311 3675 desta*

1249 3682 1376 3720 derium,
1394 3684 1428 3714 &
1448 3681 1590 3718 voluntas,
1607 3689 1702 3711 tamen
1722 3680 1945 3713 insufficientiam
1962 3683 1996 3712 δε
2017 3681 2189 3712 discretionis
2207 3681 2304 3713 defec-

1250 3731 1327 3760 tum,
1346 3721 1380 3751 ad
1396 3718 1573 3752 trat‘tandum
1587 3727 1696 3750 tantum
1709 3722 1856 3760 negotium
1869 3722 1902 3752 &
1915 3719 2139 3759 complendum,
2157 3721 2304 3752 sentientes

1250 3762 1278 3791 in
1293 3760 1375 3790 nobis

1288 3782 1400 3829 Sanni«
1421 3796 1574 3834 paternitati
1591 3794 1692 3826 vestrae
1704 3821 1713 3835 ,
1734 3804 1870 3835 quantum
1892 3795 2038 3834 possumus
2053 3820 2063 3835 ,
2095 3797 2281 3838 supplicamus
2296 3820 2307 3835 ,

1252 3845 1384 3875 quatenus
1398 3833 1573 3865 concessioni
1586 3833 1743 3872 hujusmodi
1753 3844 1928 3874 treugarum,
1945 3844 1999 3872 pro
2016 3835 2085 3866 Deo
2103 3837 2137 3867 &
2157 3838 2239 3867 bono
2258 3847 2306 3873 pa-

1252 3877 1308 3913 cis,
1326 3874 1481 3913 benignum
1495 3873 1683 3912 impertientes
1695 3873 1832 3903 assensum
1841 3895 1851 3911 ,
1865 3872 1988 3912 aliquos,
2006 3873 2150 3914 diligentes
2162 3876 2306 3906 caritatem

1253 3916 1285 3945 &
1299 3922 1414 3952 pacem,
1434 3913 1466 3941 ὃς
1481 3910 1625 3940 dictorum
1639 3910 1921 3951 Consanguineorum
1935 3911 2099 3943 nostrorum
2113 3913 2307 3944 liberationem

1253 3960 1398 3990 optantes,
1415 3948 1630 3985 affeerantesque
1650 3948 1751 3980 statum
1772 3950 1935 3990 prosperum
1956 3958 2036 3981 terrae
2048 3950 2176 3988 Sanitae,
2193 3950 2227 3980 ad
2239 3959 2309 3993 nos,

1254 3990 1347 4022 versus
1366 3997 1452 4027 partes
1472 3987 1638 4025 Vasconiae,
1657 3988 1729 4026 (quo
1748 3996 1863 4026 propter
1882 3988 1957 4027 hoc,
1974 3989 2090 4020 dimissis
2110 3990 2167 4020 aliis
2190 3989 2310 4027 negotiis

1258 4029 1360 4061 nostris
1376 4052 1387 4067 ,
1401 4026 1544 4065 dirigimus
1560 4025 1667 4065 gressus
1685 4026 1809 4096 nogros)
1833 4026 1913 4065 super
1932 4026 2030 4061 vestro
2052 4028 2118 4060 sano
2134 4027 2307 4096 conigiost&

1765 4074 1779 4104 3
2222 4074 2256 4096 an
2287 4074 2312 4095 π

2288 312 2354 338 Edv.
2378 318 2403 337 1.

2309 1303 2440 1340 *11.334.

2319 1768 2394 1798 Ann.
2406 1767 2446 1798 D.

2339 1807 2423 1837 1286.

2318 1851 2368 1873 All.
2388 1855 2429 1881 14.

2319 1890 2348 1912 Ε.
2371 1894 2394 1911 i.

2319 1928 2364 1950 Καὶ
2379 1922 2409 1949 dc

2321 1966 2434 1997 Treuga,

2323 1999 2433 2033 &c.14.

2322 2043 2416 2066 E.i.m.
2429 2046 2451 2063 1.
