2570 4261
719 126 829 167 ET
910 126 1175 169 ACTA

1255 124 1728 172 PUBLICA.

2233 145 2278 174 11

0 221 59 251 ann.
73 214 113 245 D.
171 213 279 245 ACtum
300 214 381 244 Paris.
399 222 473 243 anno
495 212 617 243 Domini
636 192 793 249 supradiero
815 211 915 242 Mense
933 211 1018 250 Julii,
1035 212 1081 243 die
1096 212 1187 242 Lunae
1230 209 1399 248 potestatem
1412 213 1445 242 &
1461 212 1576 249 speciale
1589 214 1752 245 mandatum
1771 213 1883 244 ineundi
1906 214 1939 245 &
1952 212 2071 245 faciendi
2085 223 2133 253 per
2147 224 2217 254 nos,
2235 214 2280 245 vel
2294 213 2369 244 Ann.
2383 212 2423 242 D.

6 255 89 288 1286.
133 260 197 282 ante
212 253 327 283 Festum
339 254 428 283 beatae
440 251 541 282 Maria:
559 250 738 290 Magdileiiae.

0 299 55 326 Edv-
72 303 95 320 ¹·

0 382 120 416 111327.

0 499 120 535 AnnD.

18 539 102 571 1286.

0 583 41 608 Aa,
63 587 104 613 14.

0 623 21 646 Ε.
43 626 67 644 r-

0 661 44 684 Rot.
58 654 86 681 de

3 1631 81 1664 'Ann
95 1629 137 1660 D.

26 1670 110 1700 1286.

3 1713 58 1739 An.
77 1718 120 1743 ¹4-

4 1790 36 1815 Ι..
50 1789 86 1811 A.
93 1783 120 1822 f.

8 1833 19 1851 ι
27 1822 60 1858 78
75 1832 102 1850 a.

3 1864 75 1890 Penes
84 1864 136 1889 Ca-

6 1909 98 1929 merar.

19 2972 152 3011 ⁸11.328.

31 3767 157 3801 Ann.D.

53 3807 138 3838 1286.

29 3851 83 3875 An.
102 3855 145 3881 ¹4·

31 3889 63 3913 F..
89 3894 112 3911 1.

33 3927 66 3951 L.
80 3927 110 3949 B.
119 3920 146 3959 f.

33 3960 80 3996 58.
96 3960 121 3987 b.

31 4005 101 4035 penes
114 4001 166 4026 Ca-

34 4045 127 4064 mera?-

137 374 164 401 ²)st
191 378 295 409 Litera
310 379 396 420 Regis
416 376 530 420 Angliae
538 376 615 420 filiis
631 378 775 420 Principis
790 375 906 408 Salem.
925 375 959 407 de
978 376 1097 421 Treuga
1114 385 1185 406 cum

223 427 300 469 Rege
317 426 493 468 Aragoniae,
518 428 554 460 ὠ
573 422 609 455 de
631 422 801 456 liberatione
817 427 917 456 Patris
932 422 1102 456 traffiznda.

206 505 347 538 Dwardus
361 531 370 544 ,
397 506 455 536 Dei
476 506 561 547 gratia
575 531 584 545 ,
612 507 677 537 Rex
690 507 816 545 Anuliae,
836 507 980 538 Dominus
996 507 1143 537 Hiberniae
1158 507 1192 537 &

215 545 285 575 Dux
298 545 492 583 Aquitanniae,
509 547 717 584 consanguineis
740 547 779 576 uis
793 545 917 584 ducet-is,
938 546 1106 583 Ludovico,
1126 544 1191 574 Ro-

141 585 242 622 berto,
259 584 293 614 &
309 584 482 622 Raymundo
516 594 548 614 ac
564 584 746 624 Berengario,
763 585 831 614 natis
846 584 975 614 karissimi
995 583 1193 622 consanguinei

140 620 247 659 nostri,
264 618 386 652 Domini
406 621 482 652 Caro
495 623 501 650 i
514 646 523 659 ,
543 622 677 659 Principis
692 623 796 652 Salern.
817 623 849 652 ὃς
864 623 980 652 honoris
998 622 1108 652 Montis
1123 621 1192 651 San-

141 660 180 690 &i
197 659 299 699 Angeli
319 660 464 698 Domini,
487 659 600 690 salutem
620 661 653 691 &
672 660 705 690 ad
727 660 849 690 laetitiam
870 660 906 690 de
926 670 1046 691 maerore
1067 660 1193 690 celeriter

96 711 103 721 ‚
140 699 309 737 pertransire.

181 736 268 766 Plena
281 738 406 775 potimur
418 737 544 774 corporis
558 736 684 774 sospitate
694 760 702 775 ,
719 737 777 767 hoc
791 737 859 767 scire
875 736 911 766 de
924 737 1006 766 vobis
1019 737 1052 767 &
1066 734 1195 766 vestrum

113 787 118 793 ·
145 775 273 819 quolibet
285 775 466 813 affectantes,
485 776 536 812 &,
554 784 585 805 ut
598 777 684 805 animi
698 775 783 805 vestri
795 775 884 805 tristes
906 774 1031 805 solatium
1048 774 1197 804 recreatio-

146 823 188 844 nis
200 814 353 850 accipiant,
371 813 452 843 vobis
467 814 599 843 omnibus
613 814 646 844 &
660 813 769 852 singulis
785 814 967 851 nunciamus,
986 823 1038 843 nos
1051 813 1121 842 inter
1138 811 1199 840 Re-

170 861 216 881 em
237 851 362 881 Franciae
384 852 416 882 ὃς
431 851 492 881 illos
508 851 543 881 de
559 851 700 890 Aragonia
713 851 822 882 iniviss'e
835 852 1008 882 securitatem
1022 860 1082 881 treu
1103 859 1198 886 arum,

168 897 340 919 uraturarum
358 889 444 926 usque
465 889 498 919 ad
521 889 636 920 Festum
656 891 729 920 beati
752 889 901 920 Michaelis
916 912 926 927 ,
952 888 1030 927 quod
1049 890 1077 918 in
1104 896 1147 925 at,
1164 888 1197 918 &

147 936 251 958 extunc
266 928 351 965 usque
363 927 396 957 ad
412 927 489 958 idem
502 927 618 958 Festum
629 929 694 957 anni
708 927 860 966 sequentis,
878 928 999 958 totaliter
1013 927 1149 963 revoluti,
1169 933 1200 955 ut

146 966 278 1004 interim,
293 967 363 995 inter
377 974 482 1004 partes,
501 966 538 996 de
552 975 621 1002 pace
633 977 666 996 ac
681 966 717 996 de
731 967 896 996 liberatione
918 967 999 1007 patris
1014 964 1114 1002 vestri,
1130 973 1200 993 con-

147 1004 193 1035 san
214 1005 288 1035 uinei
303 1003 391 1034 nostri
405 1003 555 1043 karissimi,
573 1005 706 1043 trailare,
721 1004 804 1035 dante
820 1005 969 1043 Domino,
987 1003 1149 1045 valeamus„

147 1080 183 1111 sal
213 1042 315 1110 xuligte
332 1043 412 1082 igitur
431 1043 464 1074 &
483 1045 601 1082 gaudete
615 1066 624 1082 ,
648 1044 786 1081 quoniam
803 1044 1007 1081 appropinquat
1026 1043 1055 1071 in
1070 1049 1203 1079 proximo

184 1091 215 1111 us
226 1091 263 1111 ve
290 1090 325 1110 ra.

185 1118 398 1149 Continentiam
416 1119 524 1157 insuper
545 1119 631 1151 vestri
650 1119 735 1150 status
749 1144 758 1157 ,
784 1121 817 1151 &
835 1119 855 1149 si
876 1119 965 1156 aliqua
986 1118 1037 1148 alia
1052 1127 1136 1155 penes
1150 1125 1203 1146 nos

148 1157 267 1196 fuerint,
286 1158 367 1189 vobis
382 1157 534 1196 placentia,
551 1159 634 1188 nobis
649 1158 810 1189 fiducialiter
823 1157 968 1187 nuncietis.
987 1156 1094 1186 Valere.

187 1232 254 1264 Dat.
273 1233 355 1264 Paris.
375 1233 489 1265 decimo
502 1235 602 1272 quinto
616 1233 661 1263 die
670 1232 756 1272 Julii,
772 1243 847 1264 anno
863 1233 971 1264 Gratiae
991 1231 1140 1262 millesimo
1152 1229 1205 1260 du-

151 1272 306 1303 centefimo
319 1272 510 1311 odtuagesimo
522 1272 606 1302 sexro.

152 1399 260 1431 Litera
277 1393 453 1442 obligatoria
469 1396 590 1429 Oliveri
608 1395 644 1428 de
661 1398 770 1429 Monte
785 1399 889 1441 Spine,
914 1398 1036 1428 Comitis
1052 1393 1088 1427 de
1104 1399 1207 1429 Sares-

200 1444 287 1491 burg.
313 1445 428 1476 Nuncii
444 1447 480 1482 &⁶
498 1447 704 1477 Procuratoris
723 1448 809 1491 Regis
827 1445 995 1490 Norwagiae
1013 1470 1022 1486 ‚
1043 1454 1096 1489 per
1114 1457 1206 1491 quam

201 1491 348 1538 obligavit
374 1494 543 1525 Dominum
564 1493 657 1538 situm
675 1495 805 1525 Domino
825 1491 981 1525 Edwardo
1000 1495 1071 1537 Regi
1093 1494 1207 1539 Angliae

198 1545 229 1575 in
247 1538 359 1573 duobus
375 1538 497 1573 milibus
514 1544 704 1574 Marcarum
713 1567 723 1584 ‚
748 1552 822 1587 quas
834 1538 873 1573 ab
889 1553 919 1572 eo
936 1551 1039 1574 mutuo
1058 1546 1173 1587 recepit.

155 1623 362 1689 UNiversis
378 1625 484 1657 Christi
503 1625 644 1664 fidelibus,
661 1624 808 1663 praesentes
822 1625 920 1656 litteras
934 1626 1028 1656 visuris
1044 1625 1089 1656 vel
1102 1623 1212 1655 auditu-

244 1667 280 1695 ris
294 1688 304 1703 ,
326 1665 459 1696 Oliverus
478 1665 514 1695 de
529 1665 637 1696 Monte
651 1664 737 1702 Spine
751 1663 859 1694 Comes
874 1664 910 1694 de
924 1664 1056 1694 Saresbur
1078 1687 1083 1692 .
1103 1663 1211 1693 illustris

154 1704 247 1773 IIgegis-
266 1703 432 1743 Norwagiae
453 1703 587 1734 Nuncius
600 1727 610 1741 ,
634 1703 667 1734 &
691 1702 862 1734 Procurator
876 1704 905 1732 in
920 1702 1039 1742 Anglia,
1064 1702 1167 1732 alutem
1182 1703 1211 1731 in

188 1752 297 1773 omino.
725 1766 729 1770 .

193 1780 321 1811 Noverit
335 1780 369 1811 U
373 1780 513 1812 niverfitas
528 1777 635 1818 vestra,
653 1790 723 1819 nos,
740 1781 862 1811 nomine
874 1779 998 1810 Domini
1015 1778 1103 1809 nostri
1121 1778 1214 1817 Erici,

155 1818 214 1850 Dei
235 1818 322 1858 gratia
342 1819 431 1856 Regis
445 1819 613 1858 Norwagiae
632 1818 758 1857 illustris,
775 1829 850 1849 anno
864 1818 986 1848 Domini
1000 1817 1148 1847 millesimo
1161 1816 1214 1846 du—

156 1859 312 1888 centeiimo
330 1858 522 1897 oetuagefimo
542 1857 618 1897 serto
632 1881 642 1895 ,
664 1859 692 1887 in
712 1857 797 1888 Festo
819 1857 914 1887 saneti
937 1856 1086 1886 Michaelis
1101 1879 1111 1893 ,
1129 1855 1214 1886 tertio

158 1896 223 1927 Kal.
243 1896 382 1926 OCtobris
394 1896 467 1934 apud
482 1896 636 1927 Civitatem
651 1895 899 1933 Londoniensem,

197 1934 306 1965 Mutuo
328 1934 463 1972 recepiffe
477 1959 486 1972 ,
510 1935 544 1965 ὃ(
563 1934 687 1964 habuisse
707 1935 723 1963 a
744 1933 896 1971 magnifico
916 1932 1065 1971 Principe,
1081 1931 1215 1963 Domino

158 1969 300 2005 Edwardo
315 1997 324 2009 ,
350 1973 408 2003 Dei
429 1972 514 2012 gratici
530 1996 540 2011 ,
565 1972 648 2012 Rege
670 1972 781 2011 Angliae
792 1972 905 2010 illustri,
924 1981 973 2009 per
988 1981 1086 2001 manus
1100 1970 1216 2001 Ricardi

158 2012 321 2050 Gydechun
335 2011 371 2041 de
386 2011 485 2049 Luca,
504 2012 536 2042 &
550 2011 693 2041 sociorum
707 2012 820 2041 suomm
836 2010 1049 2047 Mercatotum,
1067 2019 1217 2039 numeran-

157 2052 247 2088 tium,
265 2049 323 2080 duo
338 2050 413 2079 milia
429 2050 594 2080 Marcarum
616 2059 756 2079 novarum
772 2072 781 2087 ,
801 2051 834 2080 &
848 2048 978 2088 legalium
993 2047 1217 2091 sterlingorum,

159 2090 189 2118 in
205 2090 322 2126 pecunia
336 2088 653 2125 numerata,tresdecim
665 2087 755 2118 solidis
770 2089 803 2119 ὃς
818 2096 937 2125 quatuor
951 2086 1067 2117 denariis
1081 2097 1134 2124 pro
1150 2096 1218 2124 qua—

159 2127 228 2157 libet
246 2126 347 2156 Marca
360 2128 539 2164 computatis.

199 2166 300 2203 Qum
315 2165 430 2202 quidem
443 2166 570 2205 pecuniae
583 2164 723 2195 summam
737 2164 815 2195 bona
826 2163 881 2194 side
898 2163 1006 2194 solvere
1027 2164 1219 2202 promittimus

161 2202 255 2234 eidem
269 2203 402 2234 Domino
417 2203 493 2243 Regi
511 2204 634 2242 Angliae,
652 2203 698 2234 vel
712 2203 762 2233 suo
776 2212 856 2233 certo
872 2202 1040 2240 Attornato,
1058 2202 1105 2232 has
1119 2202 1221 2232 litteras

160 2241 314 2279 deferenti,
333 2242 404 2280 apud
420 2241 576 2273 Civitatem
592 2241 728 2272 London.
747 2242 805 2272 hoc
819 2241 927 2279 modo,

201 2280 388 2310 Medietatem
399 2281 503 2311 scilicet
520 2280 597 2310 mille
620 2279 715 2310 Marc.
733 2281 763 2309 in
786 2279 871 2309 Festo
892 2279 987 2309 saneti
1004 2278 1152 2309 Michaelis
1167 2278 1221 2308 Ar-

162 2319 288 2358 changeli
302 2320 385 2349 tertio
399 2319 464 2349 Kal.
483 2318 622 2349 Onobris
635 2327 711 2349 anno
726 2318 849 2349 Domini
863 2317 1012 2348 millesimo
1027 2316 1222 2348 ducentesimo

162 2357 357 2397 ocstuagesimo
371 2358 499 2395 septimo.

202 2395 240 2426 Et
255 2396 335 2425 aliam
349 2396 546 2434 medietatem,
564 2394 685 2433 scilicet,
703 2395 820 2425 residuas
834 2394 910 2425 mille
925 2393 1054 2431 Marcas,
1073 2394 1102 2423 in
1117 2392 1220 2423 eodem

164 2433 252 2464 Festo
271 2434 366 2464 Sanni
386 2434 535 2464 Michaelis
548 2457 558 2471 ,
581 2443 656 2463 anno
680 2434 825 2470 revoluto,
844 2432 993 2470 videlicet,
1010 2441 1086 2462 amio
1100 2431 1224 2461 Domini

164 2472 315 2503 millesimo
327 2471 524 2502 ducentesimo
538 2471 732 2510 ostuagesimo
744 2472 859 2501 oetavo.

206 2508 252 2540 Ad
268 2520 353 2548 quam
366 2510 554 2548 solutionem,
572 2509 640 2540 loco
654 2511 688 2541 δε
709 2510 835 2539 terminis
854 2508 1031 2546 supradizfitis,
1049 2506 1223 2545 faciendam,

167 2548 326 2587 obligamus
352 2548 517 2578 Dominum
539 2548 669 2578 nostrum
690 2547 804 2586 Regem
824 2547 992 2586 Norwagiae
1010 2546 1197 2583 supradictum
1214 2569 1224 2583 ,

167 2585 305 2625 Regnum
320 2586 400 2616 suum
415 2609 425 2624 ,
450 2587 580 2617 homines
595 2587 629 2617 ὃς
644 2585 820 2616 Mercatores
831 2585 929 2622 Regni
943 2585 997 2623 sui,
1015 2594 1048 2614 ac
1065 2585 1160 2614 omnia
1176 2593 1225 2614 eo-

168 2633 234 2654 rum
249 2626 433 2655 mercimonia
445 2626 478 2656 &
493 2625 586 2663 bona,
604 2625 634 2653 in
648 2634 834 2662 quocumque
848 2624 917 2654 loco
932 2625 1064 2660 inventa,

206 2662 381 2693 Subicientes
403 2673 435 2693 ea
455 2665 553 2693 omnia
575 2663 713 2694 voluntati
727 2662 847 2701 ejusdem
870 2662 992 2692 Domini
1014 2661 1101 2699 Regis
1116 2659 1226 2700 Angliae

166 2701 202 2732 &
217 2701 362 2731 haeredum
384 2700 499 2732 suorum
551 2701 571 2730 si
591 2702 620 2730 in
634 2701 772 2732 solutione
784 2700 868 2730 didiae
882 2701 1009 2738 pecuniae
1023 2699 1227 2738 defecerimus,

167 2739 262 2769 donec
276 2737 311 2769 de
322 2739 398 2770 diist&
413 2740 524 2770 summa
539 2740 666 2777 pecuniae
686 2739 735 2769 sibi
749 2764 759 2777 ,
783 2739 830 2769 vel
850 2738 900 2769 suo
919 2746 998 2769 certo
1012 2738 1178 2775 Attornato,
1197 2746 1227 2768 ut

166 2777 335 2815 praedietum
350 2777 408 2815 est,
427 2778 508 2808 fuerit
524 2778 646 2815 plenarie
660 2777 837 2808 satisfaeium.

205 2815 370 2855 Obligantes
386 2816 495 2854 insuper
510 2815 677 2853 praediilum
693 2816 858 2846 Dominum
874 2814 1003 2845 nostrum
1017 2815 1130 2854 Regem
1142 2814 1228 2845 Nor-

170 2855 267 2894 wagiae
281 2865 313 2885 ac
329 2854 453 2884 haeredes
465 2855 545 2893 suos,
563 2855 597 2885 &
611 2853 741 2892 nostros,
758 2854 923 2884 cohercioni
937 2852 1060 2884 Domini
1074 2852 1176 2892 Papae,
1194 2854 1227 2884 &

166 2903 420 2931 quorumcumque
440 2892 624 2923 Praelatorum
639 2917 649 2931 ,
675 2902 747 2931 quos
769 2892 844 2922 idem
857 2891 1002 2922 Dominus
1017 2892 1082 2922 Rex
1100 2893 1226 2932 Angliae,

167 2932 214 2962 vel
234 2931 357 2961 haeredes
376 2931 417 2961 sui
432 2954 442 2968 ,
466 2931 501 2961 ad
515 2932 574 2961 hoc
589 2930 718 2961 duxerint
731 2929 939 2969 nominandos,
956 2940 988 2961 ac
1003 2933 1085 2961 omni
1101 2931 1224 2961 censurae

169 2968 373 3000 Ecclesiasticae
388 2970 407 2988 *ἶ
424 2969 474 2998 sub
498 2979 584 3006 poena
606 2970 910 3000 excommunicationis
930 2970 964 3000 &
986 2969 1143 3007 interdicti,
1162 2970 1182 2998 si
1198 2970 1226 2998 in

169 3007 308 3076 ἓοὲὲιῑίοηε
328 3008 459 3045 pecuniae
479 3007 642 3045 supradietae
657 3032 667 3047 ,
684 3009 812 3038 terminis
827 3007 1000 3046 supradietis,
1017 3018 1070 3038 nos
1084 3009 1227 3047 contingat

227 3055 299 3076 cere.

166 3101 170 3106 ‹
208 3082 246 3114 Et
261 3083 369 3121 insuper
384 3093 450 3122 nos,
468 3082 595 3122 Comes,
613 3085 732 3116 nomine
747 3084 876 3123 praedicTti
897 3084 1020 3115 Domini
1035 3085 1124 3116 nostri
1138 3085 1184 3115 Re
1204 3084 1225 3113 is

170 3120 356 3160 Norwagiae,
374 3122 407 3153 &
421 3121 536 3159 nostro,
553 3123 586 3152 &
600 3122 744 3154 haeredum
760 3123 943 3162 nostrorum,
957 3124 1105 3162 corporale
1120 3133 1176 3161 prae
1204 3123 1226 3151 i-

169 3161 253 3191 timus
274 3161 479 3191 sacramentum
500 3159 536 3190 de
557 3160 729 3192 restituendo
748 3162 913 3199 praedietarn
933 3164 1083 3201 pecuniam
1098 3187 1108 3201 ,
1133 3163 1165 3193 &
1188 3161 1224 3191 de

170 3198 346 3229 observando
359 3200 494 3229 terminos
507 3198 675 3238 praedietos,
692 3200 726 3230 &
739 3201 923 3240 obligationes
938 3201 1093 3239 praedier-as.

210 3236 247 3267 Et
261 3237 370 3274 insuper
384 3238 562 3267 liberavimus
577 3234 677 3267 litteras
691 3237 760 3268 dieti
772 3239 897 3269 Domini
918 3238 1008 3269 nostri
1027 3239 1114 3279 Regis
1128 3245 1223 3276 patena

173 3283 231 3313 tes,
249 3285 299 3312 per
319 3285 384 3313 quas
401 3275 478 3305 dedit
497 3275 580 3304 nobis
600 3275 768 3312 potestatem
787 3277 938 3317 recipiendi
961 3285 1092 3308 mutuum
1106 3276 1225 3318 praedic—

172 3322 235 3344 tum
248 3337 258 3351 ,
282 3315 316 3345 &
337 3313 480 3353 obligandi
499 3312 604 3352 ipsum,
621 3314 655 3344 ὃς
675 3313 813 3351 Regnum
826 3316 906 3346 suurn
922 3317 951 3346 in
966 3316 1060 3346 forma
1075 3314 1224 3354 praeditsta,

172 3352 206 3383 &
220 3353 304 3382 etiam
319 3350 419 3382 litteras
433 3359 556 3389 patentes
571 3351 693 3390 ejusdem
706 3361 756 3389 per
777 3363 843 3390 quas
864 3354 978 3385 ratificat
991 3356 1024 3386 ὃς
1037 3353 1168 3394 gratificat
1182 3362 1226 3382 re⁴

171 3391 335 3459 cepgiqffm
350 3391 441 3421 mutui
454 3389 597 3428 praediffi,
615 3390 648 3421 &
661 3389 844 3428 obligationes
866 3392 1010 3429 praedffkas
1032 3395 1061 3424 in
1076 3391 1170 3423 forma
1182 3391 1226 3421 su-

192 3439 219 3459 ra
241 3439 265 3459 lc
281 3439 305 3459 a.

171 3440 191 3468 p
210 3467 243 3497 In
264 3477 387 3505 quorum
406 3467 539 3497 omniurn
557 3464 754 3497 testimonium
773 3465 950 3505 praesentibus
962 3470 1083 3509 figillum
1095 3467 1223 3500 nostrum

172 3505 302 3537 duximus
314 3505 523 3545 apponendum.

210 3581 416 3613 Dat.London.
422 3581 537 3613 decimo
544 3582 627 3612 tertio
633 3581 699 3612 Kal.
707 3580 836 3621 Augusti,
843 3586 873 3615 in
881 3581 965 3616 Festo
972 3585 1072 3616 sanetae
1082 3583 1147 3614 Mar
1165 3593 1225 3613 are-

171 3627 213 3651 tae
220 3621 342 3661 Virginis
348 3644 358 3660 ,
366 3631 442 3652 anno
450 3620 575 3652 Domini
582 3620 731 3651 millesimo
737 3620 931 3655 ducentesimo
938 3623 1130 3664 oetuagefimo
1147 3631 1222 3653 exro⁴

174 3751 268 3798 Super
287 3749 428 3798 potestate
452 3750 527 3784 data
550 3754 623 3798 Regi
643 3752 758 3799 Angliae
776 3777 786 3794 ,
819 3751 978 3786 ordinandi
992 3765 1131 3802 treugam
1150 3757 1228 3788 inter

389 3802 498 3846 Regem
515 3801 673 3846 Aragoniae
690 3803 727 3838 (ξφ
745 3803 855 3846 Regem
873 3803 1013 3836 Franciae.

264 3883 387 3915 Overint
401 3883 522 3915 universi
556 3884 701 3922 praesentes
714 3885 815 3916 litteras
826 3882 992 3925 inspeeturi,
1030 3888 1088 3919 uod
1109 3895 1163 3919 nos
1176 3886 1231 3919 Pe-

202 3959 217 3965 „
274 3931 330 3952 trus
342 3923 458 3955 Martini
471 3923 507 3954 de
519 3909 675 3954 Archisona
688 3923 790 3960 Miles,
807 3922 993 3961 &Johannes
1028 3935 1121 3965 epata,
1138 3927 1229 3957 Nun-

182 3969 219 3989 cii
232 3959 266 3989 &
278 3959 477 3993 Procuratores
493 3961 617 3992 Domini
628 3961 737 3993 Alfonsi
773 3961 833 4005 Dei
845 3962 1055 4007 gratiiixRegis
1143 3967 1230 4005 oniae,

183 3995 474 4072 Μαπίἳξῗῗιῐὲὴῗῖ
486 4000 623 4034 Valentiae
636 4025 646 4040 ,
670 4011 704 4033 ac
753 4007 848 4032 ornins
860 3999 1080 4043 Barchmonyae,
1096 4003 1132 4036 ha
1153 4012 1230 4039 entes

1232 258 1284 291 per
1292 248 1394 286 alium,
1412 257 1520 287 treugas
1533 253 1603 282 inter
1616 254 1760 289 praesatum
1777 253 1940 283 Dominum
1953 253 2100 291 nostrum,
2118 254 2230 291 fratres,
2247 254 2280 283 &
2317 251 2402 281 1286·

1232 286 1361 315 valitores
1382 287 1460 326 suos,
1479 299 1512 318 ex
1528 300 1604 326 parte
1626 291 1681 321 una
1696 315 1705 329 ,
1722 292 1755 322 &
1772 291 1960 329 Magnificum
1976 292 2153 329 Principem,
2171 292 2282 321 Domi-
2302 296 2367 318 Eav.
2389 300 2411 317 ῑθ

1234 333 1303 353 num
1320 323 1499 367 Philippum,
1518 327 1617 357 eadem
1631 329 1733 366 gratia,
1751 328 1885 359 illustrem
1902 329 2014 369 Regem
2028 331 2051 360 F
2052 331 2168 367 ranciae,
2186 330 2283 360 &atres

1233 371 1266 391 ac
1282 361 1410 392 Valitores
1424 363 1501 402 suos,
1520 375 1554 394 ex
1567 366 1656 396 altera.

1271 399 1488 445 Committiinus
1510 404 1543 433 ὅ(
1565 403 1662 433 damus
1682 405 1791 441 plenam
1850 405 1975 436 testatem
1990 407 2024 438 ὃς
2039 406 2155 447 speciale
2169 405 2285 435 manda-

1235 445 1297 481 tum
1310 438 1457 482 excellenti
1471 440 1611 483 Principi,
1630 442 1762 473 Domino
1777 415 1934 482 Edissardo,
1955 444 2012 474 Dei
2025 446 2123 484 gratia,
2143 444 2285 483 RegiAn-

1235 475 1298 514 gliae
1315 515 1318 519 ³
1334 475 1466 520 Domino
1478 477 1642 517 Hiberniae,
1658 490 1689 510 ac
1705 481 1782 511 Duci
1797 482 1971 520 Aquitanioe,
1985 483 2226 521 faciendi,dandi,
2241 484 2285 512 in-

1236 523 1291 543 eun
1313 525 1320 543 i
1341 515 1374 544 &
1393 515 1540 546 ordinandi
1563 525 1668 556 treugas
1683 520 1753 548 inter
1764 519 1873 550 dietum
1889 520 2052 550 Dominum
2067 521 2214 559 nostram,
2233 524 2286 550 rra-⁴

1236 559 1311 595 tres,
1325 553 1358 582 ὃς
1372 553 1501 597 valitoi·es
1516 555 1593 593 suos,
1613 567 1660 593 per
1676 564 1777 586 terram
1799 558 1832 587 &
1854 568 1902 594 per
1921 568 2012 596 mare,
2031 569 2064 589 ex
2078 568 2154 597 parte
2168 570 2236 597 una,
2253 560 2287 590 &

1237 595 1384 627 praeratum
1406 591 1568 623 Dominum
1590 594 1701 633 Regem
1723 595 1846 626 Franciae
1862 619 1871 633 ,
1894 595 2006 634 fratres,
2024 607 2055 627 ac
2067 598 2196 628 valitores
2210 598 2289 634 squ,

1237 631 1451 673 perterram&
1465 640 1513 667 per
1527 641 1617 670 mare,
1637 641 1670 662 ex
1684 633 1782 671 altera,
1802 642 1884 671 prout
1906 633 1959 664 suae
1981 636 2226 673 circumspectioni
2248 637 2292 667 vi-

1237 666 1348 697 debitur
1360 667 1520 699 faciendum
1531 680 1536 698 ε

1246 743 1256 747 ι
1276 705 1471 736 Promittimus
1493 707 1628 746 siquidem
1643 733 1653 747 ,
1676 710 1794 740 nomine
1814 720 1872 748 quo
1893 709 1970 748 supra
1984 734 1994 748 ,
2012 721 2064 741 nos
2080 722 2237 750 curaturos,
2256 713 2290 743 &

1240 744 1362 787 radturos
1385 745 1463 782 quod
1483 754 1587 785 treugae
1600 769 1610 785 ,
1635 757 1698 784 quae
1712 749 1782 778 inter
1796 757 1884 785 partes
1897 748 2058 787 praedictas,
2078 760 2126 787 per
2143 752 2290 787 praefatum

1243 781 1406 825 Dominum
1422 783 1533 821 Regem
1548 784 1675 824 Anghae,
1694 785 1778 824 fient,
1795 786 1934 818 dabuntur
1949 789 1983 819 &
2002 788 2222 827 ordinabuntur,
2241 798 2290 818 au*-

1242 828 1354 850 toritate
1366 822 1399 851 &
1412 821 1547 858 potestate
1559 823 1691 860 praedi&a
1703 833 1752 860 pei·
1765 825 1874 854 dictum
1891 826 2055 857 Dominum
2071 826 2218 866 nostrum,
2237 828 2292 858 fra-

1243 866 1297 887 tres
1306 882 1316 896 ,
1333 868 1365 888 ac
1379 860 1507 890 valitores
1521 860 1600 898 suos,
1619 862 1812 892 iuviolabiliter
1826 863 2013 895 servabuntur.

1280 896 1326 926 Ad
1341 896 1535 928 testimonium
1550 900 1627 937 cujus
1640 901 1680 929 rei
1696 900 1778 939 sigilla
1792 902 1885 933 nostra
1900 903 2079 942 praesentibus
2093 903 2155 934 sunt
2169 903 2294 942 appensa.

1281 972 1349 1017 Dat.
1369 973 1450 1003 Paris.
1468 974 1514 1019 die
1528 975 1780 1018 LunaeLproxima
1793 986 1856 1009 ante
1872 979 1987 1011 Festum
2002 981 2074 1010 beati
2085 979 2187 1018 Jacobi
2200 980 2295 1018 Apos-

1245 1011 1314 1049 toli,
1331 1021 1407 1043 anno
1421 1012 1544 1043 Domini
1556 1013 1704 1044 millesimo
1719 1015 1912 1048 ducenteiimo
1924 1018 2115 1058 ouuagefimo
2128 1019 2214 1049 sexro.

1248 1141 1456 1170 Procuratores
1481 1139 1568 1183 Regis·
1592 1139 1750 1185 Aragoniae
1765 1137 1943 1179 jtribnerunt
1954 1140 2124 1187 potestatem
2143 1147 2215 1191 Regi
2230 1148 2300 1177 An.

1288 1187 1357 1232 gliae
1374 1213 1384 1228 ‚
1411 1186 1579 1230 secundnm
1608 1196 1736 1219 tenorem
1752 1187 1901 1233 potestatis
1923 1219 1932 1233 ‚
1966 1191 2026 1223 illis
2050 1190 2166 1223 tradite
2185 1205 2204 1224 a
2224 1196 2300 1239 Rege

1291 1237 1379 1279 prius
1403 1234 1479 1266 ditio
1498 1257 1507 1273 ‚
1543 1233 1586 1266 ad
1607 1235 1763 1281 capiendas
1780 1246 1902 1283 treugas
1917 1245 1995 1272 inter
2014 1240 2105 1284 Reges
2121 1242 2251 1273 Franciae
2264 1243 2302 1278 ὠ

1297 1284 1465 1328 Aragoniae.

1251 1367 1466 1429 MAgnifico
1480 1367 1594 1406 Princip

1343 1408 1423 1446 gliae,
1442 1406 1575 1437 Domino
1621 1408 1749 1447 iberniae,
1766 1410 1800 1440 &
1814 1409 1893 1440 Duci
1908 1411 2102 1450 Aequitaniae,
2118 1411 2215 1442 Petrus
2224 1412 2304 1442 Mar-

1589 1370 1621 1436 tis
1640 1368 1774 1400 Domino
1788 1369 1948 1411 Edward0‚
1967 1372 2024 1403 Dei
2039 1374 2142 1412 gratia,
2160 1371 2235 1412 Regi
2244 1372 2305 1403 An„
2326 1365 2401 1397 ΑΠΠ·
2414 1365 2456 1396 De

2343 1405 2427 1435 1286.

1251 1445 1300 1474 tin.
1319 1444 1355 1475 de
1376 1444 1645 1488 Archesona1Miles
1657 1469 1667 1484 ,
1691 1447 1879 1485 &johannes
1899 1449 1935 1479 de
1948 1450 2085 1488 Sabatha,
2103 1451 2305 1481 Procuratores
2325 1450 2375 1473 Aa.
2399 1454 2442 1480 ¹4·

1252 1482 1414 1526 &tNuncii
1428 1483 1550 1513 Domini
1563 1483 1690 1528 Alfonfi,
1709 1485 1806 1515 eadem
1822 1489 1907 1526 gratia
1922 1511 1931 1525 ,
1952 1488 2038 1528 Regis
2052 1488 2220 1528 Aragoniae,
2241 1489 2308 1519 Ma-
2327 1489 2347 1511 Ε
2378 1493 2399 1510 ²1

1248 1530 1401 1558 Joricarum
1422 1529 1505 1559 atque
1525 1521 1662 1552 Valentiae
1676 1546 1685 1561 ,
1708 1525 1742 1555 &
1764 1523 1889 1555 Comitis
1903 1526 2107 1566 Barchinonae,
2124 1527 2255 1566 salutem,
2273 1531 2306 1559 &
2327 1528 2356 1550 L.
2372 1518 2437 1557 B.f.

1253 1560 1388 1598 quicquid
1401 1559 1493 1597 potest
1508 1562 1672 1591 reverentiae
1688 1562 1733 1592 vel
1747 1562 1872 1594 honoris.

2329 1570 2376 1596 59.
2396 1569 2424 1586 a.

1293 1597 1372 1628 Cum
1395 1598 1540 1642 Dominus
1560 1599 1665 1643 noster,
1677 1599 1807 1631 Alfonsus
1821 1625 1831 1640 ,
1856 1603 1968 1633 inclitus
1987 1602 2053 1634 Rex
2075 1604 2242 1644 Aragoniae,
2260 1615 2309 1643 per
2327 1606 2393 1636 pares
2406 1602 2463 1625 ΟΡ

1256 1635 1314 1666 suas
1334 1645 1457 1674 patentes
1477 1636 1578 1667 litteras
1596 1638 1679 1667 nobis
1699 1638 1805 1670 dederit:
1825 1641 1941 1678 speciale
1962 1643 2126 1674 mandatum
2141 1666 2151 1682 ,
2176 1645 2278 1682 vobis,
2294 1645 2310 1673 a
2331 1646 2423 1665 memr-

1256 1682 1332 1712 parte
1346 1699 1356 1712 ,
1370 1675 1415 1704 seu
1433 1676 1497 1705 vice
1517 1675 1597 1713 ipfius
1613 1699 1622 1714 ,
1640 1677 1779 1707 tribuendi
1801 1679 1951 1716 plenariam
1965 1680 2011 1712 seu
2024 1682 2182 1721 generalem
2194 1684 2228 1714 &
2242 1683 2312 1712 libe-

1256 1722 1315 1743 ram
1330 1713 1512 1751 potestatem,
1530 1713 1566 1744 de
1580 1714 1607 1744 se
1620 1714 1725 1753 suisque
1738 1716 1844 1756 Regnis
1882 1718 2030 1751 Comitatu
2048 1720 2232 1751 Barchinonae
2248 1744 2258 1759 ,
2280 1730 2313 1750 ac

1256 1752 1334 1794 terris
1354 1752 1410 1781 aliis
1422 1774 1432 1790 ,
1459 1762 1524 1790 quas
1546 1760 1622 1784 tenet
1634 1752 1668 1783 ad
1681 1754 1814 1794 praesens,
1830 1741 1972 1786 dentibus
1987 1768 2078 1796 quoq,
2094 1760 2128 1790 &
2144 1759 2314 1790 Valitoribus

1257 1789 1308 1833 suis
1323 1790 1489 1833 eorumdem
1504 1790 1690 1834 Regnorum,
1708 1791 1871 1824 Comitatus
1891 1804 1974 1833 atque
1988 1804 2124 1827 terrarum
2135 1820 2144 1835 ,
2162 1799 2195 1827 ὃς
2211 1798 2314 1835 specia-

1257 1827 1319 1871 liter
1330 1827 1366 1858 de
1382 1829 1431 1858 illis
1441 1828 1491 1858 suis
1506 1828 1674 1860 Valitoribus
1685 1831 1718 1861 &
1734 1831 1856 1862 Vasiallis
1872 1834 1919 1870 qui
1935 1835 1964 1863 in
1980 1833 2142 1865 Roffilione
2156 1836 2189 1867 &
2203 1835 2314 1867 Centa-

1258 1875 1302 1895 nia
1314 1875 1397 1896 terras
1411 1875 1508 1897 tenent
1521 1877 1568 1898 aut
1580 1868 1677 1898 Castra
1686 1891 1696 1908 ,
2036 1905 2039 1907 μ

1295 1905 1314 1924 *
1333 1905 1428 1934 Dandi
1440 1913 1546 1943 treugas
1559 1906 1605 1937 seu
1617 1908 1699 1938 etiam
1713 1909 1889 1940 concedendi
1902 1910 2005 1942 Inclito
2019 1911 2097 1949 Regi
2110 1912 2312 1952 Franciae,pr0

1259 1941 1285 1973 se
1300 1942 1405 1987 suisque
1418 1943 1525 1982 Regnis
1540 1946 1574 1976 &
1589 1947 1683 1989 terriS,
1702 1957 1767 1985 quas
1780 1958 1855 1979 tenet
1875 1951 1904 1979 in
1925 1950 2069 1989 praesenti,
2089 1950 2230 1982 Gentibus
2245 1954 2295 1982 suis
2305 1978 2314 1992 ,

1260 1981 1431 2013 Valitoribus
1454 1984 1487 2013 δε
1510 1982 1634 2014 Vaffallis
1654 1985 1822 2016 eorumdem
1839 1987 2028 2027 Regnorum,
2046 1999 2130 2027 atque
2145 1990 2301 2021 Terrarum

1260 2019 1311 2050 suis
1325 2022 1413 2065 etiam·
1425 2020 1595 2052 Valitoribus
1610 2024 1643 2053 &
1658 2023 1782 2054 Vaffallis
1798 2027 1846 2062 qui
1861 2027 1890 2055 in
1906 2026 2083 2066 Roffilione,
2102 2027 2257 2067 Ceritania,
2275 2016 2321 2060 vel

1263 2058 1430 2090 Cathalonia
1452 2059 1554 2090 Terras
1575 2069 1671 2091 tenent
1690 2070 1735 2092 aut
1757 2062 1855 2093 Castra
1869 2087 1878 2102 ,
1904 2065 1995 2095 nobili
2008 2067 2092 2096 etiam
2107 2068 2171 2096 viro
2186 2067 2322 2099 Domino

1259 2097 1374 2135 jacobo
1387 2098 1501 2141 ¹Patruo
1520 2098 1570 2129 suo
1585 2123 1595 2137 ,
1619 2100 1717 2131 Terris
1729 2102 1811 2131 etiarn
1827 2102 1878 2133 suis
1890 2104 1923 2134 &
1942 2103 2144 2142 Castris,.quae
2160 2105 2278 2142 possidet
2292 2109 2322 2137 in

1264 2136 1392 2180 praesenti
1401 2160 1411 2175 ,
1425 2136 1531 2180 suisque
1543 2137 1702 2176 Gentibus,
1718 2139 1887 2171 Valitoribus
1900 2143 1934 2172 ὃς
1948 2140 2072 2172 Vaffalhs
2087 2145 2116 2172 in
2128 2138 2221 2174 forma
2236 2154 2322 2182 quarn

1264 2174 1394 2218 expedire
1417 2174 1538 2205 Videritis
1553 2198 1562 2215 ‚
1587 2177 1620 2207 &
1643 2177 1728 2214 usque
1747 2178 1780 2208 ad
1799 2181 1978 2218 terminum,
1999 2181 2079 2218 quta
2100 2181 2226 2212 vestrum
2249 2184 2323 2214 arbi-

1265 2221 1369 2251 trium,
1387 2220 1465 2244 tanto
1481 2223 1701 2245 convenientem
1716 2218 1841 2256 negotio.

1307 2252 1476 2296 Accipiendi
1488 2254 1573 2283 etiarn
1587 2254 1713 2294 Treugas
1727 2256 1743 2284 a
1756 2255 1836 2286 dieto
1850 2255 1933 2295 Rege
1946 2254 2072 2287 Franciae
2080 2280 2090 2296 ,
2105 2257 2142 2288 de
2156 2257 2199 2297 se,
2218 2258 2324 2298 suisque

1268 2289 1376 2334 Regms
1389 2313 1399 2329 ,
1425 2292 1459 2321 &
1473 2291 1570 2321 Terris
1583 2302 1650 2329 quas
1663 2302 1760 2324 tenent
1771 2295 1800 2324 in
1812 2295 1956 2335 praesenti,
1974 2295 2118 2326 Gentibus
2131 2296 2196 2335 suis,
2215 2297 2324 2329 Valito-

1268 2330 1359 2372 ribuS,
1376 2328 1549 2374 &vassallis
1563 2331 1731 2361 eorumdem
1747 2332 1920 2371 Regnorum
1942 2342 2025 2371 atque
2038 2334 2211 2373 Terrarum,
2229 2336 2281 2366 suis
2295 2347 2325 2366 e-

1268 2375 1337 2397 tiam
1361 2367 1531 2398 Valitoribus
1552 2370 1586 2399 &
1607 2369 1730 2399 Vaffallis
1746 2372 1794 2408 qui
1809 2373 1837 2400 in
1855 2370 2032 2409 Roffilione,
2048 2371 2204 2412 Ceritania,
2223 2373 2327 2405 Catha-

1269 2405 1344 2435 lonia
1356 2406 1459 2436 Terras
1473 2415 1570 2436 tenent
1583 2415 1629 2437 aut
1643 2406 1741 2438 Castra
1750 2431 1759 2447 ,
1775 2409 1808 2439 ὃς
1823 2410 1907 2439 etiam
1922 2407 1937 2438 ὲ
1952 2408 2040 2439 nobili
2055 2412 2117 2441 viro
2131 2410 2267 2443 Domino
2277 2413 2327 2452 Ja-

1270 2445 1349 2474 cobo
1370 2444 1475 2474 Patruo
1496 2445 1563 2483 su0,
1583 2445 1680 2476 Terris
1703 2448 1786 2476 etiarn
1806 2447 1875 2486 suis,
1891 2448 1924 2478 ὃς
1941 2447 2062 2486 Castris,
2082 2459 2146 2487 quae
2162 2450 2282 2487 poffidet
2296 2453 2326 2482 in

1269 2482 1413 2520 praesenti,
1431 2482 1536 2521 suisque
1550 2483 1707 2523 Gentibus,
1725 2485 1896 2516 Valitoribus
1911 2486 1944 2516 &
1960 2486 2085 2517 Vaffallis
2098 2510 2108 2525 ,
2124 2497 2176 2527 pro
2190 2489 2326 2521 Domino

1270 2520 1369 2551 nostro
1385 2521 1506 2551 Alfonso
1521 2521 1604 2560 Rege
1620 2523 1770 2563 Aragoniae
1784 2523 1898 2563 illustri,
1914 2523 2019 2562 suisque
2033 2525 2155 2564 Regnis‚
2174 2526 2325 2560 Comitatu

1270 2558 1475 2597 Barchinon-ae,
1494 2569 1526 2589 ac
1540 2560 1636 2590 Terris
1648 2562 1719 2600 aliis,
1738 2572 1803 2600 quas
1816 2571 1892 2592 tenet
1906 2562 1940 2592 ad
1954 2563 2086 2602 praesens,
2095 2563 2237 2596 Gentibus
2252 2577 2326 2606 quo-

1272 2607 1327 2636 que
1349 2599 1382 2628 &
1406 2597 1576 2629 Valitoribus
1589 2600 1640 2629 suis
1655 2601 1824 2630 eorumdem
1848 2610 1883 2630 ue
1898 2600 1964 2631 Rev
1985 2611 2086 2640 orum,
2105 2601 2269 2635 Comitatus
2285 2613 2327 2636 at-

1272 2646 1328 2674 que
1348 2636 1502 2667 Terrarum
1514 2661 1524 2675 ,
1549 2638 1583 2668 &
1603 2639 1753 2676 specialiter
1771 2639 1807 2669 de
1821 2639 1839 2668 il
1852 2639 1872 2668 is
1884 2638 1935 2669 suis
1978 2639 2119 2671 alitoribus
2136 2642 2170 2672 &
2183 2642 2326 2682 Vaffallis,

1273 2676 1322 2713 qui
1342 2675 1370 2704 in
1394 2675 1552 2706 Rossilione
1571 2677 1604 2707 &
1626 2677 1781 2707 Cerritania
1801 2686 1882 2707 terras
1897 2686 1993 2708 tenent
2007 2687 2053 2709 aut
2068 2678 2182 2718 Castra,
2199 2689 2284 2719 prout
2298 2683 2328 2712 in

1272 2713 1361 2744 littera
1374 2714 1454 2752 super
1469 2715 1525 2746 hoc
1541 2715 1673 2746 confedta
1686 2716 1792 2754 plenius
1806 2717 1984 2754 continetur,

1310 2752 1396 2789 Nos,
1414 2753 1570 2791 hujusmodi
1591 2755 1737 2785 autoritate
1759 2754 1897 2793 mandati,
1915 2756 2012 2794 vobis,
2031 2754 2161 2787 Domine
2174 2756 2240 2788 Rex
2254 2758 2330 2789 illus-

1273 2791 1320 2821 tris
1334 2814 1343 2829 ,
1368 2792 1518 2828 plenariam
1532 2815 1542 2831 ,
1559 2793 1604 2822 seu
1619 2793 1795 2832 generalem,
1812 2794 1845 2825 &
1859 2793 1993 2832 liberam,
2010 2795 2074 2824 vice
2086 2795 2194 2832 praefati
2208 2796 2332 2827 Domini

1272 2829 1360 2873 nostri
1382 2829 1469 2870 Regis
1489 2831 1640 2871 Aragoniae
1655 2856 1664 2870 ,
1689 2832 1836 2862 tribuimus
1847 2831 2015 2869 potestatem
2027 2832 2111 2862 dandi
2123 2842 2268 2873 treugam,
2284 2835 2332 2866 seu

1272 2876 1356 2898 etiam
1377 2869 1541 2907 acceptandi
1562 2870 1682 2900 viciffim
1701 2871 1802 2908 pariter
1823 2870 1856 2900 δε
1879 2872 2020 2908 utrimque
2033 2893 2043 2909 ,
2067 2872 2140 2901 inter
2159 2882 2330 2904 memoratas

1271 2906 1415 2945 personaS,
1433 2908 1553 2946 superius
1566 2910 1738 2946 nominatas,
1756 2908 1876 2946 Regna,
1893 2909 2012 2947 Terras,
2031 2911 2065 2941 ὃς
2077 2910 2191 2948 Castra,
2209 2911 2332 2950 Gentes,

1273 2945 1411 2976 Valitores
1432 2947 1531 2986 pariter
1551 2947 1585 2977 ὃς
1606 2946 1741 2977 Vaffallos
1754 2970 1765 2986 ,
1782 2948 1811 2976 in
1823 2946 1916 2976 forma
1927 2957 1981 2985 qua
1996 2947 2126 2986 expedire
2140 2950 2277 2989 videritis,
2295 2951 2329 2982 ὅτ.

1271 2984 1357 3021 usque
1371 2986 1404 3016 ad
1418 2986 1572 3015 terminum
1587 2995 1673 3022 quern
1687 2994 1766 3016 tanto
1780 2985 1956 3016 decreveritis
1971 2988 2087 3026 negotio
2100 2989 2263 3019 convenire.

1310 3022 1378 3053 Nos
1398 3024 1502 3054 etenim
1524 3031 1614 3053 ratum
1633 3024 1796 3054 habebimus
1815 3024 1849 3054 &
1869 3032 2018 3062 acceptum
2033 3049 2043 3062 ,
2069 3026 2134 3056 vice
2154 3026 2250 3057 nostra
2263 3050 2272 3065 ‚
2296 3028 2330 3059 &

1273 3059 1397 3092 Domini
1411 3061 1499 3092 nostri
1514 3063 1663 3092 memorati
1677 3062 1765 3099 Regis
1781 3061 1948 3101 Aragoniae,
1967 3063 2101 3101 quicquid
2116 3073 2166 3101 per
2188 3075 2256 3103 VOS,
2274 3067 2329 3097 cir-

1271 3108 1305 3128 ca
1338 3101 1473 3139 raemiffa,
1491 3100 1585 3130 aetum
1600 3100 1697 3139 fuerit,
1714 3100 1839 3140 gestum,
1859 3100 1904 3131 seu
1918 3103 2002 3131 etiarn
2013 3101 2182 3133 ordinatum.

1323 3147 1343 3167 n
1362 3140 1440 3176 cujus
1459 3140 1499 3169 rei
1520 3138 1715 3169 testimonium
1731 3139 1896 3176 praesentem
1912 3139 2032 3171 litteram
2048 3140 2201 3179 sigillorum
2216 3141 2329 3172 nostro-

1270 3181 1335 3205 rum
1349 3177 1531 3214 impressione
1546 3176 1666 3207 fecimus
1677 3176 1808 3217 infigniri.

1308 3251 1415 3295 Atstum
1431 3254 1464 3284 &
1476 3253 1585 3283 Datum
1599 3252 1680 3295 Paris.
1697 3253 1872 3285 duodecimo
1889 3253 1953 3284 Kal.
1974 3252 2112 3295 Augusti,
2129 3265 2204 3285 anno
2219 3254 2328 3285 Domi*

1271 3291 1300 3320 ni
1312 3290 1461 3323 millesimo
1477 3291 1670 3322 ducentesimo
1683 3292 1876 3332 ostuagefimo
1891 3293 1977 3324 seXto.

1358 3413 1464 3447 Lirera
1482 3417 1567 3461 Regis
1585 3411 1716 3447 Franciae
1734 3411 1771 3448 de
1788 3414 1932 3448 condaffu
1945 3427 2001 3463 pro
2018 3420 2096 3465 Rege
2115 3416 2242 3463 Angliae.

1325 3499 1458 3544 Hilippus
1471 3525 1480 3539 ,
1505 3499 1562 3530 Dei
1580 3499 1666 3539 gratia
1681 3522 1691 3538 ‚
1716 3497 1841 3531 Franciae
1860 3501 1926 3531 Rex
1939 3524 1949 3540 ,
1966 3502 2073 3535 ramicis
2085 3502 2120 3533 ὃς
2135 3500 2262 3532 fidelibus
2276 3502 2330 3534 suis

1271 3500 1319 3561 P

1269 3576 1306 3606 dil
1325 3542 1470 3607 ggmverlffi
1486 3562 1496 3576 ‚
1518 3538 1553 3569 ad
1576 3548 1647 3576 quos
1669 3539 1815 3576 praesentes
1836 3539 1934 3571 litterae
1949 3541 2144 3577 pervenerint,
2162 3539 2277 3571 salutem
2292 3543 2327 3573 δε
2345 3519 2475 3592 Αιῐξέὄᾳ

1308 3586 1572 3646 (Ῑίἷοῗιῗῐῗιωζαςίῐηυε
1601 3615 1680 3653 quod
1705 3625 1757 3646 nos
1777 3616 1922 3656 egregium
1941 3615 2105 3654 Principem
2118 3640 2128 3654 ,
2152 3617 2323 3649 cariffimum
2339 3603 2391 3627 An.
2416 3611 2460 3637 ¹4·

1272 3654 1509 3694 consanguineum
1532 3654 1566 3684 &
1587 3653 1698 3684 fidelem
1720 3654 1869 3693 nostrum,
1886 3654 2079 3692 Edwardum,
2097 3654 2156 3685 Dei
2175 3657 2277 3696 gratia,
2293 3658 2327 3687 il*
2340 3641 2361 3664 E

1213 3706 1223 3709 ⁴
1273 3692 1389 3722 lustrem
1411 3692 1524 3732 Regem
1543 3692 1655 3729 Angliae
1668 3716 1678 3730 ,
1702 3691 1868 3723 Dominum
1889 3693 2038 3723 Hiberniae
2057 3694 2091 3724 &
2103 3692 2221 3724 Ducem
2236 3694 2327 3733 Aqui—

1275 3732 1393 3769 tanniae,
1411 3732 1457 3768 qui
1469 3730 1502 3760 ad
1517 3730 1564 3760 has
1580 3739 1669 3768 partes
1684 3730 1779 3770 Regni
1793 3730 1900 3768 nostri,
1918 3739 1949 3760 ut
1961 3731 2074 3761 insimul
2089 3741 2142 3762 nos
2154 3732 2326 3772 videremus,

1274 3770 1308 3800 ad
1321 3769 1530 3807 requisitionem
1544 3768 1671 3799 nostram
1684 3771 1779 3807 venit,
1796 3770 1830 3800 ὃς
1844 3769 1877 3798 ad
1892 3769 1997 3799 diversa
2010 3769 2105 3810 Regni
2118 3770 2208 3801 nostri
2221 3772 2285 3802 loca
2299 3773 2326 3802 se

1273 3808 1420 3839 transferre
1432 3808 1583 3845 proponit,
1601 3808 1629 3837 in
1643 3806 1742 3838 nostro
1756 3807 1901 3838 conductu
1915 3807 2075 3845 suscipimus
2088 3808 2201 3848 eundo,
2213 3820 2327 3840 moran-

1275 3846 1332 3885 do,
1349 3856 1381 3876 ac
1395 3846 1459 3875 inde
1475 3845 1664 3883 quascumque
1677 3855 1765 3884 partes
1776 3845 1898 3876 voluerit
1910 3845 2071 3877 redeundo:

1315 3884 1406 3916 Unde
1426 3884 1508 3915 vobis
1527 3885 1662 3914 omnibus
1684 3885 1718 3915 ὃ(
1739 3884 1849 3923 singulis
1871 3883 2034 3916 mandamus
2049 3904 2059 3925 ‚-
2077 3887 2203 3924 quatinus
2218 3885 2326 3925 ipsum,

1276 3935 1344 3956 cum
1359 3921 1506 3954 Comitiva
1518 3921 1564 3952 sua
1578 3944 1588 3960 ,
1609 3932 1658 3960 per
1673 3922 1812 3961 Regnum
1826 3922 1958 3953 nostrum
1974 3923 2008 3954 δε
2018 3924 2187 3962 potestatem
2200 3923 2326 3954 nostram

1275 3965 1349 3996 salvo
1361 3964 1395 3994 &
1408 3961 1502 3992 secure
1515 3959 1678 3991 conducatis
1686 3984 1696 4000 ,
1710 3962 1743 3992 &
1756 3959 1881 3991 conduci
1893 3960 2016 4001 faciatis3
2029 3963 2064 3993 ad
2078 3962 2278 3993 salvamentum
2292 3963 2328 3993 &-

1274 4002 1469 4035 liberationem
1483 3998 1565 4038 ipfius
1576 3999 1611 4032 ὃς
1625 3999 1681 4032 suae
1696 4000 1842 4069 eomitgvae
1854 3998 2008 4034 efficaciter
2018 4001 2210 4039 intendentes,
2224 3999 2243 4030 si
2254 4009 2328 4069 ofpsus

1818 4047 1837 4068 2
2299 4047 2328 4068 e-

2340 3723 2374 3749 47
2406 3715 2421 3741 b

2338 3759 2405 3789 penes
2419 3757 2471 3780 Ca÷

2344 3799 2437 3818 merar-

2332 1906 2345 1923 *
2357 1909 2470 1944 IL329.

2388 3676 2454 3715 ef·
