2560 4261
203 141 253 170 22

48 212 126 245 Anti.
142 211 183 243 D.
201 211 346 250 bendum,
362 208 528 251 potestatem
544 207 643 237 habeat
661 214 729 243 nos,
753 205 787 236 &
804 212 913 245 partem
933 202 1059 246 Nepotis
1077 202 1167 234 nostri
1185 211 1259 246 cori-

70 261 155 291 ¹¹90·
201 252 350 291 stringere,
367 250 428 287 vel,
445 249 466 279 si
476 270 486 286 ,
524 254 619 285 ropter
638 243 728 274 causas
746 243 907 284 praedictas,
933 253 994 274 non
1014 242 1093 273 fieret
1110 249 1258 282 matrimo-

200 291 298 328 nium,
322 289 356 320 ad
370 288 501 318 restituen
521 294 566 314 am
580 283 746 320 pecuniam,
770 292 841 321 nOS,
858 291 905 313 aut
917 281 1040 312 haeredes
1052 280 1163 312 nostros
1176 302 1186 318 ,
1210 285 1259 308 aut

200 336 302 359 teriam
316 326 439 358 nostram
454 333 490 354 co
509 333 555 353 ere
569 321 668 351 habeat
681 319 855 360 potestatem.

236 365 271 397 Id
312 374 408 402 uoque
421 362 456 392 de
468 361 485 391 fi
506 359 640 399 ejuffione
652 358 797 389 Rornanae
810 358 943 390 Ecclesiae
954 368 1006 389 nos
1019 359 1112 396 itaque
1122 355 1259 399 fai‘s‘curos,

200 405 291 445 praedi
321 412 404 434 orum
417 401 543 430 virorum
556 408 607 428 nos
620 397 805 437 obligavimus
818 398 990 436 juramentis,
1014 397 1083 426 sicut
1095 393 1262 436 Capitularis

199 445 291 475 forma
312 441 440 473 continet
452 447 536 477 quam
548 436 632 468 vobis
643 436 768 467 mifimus
783 435 870 476 Sigilli
884 435 974 466 nostri
987 434 1159 475 appositione
1172 435 1259 472 ligna-

211 490 267 512 am.

198 489 210 513 t
237 519 268 549 Si
288 524 383 548 autem
403 515 487 546 nobis
507 514 563 546 sine
581 512 740 545 haeredibus
758 512 975 551 decedentibus,
992 510 1047 548 ipse
1068 509 1102 540 ad
1123 509 1261 553 Regnum

201 556 332 588 nostrum
345 554 518 585 haereditario
530 556 589 593 jure
601 553 773 593 pervenerit,
798 551 834 581 de
847 551 953 590 Regno
967 548 1065 579 nostro
1076 547 1128 578 tale
1143 548 1182 577 illi
1194 546 1262 590 Do-

202 595 304 626 tarium
327 593 522 633 designamuS,
553 591 684 623 videlicet
702 591 848 629 antiquum
869 590 903 621 &
923 587 1090 619 consuetum
1109 585 1263 617 Dotarium

203 633 382 672 Reginarum
396 631 516 671 Angiiae.

52 798 79 830 Α
144 797 177 829 D
226 753 412 802 Juramenti
426 753 567 799 formula
587 752 671 798 fasti
700 750 738 784 de
755 762 830 799 pace
840 748 1020 798 supradifla
1039 752 1114 796 Regi
1127 749 1245 782 Siciliae.

81 808 128 829 nn.
180 821 187 828 .

73 846 157 876 1190.

52 879 81 905 A
99 881 145 906 2ss
162 886 171 905 ¹
206 840 287 904 EG
297 851 318 871 o
341 839 386 871 N.
406 840 467 877 juro
479 837 557 877 super
569 837 633 869 haec
647 836 748 868 Sansta
762 836 821 868 Dei
833 835 1002 876 Evangelia,
1047 834 1105 865 uod
1119 833 1265 865 Dominus

280 889 358 909 meus
377 878 537 909 Ricliardus
558 876 624 906 Rex
638 876 749 916 Angliae
763 877 799 906 ab
813 875 881 905 hora
893 876 922 905 in
936 883 1016 905 antea
1039 874 1146 904 ervabit
1158 873 1267 904 Domi-

205 927 246 948 no
258 917 288 947 T
288 916 410 947 ancredo
423 916 500 956 Regi
511 915 630 953 Siciliae,
646 913 776 945 Ducatsis
792 914 903 954 Apuliae
917 936 927 951 ,
949 911 1125 951 principatus
1138 910 1265 951 Capuae,

204 956 239 986 δε
261 955 368 995 Regno
389 956 462 993 ejus,
479 956 513 986 &
533 954 587 984 toti
605 962 686 984 terrae
703 953 902 984 dominationis
919 952 974 983 suae
985 960 1087 992 pacem
1100 959 1264 991 perpetuam

204 1003 255 1033 per
268 994 294 1025 se
311 995 357 1025 vel
373 1003 421 1033 per
434 993 515 1030 suos,
533 999 604 1022 terra
616 993 650 1023 &
664 992 742 1022 mari.
1196 1028 1202 1033 .

241 1032 278 1063 Et
347 1031 459 1062 uamdiu
484 1031 630 1061 Dominus
655 1039 735 1060 meus
760 1028 898 1061 Ricardus
916 1028 982 1059 Rex
1000 1027 1113 1068 Angliae
1132 1028 1215 1059 fuerit
1234 1028 1266 1059 in

201 1056 309 1111 Regu}
323 1043 445 1101 {omini
456 1069 599 1101 Tancredi
611 1069 698 1108 Regis
711 1068 831 1106 sicuiae,
845 1068 922 1099 dabir
935 1069 960 1097 ei
973 1067 1104 1098 auxiiium
1116 1067 1155 1111 aa.
1165 1066 1264 1111 deferi-

202 1109 343 1180 ssnduffd·
356 1117 457 1140 terram
483 1107 560 1139 suam
590 1108 752 1148 ubicunque
769 1107 853 1138 fuerit
872 1108 903 1137 in
920 1106 1011 1137 Terra
1033 1105 1158 1136 Domini
1177 1105 1265 1145 Regis

234 1158 300 1179 ancr
337 1158 353 1176 i.

242 1186 280 1218 Et
300 1185 377 1226 quod
398 1185 543 1216 Dominus
562 1194 642 1216 meus
659 1194 758 1226 pacem
775 1184 855 1216 istam
874 1192 960 1215 manu
974 1183 1019 1215 sua
1031 1183 1148 1222 jurabit,
1162 1182 1183 1214 fi
1198 1181 1265 1213 Do-

204 1226 298 1258 minus
310 1225 376 1255 Rex
388 1224 553 1255 Tancredus
565 1225 688 1255 similiter
700 1233 800 1264 pacem
815 1233 901 1254 manu
914 1222 960 1253 susi
972 1223 1108 1261 juraverit.

242 1262 298 1302 Et,
312 1264 332 1295 si
343 1263 493 1301 aliquando
509 1262 604 1302 (quod
619 1262 704 1300 absit)
726 1262 870 1292 Dominus
881 1271 960 1292 meus
970 1261 1054 1292 vellet
1068 1270 1168 1301 pacem
1182 1260 1263 1290 istam

206 1302 372 1342 infringere,
390 1311 444 1370 epo
461 1311 566 1339 ponam
586 1311 634 1332 me
653 1302 684 1332 in
703 1302 834 1342 captione
845 1301 926 1341 ipsius
946 1299 1068 1331 Domini
1081 1300 1168 1340 Regis
1182 1299 1264 1330 Tan-

205 1341 298 1380 credi,
316 1342 365 1371 ubi
376 1342 404 1378 ip
416 1350 432 1370 e
444 1340 572 1370 voluerit.

242 1379 281 1411 Et
300 1379 363 1410 haec
385 1379 482 1409 omnia
500 1378 644 1409 Dominus
664 1388 744 1409 meus
757 1377 917 1409 Richardus
927 1377 993 1408 Rex
1006 1377 1118 1418 Angliae
1131 1400 1141 1415 ,
1164 1377 1198 1408 &
1210 1384 1266 1416 ego

205 1418 283 1450 bona
302 1417 372 1455 fide,
387 1418 421 1448 &
441 1418 498 1448 sme
516 1417 629 1456 fraude,
647 1418 704 1448 fine
721 1417 797 1447 malo
816 1417 929 1456 ingenio
941 1417 1113 1454 tenebimus,
1131 1416 1169 1447 sic
1184 1415 1265 1446 Deus

205 1466 258 1488 nos
276 1456 404 1495 adjuvet,
421 1456 455 1488 &
477 1456 540 1488 haec
559 1455 659 1487 Sancta
679 1455 739 1487 Dei
753 1455 918 1496 Evangelia,
944 1456 978 1488 &
995 1455 1167 1487 Sanctorum
1183 1454 1265 1486 Reii-

203 1497 285 1536 quiae.
305 1495 408 1526 Amen.

56 1621 105 1650 ⁸1·
119 1618 166 1657 ⁶9·
205 1623 234 1649 δὲ
243 1620 374 1671 Epistola
391 1621 520 1656 Ricardi
532 1625 619 1670 Regis
628 1624 744 1671 Angliae
757 1622 802 1656 ad
817 1623 994 1657 Clementem
1004 1627 1139 1669 Papam,
1157 1620 1193 1656 de
1203 1624 1266 1655 Pa-

357 1683 389 1705 ce
407 1671 498 1717 falla
519 1675 597 1705 inter
618 1673 713 1720 ipfhm
729 1676 766 1711 (ῥ’
781 1671 973 1707 Tancredum
987 1675 1110 1720 Regem.

54 1778 133 1811 Ann-
149 1777 190 1809 D·
269 1757 496 1806 Everepdiffimo
515 1756 672 1803 Domino,
696 1768 737 1802 ac.
750 1756 908 1803 beatissimo
925 1756 1001 1787 Patri
1017 1755 1178 1801 Clementi,
1204 1755 1263 1787 Dei

56 1825 193 1886 ,5131-
207 1797 691 1876 ςιῑκὲἑῖῐηῡῖξωέιξίηῗὲἓῗὲςὲὶ
698 1794 1265 1874 Ῑῗέἓῖἓῗέἒῑὲεῗὲἓὲῐὸοῗέἷξῃῗξεόῗὲζ

206 1875 348 1913 Salutem,
365 1876 399 1906 δε
417 1875 529 1906 sincerae
542 1876 571 1905 in
587 1874 722 1905 Domino
735 1874 893 1904 devotionis
901 1872 1045 1903 affeetum.

236 1913 391 1952 justiorem
409 1915 515 1944 exitum
536 1913 608 1944 fatita
623 1912 789 1953 Principum
801 1911 966 1950 sortiuntur,
984 1920 1054 1941 cum
1066 1921 1081 1941 a
1095 1911 1157 1942 sede
1172 1911 1263 1952 Apos-

204 1953 290 1984 tolica
307 1953 394 1983 robur
413 1953 447 1984 &
471 1952 598 1983 favorem
616 1952 776 1991 accipiunt,
797 1951 830 1982 &
850 1950 960 1980 Santstae
973 1949 1117 1980 Romanae
1130 1949 1264 1980 Ecclesiae

204 1991 350 2031 colloquio
361 1990 531 2031 diriguntur,
550 1989 668 2032 proinde
680 1990 800 2030 dignum
812 1988 941 2019 duximus
954 1988 988 2018 ad
1004 1990 1133 2019 notitiam
1147 1990 1265 2019 beatitu-

201 2029 274 2060 dinis
294 2029 408 2068 vestrae,
423 2039 486 2069 quae
505 2031 578 2060 inter
595 2039 660 2067 nos,
678 2030 713 2060 &
738 2028 903 2058 Dominum
922 2027 1107 2057 Tancredum
1127 2027 1263 2058 illustrem

200 2067 328 2138 &magia
319 2068 432 2108 Regem
446 2068 562 2109 publico
576 2077 665 2106 nuper
681 2067 716 2099 δε
729 2065 885 2097 admodum
898 2065 1052 2096 necessario
1066 2066 1128 2097 sunt
1140 2066 1263 2097 celebra-

198 2115 228 2138 ta
243 2115 282 2138 tra
330 2116 368 2138 tu.

240 2146 313 2176 Sane
332 2145 514 2177 dilefflonem
533 2145 698 2185 fraternam,
717 2145 751 2177 &
772 2154 874 2184 pacem
894 2152 1057 2185 perpetuam
1077 2153 1146 2175 cum
1167 2154 1205 2176 eo
1219 2143 1265 2174 fir-

203 2185 359 2223 mavimus,
376 2195 461 2224 quam
476 2184 646 2225 Magnatum
659 2184 838 2222 nostrorum,
863 2183 1166 2224 Archiep'rscoporum,
1187 2183 1266 2222 Epis-

202 2232 346 2261 coporum
360 2246 369 2261 ,
393 2224 427 2254 ὃς
446 2222 634 2263 plurimorum
652 2225 781 2254 virorum
800 2222 947 2253 illustrium
967 2223 1143 2260 juramentis,
1164 2223 1206 2260 ei,
1228 2223 1262 2253 ὃς

202 2262 272 2301 suis,
290 2262 324 2292 &
344 2261 450 2302 Regno
468 2262 533 2300 suo,
551 2263 584 2293 &
606 2263 660 2293 toti
673 2262 772 2293 Terrae
784 2261 997 2292 Dominationis
1009 2260 1080 2299 suae,
1097 2271 1149 2291 nos
1161 2261 1261 2291 illibata

203 2300 261 2332 fide
274 2300 450 2340 promisimus
462 2300 622 2332 servaturos.

241 2338 323 2370 Cum'
338 2339 398 2379 ipso
411 2341 494 2370 etiam
508 2341 597 2380 pacis,
620 2341 654 2372 &
666 2339 798 2370 amicitiae
813 2338 918 2370 Foedus
928 2338 1043 2370 arffiori
1056 2338 1148 2369 adhuc
1162 2340 1265 2370 vincu-

204 2376 236 2408 lo
255 2377 448 2417 astringentes,
469 2380 544 2409 inter
561 2379 717 2409 Arthurum
747 2380 872 2418 aregium
886 2378 1003 2408 Ducem
1019 2377 1168 2408 Britanniae
1182 2378 1264 2408 karis-

203 2416 308 2448 simum
327 2416 479 2456 Nepotem
500 2417 646 2456 nostrum,
672 2418 706 2449 &
760 2417 897 2455 aeredem,
923 2416 963 2455 (si
982 2426 1034 2446 nos
1051 2416 1188 2447 decedere
1208 2417 1265 2447 sine

226 2456 285 2486 role
305 2456 471 2496 contigerit)
492 2457 526 2487 ὃ(
547 2456 682 2487 illustrem
704 2456 805 2486 Filiam
825 2457 882 2493 ejus
900 2456 1133 2493 matrimonium,
1150 2455 1264 2485 volente

237 2495 339 2525 omino
352 2517 362 2533 ,
380 2495 557 2526 condiximus
571 2495 812 2533 contrahendum,
834 2494 912 2534 quod
922 2493 1055 2524 Domino
1069 2494 1199 2524 larwiente
1214 2494 1262 2524 de-

204 2533 293 2564 bitam
323 2535 600 2565 consummationem
626 2535 769 2574 accipiet,
801 2543 870 2564 cum
897 2531 1006 2564 illustris
1035 2519 1130 2563 Puelsi’i
1159 2533 1266 2563 nubiles

207 2581 296 2602 annos
322 2573 460 2610 attigerit:
486 2581 532 2603 aut
553 2572 690 2613 praediCm
716 2573 851 2603 Domino
876 2570 1028 2602 Tancredo
1058 2572 1132 2611 Regi
1173 2571 1265 2602 lacue-

206 2611 243 2641 rit
255 2633 265 2648 ,
290 2619 320 2640 ut
332 2611 403 2640 infra
418 2611 525 2641 nubiles
541 2621 629 2642 annos
646 2611 691 2641 illa
707 2610 736 2641 in
758 2610 890 2641 Uxorem
902 2609 955 2640 Ne
996 2611 1017 2641 ti
1029 2610 1128 2641 nostro
1163 2610 1264 2648 espon-

204 2648 288 2680 sanda
306 2649 440 2687 tradatur,
460 2660 512 2680 nos
530 2650 539 2678 i
560 2648 620 2679 sum
643 2649 696 2680 Ne
736 2658 795 2680 tem
814 2649 942 2680 nostrum
981 2658 1018 2679 oc
1038 2649 1176 2679 faetumm
1192 2658 1265 2679 con-

204 2686 356 2757 Ξῖίᾙωυε,
372 2688 391 2718 fi
409 2687 510 2720 Sancta
561 2697 663 2720 orna-na
710 2689 807 2720 eclesia
826 2687 979 2719 decreverit
997 2687 1076 2728 super
1088 2687 1145 2717 hoc
1156 2687 1265 2727 dispen-

245 2736 269 2757 e.

240 2765 397 2797 Pecuniam
416 2776 485 2797 vero
497 2790 506 2805 ‚
528 2777 613 2807 quam
654 2778 686 2798 ro
707 2766 899 2798 Matrimonio
918 2764 976 2806 ipso
994 2764 1028 2795 ad
1048 2774 1119 2805 opus
1137 2764 1264 2804 Nepotis

205 2804 295 2835 nostri
311 2805 348 2835 ab
367 2805 471 2836 eodem
488 2805 622 2837 Domino
634 2777 715 2846 Rege
726 2805 880 2837 Tancredo
891 2805 1065 2844 recepimus,
1082 2802 1204 2841 scilicet,
1221 2804 1262 2834 vi-

206 2844 275 2882 ginti
298 2843 384 2873 millia
403 2845 549 2875 unciarum
573 2846 659 2884 Auri,
674 2847 693 2876 si
713 2846 800 2883 forte,
825 2843 903 2883 quod
923 2843 1007 2881 absit,
1030 2851 1124 2873 morte
1142 2843 1265 2872 interve-

207 2882 304 2912 niente
324 2882 448 2921 alterius‚
471 2891 517 2913 aut
534 2884 615 2924 culpa
633 2884 745 2923 nostra,
766 2891 813 2913 aut
833 2882 920 2913 nostri
947 2881 1072 2922 Nepotis
1087 2905 1097 2919 ,
1119 2889 1166 2911 aut
1183 2881 1264 2918 partis

207 2921 219 2950 i
240 2920 306 2957 sius,
329 2920 549 2952 Matrimonium
568 2932 629 2953 non
648 2922 746 2961 staret,
769 2932 836 2960 nos,
861 2929 908 2952 aut
927 2919 1063 2952 Haeredes
1083 2919 1188 2957 nostri,
1215 2920 1264 2959 ipsi

241 2960 343 2989 omino
362 2958 436 2999 Regi
457 2960 611 2991 Tancredo
625 2970 672 2991 aut
686 2960 856 2991 Haeredibus
870 2961 926 2998 ejus
939 2969 972 2989 ex
984 2960 1094 2998 integro
1106 2957 1266 2997 restituere,

205 2996 333 3039 praestitis
345 2996 423 3040 super
437 2997 495 3028 hoc
509 3000 698 3037 sacramentis,
714 3009 748 3030 ex
763 3007 840 3038 parte
852 2998 945 3029 nostra
960 3007 1098 3031 tenemur.

248 3035 296 3067 Ut
314 3036 397 3103 igitur
419 3044 500 3066 tenor
511 3039 585 3076 pacis
597 3039 674 3069 init-ae
687 3039 722 3070 ὅτ.
736 3039 834 3069 initiati
847 3038 1020 3068 matrimonii
1030 3035 1097 3067 fides
1108 3044 1177 3066 cum
1193 3036 1265 3067 inte-

245 3076 307 3105 'tate
344 3074 417 3104 ebita
434 3084 469 3104 ex
488 3084 563 3112 parte
585 3076 678 3106 nostra
698 3078 732 3108 &
745 3076 869 3118 Nepotis
883 3075 970 3106 nostri
982 3075 1119 3112 servetur,
1134 3074 1204 3106 sicut
1217 3075 1266 3115 ipsi

245 3114 347 3144 omino
365 3112 535 3151 Tancred0,
549 3115 622 3144 inter
663 3115 709 3145 sita
726 3114 895 3154 jurisjurandi
915 3114 1062 3154 religione,
1078 3113 1265 3151 firmavimus,

208 3152 395 3184 SanCtitatern
415 3151 534 3181 vestram
558 3153 591 3182 &
628 3153 739 3183 anei-am
754 3154 917 3184 Romanam
932 3152 1087 3183 Ecclesiam
1101 3152 1206 3182 obnixe
1220 3162 1266 3183 ro-

208 3201 307 3232 gamus
315 3213 325 3228 ,
341 3198 474 3230 quatenus
486 3191 520 3221 &
534 3189 651 3220 firmarae
663 3192 736 3229 pacis
748 3192 887 3222 servandae
898 3200 1050 3232 perpetuo,
1074 3191 1109 3222 &
1122 3191 1263 3221 matrimo-

210 3231 252 3262 nii
273 3227 504 3266 consummandi,
523 3229 584 3267 vel,
601 3228 621 3258 fi
641 3238 675 3258 ex
696 3229 833 3267 praedic'tis
852 3231 938 3260 causis
950 3230 1165 3262 matrimonium
1179 3229 1269 3269 ipsum

210 3278 273 3300 non
292 3267 386 3305 fieret,
401 3266 575 3297 restituendae
594 3268 722 3305 pecuniae
740 3268 841 3298 Sanffl.
853 3268 926 3298 sedes
941 3268 1106 3308 Apostolica
1119 3267 1270 3307 fidejussio-

209 3316 282 3375 iiiem
300 3315 367 3375 FO·
380 3306 463 3374 nsobis
482 3305 605 3346 suscipiat
624 3315 688 3346 erga
709 3305 875 3337 Dominum
897 3306 1011 3346 Regem
1030 3306 1215 3338 Tancredum
1236 3306 1270 3337 &

245 3354 300 3374 aere
320 3355 347 3374 es
360 3354 449 3382 ipius.

253 3382 340 3421 Cujus
358 3382 534 3421 fidejussionis
555 3393 641 3422 onus,
663 3391 694 3414 ut
712 3383 886 3414 confidenter
904 3383 1055 3414 nobiscum
1068 3383 1202 3414 Romana
1214 3382 1272 3414 Ec-

212 3421 445 3489 clesiasusciffiiat,
458 3422 637 3461 praesentium
649 3422 802 3453 litterarum
815 3421 978 3453 testimonio
991 3423 1086 3460 vobis,
1113 3423 1147 3453 δε
1161 3422 1272 3452 Sanetae

215 3459 363 3492 Romanae
403 3460 509 3490 cclefiae
522 3460 638 3491 liberam
654 3460 839 3491 concedimus
851 3460 1016 3500 potestatem
1026 3485 1034 3498 ,
1053 3471 1106 3490 nos
1122 3461 1155 3491 &
1169 3459 1274 3490 Haere-

218 3497 269 3528 des
286 3499 410 3535 nostros,
429 3499 462 3529 &
483 3498 603 3529 Terram
615 3499 740 3530 nostram
753 3498 900 3530 distriffius
912 3508 1061 3536 coercere,
1078 3499 1099 3529 si
1113 3507 1212 3529 contra
1226 3508 1274 3539 pa-

217 3545 286 3566 cem
307 3535 448 3576 praefatam
468 3538 625 3567 venerimus
640 3561 650 3576 ,
674 3539 720 3569 vel
740 3537 880 3579 praedietis
898 3538 983 3568 caufis
1004 3535 1193 3567 Matrimonio
1212 3547 1273 3568 non

217 3574 316 3605 secuto
324 3597 333 3612 ,
351 3583 401 3606 nos
413 3582 459 3604 aut
473 3574 610 3605 Haeredes
620 3576 706 3607 nostri
719 3577 888 3608 solutionem
897 3575 1027 3621 pecuniae
1039 3583 1209 3614 negaremus.

257 3612 305 3655 Ad
318 3613 457 3643 honorem
470 3614 610 3651 utriusque
624 3614 720 3654 Regni
734 3615 823 3646 vestra
836 3624 917 3645 novit
930 3613 1073 3645 beatitudo
1084 3612 1222 3654 speetare,
1236 3613 1272 3652 fi,

221 3650 363 3682 mediante
378 3649 510 3681 Romana
532 3651 668 3690 Ecclesia,
683 3655 757 3692 pacis
777 3654 894 3694 pariter,
911 3653 946 3685 &
965 3652 1145 3683 Matrimonii
1163 3652 1275 3682 bonum

221 3688 258 3720 ad
278 3696 437 3728 congruum
454 3688 539 3719 finem
559 3690 705 3730 deveniat,
718 3692 794 3722 unde
814 3692 958 3732 multiplex
978 3693 1007 3722 in
1027 3691 1155 3722 futurum
1174 3690 1274 3720 utilitas

222 3727 414 3797 ffigmr.
447 3726 579 3760 Testibus
591 3730 748 3771 nobisipsis
762 3731 918 3764 undecimo
931 3729 977 3762 die
989 3729 1185 3767 Novembris,
1199 3728 1275 3768 apud

623 111 1431 164 CONVENTIONES‚

1486 110 1888 160 LITERAE3

2383 200 2461 234 Ann.
2475 203 2516 237 D.

2404 249 2489 279 1191.

1303 293 1323 312 ⁸
1345 293 1506 325 Conventio
1523 290 1658 336 quedam
1676 295 1755 326 inter
1770 291 1939 339 Philippum
1962 294 2072 340 Regem
2090 295 2223 329 Franciae
2234 298 2291 340 ,ὠ
2307 299 2366 332 Ri-
2385 306 2402 323 ἢ*
2419 309 2443 335 1,
2456 308 2504 337 68,

1497 339 1627 373 cardum
1641 343 1751 388 Regem
1768 342 1886 388 Angliae
1895 366 1907 384 ,
1925 340 2016 386 fassa
2030 341 2182 390 Meffiznae.

1310 441 1334 462 1.
1358 433 1423 495 IN
1438 433 1575 479 Nomine
1584 434 1694 466 Sanstae
1705 436 1738 467 &
1752 435 1904 467 individuae
1915 435 2073 477 Trinitatis,
2092 438 2197 469 Amen.
2220 439 2366 481 Philippus

1357 510 1362 515 ἡ
1405 472 1464 503 Dei
1493 473 1592 517 Gratia
1612 473 1788 504 Francorum
1809 475 1880 518 Rex.
1897 514 1903 519 .
1919 474 2067 519 Noverint
2085 478 2203 509 universi
2219 479 2366 519 praesentoe
2384 460 2398 487 1

1306 512 1474 580 ἒηὲῗειῗῗη
1481 512 1690 582 Ῑὲἳῑὲὓέ,“οἓε
1698 512 2160 583 {ffissffflffiffifflssssa
2170 516 2205 584 ‘1³³‘
2217 518 2362 587 fflssffi

1307 587 1388 625 gliae,
1404 589 1438 618 &
1452 591 1460 617 i
1481 588 1507 618 se
1519 598 1620 628 pacem
1631 574 1754 621 >firmavit
1767 590 1850 620 nobis
1862 590 2036 622 sacramento
2047 593 2077 621 in
2087 591 2166 623 hunc
2178 564 2310 624 ωεὲἀυῐη.

1346 634 1374 672 ²1*
1394 598 1639 674 Praegicsto-Regi
1663 629 1744 673 borio
1766 629 1854 659 corde
1872 630 2000 672 &Ubona
2021 630 2165 661 voluntate
2182 633 2366 664 concedimus

1307 661 1390 731 {uod
1409 665 1517 708 amodo
1537 665 1624 696 libere
1641 668 1795 706 quamlibet
1813 667 1934 698 voluerit
1953 668 2037 698 ducat
2056 668 2208 708 Uxorem,
2233 680 2293 700 non
2311 672 2366 702 ob-

1337 710 1401 745 ante
1420 702 1466 732 illa
1486 702 1687 735 Conventione
1707 706 1779 736 inter
1799 715 1851 735 nos
1872 706 2008 743 &ipsum
2023 706 2094 738 fache
2106 708 2142 738 de
2154 708 2259 740 Sorore
2272 709 2365 741 nostra
2385 694 2522 736 Ex·R⁰“‘⁸

1309 739 1421 778 Aelois,
1439 751 1526 780 quam
1538 741 1658 773 debebat
1666 743 1769 774 ducere
1783 744 1813 774 in
1829 743 1972 774 Uxorem.
2386 729 2408 756 ²⁰
2422 740 2447 756 ¹²²
2454 728 2523 766 The-⁴

1351 788 1377 818 3.
1397 778 1535 810 Praetcrea
1547 781 1714 819 quitavimus
1728 784 1752 812 ei
1765 783 1799 813 &
1813 781 1981 814 Haeredibus
1994 783 2046 814 suis
2059 783 2191 816 Masculis
2203 809 2213 824 ,
2238 795 2272 817 ex
2282 796 2319 818 eo
2333 767 2484 819 &swan

1310 816 1415 863 Uxore
1434 818 1480 848 sua
1499 818 1656 858 desponsata
1674 821 1813 851 nascituris
1825 822 1859 852 &
1871 821 2030 852 viventibus
2044 822 2109 863 post
2122 823 2266 855 decessum
2279 825 2310 855 R
2346 827 2369 857 is

1311 856 1440 896 Angliae,
1457 858 1491 888 ὃς
1503 866 1606 888 terram
1618 858 1809 903 Tenentibus,
1824 859 1998 903 Gisortium,
2016 861 2051 892 &
2064 860 2232 902 Melpham,
2251 865 2284 895 &
2333 874 2368 895 o-

1311 905 1383 926 vum
1401 895 1558 940 Castellum
1579 897 1615 940 de
1635 896 1741 928 Sancto
1759 898 1906 937 Dionisio,
1929 899 1963 929 &
1985 898 2156 931 Mulcasium
2178 901 2368 935 Normanum

1312 943 1382 964 cum
1395 943 1564 972 pertmentiis
1576 935 1635 965 suis.
2226 946 2228 948 ·

1311 972 1436 1042 maffeii&
1453 973 2010 1045 ffirffiissxcsssscgffiixfflssdsuffdiim
2018 978 2103 1047 ..¹31⁰st
2127 980 2374 1050 ⁰⁰⁰d¹³g⁶¹53tif¹³⁶

1311 1051 1400 1090 tium,
1419 1051 1453 1081 &
1473 1050 1649 1097 Melp'hatn,⁴
1659 1052 1693 1083 &
1710 1051 1839 1096 Novum
1860 1026 2031 1092 Castelluffi'
2047 1025 2090 1086 &tea
2098 1026 2273 1088 Mtiitlrclaffiitsn
2288 1029 2373 1088 Ngi‘:

1311 1098 1386 1120 man.
1406 1099 1474 1120 cum
1494 1099 1664 1128 pertinentiis
1682 1090 1732 1121 suis
1751 1090 1784 1121 ad
1806 1101 1878 1129 nos,
1894 1091 1940 1122 vel
1958 1091 2093 1124 Haeredee
2112 1094 2223 1126 nostros
2235 1096 2374 1128 masculos

1310 1137 1344 1158 ex
1359 1128 1442 1158 nobis
1455 1130 1489 1161 &
1502 1129 1605 1160 Uxore
1618 1128 1713 1160 nostra
1724 1129 1898 1169 desponsata,
1915 1132 2067 1161 revenient.

1345 1175 1372 1205 5.
1391 1167 1446 1205 Et,
1463 1168 1483 1198 si
1496 1178 1548 1199 nos
1561 1170 1636 1199 mori
1647 1169 1825 1208 contingeret
1838 1168 1895 1198 sine
1911 1168 2035 1199 masculo
2048 1168 2173 1201 Haerede
2188 1181 2222 1202 ex
2233 1173 2315 1203 nobis
2328 1173 2364 1204 &

1308 1204 1412 1236 Uxore
1423 1206 1517 1237 nostra
1527 1207 1702 1246 desponsata,
1719 1208 1833 1238 vivente
1846 1206 1910 1246 post
1921 1206 2066 1238 deceffum
2081 1209 2210 1240 nostrum
2219 1234 2228 1249 ,
2248 1211 2282 1240 &
2294 1212 2370 1242 Ter-

1308 1254 1370 1274 ram
1390 1253 1519 1283 tenente,
1533 1247 1666 1277 volumus
1686 1246 1764 1285 quod
1783 1245 1958 1283 Gisortiuin‚
1978 1247 2011 1277 &
2036 1245 2173 1287 Melpha,
2189 1249 2223 1279 &
2243 1248 2370 1281 Novum

1309 1282 1483 1327 Castellum,
1498 1284 1532 1315 δε
1551 1284 1891 1328 Mulcafium1Norrnan.
1907 1294 1976 1315 curn
1995 1286 2166 1324 pertinentiis
2184 1286 2235 1317 suis
2255 1287 2290 1318 ad
2304 1287 2371 1319 Do-

1310 1331 1422 1352 minum
1435 1321 1628 1354 Normanniae
1641 1331 1792 1354 reveniant.

1346 1361 1373 1391 6.
1391 1360 1446 1399 Et,
1456 1361 1482 1405 'si
1503 1361 1569 1392 Rex
1590 1362 1703 1402 Angliae
1718 1361 1832 1393 haberet
1846 1362 1917 1393 duos
1928 1360 2064 1393 Haeredes
2079 1362 2230 1402 masculos,
2246 1373 2292 1395 aut
2307 1366 2370 1407 plu·

1309 1409 1368 1438 res,
1383 1399 1475 1430 voluit
1493 1400 1527 1431 &
1549 1400 1686 1431 concessit
1703 1408 1734 1431 ut
1751 1402 1839 1440 major
1858 1409 1924 1431 natu
1943 1408 2035 1431 teneat
2054 1403 2084 1432 in
2099 1412 2131 1432 ca
2153 1403 2189 1432 ite
2203 1413 2218 1432 a
2230 1404 2311 1434 nobis
2324 1413 2370 1436 to-

1309 1446 1372 1470 tum
1392 1438 1421 1469 id
1462 1438 1518 1469 uod
1540 1438 1624 1483 debet
1646 1447 1742 1470 tenere
1759 1449 1775 1469 a
1789 1439 1872 1470 nobis
1890 1440 1959 1469 citra
1973 1449 2051 1470 mare
2065 1411 2191 1481 Angliae,
2211 1442 2244 1471 δε
2255 1442 2322 1472 alius
2337 1454 2370 1474 u-

1308 1487 1377 1508 nam
1396 1486 1430 1507 ex
1476 1479 1578 1508 aroniis
1596 1478 1682 1509 tribus
1703 1478 1810 1508 tenebit
1831 1478 1847 1508 {i
1861 1478 1943 1508 nobis
1958 1479 1986 1508 iii
1998 1480 2104 1518 capite,
2123 1489 2178 1510 Viz.
2195 1479 2372 1512 Dominium

1308 1516 1501 1547 Nortnanniae
1544 1525 1591 1547 aut
1609 1516 1784 1547 Dominium
1807 1516 1994 1557 Andegaviae,
2017 1518 2052 1549 &
2071 1516 2280 1549 Cenomanniae
2292 1542 2302 1559 ,
2323 1529 2371 1551 aut

1308 1554 1485 1586 Dominium
1496 1540 1673 1594 Equithaniae
1687 1556 1720 1586 &
1734 1555 1877 1586 Pictaviae.

1348 1603 1375 1634 7.
1392 1593 1430 1624 Et
1442 1617 1452 1632 ,
1477 1603 1590 1635 propter
1610 1593 1675 1624 haec
1695 1593 1847 1633 supradicta
1859 1617 1868 1632 ,
1893 1593 2009 1625 donavit
2028 1595 2110 1625 nobis
2153 1595 2281 1626 raedietus
2304 1597 2373 1628 Rex

1308 1633 1422 1673 Angliae
1443 1632 1544 1663 docem
1564 1633 1650 1663 millia
1672 1631 1784 1664 Marcas
1808 1632 1944 1673 Argenti,
1958 1633 1993 1664 ad
2005 1632 2116 1674 pondus
2159 1634 2287 1674 recense,
2305 1646 2388 1674 qua-k

1309 1682 1375 1702 rum
1392 1672 1442 1702 tria
1463 1672 1547 1702 millia
1566 1672 1655 1702 solvet
1671 1672 1771 1710 nobis,
1788 1671 1832 1701 vel
1854 1673 1963 1702 nuncio
1985 1671 2085 1702 nostro
2099 1681 2178 1703 certo
2194 1674 2223 1702 in
2237 1675 2373 1711 proximo

1309 1710 1396 1741 Festo
1407 1711 1541 1740 omnium
1556 1710 1727 1741 Sandtorum
1739 1710 1812 1748 apud
1826 1708 1951 1740 Caluum
1963 1709 2116 1740 Momem:
2133 1711 2167 1742 &
2178 1712 2228 1742 alia
2243 1713 2292 1742 tria
2306 1714 2375 1744 mil-

1308 1749 1342 1780 lia
1361 1750 1390 1780 in
1413 1749 1467 1779 alio
1480 1748 1565 1779 Festo
1577 1750 1710 1779 omnium
1724 1748 1909 1779 Sanctorum:
1929 1749 1963 1779 ὅ(
1977 1748 2036 1780 duo
2049 1749 2134 1779 millia
2147 1750 2176 1779 in
2190 1751 2272 1780 tertio
2285 1751 2374 1782 Festo

1309 1789 1444 1857 gmrgum
1462 1787 1645 1819 Sanc'torum:
1665 1788 1700 1819 &
1720 1786 1770 1835 alia
1791 1787 1850 1818 duo
1870 1787 1955 1818 millia
1970 1788 2000 1818 in
2021 1796 2122 1827 quarto
2140 1787 2226 1819 Festo
2236 1790 2374 1821 omniurn

1331 1837 1364 1857 an
1396 1836 1488 1857 orum.

1349 1865 1374 1895 8.
1395 1864 1531 1896 Praeterea
1549 1864 1735 1896 concedimus
1753 1866 1788 1897 ὅτ
1808 1865 1997 1896 conceffimus
2017 1865 2095 1904 quod
2117 1865 2153 1896 de
2167 1866 2302 1897 omnibus
2312 1867 2374 1897 feo-

1307 1903 1364 1942 dis,
1383 1914 1454 1942 quos
1474 1904 1688 1945 praedecessores
1700 1904 1767 1935 suia
1778 1903 1877 1935 nostris
1891 1913 2053 1942 tenuerant,
2071 1904 2163 1935 homo
2177 1904 2273 1936 noster
2287 1906 2375 1945 ligeus

1308 1942 1366 1981 est,
1381 1943 1450 1974 sicut
1468 1942 1681 1984 praedecessores
1701 1943 1738 1974 sui
1758 1943 1867 1974 fuerant
1899 1942 2114 1973 raedecess'orum
2126 1943 2288 1975 nostrorum
2302 1968 2313 1983 ,
2337 1945 2373 1976 &

1309 1991 1362 2012 nos
1373 1983 1530 2022 recepimus
1544 1983 1572 2012 in
1584 1982 1734 2012 hominem
1750 1982 1855 2021 ligeum
1888 1992 1904 2011 e
1917 1981 2056 2022 praediffis
2068 1981 2165 2012 feodis.

1344 2030 1371 2064 9.
1390 2019 1450 2060 Ipse
1461 2029 1555 2050 autem
1575 2021 1692 2059 quitavit
1705 2020 1788 2056 nobis
1801 2020 1920 2051 feodum
1934 2019 2094 2057 Exondini,
2116 2020 2150 2050 &
2165 2019 2282 2051 feodum
2298 2020 2371 2051 Cra-

1309 2060 1361 2090 caii
1379 2069 1449 2089 curn
1467 2059 1601 2089 omnibus
1624 2059 1812 2099 pertinentiis,
1827 2059 1861 2089 &
1882 2059 2015 2097 quicquid
2035 2057 2173 2097 habebat,
2191 2059 2224 2090 &
2237 2058 2374 2098 quicquid

1308 2098 1471 2167 expesdtabat
1490 2097 1653 2128 habendum
1673 2098 1703 2128 in
1719 2097 1871 2136 Alvernia,
1888 2098 1946 2128 tam
1958 2098 1988 2128 in
2000 2096 2103 2136 feodo,
2117 2098 2202 2137 quam
2218 2098 2247 2129 in
2263 2097 2375 2129 Domi·

1310 2146 1360 2167 nio
1385 2147 1431 2168 uo.

1346 2184 1390 2207 10.
1409 2175 1478 2207 Nos
1503 2185 1598 2207 autem
1626 2176 1794 2215 quitavimus
1813 2176 1838 2206 ei
1859 2174 2017 2206 Caturcum
2043 2175 2078 2205 &
2097 2174 2245 2206 Caturcin.
2266 2176 2307 2206 int
2357 2184 2375 2207 e

1308 2223 1378 2245 curn
1420 2216 1569 2246 ertinentiis
1589 2214 1655 2253 suis,
1675 2215 1797 2252 exceptis
1815 2211 1922 2244 duabus
1942 2213 2070 2245 Abbatiis
2083 2214 2236 2253 regalibus,
2252 2214 2307 2244 viz.
2352 2216 2377 2245 i-

1307 2253 1380 2297 siaco
1453 2254 1563 2286 Sellaco
1582 2263 1650 2284 cum
1670 2253 1841 2294 pertinentiis
1853 2252 1922 2292 suis,
1939 2262 2004 2294 quae
2016 2251 2122 2283 noffiae
2133 2252 2209 2291 sunt,
2224 2252 2259 2284 &
2270 2253 2305 2284 ad
2319 2263 2376 2284 nos

1307 2301 1473 2376 pessnegrigk
1491 2340 1585 2363 autern
1604 2330 1684 2362 nobis
1707 2329 1845 2375 concessit
1859 2329 1938 2369 quod
1950 2329 1986 2360 de
1997 2338 2068 2360 terra
2081 2328 2207 2360 Comitis
2221 2328 2316 2360 Sancti
2329 2329 2373 2374 ῌ-

1337 2369 1374 2400 dii
1394 2370 1480 2400 nichil
1497 2371 1533 2401 de
1553 2379 1659 2400 caetero
1678 2370 1832 2406 occupabit
1843 2370 1912 2399 ultra
1924 2368 1984 2399 hoe
1991 2368 2070 2407 quod
2081 2367 2218 2405 diximuS‚
2235 2369 2371 2408 quamdiu

1358 2418 1417 2439 mes
1430 2408 1525 2439 Sanffl
1539 2408 1633 2449 Egidii
1646 2409 1675 2438 in
1692 2408 1779 2439 Curia
1794 2407 1887 2438 nostra
1900 2406 2012 2438 sufferre
2025 2406 2157 2444 iustitiam
2170 2406 2306 2446 voluerit,
2325 2416 2372 2439 aut

1310 2448 1450 2488 potuerit,
1466 2447 1495 2478 Si
1510 2457 1579 2477 vero
1592 2446 1701 2477 Comes
1715 2445 1810 2477 Sanffl
1825 2445 1918 2486 Egidii
1931 2447 1961 2476 in
1976 2444 2062 2476 Curia
2076 2444 2169 2475 nostra
2180 2444 2216 2475 de
2227 2445 2290 2483 jiire
2302 2445 2374 2476 defi-

1310 2495 1404 2524 ceret,
1422 2496 1474 2517 nos
1493 2495 1596 2516 exrunc
1616 2485 1691 2526 Regi
1712 2485 1841 2525 Angliae,
1859 2494 1912 2524 pro
1933 2483 2050 2515 Comite
2063 2483 2160 2527 Sancti
2171 2482 2263 2523 Egidii
2275 2507 2287 2523 ,
2311 2494 2374 2516 non

1310 2535 1494 2564 noceremus,
1511 2524 1561 2555 nisi
1577 2523 1676 2565 sponte
1688 2523 1782 2554 nostra
1795 2524 1884 2563 ipsum
1897 2522 2034 2553 vellemus
2046 2521 2182 2558 adjuvare.

1351 2574 1394 2594 12.
1413 2564 1442 2594 Si
1461 2573 1555 2594 autem
1575 2563 1718 2602 praedictae
1738 2561 1954 2592 Conventiones
1973 2563 2044 2592 inter
2066 2570 2119 2591 nos
2132 2560 2166 2591 ad
2180 2560 2322 2600 invicem,
2338 2560 2374 2593 fi-

1309 2610 1360 2633 cut
1377 2603 1497 2644 superius
1518 2601 1601 2632 dictae
1621 2601 1699 2639 sunt,
1715 2600 1827 2632 fuerunt
1845 2599 2015 2639 observatae,
2033 2599 2164 2630 volumus
2183 2599 2217 2630 &
2235 2599 2374 2631 concedi-

1309 2651 1373 2672 mus
1389 2641 1467 2680 quod
1480 2640 1546 2671 Rex
1560 2639 1670 2679 Angli-ae
1685 2639 1800 2677 habeat,
1817 2639 1851 2670 &
1861 2646 1954 2669 teneat
1967 2639 1997 2668 in
2010 2638 2089 2668 bona
2100 2647 2170 2675 pace
2182 2638 2280 2667 omnia
2293 2645 2373 2668 tene-

1308 2688 1420 2717 menta,
1439 2681 1468 2709 in
1491 2678 1591 2709 Feodo
1611 2679 1645 2709 δε
1659 2678 1819 2715 Dominio,
1838 2686 1904 2716 quae
1915 2677 2038 2708 habebat
2049 2675 2095 2706 die
2110 2685 2164 2714 qua
2181 2675 2231 2707 iter
2240 2674 2373 2714 Jerosoli-

1308 2718 1449 2748 mitanum
1462 2717 1583 2756 arripuit.

1347 2765 1390 2793 13.
1409 2755 1458 2785 De
1478 2753 1728 2785 Conventionibus
1746 2760 1841 2784 autem
1855 2752 1995 2792 praedietis
2007 2759 2108 2783 mutuo
2120 2751 2296 2783 observandis
2309 2752 2373 2784 Re-

1306 2795 1335 2834 gi
1354 2794 1465 2834 Angiiae
1484 2793 1582 2824 damus
1603 2791 1769 2830 fidejussbres
1789 2792 1824 2822 &
1845 2791 1952 2822 obsides
1965 2790 2116 2821 Comitem
2129 2790 2287 2822 Pontinum
2302 2801 2372 2823 cum

1308 2842 1373 2863 toto
1385 2832 1471 2863 feodo
1483 2833 1512 2862 in
1527 2831 1605 2862 hunc
1619 2830 1740 2862 modum
1748 2855 1757 2869 ‚
1777 2830 1853 2869 quod
1861 2854 1871 2869 ,
1888 2831 1908 2860 fi
1921 2829 2065 2871 praedictas
2078 2828 2294 2860 Conventiones
2305 2839 2371 2860 orn-

1309 2881 1357 2902 nes
1386 2881 1446 2901 non
1463 2871 1692 2908 observaremus,
1736 2869 1863 2899 raedietus
1884 2868 1993 2900 Comes
2042 2875 2089 2898 aut
2105 2867 2206 2898 Haeres
2227 2869 2283 2906 ejus
2299 2869 2372 2900 inter

1308 2919 1363 2941 tres
1375 2909 1550 2950 septimanas,
1570 2918 1602 2939 ex
1616 2916 1692 2948 parte
1738 2909 1793 2947 egis
1806 2906 1988 2947 Angliae,vel
2001 2892 2130 2937 Haeredis
2144 2907 2182 2937 sui
2199 2909 2213 2925 ²*
2229 2907 2374 2946 requisitus
2390 2925 2406 2943 ῃ
2419 2923 2435 2956 1

1309 2950 1343 2980 &
1357 2949 1530 2980 submonitus
1544 2972 1554 2986 ,
1579 2949 1609 2978 in
1622 2947 1735 2990 propria
1745 2945 1874 2987 persona,
1893 2945 1938 2975 vel
1950 2945 1985 2976 ad
1999 2944 2120 2976 domum
2133 2945 2208 2976 suam
2241 2947 2293 2977 ubi
2305 2946 2371 2978 soli-
2437 2946 2444 2954 ⁰
2456 2934 2504 2962 7⁰*

2400 461 2520 498 ncipien-

2383 506 2409 527 te
2417 501 2521 529 Annua

2385 538 2452 565 Nat.

2385 576 2486 604 Christi

2412 623 2421 640 i
2431 624 2494 649 19¹·

2385 655 2421 679 A.
2431 656 2524 681 2.R.i.‘

1308 2996 1350 3018 tus
1372 2986 1412 3017 est
1438 2986 1577 3024 habitare,
1594 2994 1688 3016 veniet
1707 2983 1742 3015 ad
1758 2984 1869 3024 Regem
1883 2983 1996 3023 Angliae
2007 3006 2017 3021 ,
2033 2983 2090 3014 sine
2103 2969 2328 3015 contradictione
2342 2995 2372 3015 a-

1307 3027 1396 3067 liqua,
1413 3035 1482 3055 cum
1500 3024 1632 3055 omnibus
1652 3022 1743 3054 feodis
1760 3024 1812 3054 suis
1830 3023 1960 3062 integris,
1985 3021 2019 3053 ad
2038 3021 2067 3052 id
2085 3021 2246 3053 faciendum
2265 3024 2373 3062 teneri,

1330 3064 1388 3096 uod
1408 3063 1493 3095 Carta
1510 3064 1590 3104 super
1609 3063 1668 3093 hoc
1688 3061 1761 3093 fasta
1773 3060 1900 3100 testatur,
1918 3060 2011 3093 donec
2024 3059 2192 3092 Conventio
2210 3060 2280 3093 salva
2292 3061 2325 3092 sit
2337 3062 2373 3094 &

1352 3114 1396 3180 ιιῗ.
1415 3140 1526 3171 Omnes
1545 3140 1606 3179 alii,
1622 3139 1671 3178 qui
1687 3138 1831 3179 subscripti
1851 3138 1927 3177 sunt,
1945 3138 2047 3169 eodem
2061 3137 2152 3168 modo
2163 3136 2220 3169 dati
2231 3136 2292 3169 sunt
2304 3138 2375 3169 fido-

1310 3180 1421 3220 jussores
1436 3181 1469 3211 ὅ(
1481 3179 1606 3216 obsides,
1623 3178 1681 3208 hoc
1695 3177 1772 3208 idem
1785 3177 1953 3208 observaturi
1965 3177 2042 3216 quod
2052 3176 2129 3207 idem
2142 3175 2266 3215 Comes,
2281 3177 2315 3209 &
2329 3179 2374 3208 in-

1311 3220 1348 3251 de
1361 3219 1461 3249 litteras
1473 3217 1529 3248 suas
1542 3225 1664 3256 patentes
1676 3215 1782 3246 dabunt
1796 3216 1872 3255 Regi
1885 3215 1913 3246 A
1952 3215 2011 3253 liae,
2029 3214 2074 3245 vel
2086 3215 2142 3253 ejus
2153 3223 2232 3245 certo
2246 3216 2354 3246 nuncio

1311 3259 1346 3290 δε
1355 3258 1486 3296 jurabunt
1499 3255 1642 3295 praedidtas
1653 3253 1868 3299 Conventiones
1881 3254 1908 3284 se
1914 3224 2126 3298 &servaturog
2145 3253 2296 3285 secundum
2310 3237 2374 3293 posi

1311 3297 1338 3327 se
1351 3296 1430 3326 suum
1466 3295 1542 3324 bona
1556 3292 1628 3330 fide,
1647 3293 1681 3323 ὃς
1691 3293 1747 3323 sinc
1760 3293 1836 3323 malo
1852 3302 1976 3332 ingenio.

1314 3343 1398 3404 Co15.
1417 3319 1472 3364 hiri
1483 3330 1771 3403 giggsnzeggggifforae
1787 3331 1850 3362 sunt
1866 3354 1876 3371 ,
1901 3329 1966 3372 post
1988 3329 2154 3370 Comitem,
2178 3329 2215 3363 de
2235 3327 2375 3370 praediffls

1364 3381 1482 3404 nvenuo
1680 3393 1686 3401 .

1315 3450 1436 3481 Beurad.
1452 3450 1484 3480 de
1497 3449 1595 3478 Sancto
1609 3447 1758 3487 Walerico,
1777 3446 1827 3478 vel
1837 3447 1883 3478 ille
1895 3459 1930 3477 ex
1943 3445 2170 3487 Haeredibusficis
2181 3446 2227 3485 qui
2241 3444 2372 3476 Saffum

1354 3488 1517 3520 Walericum
1527 3486 1645 3525 tenebit,
1664 3498 1722 3517 cum
1737 3494 1793 3516 toto
1806 3486 1952 3526 Feodofico.

1318 3527 1395 3558 Wll.
1415 3528 1447 3557 de
1461 3529 1564 3566 Borry,
1581 3524 1631 3555 vel
1643 3527 1741 3555 Haeres
1754 3525 1824 3564 ejus,
1844 3536 1902 3555 cum
1916 3533 1974 3555 toto
1990 3521 2138 3562 Feodosuo.

1316 3565 1462 3605 Johannes
1476 3565 1508 3594 de
1521 3567 1633 3602 Terria,
1649 3562 1699 3593 vel
1709 3566 1807 3593 Haeres
1819 3564 1875 3603 ejus
1889 3574 1946 3594 cum
1960 3570 2017 3594 toto
2028 3561 2111 3592 Feodo
2116 3559 2175 3599 fico.

1317 3606 1449 3634 Dominus
1461 3601 1659 3640 Cancellarius,
1675 3601 1724 3633 vel
1735 3604 1832 3632 Haeres
1845 3602 1915 3641 ejus,
1933 3613 1990 3633 cum
2003 3606 2058 3630 toto
2072 3598 2156 3629 Feodo
2163 3597 2225 3638 suoi

1317 3644 1419 3672 Punen.
1439 3642 1471 3671 de
1567 3639 1618 3670 vel
1629 3642 1725 3669 Haerer
1736 3641 1808 3679 ejus,
1827 3651 1884 3671 cum
1898 3647 1954 3670 toto
1967 3635 2114 3676 Feodosi'to.

1317 3685 1408 3712 comes
1417 3679 1565 3716 Robertus,
1584 3677 1634 3708 vel
1644 3680 1740 3709 Haeres
1753 3679 1824 3718 ejus,
1841 3690 1898 3709 cum
1910 3685 1966 3708 toto
1979 3673 2128 3743 Feodcziofuo.

1317 3721 1397 3756 Hugo
1410 3719 1442 3748 de
1457 3715 1585 3757 Castello,
1604 3716 1653 3746 vel
1664 3719 1760 3747 Haeres
1775 3717 1848 3756 ejus,
1865 3727 1923 3746 cum
1935 3721 1992 3745 toto
2002 3717 2052 3743 Feo
2111 3723 2155 3744 uo.

1318 3762 1407 3791 Comes
1422 3757 1529 3786 Partici
1536 3778 1545 3792 ,
1562 3754 1612 3785 vel
1621 3756 1719 3785 Haeres
1731 3756 1803 3795 ejus,
1822 3766 1879 3785 cum
1890 3760 1946 3783 toto
1959 3752 2044 3782 Feodo
2049 3750 2109 3791 fico.

1319 3797 1450 3826 Dominus
1464 3791 1585 3834 Isi'mdom
1594 3816 1604 3832 ,
1621 3793 1670 3824 vel
1683 3795 1779 3824 Haeres
1793 3795 1864 3833 ejus,
1880 3802 1937 3822 cum
1952 3796 2010 3821 toto
2023 3790 2107 3820 Feodn
2113 3787 2173 3828 suo-

1361 3871 1406 3902 16.
1425 3869 1574 3915 Conceffit
1587 3871 1671 3901 etiam
1683 3871 1767 3915 nobis
1782 3869 1848 3901 Rex
1860 3867 1971 3913 Angliae
1984 3865 2079 3935 ffissd’
2102 3862 2308 3908 infra-mensem
2316 3865 2380 3909 ‚pri-

1319 3919 1401 3942 murn
1415 3919 1431 3939 a
1443 3909 1532 3940 reditu
1541 3909 1606 3948 sui),
1621 3917 1744 3940 remittet
1755 3918 1786 3939 in
1799 3907 1962 3943 chmm,
2053 3901 2277 3947 conffadie‘hone
2288 3902 2325 3934 ah
2344 3912 2381 3934 ua

1319 3949 1355 3981 &
1372 3947 1592 3993 impedimento,
1610 3946 1707 3980 Aeiaoe
1719 3947 1852 3978 Sororem
1864 3943 2005 3981 nostram,
2018 3942 2076 3974 sive
2086 3951 2149 3972 vivi
2162 3939 2294 3973 fuerimus
2302 3963 2312 3980 ,
2343 3949 2381 3972 ve

1363 4033 1409 4064 17.
1427 4009 1565 4059 volumus
1583 4026 1668 4059 etiam
1689 4032 1721 4059 ut
1739 4023 1846 4056 servitia
1861 4018 2021 4060 &iniurias
2034 4026 2068 4052 ex
2082 4017 2202 4058 feodis,
2219 4026 2284 4060 quae
2297 4027 2314 4050 a
2326 4024 2386 4087 ng}
