<?xml version="1.0" encoding="UTF-8"?>
<!DOCTYPE html PUBLIC "-//W3C//DTD XHTML 1.0 Transitional//EN"
    "http://www.w3.org/TR/xhtml1/DTD/xhtml1-transitional.dtd">
<html xmlns="http://www.w3.org/1999/xhtml" xml:lang="en" lang="en">
 <head>
  <title>
</title>
<meta http-equiv="Content-Type" content="text/html;charset=utf-8" />
  <meta name='ocr-system' content='tesseract 3.04.00' />
  <meta name='ocr-capabilities' content='ocr_page ocr_carea ocr_par ocr_line ocrx_word'/>
</head>
<body>
  <div class='ocr_page' id='page_1' title='image "./fderaconventione01ryme_0131.png"; bbox 0 0 2570 4261; ppageno 0'>
   <div class='ocr_carea' id='block_1_1' title="bbox 3 295 135 337">
    <p class='ocr_par' dir='ltr' id='par_1_1' title="bbox 3 295 135 337">
     <span class='ocr_line' id='line_1_1' title="bbox 3 295 135 337; baseline 0 -8"><span class='ocrx_word' id='word_1_1' title='bbox 3 302 81 337; x_wconf 65' lang='lat' dir='ltr'>‘Am</span> <span class='ocrx_word' id='word_1_2' title='bbox 92 295 135 330; x_wconf 87' lang='lat' dir='ltr'>D.</span> 
     </span>
    </p>
   </div>
   <div class='ocr_carea' id='block_1_2' title="bbox 23 335 111 380">
    <p class='ocr_par' dir='ltr' id='par_1_2' title="bbox 23 335 111 380">
     <span class='ocr_line' id='line_1_2' title="bbox 23 335 111 380; baseline -0.023 -9"><span class='ocrx_word' id='word_1_3' title='bbox 23 335 111 380; x_wconf 59' lang='lat'>3215.</span> 
     </span>
    </p>
   </div>
   <div class='ocr_carea' id='block_1_3' title="bbox 5 751 144 1128">
    <p class='ocr_par' dir='ltr' id='par_1_3' title="bbox 5 751 144 1128">
     <span class='ocr_line' id='line_1_3' title="bbox 8 751 137 786; baseline -0.023 -1"><span class='ocrx_word' id='word_1_4' title='bbox 8 753 85 786; x_wconf 79' lang='lat' dir='ltr'>Ann.</span> <span class='ocrx_word' id='word_1_5' title='bbox 95 751 137 783; x_wconf 90' lang='lat' dir='ltr'>D.</span> 
     </span>
     <span class='ocr_line' id='line_1_4' title="bbox 36 798 121 830; baseline -0.047 -6"><span class='ocrx_word' id='word_1_6' title='bbox 36 798 121 830; x_wconf 83' lang='lat'>1215.</span> 
     </span>
     <span class='ocr_line' id='line_1_5' title="bbox 6 835 122 866; baseline -0.026 -5"><span class='ocrx_word' id='word_1_7' title='bbox 6 835 60 861; x_wconf 73' lang='lat' dir='ltr'>An.</span> <span class='ocrx_word' id='word_1_8' title='bbox 80 838 122 866; x_wconf 82' lang='lat' dir='ltr'>i&#39;7.</span> 
     </span>
     <span class='ocr_line' id='line_1_6' title="bbox 7 870 71 910; baseline 0.016 -12"><span class='ocrx_word' id='word_1_9' title='bbox 7 870 71 910; x_wconf 77' lang='lat' dir='ltr'><em>Joh.</em></span> 
     </span>
     <span class='ocr_line' id='line_1_7' title="bbox 8 911 113 937; baseline -0.01 0"><span class='ocrx_word' id='word_1_10' title='bbox 8 914 60 937; x_wconf 76' lang='lat' dir='ltr'>Ex.</span> <span class='ocrx_word' id='word_1_11' title='bbox 76 911 113 936; x_wconf 89' lang='lat'>0-</span> 
     </span>
     <span class='ocr_line' id='line_1_8' title="bbox 9 949 90 985; baseline -0.012 -10"><span class='ocrx_word' id='word_1_12' title='bbox 9 949 90 985; x_wconf 78' lang='lat' dir='ltr'>rigine</span> 
     </span>
     <span class='ocr_line' id='line_1_9' title="bbox 5 988 144 1025; baseline 0 -12"><span class='ocrx_word' id='word_1_13' title='bbox 5 993 78 1025; x_wconf 76' lang='lat' dir='ltr'>penes</span> <span class='ocrx_word' id='word_1_14' title='bbox 90 988 144 1013; x_wconf 81' lang='lat' dir='ltr'>Ca-</span> 
     </span>
     <span class='ocr_line' id='line_1_10' title="bbox 12 1033 107 1053; baseline -0.021 0"><span class='ocrx_word' id='word_1_15' title='bbox 12 1033 107 1053; x_wconf 73' lang='lat' dir='ltr'>merar-</span> 
     </span>
     <span class='ocr_line' id='line_1_11' title="bbox 10 1067 130 1091; baseline -0.017 0"><span class='ocrx_word' id='word_1_16' title='bbox 10 1067 130 1091; x_wconf 82' lang='lat' dir='ltr'>scaccar.</span> 
     </span>
     <span class='ocr_line' id='line_1_12' title="bbox 9 1102 85 1128; baseline -0.013 0"><span class='ocrx_word' id='word_1_17' title='bbox 9 1102 85 1128; x_wconf 73' lang='lat' dir='ltr'>tertio</span> 
     </span>
    </p>
   </div>
   <div class='ocr_carea' id='block_1_4' title="bbox 11 1139 96 1213">
    <p class='ocr_par' dir='ltr' id='par_1_4' title="bbox 11 1139 96 1213">
     <span class='ocr_line' id='line_1_13' title="bbox 11 1139 96 1167; baseline 0 0"><span class='ocrx_word' id='word_1_18' title='bbox 11 1139 96 1167; x_wconf 80' lang='lat' dir='ltr'>Bund.</span> 
     </span>
     <span class='ocr_line' id='line_1_14' title="bbox 11 1187 84 1213; baseline -0.014 -7"><span class='ocrx_word' id='word_1_19' title='bbox 11 1187 39 1207; x_wconf 74' lang='lat' dir='ltr'>n.</span> <span class='ocrx_word' id='word_1_20' title='bbox 55 1187 84 1213; x_wconf 86' lang='lat'>4.</span> 
     </span>
    </p>
   </div>
   <div class='ocr_carea' id='block_1_5' title="bbox 23 1831 188 1866">
    <p class='ocr_par' dir='ltr' id='par_1_5' title="bbox 23 1831 188 1866">
     <span class='ocr_line' id='line_1_15' title="bbox 23 1831 188 1866; baseline 0 -9"><span class='ocrx_word' id='word_1_21' title='bbox 23 1831 73 1860; x_wconf 72' lang='grc' dir='ltr'>Ἰ.</span> <span class='ocrx_word' id='word_1_22' title='bbox 87 1837 152 1866; x_wconf 86' lang='lat'>207.</span> <span class='ocrx_word' id='word_1_23' title='bbox 185 1833 188 1836; x_wconf 83' lang='grc'><strong><em>’</em></strong></span> 
     </span>
    </p>
   </div>
   <div class='ocr_carea' id='block_1_6' title="bbox 20 1914 153 2029">
    <p class='ocr_par' dir='ltr' id='par_1_6' title="bbox 20 1914 153 2029">
     <span class='ocr_line' id='line_1_16' title="bbox 20 1914 153 1947; baseline -0.015 0"><span class='ocrx_word' id='word_1_24' title='bbox 20 1915 98 1947; x_wconf 83' lang='lat' dir='ltr'>Ann.</span> <span class='ocrx_word' id='word_1_25' title='bbox 114 1914 153 1946; x_wconf 90' lang='lat' dir='ltr'>D.</span> 
     </span>
     <span class='ocr_line' id='line_1_17' title="bbox 44 1961 129 1992; baseline -0.012 -8"><span class='ocrx_word' id='word_1_26' title='bbox 44 1961 129 1992; x_wconf 85' lang='lat'>1215.</span> 
     </span>
     <span class='ocr_line' id='line_1_18' title="bbox 21 1998 141 2029; baseline -0.017 -6"><span class='ocrx_word' id='word_1_27' title='bbox 21 1998 76 2023; x_wconf 81' lang='lat' dir='ltr'>An.</span> <span class='ocrx_word' id='word_1_28' title='bbox 98 2003 141 2029; x_wconf 89' lang='lat'>¹7·</span> 
     </span>
    </p>
   </div>
   <div class='ocr_carea' id='block_1_7' title="bbox 21 2054 141 2105">
    <p class='ocr_par' dir='ltr' id='par_1_7' title="bbox 21 2054 141 2105">
     <span class='ocr_line' id='line_1_19' title="bbox 21 2054 141 2105; baseline -0.025 -5"><span class='ocrx_word' id='word_1_29' title='bbox 21 2054 86 2100; x_wconf 54' lang='lat' dir='ltr'>Pae]</span> <span class='ocrx_word' id='word_1_30' title='bbox 99 2080 141 2105; x_wconf 89' lang='lat'>17.</span> 
     </span>
    </p>
   </div>
   <div class='ocr_carea' id='block_1_8' title="bbox 23 2108 156 2184">
    <p class='ocr_par' dir='ltr' id='par_1_8' title="bbox 23 2108 156 2184">
     <span class='ocr_line' id='line_1_20' title="bbox 24 2108 156 2147; baseline 0 -11"><span class='ocrx_word' id='word_1_31' title='bbox 24 2108 120 2147; x_wconf 81' lang='lat' dir='ltr'>Johan.</span> <span class='ocrx_word' id='word_1_32' title='bbox 130 2118 156 2136; x_wconf 85' lang='lat' dir='ltr'>n.</span> 
     </span>
     <span class='ocr_line' id='line_1_21' title="bbox 23 2147 156 2184; baseline -0.008 -9"><span class='ocrx_word' id='word_1_33' title='bbox 23 2148 107 2184; x_wconf 84' lang='lat' dir='ltr'>56.m.</span> <span class='ocrx_word' id='word_1_34' title='bbox 114 2147 156 2175; x_wconf 81' lang='lat'>16.</span> 
     </span>
    </p>
   </div>
   <div class='ocr_carea' id='block_1_9' title="bbox 24 2299 134 2343">
    <p class='ocr_par' dir='ltr' id='par_1_9' title="bbox 24 2299 134 2343">
     <span class='ocr_line' id='line_1_22' title="bbox 24 2299 134 2343; baseline -0.009 -14"><span class='ocrx_word' id='word_1_35' title='bbox 24 2299 121 2343; x_wconf 23' lang='lat' dir='ltr'>,Ibidem</span> <span class='ocrx_word' id='word_1_36' title='bbox 126 2320 134 2328; x_wconf 83' lang='lat'>.</span> 
     </span>
    </p>
   </div>
   <div class='ocr_carea' id='block_1_10' title="bbox 720 204 1243 254">
    <p class='ocr_par' dir='ltr' id='par_1_10' title="bbox 720 204 1243 254">
     <span class='ocr_line' id='line_1_23' title="bbox 720 204 1243 254; baseline 0 -2"><span class='ocrx_word' id='word_1_37' title='bbox 720 204 1243 254; x_wconf 49' lang='lat' dir='ltr'>ET‘ACTA&#39;</span> 
     </span>
    </p>
   </div>
   <div class='ocr_carea' id='block_1_11' title="bbox 153 292 1220 370">
    <p class='ocr_par' dir='ltr' id='par_1_11' title="bbox 153 292 1220 370">
     <span class='ocr_line' id='line_1_24' title="bbox 153 292 1220 367; baseline 0.004 -41"><span class='ocrx_word' id='word_1_38' title='bbox 153 292 241 367; x_wconf 55' lang='lat' dir='ltr'>tttatstra</span> <span class='ocrx_word' id='word_1_39' title='bbox 255 294 370 366; x_wconf 49' lang='lat' dir='ltr'>{iuglande</span> <span class='ocrx_word' id='word_1_40' title='bbox 383 293 500 326; x_wconf 83' lang='lat' dir='ltr'>Hirhull</span> <span class='ocrx_word' id='word_1_41' title='bbox 514 294 549 328; x_wconf 86' lang='lat'>&amp;</span> <span class='ocrx_word' id='word_1_42' title='bbox 563 294 600 326; x_wconf 89' lang='lat' dir='ltr'>de</span> <span class='ocrx_word' id='word_1_43' title='bbox 615 293 762 336; x_wconf 81' lang='lat' dir='ltr'>Kirkeby,</span> <span class='ocrx_word' id='word_1_44' title='bbox 780 296 815 328; x_wconf 92' lang='lat' dir='ltr'>ad</span> <span class='ocrx_word' id='word_1_45' title='bbox 827 295 989 330; x_wconf 84' lang='lat' dir='ltr'>faciendum</span> <span class='ocrx_word' id='word_1_46' title='bbox 1005 298 1042 329; x_wconf 88' lang='lat' dir='ltr'>de</span> <span class='ocrx_word' id='word_1_47' title='bbox 1056 301 1094 330; x_wconf 72' lang='lat' dir='ltr'>eis</span> <span class='ocrx_word' id='word_1_48' title='bbox 1115 299 1220 331; x_wconf 88' lang='lat' dir='ltr'>volun-</span> 
     </span>
     <span class='ocr_line' id='line_1_25' title="bbox 169 345 395 370; baseline -0.009 -4"><span class='ocrx_word' id='word_1_49' title='bbox 169 345 184 366; x_wconf 88' lang='lat' dir='ltr'>a</span> <span class='ocrx_word' id='word_1_50' title='bbox 197 345 244 366; x_wconf 89' lang='lat' dir='ltr'>em</span> <span class='ocrx_word' id='word_1_51' title='bbox 269 346 287 366; x_wconf 83' lang='lat' dir='ltr'>u</span> <span class='ocrx_word' id='word_1_52' title='bbox 337 357 344 364; x_wconf 90' lang='lat'><strong>.</strong></span> <span class='ocrx_word' id='word_1_53' title='bbox 390 354 395 370; x_wconf 33' lang='grc' dir='ltr'>,ι</span> 
     </span>
    </p>
   </div>
   <div class='ocr_carea' id='block_1_12' title="bbox 156 412 311 450">
    <p class='ocr_par' dir='ltr' id='par_1_12' title="bbox 156 412 311 450">
     <span class='ocr_line' id='line_1_26' title="bbox 156 412 311 450; baseline -0.026 -4"><span class='ocrx_word' id='word_1_54' title='bbox 156 412 294 446; x_wconf 89' lang='lat' dir='ltr'>Testibus</span> <span class='ocrx_word' id='word_1_55' title='bbox 300 435 311 450; x_wconf 91' lang='lat'>,</span> 
     </span>
    </p>
   </div>
   <div class='ocr_carea' id='block_1_13' title="bbox 156 489 448 525">
    <p class='ocr_par' dir='ltr' id='par_1_13' title="bbox 156 489 448 525">
     <span class='ocr_line' id='line_1_27' title="bbox 156 489 448 525; baseline -0.021 -3"><span class='ocrx_word' id='word_1_56' title='bbox 156 492 191 522; x_wconf 83' lang='lat' dir='ltr'>R.</span> <span class='ocrx_word' id='word_1_57' title='bbox 210 491 310 519; x_wconf 84' lang='lat' dir='ltr'>Comite</span> <span class='ocrx_word' id='word_1_58' title='bbox 322 490 357 518; x_wconf 74' lang='lat' dir='ltr'>ee</span> <span class='ocrx_word' id='word_1_59' title='bbox 381 489 448 525; x_wconf 86' lang='lat' dir='ltr'>riae,</span> 
     </span>
    </p>
   </div>
   <div class='ocr_carea' id='block_1_14' title="bbox 157 490 1112 563">
    <p class='ocr_par' dir='ltr' id='par_1_14' title="bbox 157 490 1112 563">
     <span class='ocr_line' id='line_1_28' title="bbox 709 490 1112 529; baseline 0.002 -10"><span class='ocrx_word' id='word_1_60' title='bbox 709 491 808 526; x_wconf 77' lang='lat' dir='ltr'>Rogero</span> <span class='ocrx_word' id='word_1_61' title='bbox 821 490 852 519; x_wconf 86' lang='lat' dir='ltr'>de</span> <span class='ocrx_word' id='word_1_62' title='bbox 870 493 966 520; x_wconf 79' lang='lat' dir='ltr'>Monte</span> <span class='ocrx_word' id='word_1_63' title='bbox 980 493 1112 529; x_wconf 78' lang='lat' dir='ltr'>Rogana,</span> 
     </span>
     <span class='ocr_line' id='line_1_29' title="bbox 157 529 514 563; baseline -0.014 -4"><span class='ocrx_word' id='word_1_64' title='bbox 157 530 202 559; x_wconf 87' lang='lat' dir='ltr'>W.</span> <span class='ocrx_word' id='word_1_65' title='bbox 221 530 321 557; x_wconf 83' lang='lat' dir='ltr'>Comite</span> <span class='ocrx_word' id='word_1_66' title='bbox 351 538 365 556; x_wconf 85' lang='lat' dir='ltr'>e</span> <span class='ocrx_word' id='word_1_67' title='bbox 378 529 514 563; x_wconf 79' lang='lat' dir='ltr'>Ferariir,</span> 
     </span>
    </p>
   </div>
   <div class='ocr_carea' id='block_1_15' title="bbox 710 526 1074 568">
    <p class='ocr_par' dir='ltr' id='par_1_15' title="bbox 710 526 1074 568">
     <span class='ocr_line' id='line_1_30' title="bbox 710 526 1074 568; baseline 0.008 -12"><span class='ocrx_word' id='word_1_68' title='bbox 710 530 753 557; x_wconf 89' lang='lat' dir='ltr'><em>W</em></span> <span class='ocrx_word' id='word_1_69' title='bbox 752 526 858 558; x_wconf 76' lang='lat' dir='ltr'>illielmo</span> <span class='ocrx_word' id='word_1_70' title='bbox 875 529 906 559; x_wconf 86' lang='lat' dir='ltr'>de</span> <span class='ocrx_word' id='word_1_71' title='bbox 921 530 1074 568; x_wconf 81' lang='lat' dir='ltr'>Cantilupo.</span> 
     </span>
    </p>
   </div>
   <div class='ocr_carea' id='block_1_16' title="bbox 160 668 1234 1301">
    <p class='ocr_par' dir='ltr' id='par_1_16' title="bbox 160 668 1222 834">
     <span class='ocr_line' id='line_1_31' title="bbox 319 668 1059 716; baseline 0.004 -13"><span class='ocrx_word' id='word_1_72' title='bbox 319 671 369 704; x_wconf 86' lang='lat' dir='ltr'>De</span> <span class='ocrx_word' id='word_1_73' title='bbox 378 669 508 716; x_wconf 74' lang='lat' dir='ltr'>fl’rvitio</span> <span class='ocrx_word' id='word_1_74' title='bbox 525 668 679 716; x_wconf 79' lang='lat' dir='ltr'>Johannis</span> <span class='ocrx_word' id='word_1_75' title='bbox 699 669 809 714; x_wconf 81' lang='lat' dir='ltr'>Ccstriae</span> <span class='ocrx_word' id='word_1_76' title='bbox 826 671 1059 716; x_wconf 69' lang='lat' dir='ltr'>constabularii.</span> 
     </span>
     <span class='ocr_line' id='line_1_32' title="bbox 160 753 1222 818; baseline 0.003 -33"><span class='ocrx_word' id='word_1_77' title='bbox 160 754 223 818; x_wconf 87' lang='lat' dir='ltr'>O</span> <span class='ocrx_word' id='word_1_78' title='bbox 234 754 354 786; x_wconf 84' lang='lat' dir='ltr'>Mnibus</span> <span class='ocrx_word' id='word_1_79' title='bbox 368 753 475 785; x_wconf 89' lang='lat' dir='ltr'>Christi</span> <span class='ocrx_word' id='word_1_80' title='bbox 489 754 633 793; x_wconf 77' lang='lat' dir='ltr'>fidelibus,</span> <span class='ocrx_word' id='word_1_81' title='bbox 651 756 818 793; x_wconf 75' lang='lat' dir='ltr'>praesentem</span> <span class='ocrx_word' id='word_1_82' title='bbox 834 757 950 790; x_wconf 73' lang='lat' dir='ltr'>Cariam</span> <span class='ocrx_word' id='word_1_83' title='bbox 971 758 1151 797; x_wconf 68' lang='lat' dir='ltr'>inspecturis,</span> <span class='ocrx_word' id='word_1_84' title='bbox 1170 757 1222 797; x_wconf 84' lang='lat' dir='ltr'>Jo-</span> 
     </span>
     <span class='ocr_line' id='line_1_33' title="bbox 243 793 886 834; baseline 0.005 -10"><span class='ocrx_word' id='word_1_85' title='bbox 243 794 347 824; x_wconf 87' lang='lat' dir='ltr'>hannes</span> <span class='ocrx_word' id='word_1_86' title='bbox 361 793 592 825; x_wconf 89' lang='lat' dir='ltr'>Constabularius</span> <span class='ocrx_word' id='word_1_87' title='bbox 605 793 739 834; x_wconf 78' lang='lat' dir='ltr'>Cestriae‚</span> <span class='ocrx_word' id='word_1_88' title='bbox 759 796 886 827; x_wconf 89' lang='lat' dir='ltr'>salutem.</span> 
     </span>
    </p>

    <p class='ocr_par' dir='ltr' id='par_1_17' title="bbox 161 832 1229 1018">
     <span class='ocr_line' id='line_1_34' title="bbox 198 832 1224 874; baseline 0.001 -11"><span class='ocrx_word' id='word_1_89' title='bbox 198 832 296 864; x_wconf 87' lang='lat' dir='ltr'>Sciatis</span> <span class='ocrx_word' id='word_1_90' title='bbox 310 842 358 863; x_wconf 89' lang='lat' dir='ltr'>me</span> <span class='ocrx_word' id='word_1_91' title='bbox 372 832 522 870; x_wconf 81' lang='lat' dir='ltr'>spontanea</span> <span class='ocrx_word' id='word_1_92' title='bbox 534 833 678 864; x_wconf 85' lang='lat' dir='ltr'>voluntate</span> <span class='ocrx_word' id='word_1_93' title='bbox 697 844 778 874; x_wconf 80' lang='lat' dir='ltr'>mea,</span> <span class='ocrx_word' id='word_1_94' title='bbox 795 835 830 865; x_wconf 90' lang='lat' dir='ltr'>ad</span> <span class='ocrx_word' id='word_1_95' title='bbox 851 837 1018 874; x_wconf 83' lang='lat' dir='ltr'>petitionem</span> <span class='ocrx_word' id='word_1_96' title='bbox 1041 844 1136 866; x_wconf 86' lang='lat' dir='ltr'>meam</span> <span class='ocrx_word' id='word_1_97' title='bbox 1157 844 1224 871; x_wconf 82' lang='lat' dir='ltr'>pro-</span> 
     </span>
     <span class='ocr_line' id='line_1_35' title="bbox 161 870 1226 916; baseline -0.001 -15"><span class='ocrx_word' id='word_1_98' title='bbox 161 872 270 910; x_wconf 86' lang='lat' dir='ltr'>priam,</span> <span class='ocrx_word' id='word_1_99' title='bbox 287 870 423 909; x_wconf 83' lang='lat' dir='ltr'>pepigisse</span> <span class='ocrx_word' id='word_1_100' title='bbox 436 870 572 902; x_wconf 91' lang='lat' dir='ltr'>Domino</span> <span class='ocrx_word' id='word_1_101' title='bbox 585 881 653 902; x_wconf 87' lang='lat' dir='ltr'>meo</span> <span class='ocrx_word' id='word_1_102' title='bbox 664 872 789 911; x_wconf 83' lang='lat' dir='ltr'>Johamii</span> <span class='ocrx_word' id='word_1_103' title='bbox 802 874 878 914; x_wconf 81' lang='lat' dir='ltr'>Regi</span> <span class='ocrx_word' id='word_1_104' title='bbox 890 875 1019 916; x_wconf 77' lang='lat' dir='ltr'>Angliae,</span> <span class='ocrx_word' id='word_1_105' title='bbox 1036 872 1115 912; x_wconf 88' lang='lat' dir='ltr'>quod</span> <span class='ocrx_word' id='word_1_106' title='bbox 1128 873 1226 902; x_wconf 88' lang='lat' dir='ltr'>onini-</span> 
     </span>
     <span class='ocr_line' id='line_1_36' title="bbox 162 909 1226 952; baseline -0.002 -12"><span class='ocrx_word' id='word_1_107' title='bbox 162 911 215 941; x_wconf 88' lang='lat' dir='ltr'>bus</span> <span class='ocrx_word' id='word_1_108' title='bbox 235 910 332 941; x_wconf 84' lang='lat' dir='ltr'>diebus</span> <span class='ocrx_word' id='word_1_109' title='bbox 352 910 420 940; x_wconf 84' lang='lat' dir='ltr'>vitae</span> <span class='ocrx_word' id='word_1_110' title='bbox 440 919 514 940; x_wconf 86' lang='lat' dir='ltr'>meae</span> <span class='ocrx_word' id='word_1_111' title='bbox 534 911 560 940; x_wconf 89' lang='lat' dir='ltr'>ei</span> <span class='ocrx_word' id='word_1_112' title='bbox 582 911 616 942; x_wconf 74' lang='grc' dir='ltr'>δε</span> <span class='ocrx_word' id='word_1_113' title='bbox 638 911 795 943; x_wconf 75' lang='lat' dir='ltr'>haeredibus</span> <span class='ocrx_word' id='word_1_114' title='bbox 817 913 884 952; x_wconf 83' lang='lat' dir='ltr'>suis,</span> <span class='ocrx_word' id='word_1_115' title='bbox 902 913 938 944; x_wconf 93' lang='lat' dir='ltr'>de</span> <span class='ocrx_word' id='word_1_116' title='bbox 961 913 1091 943; x_wconf 81' lang='lat' dir='ltr'>Domina</span> <span class='ocrx_word' id='word_1_117' title='bbox 1113 909 1226 939; x_wconf 73' lang='lat' dir='ltr'>Isabella</span> 
     </span>
     <span class='ocr_line' id='line_1_37' title="bbox 165 947 1229 990; baseline 0 -12"><span class='ocrx_word' id='word_1_118' title='bbox 165 948 277 988; x_wconf 86' lang='lat' dir='ltr'>Regina</span> <span class='ocrx_word' id='word_1_119' title='bbox 289 947 401 988; x_wconf 85' lang='lat' dir='ltr'>Angliae</span> <span class='ocrx_word' id='word_1_120' title='bbox 413 949 530 987; x_wconf 86' lang='lat' dir='ltr'>genitis,</span> <span class='ocrx_word' id='word_1_121' title='bbox 547 948 663 980; x_wconf 80' lang='lat' dir='ltr'>fideliter</span> <span class='ocrx_word' id='word_1_122' title='bbox 675 950 792 982; x_wconf 83' lang='lat' dir='ltr'>serviam</span> <span class='ocrx_word' id='word_1_123' title='bbox 801 977 809 990; x_wconf 87' lang='lat'>,</span> <span class='ocrx_word' id='word_1_124' title='bbox 828 962 882 984; x_wconf 88' lang='lat' dir='ltr'>nec</span> <span class='ocrx_word' id='word_1_125' title='bbox 896 952 992 990; x_wconf 86' lang='lat' dir='ltr'>aliquo</span> <span class='ocrx_word' id='word_1_126' title='bbox 1003 958 1136 987; x_wconf 88' lang='lat' dir='ltr'>tempore</span> <span class='ocrx_word' id='word_1_127' title='bbox 1155 957 1229 978; x_wconf 89' lang='lat' dir='ltr'>con-</span> 
     </span>
     <span class='ocr_line' id='line_1_38' title="bbox 162 994 338 1018; baseline -0.006 -1"><span class='ocrx_word' id='word_1_128' title='bbox 162 994 203 1017; x_wconf 89' lang='lat' dir='ltr'>tra</span> <span class='ocrx_word' id='word_1_129' title='bbox 217 997 266 1018; x_wconf 91' lang='lat' dir='ltr'>eos</span> <span class='ocrx_word' id='word_1_130' title='bbox 279 996 338 1017; x_wconf 90' lang='lat' dir='ltr'>ero.</span> 
     </span>
    </p>

    <p class='ocr_par' dir='ltr' id='par_1_18' title="bbox 163 1024 1229 1179">
     <span class='ocr_line' id='line_1_39' title="bbox 199 1024 1229 1066; baseline -0.001 -11"><span class='ocrx_word' id='word_1_131' title='bbox 199 1025 254 1064; x_wconf 87' lang='lat' dir='ltr'>Et,</span> <span class='ocrx_word' id='word_1_132' title='bbox 273 1025 293 1055; x_wconf 85' lang='lat' dir='ltr'>fi</span> <span class='ocrx_word' id='word_1_133' title='bbox 308 1024 387 1064; x_wconf 87' lang='lat' dir='ltr'>quod</span> <span class='ocrx_word' id='word_1_134' title='bbox 401 1024 605 1058; x_wconf 85' lang='lat' dir='ltr'>sacramentum</span> <span class='ocrx_word' id='word_1_135' title='bbox 620 1029 739 1059; x_wconf 86' lang='lat' dir='ltr'>inimicis</span> <span class='ocrx_word' id='word_1_136' title='bbox 753 1029 804 1060; x_wconf 85' lang='lat' dir='ltr'>suis</span> <span class='ocrx_word' id='word_1_137' title='bbox 825 1029 962 1066; x_wconf 85' lang='lat' dir='ltr'>fecerim,</span> <span class='ocrx_word' id='word_1_138' title='bbox 979 1025 1046 1057; x_wconf 91' lang='lat' dir='ltr'>illud</span> <span class='ocrx_word' id='word_1_139' title='bbox 1068 1035 1130 1056; x_wconf 91' lang='lat' dir='ltr'>non</span> <span class='ocrx_word' id='word_1_140' title='bbox 1150 1032 1229 1055; x_wconf 87' lang='lat' dir='ltr'>tene-</span> 
     </span>
     <span class='ocr_line' id='line_1_40' title="bbox 163 1063 1229 1106; baseline -0.001 -12"><span class='ocrx_word' id='word_1_141' title='bbox 163 1064 222 1103; x_wconf 82' lang='lat' dir='ltr'>bo,</span> <span class='ocrx_word' id='word_1_142' title='bbox 240 1073 295 1095; x_wconf 90' lang='lat' dir='ltr'>nec</span> <span class='ocrx_word' id='word_1_143' title='bbox 316 1063 468 1095; x_wconf 82' lang='lat' dir='ltr'>adhaerebo</span> <span class='ocrx_word' id='word_1_144' title='bbox 490 1066 520 1095; x_wconf 90' lang='lat' dir='ltr'>in</span> <span class='ocrx_word' id='word_1_145' title='bbox 539 1067 634 1104; x_wconf 88' lang='lat' dir='ltr'>aliquo</span> <span class='ocrx_word' id='word_1_146' title='bbox 654 1067 764 1106; x_wconf 83' lang='lat' dir='ltr'>Cartae,</span> <span class='ocrx_word' id='word_1_147' title='bbox 791 1077 878 1105; x_wconf 86' lang='lat' dir='ltr'>quam</span> <span class='ocrx_word' id='word_1_148' title='bbox 897 1066 974 1096; x_wconf 86' lang='lat' dir='ltr'>idem</span> <span class='ocrx_word' id='word_1_149' title='bbox 995 1064 1143 1095; x_wconf 88' lang='lat' dir='ltr'>Dominus</span> <span class='ocrx_word' id='word_1_150' title='bbox 1163 1063 1229 1093; x_wconf 82' lang='lat' dir='ltr'>Rex</span> 
     </span>
     <span class='ocr_line' id='line_1_41' title="bbox 163 1101 1229 1144; baseline 0 -12"><span class='ocrx_word' id='word_1_151' title='bbox 163 1103 360 1133; x_wconf 89' lang='lat' dir='ltr'>communiter</span> <span class='ocrx_word' id='word_1_152' title='bbox 372 1102 441 1134; x_wconf 88' lang='lat' dir='ltr'>fecit</span> <span class='ocrx_word' id='word_1_153' title='bbox 456 1103 611 1135; x_wconf 79' lang='lat' dir='ltr'>Batonibus</span> <span class='ocrx_word' id='word_1_154' title='bbox 625 1104 737 1144; x_wconf 78' lang='lat' dir='ltr'>Anglice</span> <span class='ocrx_word' id='word_1_155' title='bbox 751 1106 787 1137; x_wconf 88' lang='lat' dir='ltr'>de</span> <span class='ocrx_word' id='word_1_156' title='bbox 802 1104 990 1142; x_wconf 85' lang='lat' dir='ltr'>libertatibus,</span> <span class='ocrx_word' id='word_1_157' title='bbox 1009 1112 1095 1141; x_wconf 90' lang='lat' dir='ltr'>quam</span> <span class='ocrx_word' id='word_1_158' title='bbox 1111 1101 1229 1142; x_wconf 88' lang='lat' dir='ltr'>quidem</span> 
     </span>
     <span class='ocr_line' id='line_1_42' title="bbox 163 1140 537 1179; baseline 0.005 -7"><span class='ocrx_word' id='word_1_159' title='bbox 163 1140 312 1172; x_wconf 89' lang='lat' dir='ltr'>Dominus</span> <span class='ocrx_word' id='word_1_160' title='bbox 324 1141 399 1179; x_wconf 91' lang='lat' dir='ltr'>Papa</span> <span class='ocrx_word' id='word_1_161' title='bbox 415 1142 537 1174; x_wconf 88' lang='lat' dir='ltr'>cassavit.</span> 
     </span>
    </p>

    <p class='ocr_par' dir='ltr' id='par_1_19' title="bbox 163 1179 1234 1301">
     <span class='ocr_line' id='line_1_43' title="bbox 201 1179 1233 1221; baseline -0.001 -11"><span class='ocrx_word' id='word_1_162' title='bbox 201 1179 258 1219; x_wconf 84' lang='lat' dir='ltr'>Et,</span> <span class='ocrx_word' id='word_1_163' title='bbox 276 1180 297 1210; x_wconf 85' lang='lat' dir='ltr'>si</span> <span class='ocrx_word' id='word_1_164' title='bbox 311 1179 386 1211; x_wconf 91' lang='lat' dir='ltr'>forte</span> <span class='ocrx_word' id='word_1_165' title='bbox 421 1181 500 1219; x_wconf 88' lang='lat' dir='ltr'>quod</span> <span class='ocrx_word' id='word_1_166' title='bbox 515 1182 601 1221; x_wconf 89' lang='lat' dir='ltr'>abfit,</span> <span class='ocrx_word' id='word_1_167' title='bbox 619 1182 770 1213; x_wconf 73' lang='lat' dir='ltr'>cont‘oerit</span> <span class='ocrx_word' id='word_1_168' title='bbox 783 1191 831 1212; x_wconf 91' lang='lat' dir='ltr'>me</span> <span class='ocrx_word' id='word_1_169' title='bbox 845 1180 947 1212; x_wconf 87' lang='lat' dir='ltr'>resilire</span> <span class='ocrx_word' id='word_1_170' title='bbox 960 1180 996 1210; x_wconf 85' lang='lat' dir='ltr'>ab</span> <span class='ocrx_word' id='word_1_171' title='bbox 1023 1179 1076 1210; x_wconf 90' lang='lat' dir='ltr'>hac</span> <span class='ocrx_word' id='word_1_172' title='bbox 1097 1179 1233 1217; x_wconf 63' lang='lat' dir='ltr'>pactione</span> 
     </span>
     <span class='ocr_line' id='line_1_44' title="bbox 163 1205 1234 1262; baseline -0.002 -13"><span class='ocrx_word' id='word_1_173' title='bbox 163 1219 193 1249; x_wconf 90' lang='lat' dir='ltr'>in</span> <span class='ocrx_word' id='word_1_174' title='bbox 205 1218 302 1257; x_wconf 87' lang='lat' dir='ltr'>aliquo</span> <span class='ocrx_word' id='word_1_175' title='bbox 317 1228 383 1259; x_wconf 80' lang='lat' dir='ltr'>erga</span> <span class='ocrx_word' id='word_1_176' title='bbox 392 1205 562 1251; x_wconf 73' lang='lat' dir='ltr'>Dominum</span> <span class='ocrx_word' id='word_1_177' title='bbox 577 1230 676 1251; x_wconf 90' lang='lat' dir='ltr'>meum</span> <span class='ocrx_word' id='word_1_178' title='bbox 723 1230 823 1259; x_wconf 77' lang='lat' dir='ltr'>egem,</span> <span class='ocrx_word' id='word_1_179' title='bbox 841 1220 888 1251; x_wconf 90' lang='lat' dir='ltr'>vel</span> <span class='ocrx_word' id='word_1_180' title='bbox 900 1218 1025 1262; x_wconf 63' lang='lat' dir='ltr'>haeredes</span> <span class='ocrx_word' id='word_1_181' title='bbox 1037 1218 1115 1256; x_wconf 83' lang='lat' dir='ltr'>suos,</span> <span class='ocrx_word' id='word_1_182' title='bbox 1134 1228 1234 1256; x_wconf 81' lang='lat' dir='ltr'>perpe-</span> 
     </span>
     <span class='ocr_line' id='line_1_45' title="bbox 163 1256 1234 1301; baseline -0.002 -13"><span class='ocrx_word' id='word_1_183' title='bbox 163 1265 242 1288; x_wconf 84' lang='lat' dir='ltr'>tuam</span> <span class='ocrx_word' id='word_1_184' title='bbox 256 1257 512 1290; x_wconf 74' lang='lat' dir='ltr'>exhaeredationem</span> <span class='ocrx_word' id='word_1_185' title='bbox 526 1260 771 1301; x_wconf 20' lang='lat' dir='ltr'>incurremustego</span> <span class='ocrx_word' id='word_1_186' title='bbox 785 1260 819 1290; x_wconf 73' lang='grc' dir='ltr'>δε</span> <span class='ocrx_word' id='word_1_187' title='bbox 830 1257 955 1289; x_wconf 63' lang='lat' dir='ltr'>haeredes</span> <span class='ocrx_word' id='word_1_188' title='bbox 968 1267 1027 1287; x_wconf 86' lang='lat' dir='ltr'>mei</span> <span class='ocrx_word' id='word_1_189' title='bbox 1039 1256 1075 1286; x_wconf 90' lang='lat' dir='ltr'>de</span> <span class='ocrx_word' id='word_1_190' title='bbox 1089 1266 1149 1287; x_wconf 89' lang='lat' dir='ltr'>tota</span> <span class='ocrx_word' id='word_1_191' title='bbox 1161 1265 1234 1287; x_wconf 84' lang='lat' dir='ltr'>terra</span> 
     </span>
    </p>
   </div>
   <div class='ocr_carea' id='block_1_17' title="bbox 163 1295 1234 1372">
    <p class='ocr_par' dir='ltr' id='par_1_20' title="bbox 163 1295 1234 1372">
     <span class='ocr_line' id='line_1_46' title="bbox 163 1295 1234 1336; baseline -0.001 -10"><span class='ocrx_word' id='word_1_192' title='bbox 163 1295 279 1335; x_wconf 86' lang='lat' dir='ltr'>nostra,</span> <span class='ocrx_word' id='word_1_193' title='bbox 297 1307 362 1335; x_wconf 61' lang='lat' dir='ltr'>quse</span> <span class='ocrx_word' id='word_1_194' title='bbox 376 1297 405 1326; x_wconf 91' lang='lat' dir='ltr'>in</span> <span class='ocrx_word' id='word_1_195' title='bbox 422 1297 482 1327; x_wconf 87' lang='lat' dir='ltr'>usus</span> <span class='ocrx_word' id='word_1_196' title='bbox 495 1297 621 1327; x_wconf 80' lang='lat' dir='ltr'>Domini</span> <span class='ocrx_word' id='word_1_197' title='bbox 635 1296 725 1336; x_wconf 84' lang='lat' dir='ltr'>Regis</span> <span class='ocrx_word' id='word_1_198' title='bbox 739 1297 773 1327; x_wconf 69' lang='grc' dir='ltr'>ὃς</span> <span class='ocrx_word' id='word_1_199' title='bbox 787 1295 934 1327; x_wconf 61' lang='lat' dir='ltr'>haeredum</span> <span class='ocrx_word' id='word_1_200' title='bbox 954 1295 1072 1326; x_wconf 89' lang='lat' dir='ltr'>suorum</span> <span class='ocrx_word' id='word_1_201' title='bbox 1094 1296 1234 1333; x_wconf 87' lang='lat' dir='ltr'>perpetuis</span> 
     </span>
     <span class='ocr_line' id='line_1_47' title="bbox 164 1333 447 1372; baseline -0.007 -7"><span class='ocrx_word' id='word_1_202' title='bbox 164 1333 249 1366; x_wconf 89' lang='lat' dir='ltr'>cedet</span> <span class='ocrx_word' id='word_1_203' title='bbox 262 1335 447 1372; x_wconf 82' lang='lat' dir='ltr'>temporibus.</span> 
     </span>
    </p>
   </div>
   <div class='ocr_carea' id='block_1_18' title="bbox 202 1371 1235 1416">
    <p class='ocr_par' dir='ltr' id='par_1_21' title="bbox 202 1371 1235 1416">
     <span class='ocr_line' id='line_1_48' title="bbox 202 1371 1235 1416; baseline -0.002 -13"><span class='ocrx_word' id='word_1_204' title='bbox 202 1372 257 1410; x_wconf 81' lang='lat' dir='ltr'>Et,</span> <span class='ocrx_word' id='word_1_205' title='bbox 273 1374 304 1403; x_wconf 90' lang='lat' dir='ltr'>in</span> <span class='ocrx_word' id='word_1_206' title='bbox 319 1373 457 1416; x_wconf 80' lang='lat' dir='ltr'>majorem</span> <span class='ocrx_word' id='word_1_207' title='bbox 471 1371 559 1402; x_wconf 90' lang='lat' dir='ltr'>fidelis</span> <span class='ocrx_word' id='word_1_208' title='bbox 573 1371 674 1403; x_wconf 88' lang='lat' dir='ltr'>servitii</span> <span class='ocrx_word' id='word_1_209' title='bbox 689 1372 747 1402; x_wconf 90' lang='lat' dir='ltr'>mei</span> <span class='ocrx_word' id='word_1_210' title='bbox 761 1371 954 1410; x_wconf 79' lang='lat' dir='ltr'>securitatem,</span> <span class='ocrx_word' id='word_1_211' title='bbox 973 1371 1037 1402; x_wconf 89' lang='lat' dir='ltr'>dedi</span> <span class='ocrx_word' id='word_1_212' title='bbox 1053 1371 1102 1410; x_wconf 88' lang='lat' dir='ltr'>ipsi</span> <span class='ocrx_word' id='word_1_213' title='bbox 1125 1371 1235 1402; x_wconf 88' lang='lat' dir='ltr'>Domi-</span> 
     </span>
    </p>
   </div>
   <div class='ocr_carea' id='block_1_19' title="bbox 165 1409 1234 1489">
    <p class='ocr_par' dir='ltr' id='par_1_22' title="bbox 165 1409 1234 1489">
     <span class='ocr_line' id='line_1_49' title="bbox 165 1409 1234 1450; baseline -0.001 -8"><span class='ocrx_word' id='word_1_214' title='bbox 165 1421 206 1442; x_wconf 87' lang='lat' dir='ltr'>no</span> <span class='ocrx_word' id='word_1_215' title='bbox 223 1420 292 1442; x_wconf 90' lang='lat' dir='ltr'>meo</span> <span class='ocrx_word' id='word_1_216' title='bbox 307 1410 400 1448; x_wconf 78' lang='lat' dir='ltr'>Regi,</span> <span class='ocrx_word' id='word_1_217' title='bbox 418 1411 448 1440; x_wconf 92' lang='lat' dir='ltr'>in</span> <span class='ocrx_word' id='word_1_218' title='bbox 463 1409 611 1449; x_wconf 86' lang='lat' dir='ltr'>obsidem,</span> <span class='ocrx_word' id='word_1_219' title='bbox 622 1410 796 1450; x_wconf 88' lang='lat' dir='ltr'>Rogerum,</span> <span class='ocrx_word' id='word_1_220' title='bbox 811 1411 928 1442; x_wconf 84' lang='lat' dir='ltr'>fratrem</span> <span class='ocrx_word' id='word_1_221' title='bbox 943 1420 1061 1450; x_wconf 87' lang='lat' dir='ltr'>meum,</span> <span class='ocrx_word' id='word_1_222' title='bbox 1077 1410 1234 1441; x_wconf 85' lang='lat' dir='ltr'>tenendum</span> 
     </span>
     <span class='ocr_line' id='line_1_50' title="bbox 165 1448 500 1489; baseline -0.006 -9"><span class='ocrx_word' id='word_1_223' title='bbox 165 1449 303 1489; x_wconf 83' lang='lat' dir='ltr'>quamdiu</span> <span class='ocrx_word' id='word_1_224' title='bbox 316 1450 342 1479; x_wconf 90' lang='lat' dir='ltr'>ei</span> <span class='ocrx_word' id='word_1_225' title='bbox 355 1448 500 1487; x_wconf 80' lang='lat' dir='ltr'>placuerit.</span> 
     </span>
    </p>
   </div>
   <div class='ocr_carea' id='block_1_20' title="bbox 166 1525 320 1564">
    <p class='ocr_par' dir='ltr' id='par_1_23' title="bbox 166 1525 320 1564">
     <span class='ocr_line' id='line_1_51' title="bbox 166 1525 320 1564; baseline -0.019 -6"><span class='ocrx_word' id='word_1_226' title='bbox 166 1525 304 1558; x_wconf 86' lang='lat' dir='ltr'>Testibus</span> <span class='ocrx_word' id='word_1_227' title='bbox 309 1549 320 1564; x_wconf 90' lang='lat'>,</span> 
     </span>
    </p>
   </div>
   <div class='ocr_carea' id='block_1_21' title="bbox 204 1601 535 1720">
    <p class='ocr_par' dir='ltr' id='par_1_24' title="bbox 204 1601 535 1720">
     <span class='ocr_line' id='line_1_52' title="bbox 205 1601 510 1643; baseline 0.003 -10"><span class='ocrx_word' id='word_1_228' title='bbox 205 1605 241 1634; x_wconf 80' lang='lat' dir='ltr'>R.</span> <span class='ocrx_word' id='word_1_229' title='bbox 260 1605 363 1633; x_wconf 83' lang='lat' dir='ltr'>Comite</span> <span class='ocrx_word' id='word_1_230' title='bbox 382 1601 491 1643; x_wconf 60' lang='lat' dir='ltr'>cestrie</span> <span class='ocrx_word' id='word_1_231' title='bbox 508 1607 510 1609; x_wconf 72' lang='grc'><strong><em>’</em></strong></span> 
     </span>
     <span class='ocr_line' id='line_1_53' title="bbox 205 1626 516 1681; baseline 0 -9"><span class='ocrx_word' id='word_1_232' title='bbox 205 1641 336 1681; x_wconf 86' lang='lat' dir='ltr'>Galfrido</span> <span class='ocrx_word' id='word_1_233' title='bbox 349 1643 381 1672; x_wconf 85' lang='lat' dir='ltr'>de</span> <span class='ocrx_word' id='word_1_234' title='bbox 396 1626 516 1680; x_wconf 73' lang='lat' dir='ltr'>Nevill’,</span> 
     </span>
     <span class='ocr_line' id='line_1_54' title="bbox 204 1680 535 1720; baseline -0.006 -8"><span class='ocrx_word' id='word_1_235' title='bbox 204 1683 319 1720; x_wconf 85' lang='lat' dir='ltr'>Hugone</span> <span class='ocrx_word' id='word_1_236' title='bbox 336 1680 535 1720; x_wconf 65' lang='lat' dir='ltr'>Dtspeffatore.</span> 
     </span>
    </p>
   </div>
   <div class='ocr_carea' id='block_1_22' title="bbox 1095 1758 1238 1763">
    <p class='ocr_par' dir='ltr' id='par_1_25' title="bbox 1095 1758 1238 1763">
     <span class='ocr_line' id='line_1_55' title="bbox 1095 1758 1238 1763; baseline 0 0"><span class='ocrx_word' id='word_1_237' title='bbox 1095 1758 1238 1763; x_wconf 95' lang='lat' dir='ltr'> </span> 
     </span>
    </p>
   </div>
   <div class='ocr_carea' id='block_1_23' title="bbox 296 1815 1120 1864">
    <p class='ocr_par' dir='ltr' id='par_1_26' title="bbox 296 1815 1120 1864">
     <span class='ocr_line' id='line_1_56' title="bbox 296 1815 1120 1864; baseline -0.004 -12"><span class='ocrx_word' id='word_1_238' title='bbox 296 1815 326 1843; x_wconf 44' lang='grc' dir='ltr'>δὲ</span> <span class='ocrx_word' id='word_1_239' title='bbox 352 1819 474 1852; x_wconf 83' lang='lat' dir='ltr'>Litterae</span> <span class='ocrx_word' id='word_1_240' title='bbox 495 1815 630 1864; x_wconf 80' lang='lat' dir='ltr'>Philippo</span> <span class='ocrx_word' id='word_1_241' title='bbox 653 1819 729 1864; x_wconf 84' lang='lat' dir='ltr'>Regi</span> <span class='ocrx_word' id='word_1_242' title='bbox 751 1819 881 1851; x_wconf 73' lang='lat' dir='ltr'>Francia</span> <span class='ocrx_word' id='word_1_243' title='bbox 902 1815 938 1850; x_wconf 82' lang='lat' dir='ltr'>de</span> <span class='ocrx_word' id='word_1_244' title='bbox 959 1816 1120 1850; x_wconf 67' lang='lat' dir='ltr'>credentia.</span> 
     </span>
    </p>
   </div>
   <div class='ocr_carea' id='block_1_24' title="bbox 175 1901 1244 2137">
    <p class='ocr_par' dir='ltr' id='par_1_27' title="bbox 175 1901 1238 1982">
     <span class='ocr_line' id='line_1_57' title="bbox 175 1901 1238 1968; baseline -0.002 -34"><span class='ocrx_word' id='word_1_245' title='bbox 175 1902 381 1968; x_wconf 83' lang='lat' dir='ltr'>KArissimo</span> <span class='ocrx_word' id='word_1_246' title='bbox 395 1902 531 1948; x_wconf 81' lang='lat' dir='ltr'>Domino</span> <span class='ocrx_word' id='word_1_247' title='bbox 545 1901 595 1933; x_wconf 91' lang='lat' dir='ltr'>suo</span> <span class='ocrx_word' id='word_1_248' title='bbox 611 1901 745 1947; x_wconf 84' lang='lat' dir='ltr'>Philippo</span> <span class='ocrx_word' id='word_1_249' title='bbox 758 1902 835 1942; x_wconf 85' lang='lat' dir='ltr'>Regi</span> <span class='ocrx_word' id='word_1_250' title='bbox 849 1902 976 1933; x_wconf 66' lang='lat' dir='ltr'>Francia:</span> <span class='ocrx_word' id='word_1_251' title='bbox 998 1901 1114 1940; x_wconf 87' lang='lat' dir='ltr'>illustri,</span> <span class='ocrx_word' id='word_1_252' title='bbox 1127 1901 1238 1941; x_wconf 87' lang='lat' dir='ltr'>Johan-</span> 
     </span>
     <span class='ocr_line' id='line_1_58' title="bbox 256 1940 817 1982; baseline -0.005 -9"><span class='ocrx_word' id='word_1_253' title='bbox 256 1952 304 1973; x_wconf 82' lang='lat' dir='ltr'>nes</span> <span class='ocrx_word' id='word_1_254' title='bbox 317 1942 417 1973; x_wconf 88' lang='lat' dir='ltr'>eadem</span> <span class='ocrx_word' id='word_1_255' title='bbox 429 1950 513 1982; x_wconf 86' lang='lat' dir='ltr'>gratia</span> <span class='ocrx_word' id='word_1_256' title='bbox 525 1941 592 1971; x_wconf 91' lang='lat' dir='ltr'>Rex</span> <span class='ocrx_word' id='word_1_257' title='bbox 608 1940 719 1980; x_wconf 75' lang='lat' dir='ltr'>Angliae</span> <span class='ocrx_word' id='word_1_258' title='bbox 727 1966 736 1979; x_wconf 86' lang='lat'>,</span> <span class='ocrx_word' id='word_1_259' title='bbox 754 1942 817 1972; x_wconf 91' lang='lat' dir='ltr'>&amp;c.</span> 
     </span>
    </p>

    <p class='ocr_par' dir='ltr' id='par_1_28' title="bbox 176 1978 1244 2129">
     <span class='ocr_line' id='line_1_59' title="bbox 214 1978 1242 2024; baseline -0.002 -12"><span class='ocrx_word' id='word_1_260' title='bbox 214 1981 361 2012; x_wconf 85' lang='lat' dir='ltr'>Mittimus</span> <span class='ocrx_word' id='word_1_261' title='bbox 379 1981 415 2013; x_wconf 89' lang='lat' dir='ltr'>ad</span> <span class='ocrx_word' id='word_1_262' title='bbox 433 1991 495 2024; x_wconf 75' lang='lat' dir='ltr'>vos⁴</span> <span class='ocrx_word' id='word_1_263' title='bbox 507 1979 627 2024; x_wconf 62' lang='lat' dir='ltr'>dilectos</span> <span class='ocrx_word' id='word_1_264' title='bbox 644 1981 678 2011; x_wconf 87' lang='lat'>&amp;</span> <span class='ocrx_word' id='word_1_265' title='bbox 690 1979 785 2024; x_wconf 82' lang='lat' dir='ltr'>fideles</span> <span class='ocrx_word' id='word_1_266' title='bbox 799 1978 912 2024; x_wconf 80' lang='lat' dir='ltr'>nostros</span> <span class='ocrx_word' id='word_1_267' title='bbox 928 1978 1072 2022; x_wconf 76' lang='lat' dir='ltr'>Abbatem</span> <span class='ocrx_word' id='word_1_268' title='bbox 1089 1978 1125 2009; x_wconf 88' lang='lat' dir='ltr'>de</span> <span class='ocrx_word' id='word_1_269' title='bbox 1140 1978 1242 2010; x_wconf 85' lang='lat' dir='ltr'>Barde-</span> 
     </span>
     <span class='ocr_line' id='line_1_60' title="bbox 176 2017 1244 2065; baseline -0.004 -14"><span class='ocrx_word' id='word_1_270' title='bbox 176 2030 246 2065; x_wconf 77' lang='lat' dir='ltr'>nay,</span> <span class='ocrx_word' id='word_1_271' title='bbox 264 2021 298 2051; x_wconf 90' lang='lat'>&amp;</span> <span class='ocrx_word' id='word_1_272' title='bbox 313 2020 429 2050; x_wconf 89' lang='lat' dir='ltr'>fratrem</span> <span class='ocrx_word' id='word_1_273' title='bbox 444 2019 487 2049; x_wconf 88' lang='lat' dir='ltr'>W</span> <span class='ocrx_word' id='word_1_274' title='bbox 489 2018 638 2063; x_wconf 74' lang='lat' dir='ltr'>illielmum</span> <span class='ocrx_word' id='word_1_275' title='bbox 650 2018 889 2062; x_wconf 76' lang='lat' dir='ltr'>Hospitalarium,</span> <span class='ocrx_word' id='word_1_276' title='bbox 908 2018 1009 2055; x_wconf 89' lang='lat' dir='ltr'>quibus</span> <span class='ocrx_word' id='word_1_277' title='bbox 1030 2017 1117 2047; x_wconf 88' lang='lat' dir='ltr'>fidem</span> <span class='ocrx_word' id='word_1_278' title='bbox 1141 2018 1244 2061; x_wconf 70' lang='lat' dir='ltr'>habea-</span> 
     </span>
     <span class='ocr_line' id='line_1_61' title="bbox 176 2055 1244 2129; baseline -0.003 -40"><span class='ocrx_word' id='word_1_279' title='bbox 176 2067 227 2129; x_wconf 51' lang='grc' dir='ltr'>ξε,</span> <span class='ocrx_word' id='word_1_280' title='bbox 246 2057 266 2088; x_wconf 88' lang='lat' dir='ltr'>fi</span> <span class='ocrx_word' id='word_1_281' title='bbox 280 2057 388 2128; x_wconf 55' lang='grc' dir='ltr'>Ρὲίεεῐ,</span> <span class='ocrx_word' id='word_1_282' title='bbox 405 2057 487 2127; x_wconf 50' lang='lat' dir='ltr'>{uper</span> <span class='ocrx_word' id='word_1_283' title='bbox 500 2057 570 2126; x_wconf 52' lang='lat' dir='ltr'>lips,</span> <span class='ocrx_word' id='word_1_284' title='bbox 586 2067 651 2095; x_wconf 85' lang='lat' dir='ltr'>quae</span> <span class='ocrx_word' id='word_1_285' title='bbox 668 2057 750 2088; x_wconf 87' lang='lat' dir='ltr'>vobis</span> <span class='ocrx_word' id='word_1_286' title='bbox 765 2055 886 2087; x_wconf 84' lang='lat' dir='ltr'>dixerint</span> <span class='ocrx_word' id='word_1_287' title='bbox 899 2066 933 2086; x_wconf 75' lang='lat' dir='ltr'>ex</span> <span class='ocrx_word' id='word_1_288' title='bbox 945 2065 1021 2094; x_wconf 87' lang='lat' dir='ltr'>parte</span> <span class='ocrx_word' id='word_1_289' title='bbox 1034 2055 1148 2095; x_wconf 72' lang='lat' dir='ltr'>nostra,</span> <span class='ocrx_word' id='word_1_290' title='bbox 1166 2057 1200 2087; x_wconf 69' lang='grc' dir='ltr'>ὃς</span> <span class='ocrx_word' id='word_1_291' title='bbox 1213 2066 1244 2087; x_wconf 83' lang='lat' dir='ltr'>in</span> 
     </span>
    </p>

    <p class='ocr_par' dir='ltr' id='par_1_29' title="bbox 199 2104 617 2137">
     <span class='ocr_line' id='line_1_62' title="bbox 199 2104 617 2137; baseline -0.012 -9"><span class='ocrx_word' id='word_1_292' title='bbox 199 2107 275 2137; x_wconf 78' lang='lat' dir='ltr'>ujus,</span> <span class='ocrx_word' id='word_1_293' title='bbox 329 2107 354 2127; x_wconf 93' lang='lat' dir='ltr'>c.</span> <span class='ocrx_word' id='word_1_294' title='bbox 373 2107 412 2128; x_wconf 89' lang='lat' dir='ltr'>vo</span> <span class='ocrx_word' id='word_1_295' title='bbox 434 2106 455 2127; x_wconf 89' lang='lat' dir='ltr'>is</span> <span class='ocrx_word' id='word_1_296' title='bbox 469 2104 523 2127; x_wconf 90' lang='lat' dir='ltr'>mit</span> <span class='ocrx_word' id='word_1_297' title='bbox 535 2104 617 2126; x_wconf 88' lang='lat' dir='ltr'>imus.</span> 
     </span>
    </p>
   </div>
   <div class='ocr_carea' id='block_1_25' title="bbox 178 2158 1246 2255">
    <p class='ocr_par' dir='ltr' id='par_1_30' title="bbox 178 2158 1246 2255">
     <span class='ocr_line' id='line_1_63' title="bbox 211 2158 1246 2212; baseline -0.002 -7"><span class='ocrx_word' id='word_1_298' title='bbox 211 2173 303 2205; x_wconf 89' lang='lat' dir='ltr'>Teste</span> <span class='ocrx_word' id='word_1_299' title='bbox 317 2172 425 2211; x_wconf 80' lang='lat' dir='ltr'>meipso</span> <span class='ocrx_word' id='word_1_300' title='bbox 437 2173 511 2211; x_wconf 90' lang='lat' dir='ltr'>apud</span> <span class='ocrx_word' id='word_1_301' title='bbox 526 2172 661 2204; x_wconf 85' lang='lat' dir='ltr'>Douram</span> <span class='ocrx_word' id='word_1_302' title='bbox 675 2172 792 2205; x_wconf 81' lang='lat' dir='ltr'>decimo</span> <span class='ocrx_word' id='word_1_303' title='bbox 807 2174 889 2205; x_wconf 86' lang='lat' dir='ltr'>tertio</span> <span class='ocrx_word' id='word_1_304' title='bbox 904 2172 950 2204; x_wconf 89' lang='lat' dir='ltr'>die</span> <span class='ocrx_word' id='word_1_305' title='bbox 963 2158 1153 2212; x_wconf 79' lang='lat' dir='ltr'>Septembris,</span> <span class='ocrx_word' id='word_1_306' title='bbox 1169 2182 1246 2203; x_wconf 83' lang='lat' dir='ltr'>anno</span> 
     </span>
     <span class='ocr_line' id='line_1_64' title="bbox 178 2212 1211 2255; baseline -0.006 -9"><span class='ocrx_word' id='word_1_307' title='bbox 178 2213 274 2255; x_wconf 81' lang='lat' dir='ltr'>Regni</span> <span class='ocrx_word' id='word_1_308' title='bbox 290 2212 379 2244; x_wconf 87' lang='lat' dir='ltr'>nostri</span> <span class='ocrx_word' id='word_1_309' title='bbox 393 2212 510 2243; x_wconf 87' lang='lat' dir='ltr'>decimo</span> <span class='ocrx_word' id='word_1_310' title='bbox 523 2212 654 2251; x_wconf 79' lang='lat' dir='ltr'>septimo.</span> <span class='ocrx_word' id='word_1_311' title='bbox 1208 2220 1211 2221; x_wconf 48' lang='lat'><em>⁷</em></span> 
     </span>
    </p>
   </div>
   <div class='ocr_carea' id='block_1_26' title="bbox 179 2288 1254 2554">
    <p class='ocr_par' dir='ltr' id='par_1_31' title="bbox 179 2288 1249 2368">
     <span class='ocr_line' id='line_1_65' title="bbox 179 2288 1248 2354; baseline -0.001 -33"><span class='ocrx_word' id='word_1_312' title='bbox 179 2290 345 2354; x_wconf 84' lang='lat' dir='ltr'>EIdem,</span> <span class='ocrx_word' id='word_1_313' title='bbox 363 2289 578 2329; x_wconf 79' lang='lat' dir='ltr'>Rex-Angliae,</span> <span class='ocrx_word' id='word_1_314' title='bbox 596 2290 661 2321; x_wconf 63' lang='lat' dir='ltr'>&amp;c.&gt;</span> <span class='ocrx_word' id='word_1_315' title='bbox 683 2288 788 2320; x_wconf 75' lang='lat' dir='ltr'>Sciatisv</span> <span class='ocrx_word' id='word_1_316' title='bbox 803 2289 882 2328; x_wconf 90' lang='lat' dir='ltr'>quod</span> <span class='ocrx_word' id='word_1_317' title='bbox 905 2289 1039 2321; x_wconf 87' lang='lat' dir='ltr'>volumus</span> <span class='ocrx_word' id='word_1_318' title='bbox 1061 2290 1095 2321; x_wconf 72' lang='grc' dir='ltr'>δε</span> <span class='ocrx_word' id='word_1_319' title='bbox 1110 2289 1248 2321; x_wconf 89' lang='lat' dir='ltr'>concedi-</span> 
     </span>
     <span class='ocr_line' id='line_1_66' title="bbox 258 2328 1249 2368; baseline -0.001 -8"><span class='ocrx_word' id='word_1_320' title='bbox 258 2339 320 2360; x_wconf 85' lang='lat' dir='ltr'>mus</span> <span class='ocrx_word' id='word_1_321' title='bbox 334 2331 412 2368; x_wconf 88' lang='lat' dir='ltr'>quod</span> <span class='ocrx_word' id='word_1_322' title='bbox 429 2328 609 2359; x_wconf 84' lang='lat' dir='ltr'>Mercatores</span> <span class='ocrx_word' id='word_1_323' title='bbox 622 2336 705 2359; x_wconf 83' lang='lat' dir='ltr'>terrae</span> <span class='ocrx_word' id='word_1_324' title='bbox 718 2328 819 2360; x_wconf 77' lang='lat' dir='ltr'>vestrae</span> <span class='ocrx_word' id='word_1_325' title='bbox 834 2329 922 2359; x_wconf 88' lang='lat' dir='ltr'>libere</span> <span class='ocrx_word' id='word_1_326' title='bbox 936 2330 970 2360; x_wconf 63' lang='grc' dir='ltr'>ὃς</span> <span class='ocrx_word' id='word_1_327' title='bbox 984 2329 1040 2359; x_wconf 80' lang='lat' dir='ltr'>sirie</span> <span class='ocrx_word' id='word_1_328' title='bbox 1057 2329 1249 2367; x_wconf 86' lang='lat' dir='ltr'>impedimen-</span> 
     </span>
    </p>

    <p class='ocr_par' dir='ltr' id='par_1_32' title="bbox 179 2366 1249 2407">
     <span class='ocr_line' id='line_1_67' title="bbox 179 2366 1249 2407; baseline -0.001 -8"><span class='ocrx_word' id='word_1_329' title='bbox 179 2376 213 2399; x_wconf 92' lang='lat' dir='ltr'>to</span> <span class='ocrx_word' id='word_1_330' title='bbox 228 2369 341 2399; x_wconf 88' lang='lat' dir='ltr'>veniant</span> <span class='ocrx_word' id='word_1_331' title='bbox 356 2377 406 2405; x_wconf 86' lang='lat' dir='ltr'>per</span> <span class='ocrx_word' id='word_1_332' title='bbox 420 2366 590 2405; x_wconf 84' lang='lat' dir='ltr'>potestatem</span> <span class='ocrx_word' id='word_1_333' title='bbox 604 2366 749 2405; x_wconf 81' lang='lat' dir='ltr'>nostram,</span> <span class='ocrx_word' id='word_1_334' title='bbox 766 2368 801 2398; x_wconf 68' lang='grc' dir='ltr'>ὃς</span> <span class='ocrx_word' id='word_1_335' title='bbox 816 2367 855 2397; x_wconf 86' lang='lat' dir='ltr'>ibi</span> <span class='ocrx_word' id='word_1_336' title='bbox 870 2369 1051 2407; x_wconf 67' lang='lat' dir='ltr'>negotiemur</span> <span class='ocrx_word' id='word_1_337' title='bbox 1075 2378 1143 2398; x_wconf 88' lang='lat' dir='ltr'>cum</span> <span class='ocrx_word' id='word_1_338' title='bbox 1165 2367 1249 2398; x_wconf 81' lang='lat' dir='ltr'>rebus</span> 
     </span>
    </p>

    <p class='ocr_par' dir='ltr' id='par_1_33' title="bbox 180 2405 1250 2445">
     <span class='ocr_line' id='line_1_68' title="bbox 180 2405 1250 2445; baseline -0.002 -7"><span class='ocrx_word' id='word_1_339' title='bbox 180 2407 216 2438; x_wconf 91' lang='lat'>&amp;</span> <span class='ocrx_word' id='word_1_340' title='bbox 231 2406 409 2438; x_wconf 89' lang='lat' dir='ltr'>mercandisis</span> <span class='ocrx_word' id='word_1_341' title='bbox 423 2406 492 2444; x_wconf 85' lang='lat' dir='ltr'>suis,</span> <span class='ocrx_word' id='word_1_342' title='bbox 510 2407 544 2437; x_wconf 73' lang='grc' dir='ltr'>δε</span> <span class='ocrx_word' id='word_1_343' title='bbox 560 2405 625 2436; x_wconf 90' lang='lat' dir='ltr'>inde</span> <span class='ocrx_word' id='word_1_344' title='bbox 640 2405 716 2436; x_wconf 88' lang='lat' dir='ltr'>salvo</span> <span class='ocrx_word' id='word_1_345' title='bbox 728 2407 763 2437; x_wconf 69' lang='grc' dir='ltr'>ὅτ,</span> <span class='ocrx_word' id='word_1_346' title='bbox 782 2406 878 2436; x_wconf 88' lang='lat' dir='ltr'>secure</span> <span class='ocrx_word' id='word_1_347' title='bbox 901 2406 1032 2445; x_wconf 85' lang='lat' dir='ltr'>redeant,</span> <span class='ocrx_word' id='word_1_348' title='bbox 1050 2406 1182 2438; x_wconf 89' lang='lat' dir='ltr'>faciendo</span> <span class='ocrx_word' id='word_1_349' title='bbox 1205 2417 1250 2436; x_wconf 87' lang='lat' dir='ltr'>re-</span> 
     </span>
    </p>

    <p class='ocr_par' dir='ltr' id='par_1_34' title="bbox 181 2443 1254 2554">
     <span class='ocr_line' id='line_1_69' title="bbox 181 2443 1252 2483; baseline -0.001 -7"><span class='ocrx_word' id='word_1_350' title='bbox 181 2446 241 2476; x_wconf 58' lang='lat' dir='ltr'>ctas</span> <span class='ocrx_word' id='word_1_351' title='bbox 255 2447 288 2476; x_wconf 71' lang='grc' dir='ltr'>ὅτ</span> <span class='ocrx_word' id='word_1_352' title='bbox 302 2446 407 2475; x_wconf 84' lang='lat' dir='ltr'>debitas</span> <span class='ocrx_word' id='word_1_353' title='bbox 420 2444 634 2474; x_wconf 85' lang='lat' dir='ltr'>consuetudines</span> <span class='ocrx_word' id='word_1_354' title='bbox 647 2443 745 2483; x_wconf 86' lang='lat' dir='ltr'>Regni</span> <span class='ocrx_word' id='word_1_355' title='bbox 761 2444 864 2482; x_wconf 87' lang='lat' dir='ltr'>nostri,</span> <span class='ocrx_word' id='word_1_356' title='bbox 883 2446 919 2474; x_wconf 89' lang='lat' dir='ltr'>ita</span> <span class='ocrx_word' id='word_1_357' title='bbox 933 2444 1011 2483; x_wconf 87' lang='lat' dir='ltr'>quod</span> <span class='ocrx_word' id='word_1_358' title='bbox 1023 2445 1098 2476; x_wconf 88' lang='lat' dir='ltr'>nulla</span> <span class='ocrx_word' id='word_1_359' title='bbox 1113 2445 1185 2475; x_wconf 85' lang='lat' dir='ltr'>mala</span> <span class='ocrx_word' id='word_1_360' title='bbox 1204 2455 1252 2475; x_wconf 84' lang='lat' dir='ltr'>ca-</span> 
     </span>
     <span class='ocr_line' id='line_1_70' title="bbox 205 2481 1254 2522; baseline 0 -9"><span class='ocrx_word' id='word_1_361' title='bbox 205 2484 312 2522; x_wconf 87' lang='lat' dir='ltr'>iemus,</span> <span class='ocrx_word' id='word_1_362' title='bbox 330 2493 385 2515; x_wconf 90' lang='lat' dir='ltr'>nec</span> <span class='ocrx_word' id='word_1_363' title='bbox 398 2492 448 2522; x_wconf 89' lang='lat' dir='ltr'>per</span> <span class='ocrx_word' id='word_1_364' title='bbox 461 2492 513 2513; x_wconf 84' lang='lat' dir='ltr'>nos</span> <span class='ocrx_word' id='word_1_365' title='bbox 528 2483 590 2521; x_wconf 90' lang='lat' dir='ltr'>capi</span> <span class='ocrx_word' id='word_1_366' title='bbox 605 2481 749 2514; x_wconf 69' lang='lat' dir='ltr'>faciemus.</span> <span class='ocrx_word' id='word_1_367' title='bbox 768 2481 807 2512; x_wconf 90' lang='lat' dir='ltr'>Et</span> <span class='ocrx_word' id='word_1_368' title='bbox 820 2483 851 2512; x_wconf 90' lang='lat' dir='ltr'>in</span> <span class='ocrx_word' id='word_1_369' title='bbox 863 2482 960 2522; x_wconf 86' lang='lat' dir='ltr'>hujus,</span> <span class='ocrx_word' id='word_1_370' title='bbox 981 2483 1042 2514; x_wconf 92' lang='lat' dir='ltr'>&amp;c.</span> <span class='ocrx_word' id='word_1_371' title='bbox 1060 2484 1099 2514; x_wconf 87' lang='lat' dir='ltr'>eis</span> <span class='ocrx_word' id='word_1_372' title='bbox 1113 2483 1179 2514; x_wconf 90' lang='lat' dir='ltr'>inde</span> <span class='ocrx_word' id='word_1_373' title='bbox 1192 2483 1254 2515; x_wconf 90' lang='lat' dir='ltr'>fieri</span> 
     </span>
     <span class='ocr_line' id='line_1_71' title="bbox 198 2526 519 2554; baseline 0 -2"><span class='ocrx_word' id='word_1_374' title='bbox 198 2531 314 2554; x_wconf 87' lang='lat' dir='ltr'>ecimus.</span> <span class='ocrx_word' id='word_1_375' title='bbox 424 2526 428 2532; x_wconf 73' lang='lat'>*</span> <span class='ocrx_word' id='word_1_376' title='bbox 515 2528 519 2531; x_wconf 84' lang='grc'><strong>’</strong></span> 
     </span>
    </p>
   </div>
   <div class='ocr_carea' id='block_1_27' title="bbox 186 2596 1253 2678">
    <p class='ocr_par' dir='ltr' id='par_1_35' title="bbox 186 2596 1253 2678">
     <span class='ocr_line' id='line_1_72' title="bbox 221 2596 1253 2639; baseline 0.001 -10"><span class='ocrx_word' id='word_1_377' title='bbox 221 2597 314 2629; x_wconf 88' lang='lat' dir='ltr'>Teste</span> <span class='ocrx_word' id='word_1_378' title='bbox 327 2597 434 2639; x_wconf 86' lang='lat' dir='ltr'>meipso</span> <span class='ocrx_word' id='word_1_379' title='bbox 447 2596 520 2639; x_wconf 85' lang='lat' dir='ltr'>apud</span> <span class='ocrx_word' id='word_1_380' title='bbox 534 2596 669 2639; x_wconf 83' lang='lat' dir='ltr'>Douram</span> <span class='ocrx_word' id='word_1_381' title='bbox 683 2597 800 2639; x_wconf 78' lang='lat' dir='ltr'>decimo</span> <span class='ocrx_word' id='word_1_382' title='bbox 812 2599 897 2630; x_wconf 88' lang='lat' dir='ltr'>tertio</span> <span class='ocrx_word' id='word_1_383' title='bbox 911 2598 958 2629; x_wconf 89' lang='lat' dir='ltr'>die</span> <span class='ocrx_word' id='word_1_384' title='bbox 972 2598 1163 2639; x_wconf 80' lang='lat' dir='ltr'>Septembris,</span> <span class='ocrx_word' id='word_1_385' title='bbox 1177 2609 1253 2630; x_wconf 85' lang='lat' dir='ltr'>anno</span> 
     </span>
     <span class='ocr_line' id='line_1_73' title="bbox 186 2631 658 2678; baseline -0.006 -9"><span class='ocrx_word' id='word_1_386' title='bbox 186 2631 284 2678; x_wconf 81' lang='lat' dir='ltr'>Regni</span> <span class='ocrx_word' id='word_1_387' title='bbox 298 2636 387 2667; x_wconf 88' lang='lat' dir='ltr'>nostri</span> <span class='ocrx_word' id='word_1_388' title='bbox 399 2636 515 2667; x_wconf 78' lang='lat' dir='ltr'>decimo</span> <span class='ocrx_word' id='word_1_389' title='bbox 529 2636 658 2674; x_wconf 85' lang='lat' dir='ltr'>septimo.</span> 
     </span>
    </p>
   </div>
   <div class='ocr_carea' id='block_1_28' title="bbox 388 2771 1084 2821">
    <p class='ocr_par' dir='ltr' id='par_1_36' title="bbox 388 2771 1084 2821">
     <span class='ocr_line' id='line_1_74' title="bbox 388 2771 1084 2821; baseline 0.004 -16"><span class='ocrx_word' id='word_1_390' title='bbox 388 2775 510 2806; x_wconf 81' lang='lat' dir='ltr'>Littera</span> <span class='ocrx_word' id='word_1_391' title='bbox 533 2771 691 2806; x_wconf 80' lang='lat' dir='ltr'>Ludovico</span> <span class='ocrx_word' id='word_1_392' title='bbox 705 2772 774 2818; x_wconf 80' lang='lat' dir='ltr'>filio</span> <span class='ocrx_word' id='word_1_393' title='bbox 796 2776 885 2821; x_wconf 83' lang='lat' dir='ltr'>Regis</span> <span class='ocrx_word' id='word_1_394' title='bbox 909 2776 1051 2808; x_wconf 76' lang='lat' dir='ltr'>Franciae.</span> <span class='ocrx_word' id='word_1_395' title='bbox 1081 2786 1084 2789; x_wconf 91' lang='grc'><em>·</em></span> 
     </span>
    </p>
   </div>
   <div class='ocr_carea' id='block_1_29' title="bbox 40 2857 1143 2916">
    <p class='ocr_par' dir='ltr' id='par_1_37' title="bbox 40 2857 1143 2916">
     <span class='ocr_line' id='line_1_75' title="bbox 40 2857 1143 2916; baseline 0.002 -27"><span class='ocrx_word' id='word_1_396' title='bbox 40 2865 119 2898; x_wconf 69' lang='lat' dir='ltr'>Arm.</span> <span class='ocrx_word' id='word_1_397' title='bbox 134 2862 175 2894; x_wconf 93' lang='lat' dir='ltr'>D.</span> <span class='ocrx_word' id='word_1_398' title='bbox 193 2858 308 2916; x_wconf 79' lang='lat' dir='ltr'>REX</span> <span class='ocrx_word' id='word_1_399' title='bbox 324 2858 480 2890; x_wconf 92' lang='lat' dir='ltr'>Lodovico</span> <span class='ocrx_word' id='word_1_400' title='bbox 496 2860 689 2897; x_wconf 86' lang='lat' dir='ltr'>primogenito</span> <span class='ocrx_word' id='word_1_401' title='bbox 703 2857 763 2890; x_wconf 86' lang='lat' dir='ltr'>filio</span> <span class='ocrx_word' id='word_1_402' title='bbox 777 2858 866 2899; x_wconf 85' lang='lat' dir='ltr'>Regis</span> <span class='ocrx_word' id='word_1_403' title='bbox 880 2859 1008 2890; x_wconf 85' lang='lat' dir='ltr'>Franciae</span> <span class='ocrx_word' id='word_1_404' title='bbox 1020 2860 1143 2891; x_wconf 86' lang='lat' dir='ltr'>salutem.</span> 
     </span>
    </p>
   </div>
   <div class='ocr_carea' id='block_1_30' title="bbox 44 2909 163 2977">
    <p class='ocr_par' dir='ltr' id='par_1_38' title="bbox 44 2909 163 2977">
     <span class='ocr_line' id='line_1_76' title="bbox 63 2909 163 2942; baseline -0.01 -9"><span class='ocrx_word' id='word_1_405' title='bbox 63 2909 163 2942; x_wconf 44' lang='lat'>1215„</span> 
     </span>
     <span class='ocr_line' id='line_1_77' title="bbox 44 2946 158 2977; baseline -0.018 -5"><span class='ocrx_word' id='word_1_406' title='bbox 44 2946 98 2972; x_wconf 71' lang='lat' dir='ltr'>Aa.</span> <span class='ocrx_word' id='word_1_407' title='bbox 117 2951 158 2977; x_wconf 84' lang='lat'>17.</span> 
     </span>
    </p>
   </div>
   <div class='ocr_carea' id='block_1_31' title="bbox 44 2980 108 3019">
    <p class='ocr_par' dir='ltr' id='par_1_39' title="bbox 44 2980 108 3019">
     <span class='ocr_line' id='line_1_78' title="bbox 44 2980 108 3019; baseline 0 -11"><span class='ocrx_word' id='word_1_408' title='bbox 44 2980 108 3019; x_wconf 64' lang='lat' dir='ltr'>Joh.</span> 
     </span>
    </p>
   </div>
   <div class='ocr_carea' id='block_1_32' title="bbox 45 3024 160 3053">
    <p class='ocr_par' dir='ltr' id='par_1_40' title="bbox 45 3024 160 3053">
     <span class='ocr_line' id='line_1_79' title="bbox 45 3024 160 3053; baseline -0.026 -5"><span class='ocrx_word' id='word_1_409' title='bbox 45 3024 104 3048; x_wconf 65' lang='grc' dir='ltr'>ΡΜ.</span> <span class='ocrx_word' id='word_1_410' title='bbox 119 3028 160 3053; x_wconf 90' lang='lat'>¹7-</span> 
     </span>
    </p>
   </div>
   <div class='ocr_carea' id='block_1_33' title="bbox 45 3057 182 3096">
    <p class='ocr_par' dir='ltr' id='par_1_41' title="bbox 45 3057 182 3096">
     <span class='ocr_line' id='line_1_80' title="bbox 45 3057 182 3096; baseline -0.015 -10"><span class='ocrx_word' id='word_1_411' title='bbox 45 3057 182 3096; x_wconf 79' lang='lat' dir='ltr'>Johanm&#39;s,</span> 
     </span>
    </p>
   </div>
   <div class='ocr_carea' id='block_1_34' title="bbox 47 3095 122 3124">
    <p class='ocr_par' dir='ltr' id='par_1_42' title="bbox 47 3095 122 3124">
     <span class='ocr_line' id='line_1_81' title="bbox 47 3095 122 3124; baseline -0.027 0"><span class='ocrx_word' id='word_1_412' title='bbox 47 3105 74 3124; x_wconf 83' lang='lat' dir='ltr'>n.</span> <span class='ocrx_word' id='word_1_413' title='bbox 94 3095 122 3124; x_wconf 89' lang='lat'>8.</span> 
     </span>
    </p>
   </div>
   <div class='ocr_carea' id='block_1_35' title="bbox 56 3299 272 3362">
    <p class='ocr_par' dir='ltr' id='par_1_43' title="bbox 56 3299 272 3362">
     <span class='ocr_line' id='line_1_82' title="bbox 56 3299 272 3362; baseline -0.019 -13"><span class='ocrx_word' id='word_1_414' title='bbox 56 3314 184 3349; x_wconf 72' lang='lat' dir='ltr'>Amo.</span> <span class='ocrx_word' id='word_1_415' title='bbox 206 3299 272 3362; x_wconf 84' lang='lat' dir='ltr'>R</span> 
     </span>
    </p>
   </div>
   <div class='ocr_carea' id='block_1_36' title="bbox 53 3362 166 3430">
    <p class='ocr_par' dir='ltr' id='par_1_44' title="bbox 53 3362 166 3430">
     <span class='ocr_line' id='line_1_83' title="bbox 74 3362 160 3393; baseline -0.023 -7"><span class='ocrx_word' id='word_1_416' title='bbox 74 3362 160 3393; x_wconf 88' lang='lat'><em>1215.</em></span> 
     </span>
     <span class='ocr_line' id='line_1_84' title="bbox 53 3398 166 3430; baseline -0.009 -7"><span class='ocrx_word' id='word_1_417' title='bbox 53 3398 107 3423; x_wconf 79' lang='lat' dir='ltr'>An.</span> <span class='ocrx_word' id='word_1_418' title='bbox 125 3403 166 3430; x_wconf 87' lang='lat'>¹7·</span> 
     </span>
    </p>
   </div>
   <div class='ocr_carea' id='block_1_37' title="bbox 51 3492 168 3577">
    <p class='ocr_par' dir='ltr' id='par_1_45' title="bbox 51 3492 168 3577">
     <span class='ocr_line' id='line_1_85' title="bbox 51 3492 168 3548; baseline 0.009 -12"><span class='ocrx_word' id='word_1_419' title='bbox 51 3493 152 3548; x_wconf 58' lang='lat' dir='ltr'>Julian.</span> <span class='ocrx_word' id='word_1_420' title='bbox 161 3492 168 3499; x_wconf 51' lang='lat'><strong>·</strong></span> 
     </span>
     <span class='ocr_line' id='line_1_86' title="bbox 55 3550 148 3577; baseline 0 -1"><span class='ocrx_word' id='word_1_421' title='bbox 55 3557 93 3577; x_wconf 85' lang='lat' dir='ltr'>m.</span> <span class='ocrx_word' id='word_1_422' title='bbox 105 3550 148 3576; x_wconf 83' lang='lat'>16.</span> 
     </span>
    </p>
   </div>
   <div class='ocr_carea' id='block_1_38' title="bbox 195 2897 1265 3014">
    <p class='ocr_par' dir='ltr' id='par_1_46' title="bbox 195 2897 1265 3014">
     <span class='ocr_line' id='line_1_87' title="bbox 286 2897 1265 2937; baseline 0.002 -9"><span class='ocrx_word' id='word_1_423' title='bbox 286 2897 431 2928; x_wconf 87' lang='lat' dir='ltr'>Mittimus</span> <span class='ocrx_word' id='word_1_424' title='bbox 442 2897 477 2928; x_wconf 90' lang='lat' dir='ltr'>ad</span> <span class='ocrx_word' id='word_1_425' title='bbox 489 2908 542 2929; x_wconf 88' lang='lat' dir='ltr'>vos</span> <span class='ocrx_word' id='word_1_426' title='bbox 555 2898 687 2929; x_wconf 85' lang='lat' dir='ltr'>Priorem</span> <span class='ocrx_word' id='word_1_427' title='bbox 697 2897 843 2928; x_wconf 85' lang='lat' dir='ltr'>Coventr.</span> <span class='ocrx_word' id='word_1_428' title='bbox 861 2899 895 2930; x_wconf 65' lang='grc' dir='ltr'>ὃς</span> <span class='ocrx_word' id='word_1_429' title='bbox 918 2898 962 2937; x_wconf 71' lang='lat' dir='ltr'>N,</span> <span class='ocrx_word' id='word_1_430' title='bbox 982 2898 1181 2930; x_wconf 84' lang='lat' dir='ltr'>Camerarium</span> <span class='ocrx_word' id='word_1_431' title='bbox 1202 2899 1265 2930; x_wconf 84' lang='lat' dir='ltr'>Ra-</span> 
     </span>
     <span class='ocr_line' id='line_1_88' title="bbox 195 2933 1265 2978; baseline 0.005 -13"><span class='ocrx_word' id='word_1_432' title='bbox 195 2933 272 2978; x_wconf 77' lang='lat' dir='ltr'>ding.</span> <span class='ocrx_word' id='word_1_433' title='bbox 288 2946 338 2974; x_wconf 83' lang='lat' dir='ltr'>per</span> <span class='ocrx_word' id='word_1_434' title='bbox 353 2946 423 2975; x_wconf 88' lang='lat' dir='ltr'>quos</span> <span class='ocrx_word' id='word_1_435' title='bbox 438 2936 520 2967; x_wconf 85' lang='lat' dir='ltr'>vobis</span> <span class='ocrx_word' id='word_1_436' title='bbox 532 2936 551 2966; x_wconf 85' lang='lat' dir='ltr'>si</span> <span class='ocrx_word' id='word_1_437' title='bbox 572 2937 746 2968; x_wconf 86' lang='lat' dir='ltr'>nificavirnus</span> <span class='ocrx_word' id='word_1_438' title='bbox 760 2935 854 2976; x_wconf 87' lang='lat' dir='ltr'>quod,</span> <span class='ocrx_word' id='word_1_439' title='bbox 871 2936 892 2967; x_wconf 91' lang='lat' dir='ltr'>si</span> <span class='ocrx_word' id='word_1_440' title='bbox 905 2937 974 2975; x_wconf 88' lang='lat' dir='ltr'>quid</span> <span class='ocrx_word' id='word_1_441' title='bbox 992 2947 1057 2977; x_wconf 83' lang='lat' dir='ltr'>erga</span> <span class='ocrx_word' id='word_1_442' title='bbox 1078 2948 1131 2970; x_wconf 87' lang='lat' dir='ltr'>vos</span> <span class='ocrx_word' id='word_1_443' title='bbox 1152 2938 1265 2970; x_wconf 84' lang='lat' dir='ltr'>forisfe-</span> 
     </span>
     <span class='ocr_line' id='line_1_89' title="bbox 198 2974 763 3014; baseline 0.004 -10"><span class='ocrx_word' id='word_1_444' title='bbox 198 2983 306 3014; x_wconf 78' lang='lat' dir='ltr'>cimuS,</span> <span class='ocrx_word' id='word_1_445' title='bbox 324 2974 353 3005; x_wconf 91' lang='lat' dir='ltr'>id</span> <span class='ocrx_word' id='word_1_446' title='bbox 367 2975 450 3009; x_wconf 85' lang='lat' dir='ltr'>vobis</span> <span class='ocrx_word' id='word_1_447' title='bbox 461 2985 546 3006; x_wconf 88' lang='lat' dir='ltr'>emen</span> <span class='ocrx_word' id='word_1_448' title='bbox 566 2977 606 3006; x_wconf 91' lang='lat' dir='ltr'>ari</span> <span class='ocrx_word' id='word_1_449' title='bbox 620 2975 763 3006; x_wconf 81' lang='lat' dir='ltr'>faciemus.</span> 
     </span>
    </p>
   </div>
   <div class='ocr_carea' id='block_1_39' title="bbox 200 3115 1268 3264">
    <p class='ocr_par' dir='ltr' id='par_1_47' title="bbox 200 3115 1268 3264">
     <span class='ocr_line' id='line_1_90' title="bbox 200 3115 1265 3171; baseline 0.008 -21"><span class='ocrx_word' id='word_1_450' title='bbox 200 3119 321 3151; x_wconf 83' lang='lat' dir='ltr'>Litterae</span> <span class='ocrx_word' id='word_1_451' title='bbox 348 3119 438 3164; x_wconf 82' lang='lat' dir='ltr'>Regis</span> <span class='ocrx_word' id='word_1_452' title='bbox 451 3115 545 3165; x_wconf 56' lang='lat' dir='ltr'>&#39;Papae</span> <span class='ocrx_word' id='word_1_453' title='bbox 570 3121 675 3166; x_wconf 75' lang='lat' dir='ltr'>miffie,</span> <span class='ocrx_word' id='word_1_454' title='bbox 697 3121 806 3168; x_wconf 81' lang='lat' dir='ltr'>quibus</span> <span class='ocrx_word' id='word_1_455' title='bbox 836 3127 976 3170; x_wconf 80' lang='lat' dir='ltr'>queritur</span> <span class='ocrx_word' id='word_1_456' title='bbox 1002 3125 1085 3171; x_wconf 79' lang='lat' dir='ltr'>quod</span> <span class='ocrx_word' id='word_1_457' title='bbox 1115 3128 1265 3169; x_wconf 65' lang='lat' dir='ltr'>Barsines,</span> 
     </span>
     <span class='ocr_line' id='line_1_91' title="bbox 245 3164 1268 3220; baseline 0.01 -22"><span class='ocrx_word' id='word_1_458' title='bbox 245 3176 314 3199; x_wconf 76' lang='lat' dir='ltr'>ante</span> <span class='ocrx_word' id='word_1_459' title='bbox 324 3164 539 3212; x_wconf 62' lang='lat' dir='ltr'>fhbjee&#39;bionem</span> <span class='ocrx_word' id='word_1_460' title='bbox 557 3171 670 3216; x_wconf 82' lang='lat' dir='ltr'>Regni,</span> <span class='ocrx_word' id='word_1_461' title='bbox 695 3174 721 3204; x_wconf 81' lang='lat' dir='ltr'>ei</span> <span class='ocrx_word' id='word_1_462' title='bbox 734 3171 878 3216; x_wconf 54' lang='lat' dir='ltr'>fabiam,</span> <span class='ocrx_word' id='word_1_463' title='bbox 905 3171 1025 3217; x_wconf 80' lang='lat' dir='ltr'>devoti,</span> <span class='ocrx_word' id='word_1_464' title='bbox 1044 3175 1118 3220; x_wconf 81' lang='lat' dir='ltr'>jam</span> <span class='ocrx_word' id='word_1_465' title='bbox 1145 3175 1268 3209; x_wconf 74' lang='lat' dir='ltr'>tandem</span> 
     </span>
     <span class='ocr_line' id='line_1_92' title="bbox 246 3215 740 3264; baseline 0.01 -18"><span class='ocrx_word' id='word_1_466' title='bbox 246 3217 279 3246; x_wconf 83' lang='lat' dir='ltr'>in</span> <span class='ocrx_word' id='word_1_467' title='bbox 293 3215 389 3260; x_wconf 74' lang='lat' dir='ltr'>ipfhm</span> <span class='ocrx_word' id='word_1_468' title='bbox 408 3215 552 3249; x_wconf 78' lang='lat' dir='ltr'>violenter</span> <span class='ocrx_word' id='word_1_469' title='bbox 569 3217 740 3264; x_wconf 70' lang='lat' dir='ltr'>infiargunt.</span> 
     </span>
    </p>
   </div>
   <div class='ocr_carea' id='block_1_40' title="bbox 258 3298 1272 3386">
    <p class='ocr_par' dir='ltr' id='par_1_48' title="bbox 258 3298 1272 3386">
     <span class='ocr_line' id='line_1_93' title="bbox 258 3298 1272 3348; baseline 0.011 -19"><span class='ocrx_word' id='word_1_470' title='bbox 258 3298 424 3344; x_wconf 76' lang='lat' dir='ltr'>-Everendo</span> <span class='ocrx_word' id='word_1_471' title='bbox 443 3299 578 3332; x_wconf 89' lang='lat' dir='ltr'>Domino</span> <span class='ocrx_word' id='word_1_472' title='bbox 595 3301 646 3333; x_wconf 88' lang='lat' dir='ltr'>suo</span> <span class='ocrx_word' id='word_1_473' title='bbox 663 3302 698 3333; x_wconf 90' lang='lat'>&amp;</span> <span class='ocrx_word' id='word_1_474' title='bbox 715 3302 792 3335; x_wconf 88' lang='lat' dir='ltr'>Patri</span> <span class='ocrx_word' id='word_1_475' title='bbox 809 3305 981 3339; x_wconf 66' lang='lat' dir='ltr'>sanetisfimo</span> <span class='ocrx_word' id='word_1_476' title='bbox 997 3307 1187 3348; x_wconf 83' lang='lat' dir='ltr'>Innocentio,</span> <span class='ocrx_word' id='word_1_477' title='bbox 1213 3309 1272 3339; x_wconf 90' lang='lat' dir='ltr'>Dei</span> 
     </span>
     <span class='ocr_line' id='line_1_94' title="bbox 288 3338 1272 3386; baseline 0.012 -19"><span class='ocrx_word' id='word_1_478' title='bbox 288 3347 388 3380; x_wconf 81' lang='lat' dir='ltr'>gratia,</span> <span class='ocrx_word' id='word_1_479' title='bbox 408 3338 520 3370; x_wconf 88' lang='lat' dir='ltr'>summo</span> <span class='ocrx_word' id='word_1_480' title='bbox 534 3339 686 3379; x_wconf 85' lang='lat' dir='ltr'>Pontifici,</span> <span class='ocrx_word' id='word_1_481' title='bbox 700 3340 863 3383; x_wconf 85' lang='lat' dir='ltr'>Johannes,</span> <span class='ocrx_word' id='word_1_482' title='bbox 882 3346 982 3376; x_wconf 90' lang='lat' dir='ltr'>eadem</span> <span class='ocrx_word' id='word_1_483' title='bbox 999 3349 1099 3386; x_wconf 84' lang='lat' dir='ltr'>gratia,</span> <span class='ocrx_word' id='word_1_484' title='bbox 1123 3347 1188 3378; x_wconf 85' lang='lat' dir='ltr'>Rex</span> <span class='ocrx_word' id='word_1_485' title='bbox 1209 3348 1272 3377; x_wconf 89' lang='lat' dir='ltr'>An-</span> 
     </span>
    </p>
   </div>
   <div class='ocr_carea' id='block_1_41' title="bbox 206 3376 1272 3446">
    <p class='ocr_par' dir='ltr' id='par_1_49' title="bbox 206 3376 1272 3446">
     <span class='ocr_line' id='line_1_95' title="bbox 206 3376 1272 3446; baseline 0.008 -39"><span class='ocrx_word' id='word_1_486' title='bbox 206 3376 276 3446; x_wconf 35' lang='grc' dir='ltr'>ἓξὲξ</span> <span class='ocrx_word' id='word_1_487' title='bbox 285 3400 296 3416; x_wconf 89' lang='grc'>,</span> <span class='ocrx_word' id='word_1_488' title='bbox 319 3378 380 3408; x_wconf 87' lang='lat' dir='ltr'>&amp;c.</span> <span class='ocrx_word' id='word_1_489' title='bbox 400 3376 535 3416; x_wconf 86' lang='lat' dir='ltr'>salutem,</span> <span class='ocrx_word' id='word_1_490' title='bbox 558 3379 592 3409; x_wconf 69' lang='grc' dir='ltr'>ὃς</span> <span class='ocrx_word' id='word_1_491' title='bbox 610 3379 736 3410; x_wconf 86' lang='lat' dir='ltr'>debitam</span> <span class='ocrx_word' id='word_1_492' title='bbox 752 3389 831 3413; x_wconf 87' lang='lat' dir='ltr'>tanto</span> <span class='ocrx_word' id='word_1_493' title='bbox 850 3383 985 3415; x_wconf 89' lang='lat' dir='ltr'>Domino</span> <span class='ocrx_word' id='word_1_494' title='bbox 1003 3387 1036 3416; x_wconf 74' lang='grc' dir='ltr'>δε</span> <span class='ocrx_word' id='word_1_495' title='bbox 1052 3387 1123 3424; x_wconf 83' lang='lat' dir='ltr'>patri</span> <span class='ocrx_word' id='word_1_496' title='bbox 1139 3396 1272 3418; x_wconf 82' lang='lat' dir='ltr'>reveren-</span> 
     </span>
    </p>
   </div>
   <div class='ocr_carea' id='block_1_42' title="bbox 205 3452 1272 3539">
    <p class='ocr_par' dir='ltr' id='par_1_50' title="bbox 205 3452 1272 3539">
     <span class='ocr_line' id='line_1_96' title="bbox 243 3452 1272 3502; baseline 0.012 -19"><span class='ocrx_word' id='word_1_497' title='bbox 243 3453 324 3484; x_wconf 89' lang='lat' dir='ltr'>Cum</span> <span class='ocrx_word' id='word_1_498' title='bbox 342 3452 473 3484; x_wconf 84' lang='lat' dir='ltr'>Comites</span> <span class='ocrx_word' id='word_1_499' title='bbox 493 3453 526 3485; x_wconf 73' lang='grc' dir='ltr'>ὃ(</span> <span class='ocrx_word' id='word_1_500' title='bbox 546 3453 668 3499; x_wconf 72' lang='lat' dir='ltr'>Barones</span> <span class='ocrx_word' id='word_1_501' title='bbox 679 3456 761 3488; x_wconf 89' lang='lat' dir='ltr'>nobis</span> <span class='ocrx_word' id='word_1_502' title='bbox 779 3457 877 3491; x_wconf 84' lang='lat' dir='ltr'>devoti</span> <span class='ocrx_word' id='word_1_503' title='bbox 893 3460 982 3492; x_wconf 84' lang='lat' dir='ltr'>effent</span> <span class='ocrx_word' id='word_1_504' title='bbox 999 3471 1150 3502; x_wconf 80' lang='lat' dir='ltr'>antequam</span> <span class='ocrx_word' id='word_1_505' title='bbox 1168 3472 1221 3494; x_wconf 88' lang='lat' dir='ltr'>nos</span> <span class='ocrx_word' id='word_1_506' title='bbox 1238 3465 1272 3494; x_wconf 87' lang='lat'>&amp;</span> 
     </span>
     <span class='ocr_line' id='line_1_97' title="bbox 205 3491 1272 3539; baseline 0.009 -17"><span class='ocrx_word' id='word_1_507' title='bbox 205 3491 334 3523; x_wconf 83' lang='lat' dir='ltr'>nostram</span> <span class='ocrx_word' id='word_1_508' title='bbox 352 3501 456 3522; x_wconf 85' lang='lat' dir='ltr'>terram</span> <span class='ocrx_word' id='word_1_509' title='bbox 476 3491 620 3523; x_wconf 87' lang='lat' dir='ltr'>Dominio</span> <span class='ocrx_word' id='word_1_510' title='bbox 638 3493 733 3525; x_wconf 89' lang='lat' dir='ltr'>vestro</span> <span class='ocrx_word' id='word_1_511' title='bbox 752 3495 888 3529; x_wconf 83' lang='lat' dir='ltr'>sub&#39;icere</span> <span class='ocrx_word' id='word_1_512' title='bbox 910 3500 1101 3539; x_wconf 77' lang='lat' dir='ltr'>curassemus,</span> <span class='ocrx_word' id='word_1_513' title='bbox 1120 3511 1224 3539; x_wconf 83' lang='lat' dir='ltr'>extunc</span> <span class='ocrx_word' id='word_1_514' title='bbox 1243 3504 1272 3532; x_wconf 89' lang='lat' dir='ltr'>iri</span> 
     </span>
    </p>
   </div>
   <div class='ocr_carea' id='block_1_43' title="bbox 162 3530 1237 3579">
    <p class='ocr_par' dir='ltr' id='par_1_51' title="bbox 162 3530 1237 3579">
     <span class='ocr_line' id='line_1_98' title="bbox 162 3530 1237 3579; baseline 0.009 -18"><span class='ocrx_word' id='word_1_515' title='bbox 162 3547 188 3578; x_wconf 46' lang='lat' dir='ltr'>d·</span> <span class='ocrx_word' id='word_1_516' title='bbox 206 3541 260 3561; x_wconf 87' lang='lat' dir='ltr'>nos</span> <span class='ocrx_word' id='word_1_517' title='bbox 294 3531 446 3569; x_wconf 84' lang='lat' dir='ltr'>specialiter</span> <span class='ocrx_word' id='word_1_518' title='bbox 459 3531 500 3561; x_wconf 93' lang='lat' dir='ltr'>ob</span> <span class='ocrx_word' id='word_1_519' title='bbox 513 3530 571 3560; x_wconf 88' lang='lat' dir='ltr'>hoc</span> <span class='ocrx_word' id='word_1_520' title='bbox 585 3531 655 3562; x_wconf 88' lang='lat' dir='ltr'>sicut</span> <span class='ocrx_word' id='word_1_521' title='bbox 667 3533 783 3570; x_wconf 79' lang='lat' dir='ltr'>publice</span> <span class='ocrx_word' id='word_1_522' title='bbox 815 3537 911 3576; x_wconf 80' lang='lat' dir='ltr'>icunt,</span> <span class='ocrx_word' id='word_1_523' title='bbox 929 3539 1068 3570; x_wconf 90' lang='lat' dir='ltr'>violenter</span> <span class='ocrx_word' id='word_1_524' title='bbox 1082 3541 1237 3579; x_wconf 79' lang='lat' dir='ltr'>insurgunt.</span> 
     </span>
    </p>
   </div>
   <div class='ocr_carea' id='block_1_44' title="bbox 207 3568 1280 4147">
    <p class='ocr_par' dir='ltr' id='par_1_52' title="bbox 207 3568 1280 4147">
     <span class='ocr_line' id='line_1_99' title="bbox 280 3568 1271 3616; baseline 0.009 -16"><span class='ocrx_word' id='word_1_525' title='bbox 280 3580 312 3600; x_wconf 90' lang='lat' dir='ltr'>os</span> <span class='ocrx_word' id='word_1_526' title='bbox 327 3579 415 3608; x_wconf 84' lang='lat' dir='ltr'>vero,</span> <span class='ocrx_word' id='word_1_527' title='bbox 431 3568 495 3608; x_wconf 89' lang='lat' dir='ltr'>post</span> <span class='ocrx_word' id='word_1_528' title='bbox 510 3569 629 3608; x_wconf 88' lang='lat' dir='ltr'>Deum,</span> <span class='ocrx_word' id='word_1_529' title='bbox 646 3580 699 3600; x_wconf 91' lang='lat' dir='ltr'>vos</span> <span class='ocrx_word' id='word_1_530' title='bbox 712 3571 861 3609; x_wconf 82' lang='lat' dir='ltr'>specialem</span> <span class='ocrx_word' id='word_1_531' title='bbox 874 3574 1042 3608; x_wconf 89' lang='lat' dir='ltr'>Dominum</span> <span class='ocrx_word' id='word_1_532' title='bbox 1064 3579 1098 3609; x_wconf 87' lang='lat'>&amp;</span> <span class='ocrx_word' id='word_1_533' title='bbox 1121 3587 1271 3616; x_wconf 85' lang='lat' dir='ltr'>patronum</span> 
     </span>
     <span class='ocr_line' id='line_1_100' title="bbox 207 3607 1273 3654; baseline 0.008 -16"><span class='ocrx_word' id='word_1_534' title='bbox 207 3608 359 3647; x_wconf 84' lang='lat' dir='ltr'>habentes,</span> <span class='ocrx_word' id='word_1_535' title='bbox 376 3608 570 3639; x_wconf 88' lang='lat' dir='ltr'>defensionem</span> <span class='ocrx_word' id='word_1_536' title='bbox 590 3607 735 3648; x_wconf 86' lang='lat' dir='ltr'>nostram,</span> <span class='ocrx_word' id='word_1_537' title='bbox 752 3611 786 3641; x_wconf 91' lang='lat'>&amp;</span> <span class='ocrx_word' id='word_1_538' title='bbox 805 3614 892 3646; x_wconf 87' lang='lat' dir='ltr'>totius</span> <span class='ocrx_word' id='word_1_539' title='bbox 910 3614 1024 3654; x_wconf 76' lang='lat' dir='ltr'>Regni,</span> <span class='ocrx_word' id='word_1_540' title='bbox 1043 3616 1122 3654; x_wconf 82' lang='lat' dir='ltr'>quod</span> <span class='ocrx_word' id='word_1_541' title='bbox 1145 3617 1273 3648; x_wconf 77' lang='lat' dir='ltr'>vestrum</span> 
     </span>
     <span class='ocr_line' id='line_1_101' title="bbox 207 3646 1274 3694; baseline 0.007 -16"><span class='ocrx_word' id='word_1_542' title='bbox 207 3647 268 3686; x_wconf 85' lang='lat' dir='ltr'>est,</span> <span class='ocrx_word' id='word_1_543' title='bbox 287 3646 345 3678; x_wconf 82' lang='lat' dir='ltr'>effe</span> <span class='ocrx_word' id='word_1_544' title='bbox 365 3647 506 3678; x_wconf 88' lang='lat' dir='ltr'>credimus</span> <span class='ocrx_word' id='word_1_545' title='bbox 524 3646 626 3678; x_wconf 80' lang='lat' dir='ltr'>vestrae</span> <span class='ocrx_word' id='word_1_546' title='bbox 645 3649 801 3684; x_wconf 80' lang='lat' dir='ltr'>paternitati</span> <span class='ocrx_word' id='word_1_547' title='bbox 821 3653 1023 3693; x_wconf 72' lang='lat' dir='ltr'>commissam,</span> <span class='ocrx_word' id='word_1_548' title='bbox 1041 3656 1075 3685; x_wconf 73' lang='grc' dir='ltr'>ὅτ</span> <span class='ocrx_word' id='word_1_549' title='bbox 1095 3665 1166 3694; x_wconf 82' lang='lat' dir='ltr'>nos,</span> <span class='ocrx_word' id='word_1_550' title='bbox 1185 3666 1274 3694; x_wconf 81' lang='lat' dir='ltr'>quan-</span> 
     </span>
     <span class='ocr_line' id='line_1_102' title="bbox 208 3685 1274 3726; baseline 0.009 -11"><span class='ocrx_word' id='word_1_551' title='bbox 208 3694 273 3717; x_wconf 88' lang='lat' dir='ltr'>tum</span> <span class='ocrx_word' id='word_1_552' title='bbox 295 3687 325 3715; x_wconf 88' lang='lat' dir='ltr'>in</span> <span class='ocrx_word' id='word_1_553' title='bbox 344 3685 429 3716; x_wconf 87' lang='lat' dir='ltr'>nobis</span> <span class='ocrx_word' id='word_1_554' title='bbox 450 3685 508 3726; x_wconf 87' lang='lat' dir='ltr'>est,</span> <span class='ocrx_word' id='word_1_555' title='bbox 527 3695 624 3716; x_wconf 87' lang='lat' dir='ltr'>curam</span> <span class='ocrx_word' id='word_1_556' title='bbox 643 3686 678 3717; x_wconf 90' lang='lat'>&amp;</span> <span class='ocrx_word' id='word_1_557' title='bbox 698 3685 914 3720; x_wconf 86' lang='lat' dir='ltr'>sollicitudinem</span> <span class='ocrx_word' id='word_1_558' title='bbox 935 3691 1016 3723; x_wconf 79' lang='lat' dir='ltr'>istam</span> <span class='ocrx_word' id='word_1_559' title='bbox 1038 3692 1140 3724; x_wconf 86' lang='lat' dir='ltr'>vestrae</span> <span class='ocrx_word' id='word_1_560' title='bbox 1154 3697 1274 3725; x_wconf 65' lang='lat' dir='ltr'>retenia—</span> 
     </span>
     <span class='ocr_line' id='line_1_103' title="bbox 210 3724 1273 3771; baseline 0.008 -16"><span class='ocrx_word' id='word_1_561' title='bbox 210 3734 274 3755; x_wconf 88' lang='lat' dir='ltr'>mus</span> <span class='ocrx_word' id='word_1_562' title='bbox 288 3724 494 3763; x_wconf 79' lang='lat' dir='ltr'>dominationi,</span> <span class='ocrx_word' id='word_1_563' title='bbox 512 3724 641 3757; x_wconf 75' lang='lat' dir='ltr'>devotius</span> <span class='ocrx_word' id='word_1_564' title='bbox 660 3724 841 3767; x_wconf 88' lang='lat' dir='ltr'>supplicantes</span> <span class='ocrx_word' id='word_1_565' title='bbox 862 3737 996 3766; x_wconf 89' lang='lat' dir='ltr'>quatenus</span> <span class='ocrx_word' id='word_1_566' title='bbox 1017 3732 1047 3762; x_wconf 81' lang='lat' dir='ltr'>iri</span> <span class='ocrx_word' id='word_1_567' title='bbox 1066 3733 1184 3771; x_wconf 86' lang='lat' dir='ltr'>negotiis</span> <span class='ocrx_word' id='word_1_568' title='bbox 1207 3743 1273 3763; x_wconf 88' lang='lat' dir='ltr'>nos-</span> 
     </span>
     <span class='ocr_line' id='line_1_104' title="bbox 208 3763 1272 3809; baseline 0.008 -15"><span class='ocrx_word' id='word_1_569' title='bbox 208 3764 258 3794; x_wconf 88' lang='lat' dir='ltr'>tris</span> <span class='ocrx_word' id='word_1_570' title='bbox 273 3785 284 3802; x_wconf 78' lang='lat'>,</span> <span class='ocrx_word' id='word_1_571' title='bbox 316 3773 381 3802; x_wconf 85' lang='lat' dir='ltr'>quae</span> <span class='ocrx_word' id='word_1_572' title='bbox 401 3763 494 3795; x_wconf 89' lang='lat' dir='ltr'>vestra</span> <span class='ocrx_word' id='word_1_573' title='bbox 511 3763 573 3795; x_wconf 87' lang='lat' dir='ltr'>sunt</span> <span class='ocrx_word' id='word_1_574' title='bbox 587 3789 598 3803; x_wconf 92' lang='lat'>,</span> <span class='ocrx_word' id='word_1_575' title='bbox 622 3763 772 3794; x_wconf 73' lang='lat' dir='ltr'>confilium</span> <span class='ocrx_word' id='word_1_576' title='bbox 796 3765 831 3796; x_wconf 86' lang='lat'>&amp;</span> <span class='ocrx_word' id='word_1_577' title='bbox 852 3767 985 3798; x_wconf 87' lang='lat' dir='ltr'>auxilium</span> <span class='ocrx_word' id='word_1_578' title='bbox 1007 3769 1106 3800; x_wconf 83' lang='lat' dir='ltr'>efficax</span> <span class='ocrx_word' id='word_1_579' title='bbox 1129 3773 1272 3809; x_wconf 85' lang='lat' dir='ltr'>apponatis</span> 
     </span>
     <span class='ocr_line' id='line_1_105' title="bbox 209 3801 1274 3848; baseline 0.01 -18"><span class='ocrx_word' id='word_1_580' title='bbox 209 3810 296 3839; x_wconf 87' lang='lat' dir='ltr'>prout</span> <span class='ocrx_word' id='word_1_581' title='bbox 308 3801 410 3832; x_wconf 78' lang='lat' dir='ltr'>melius</span> <span class='ocrx_word' id='word_1_582' title='bbox 422 3802 545 3833; x_wconf 88' lang='lat' dir='ltr'>videritis</span> <span class='ocrx_word' id='word_1_583' title='bbox 559 3802 690 3841; x_wconf 82' lang='lat' dir='ltr'>expedire</span> <span class='ocrx_word' id='word_1_584' title='bbox 699 3827 707 3839; x_wconf 81' lang='grc'><em>,</em></span> <span class='ocrx_word' id='word_1_585' title='bbox 727 3802 827 3833; x_wconf 73' lang='lat' dir='ltr'>latores</span> <span class='ocrx_word' id='word_1_586' title='bbox 841 3805 1019 3841; x_wconf 86' lang='lat' dir='ltr'>praesentiurn</span> <span class='ocrx_word' id='word_1_587' title='bbox 1035 3809 1204 3840; x_wconf 85' lang='lat' dir='ltr'>venerabiles</span> <span class='ocrx_word' id='word_1_588' title='bbox 1225 3820 1274 3848; x_wconf 84' lang='lat' dir='ltr'>pa-</span> 
     </span>
     <span class='ocr_line' id='line_1_106' title="bbox 209 3840 1275 3887; baseline 0.008 -18"><span class='ocrx_word' id='word_1_589' title='bbox 209 3846 283 3878; x_wconf 86' lang='lat' dir='ltr'>tres,</span> <span class='ocrx_word' id='word_1_590' title='bbox 304 3840 357 3870; x_wconf 91' lang='lat' dir='ltr'>W.</span> <span class='ocrx_word' id='word_1_591' title='bbox 384 3840 531 3878; x_wconf 73' lang='lat' dir='ltr'>Burdegal,</span> <span class='ocrx_word' id='word_1_592' title='bbox 556 3842 591 3873; x_wconf 90' lang='lat'>&amp;</span> <span class='ocrx_word' id='word_1_593' title='bbox 613 3841 656 3872; x_wconf 94' lang='lat' dir='ltr'>H.</span> <span class='ocrx_word' id='word_1_594' title='bbox 682 3840 801 3871; x_wconf 89' lang='lat' dir='ltr'>Dublin.</span> <span class='ocrx_word' id='word_1_595' title='bbox 829 3842 1013 3881; x_wconf 90' lang='lat' dir='ltr'>Archiepisco</span> <span class='ocrx_word' id='word_1_596' title='bbox 1034 3858 1082 3886; x_wconf 85' lang='lat' dir='ltr'>os,</span> <span class='ocrx_word' id='word_1_597' title='bbox 1102 3847 1275 3887; x_wconf 85' lang='lat' dir='ltr'>Magistrum</span> 
     </span>
     <span class='ocr_line' id='line_1_107' title="bbox 210 3876 1277 3921; baseline 0.008 -13"><span class='ocrx_word' id='word_1_598' title='bbox 210 3876 251 3907; x_wconf 90' lang='lat' dir='ltr'>R.</span> <span class='ocrx_word' id='word_1_599' title='bbox 271 3876 479 3910; x_wconf 86' lang='lat' dir='ltr'>Cancellarium</span> <span class='ocrx_word' id='word_1_600' title='bbox 492 3878 641 3919; x_wconf 85' lang='lat' dir='ltr'>nostrum,</span> <span class='ocrx_word' id='word_1_601' title='bbox 659 3879 802 3910; x_wconf 86' lang='lat' dir='ltr'>Abbatem</span> <span class='ocrx_word' id='word_1_602' title='bbox 817 3877 974 3921; x_wconf 80' lang='lat' dir='ltr'>Belli-loci,</span> <span class='ocrx_word' id='word_1_603' title='bbox 1033 3885 1166 3916; x_wconf 68' lang='lat' dir='ltr'>avistrum</span> <span class='ocrx_word' id='word_1_604' title='bbox 1185 3886 1216 3916; x_wconf 94' lang='grc' dir='ltr'>Ρ.</span> <span class='ocrx_word' id='word_1_605' title='bbox 1235 3886 1277 3917; x_wconf 88' lang='lat' dir='ltr'>E-</span> 
     </span>
     <span class='ocr_line' id='line_1_108' title="bbox 212 3915 1275 3960; baseline 0.009 -15"><span class='ocrx_word' id='word_1_606' title='bbox 212 3915 320 3947; x_wconf 88' lang='lat' dir='ltr'>borum</span> <span class='ocrx_word' id='word_1_607' title='bbox 339 3917 570 3959; x_wconf 80' lang='lat' dir='ltr'>Praecentorem,</span> <span class='ocrx_word' id='word_1_608' title='bbox 596 3920 629 3949; x_wconf 87' lang='lat'>&amp;</span> <span class='ocrx_word' id='word_1_609' title='bbox 650 3918 691 3949; x_wconf 90' lang='lat' dir='ltr'>H.</span> <span class='ocrx_word' id='word_1_610' title='bbox 710 3917 970 3960; x_wconf 68' lang='lat' dir='ltr'>Archidiaconum,</span> <span class='ocrx_word' id='word_1_611' title='bbox 985 3923 1033 3953; x_wconf 68' lang='lat' dir='ltr'>&amp;t</span> <span class='ocrx_word' id='word_1_612' title='bbox 1083 3924 1216 3955; x_wconf 64' lang='lat' dir='ltr'>avistrum</span> <span class='ocrx_word' id='word_1_613' title='bbox 1236 3924 1275 3954; x_wconf 92' lang='lat' dir='ltr'>R.</span> 
     </span>
     <span class='ocr_line' id='line_1_109' title="bbox 212 3948 1277 4002; baseline 0.01 -20"><span class='ocrx_word' id='word_1_614' title='bbox 212 3952 251 3982; x_wconf 89' lang='lat' dir='ltr'>de</span> <span class='ocrx_word' id='word_1_615' title='bbox 261 3954 362 3986; x_wconf 88' lang='lat' dir='ltr'>Arenis</span> <span class='ocrx_word' id='word_1_616' title='bbox 374 3956 561 3988; x_wconf 87' lang='lat' dir='ltr'>Canonicum</span> <span class='ocrx_word' id='word_1_617' title='bbox 573 3957 705 3988; x_wconf 89' lang='lat' dir='ltr'>Eborum</span> <span class='ocrx_word' id='word_1_618' title='bbox 713 3981 724 3996; x_wconf 93' lang='lat'>,</span> <span class='ocrx_word' id='word_1_619' title='bbox 740 3959 774 3989; x_wconf 72' lang='grc' dir='ltr'>δε</span> <span class='ocrx_word' id='word_1_620' title='bbox 788 3957 897 3987; x_wconf 73' lang='lat' dir='ltr'>nobiles</span> <span class='ocrx_word' id='word_1_621' title='bbox 913 3959 989 3989; x_wconf 91' lang='lat' dir='ltr'>viros</span> <span class='ocrx_word' id='word_1_622' title='bbox 1005 3960 1045 3991; x_wconf 93' lang='lat' dir='ltr'>R.</span> <span class='ocrx_word' id='word_1_623' title='bbox 1066 3948 1277 4002; x_wconf 71' lang='lat' dir='ltr'>Nsarescallum,</span> 
     </span>
     <span class='ocr_line' id='line_1_110' title="bbox 213 3991 1278 4038; baseline 0.011 -18"><span class='ocrx_word' id='word_1_624' title='bbox 213 3991 248 4021; x_wconf 86' lang='lat'>&amp;</span> <span class='ocrx_word' id='word_1_625' title='bbox 264 3991 304 4022; x_wconf 89' lang='lat' dir='ltr'>G.</span> <span class='ocrx_word' id='word_1_626' title='bbox 319 3993 457 4036; x_wconf 28' lang='lat' dir='ltr'>*Luterel3</span> <span class='ocrx_word' id='word_1_627' title='bbox 475 3995 570 4027; x_wconf 87' lang='lat' dir='ltr'>fideles</span> <span class='ocrx_word' id='word_1_628' title='bbox 584 3996 696 4027; x_wconf 87' lang='lat' dir='ltr'>nostros</span> <span class='ocrx_word' id='word_1_629' title='bbox 733 4006 804 4035; x_wconf 88' lang='lat' dir='ltr'>quos</span> <span class='ocrx_word' id='word_1_630' title='bbox 819 4005 934 4034; x_wconf 85' lang='lat' dir='ltr'>propter</span> <span class='ocrx_word' id='word_1_631' title='bbox 948 3997 1006 4029; x_wconf 88' lang='lat' dir='ltr'>hoc</span> <span class='ocrx_word' id='word_1_632' title='bbox 1019 3999 1054 4030; x_wconf 91' lang='lat' dir='ltr'>ad</span> <span class='ocrx_word' id='word_1_633' title='bbox 1069 4000 1153 4038; x_wconf 74' lang='lat' dir='ltr'>pedes</span> <span class='ocrx_word' id='word_1_634' title='bbox 1169 4001 1278 4032; x_wconf 87' lang='lat' dir='ltr'>vestros</span> 
     </span>
     <span class='ocr_line' id='line_1_111' title="bbox 213 4020 802 4077; baseline 0.01 -19"><span class='ocrx_word' id='word_1_635' title='bbox 213 4030 439 4077; x_wconf 78' lang='lat' dir='ltr'>transmittimus,</span> <span class='ocrx_word' id='word_1_636' title='bbox 455 4035 603 4075; x_wconf 87' lang='lat' dir='ltr'>benignius</span> <span class='ocrx_word' id='word_1_637' title='bbox 619 4020 802 4066; x_wconf 67' lang='lat' dir='ltr'>exaudientes.</span> 
     </span>
     <span class='ocr_line' id='line_1_112' title="bbox 252 4067 1278 4115; baseline 0.006 -13"><span class='ocrx_word' id='word_1_638' title='bbox 252 4067 322 4111; x_wconf 81' lang='lat' dir='ltr'>Nos</span> <span class='ocrx_word' id='word_1_639' title='bbox 341 4080 420 4115; x_wconf 66' lang='lat' dir='ltr'>enini</span> <span class='ocrx_word' id='word_1_640' title='bbox 439 4072 520 4110; x_wconf 88' lang='lat' dir='ltr'>super</span> <span class='ocrx_word' id='word_1_641' title='bbox 541 4075 693 4113; x_wconf 86' lang='lat' dir='ltr'>omnibus,</span> <span class='ocrx_word' id='word_1_642' title='bbox 717 4084 781 4112; x_wconf 85' lang='lat' dir='ltr'>quae</span> <span class='ocrx_word' id='word_1_643' title='bbox 799 4073 834 4103; x_wconf 90' lang='lat' dir='ltr'>ad</span> <span class='ocrx_word' id='word_1_644' title='bbox 856 4083 909 4104; x_wconf 90' lang='lat' dir='ltr'>nos</span> <span class='ocrx_word' id='word_1_645' title='bbox 932 4074 966 4105; x_wconf 91' lang='lat'>&amp;</span> <span class='ocrx_word' id='word_1_646' title='bbox 988 4074 1126 4114; x_wconf 77' lang='lat' dir='ltr'>Regnum</span> <span class='ocrx_word' id='word_1_647' title='bbox 1147 4076 1278 4107; x_wconf 85' lang='lat' dir='ltr'>nostrum</span> 
     </span>
     <span class='ocr_line' id='line_1_113' title="bbox 214 4111 1280 4147; baseline 0.002 -2"><span class='ocrx_word' id='word_1_648' title='bbox 214 4113 373 4146; x_wconf 69' lang='lat' dir='ltr'>pertinent,</span> <span class='ocrx_word' id='word_1_649' title='bbox 391 4119 468 4142; x_wconf 68' lang='lat' dir='ltr'>vices</span> <span class='ocrx_word' id='word_1_650' title='bbox 483 4111 590 4144; x_wconf 84' lang='lat' dir='ltr'>nostras</span> <span class='ocrx_word' id='word_1_651' title='bbox 605 4114 639 4146; x_wconf 72' lang='grc' dir='ltr'>ὃς</span> <span class='ocrx_word' id='word_1_652' title='bbox 649 4113 846 4146; x_wconf 64' lang='lat' dir='ltr'>auctoritatem</span> <span class='ocrx_word' id='word_1_653' title='bbox 857 4113 994 4146; x_wconf 70' lang='lat' dir='ltr'>sanctitati</span> <span class='ocrx_word' id='word_1_654' title='bbox 1007 4114 1109 4146; x_wconf 78' lang='lat' dir='ltr'>vesttae</span> <span class='ocrx_word' id='word_1_655' title='bbox 1121 4116 1280 4147; x_wconf 86' lang='lat' dir='ltr'>committi·</span> 
     </span>
    </p>
   </div>
   <div class='ocr_carea' id='block_1_45' title="bbox 1269 212 2325 277">
    <p class='ocr_par' dir='ltr' id='par_1_53' title="bbox 1269 212 2325 277">
     <span class='ocr_line' id='line_1_114' title="bbox 1269 212 2325 277; baseline 0.012 -26"><span class='ocrx_word' id='word_1_656' title='bbox 1269 212 1751 262; x_wconf 83' lang='lat' dir='ltr'>PUBLicA.</span> <span class='ocrx_word' id='word_1_657' title='bbox 2269 231 2325 277; x_wconf 83' lang='lat'>69</span> 
     </span>
    </p>
   </div>
   <div class='ocr_carea' id='block_1_46' title="bbox 1259 300 2468 347">
    <p class='ocr_par' dir='ltr' id='par_1_54' title="bbox 1259 300 2468 347">
     <span class='ocr_line' id='line_1_115' title="bbox 1259 300 2468 347; baseline 0.009 -19"><span class='ocrx_word' id='word_1_658' title='bbox 1259 307 1339 336; x_wconf 66' lang='lat' dir='ltr'>mim,</span> <span class='ocrx_word' id='word_1_659' title='bbox 1358 306 1449 329; x_wconf 88' lang='lat' dir='ltr'>ratum</span> <span class='ocrx_word' id='word_1_660' title='bbox 1463 300 1581 332; x_wconf 84' lang='lat' dir='ltr'>habituri</span> <span class='ocrx_word' id='word_1_661' title='bbox 1596 303 1629 333; x_wconf 92' lang='lat'>&amp;</span> <span class='ocrx_word' id='word_1_662' title='bbox 1645 303 1760 336; x_wconf 85' lang='lat' dir='ltr'>firmum</span> <span class='ocrx_word' id='word_1_663' title='bbox 1774 307 1840 344; x_wconf 89' lang='lat' dir='ltr'>quie</span> <span class='ocrx_word' id='word_1_664' title='bbox 1860 308 1908 338; x_wconf 90' lang='lat' dir='ltr'>uid</span> <span class='ocrx_word' id='word_1_665' title='bbox 1922 309 2004 347; x_wconf 90' lang='lat' dir='ltr'>inde,</span> <span class='ocrx_word' id='word_1_666' title='bbox 2021 311 2091 340; x_wconf 83' lang='lat' dir='ltr'>curn</span> <span class='ocrx_word' id='word_1_667' title='bbox 2104 309 2231 341; x_wconf 87' lang='lat' dir='ltr'>concilio</span> <span class='ocrx_word' id='word_1_668' title='bbox 2246 319 2320 340; x_wconf 87' lang='lat' dir='ltr'>nuri-</span> <span class='ocrx_word' id='word_1_669' title='bbox 2339 307 2416 339; x_wconf 86' lang='lat' dir='ltr'>Ann.</span> <span class='ocrx_word' id='word_1_670' title='bbox 2427 307 2468 339; x_wconf 87' lang='lat' dir='ltr'>D.</span> 
     </span>
    </p>
   </div>
   <div class='ocr_carea' id='block_1_47' title="bbox 1260 337 1926 378">
    <p class='ocr_par' dir='ltr' id='par_1_55' title="bbox 1260 337 1926 378">
     <span class='ocr_line' id='line_1_116' title="bbox 1260 337 1926 378; baseline 0.017 -12"><span class='ocrx_word' id='word_1_671' title='bbox 1260 337 1374 367; x_wconf 88' lang='lat' dir='ltr'>ciorum</span> <span class='ocrx_word' id='word_1_672' title='bbox 1386 337 1569 378; x_wconf 86' lang='lat' dir='ltr'>nostrorum,</span> <span class='ocrx_word' id='word_1_673' title='bbox 1587 340 1716 374; x_wconf 78' lang='lat' dir='ltr'>duxeritis</span> <span class='ocrx_word' id='word_1_674' title='bbox 1730 345 1846 375; x_wconf 86' lang='lat' dir='ltr'>ordinari</span> <span class='ocrx_word' id='word_1_675' title='bbox 1868 356 1926 377; x_wconf 87' lang='lat' dir='ltr'>um.</span> 
     </span>
    </p>
   </div>
   <div class='ocr_carea' id='block_1_48' title="bbox 1295 413 2188 592">
    <p class='ocr_par' dir='ltr' id='par_1_56' title="bbox 1295 413 2188 592">
     <span class='ocr_line' id='line_1_117' title="bbox 1295 413 2188 462; baseline 0.012 -18"><span class='ocrx_word' id='word_1_676' title='bbox 1295 413 1386 445; x_wconf 88' lang='lat' dir='ltr'>Teste</span> <span class='ocrx_word' id='word_1_677' title='bbox 1400 413 1507 454; x_wconf 81' lang='lat' dir='ltr'>meipso</span> <span class='ocrx_word' id='word_1_678' title='bbox 1521 416 1594 454; x_wconf 88' lang='lat' dir='ltr'>apud</span> <span class='ocrx_word' id='word_1_679' title='bbox 1609 416 1704 449; x_wconf 87' lang='lat' dir='ltr'>Dour.</span> <span class='ocrx_word' id='word_1_680' title='bbox 1722 419 1837 452; x_wconf 88' lang='lat' dir='ltr'>decimo</span> <span class='ocrx_word' id='word_1_681' title='bbox 1851 424 1933 453; x_wconf 89' lang='lat' dir='ltr'>tertio</span> <span class='ocrx_word' id='word_1_682' title='bbox 1947 422 1994 453; x_wconf 86' lang='lat' dir='ltr'>die</span> <span class='ocrx_word' id='word_1_683' title='bbox 2006 423 2188 462; x_wconf 86' lang='lat' dir='ltr'>Septembris.</span> 
     </span>
     <span class='ocr_line' id='line_1_118' title="bbox 1397 533 2188 592; baseline 0.013 -23"><span class='ocrx_word' id='word_1_684' title='bbox 1397 533 1425 560; x_wconf 62' lang='lat' dir='ltr'>-k</span> <span class='ocrx_word' id='word_1_685' title='bbox 1441 539 1724 572; x_wconf 73' lang='lat' dir='ltr'>Excommunicatio</span> <span class='ocrx_word' id='word_1_686' title='bbox 1732 543 1880 588; x_wconf 71' lang='lat' dir='ltr'>generalis</span> <span class='ocrx_word' id='word_1_687' title='bbox 1896 545 2046 578; x_wconf 80' lang='lat' dir='ltr'>Baronum</span> <span class='ocrx_word' id='word_1_688' title='bbox 2065 546 2188 592; x_wconf 73' lang='lat' dir='ltr'>Angliae.</span> 
     </span>
    </p>
   </div>
   <div class='ocr_carea' id='block_1_49' title="bbox 1262 621 2317 737">
    <p class='ocr_par' dir='ltr' id='par_1_57' title="bbox 1262 621 2317 737">
     <span class='ocr_line' id='line_1_119' title="bbox 1262 621 2317 707; baseline 0.009 -18"><span class='ocrx_word' id='word_1_689' title='bbox 1262 621 1292 682; x_wconf 87' lang='lat' dir='ltr'>I</span> <span class='ocrx_word' id='word_1_690' title='bbox 1311 659 1347 690; x_wconf 83' lang='lat' dir='ltr'>de</span> <span class='ocrx_word' id='word_1_691' title='bbox 1363 660 1494 700; x_wconf 77' lang='lat' dir='ltr'>Redinge</span> <span class='ocrx_word' id='word_1_692' title='bbox 1507 663 1541 693; x_wconf 70' lang='grc' dir='ltr'>δε</span> <span class='ocrx_word' id='word_1_693' title='bbox 1555 662 1722 702; x_wconf 74' lang='lat' dir='ltr'>pandulpho</span> <span class='ocrx_word' id='word_1_694' title='bbox 1736 664 1871 696; x_wconf 74' lang='lat' dir='ltr'>Ecclesiae</span> <span class='ocrx_word' id='word_1_695' title='bbox 1886 666 2029 696; x_wconf 60' lang='lat' dir='ltr'>Romane</span> <span class='ocrx_word' id='word_1_696' title='bbox 2042 666 2317 707; x_wconf 80' lang='lat' dir='ltr'>Subdiacono,salu-</span> 
     </span>
     <span class='ocr_line' id='line_1_120' title="bbox 1263 699 1860 737; baseline 0.012 -10"><span class='ocrx_word' id='word_1_697' title='bbox 1263 705 1338 735; x_wconf 76' lang='lat' dir='ltr'>tem,</span> <span class='ocrx_word' id='word_1_698' title='bbox 1355 699 1389 729; x_wconf 72' lang='grc' dir='ltr'>ὃς</span> <span class='ocrx_word' id='word_1_699' title='bbox 1407 699 1604 737; x_wconf 80' lang='lat' dir='ltr'>Apostolicam</span> <span class='ocrx_word' id='word_1_700' title='bbox 1620 702 1860 734; x_wconf 70' lang='lat' dir='ltr'>beiiedietionem.</span> 
     </span>
    </p>
   </div>
   <div class='ocr_carea' id='block_1_50' title="bbox 2367 354 2449 384">
    <p class='ocr_par' dir='ltr' id='par_1_58' title="bbox 2367 354 2449 384">
     <span class='ocr_line' id='line_1_121' title="bbox 2367 354 2449 384; baseline -0.024 -7"><span class='ocrx_word' id='word_1_701' title='bbox 2367 354 2449 384; x_wconf 71' lang='grc' dir='ltr'>ηις.</span> 
     </span>
    </p>
   </div>
   <div class='ocr_carea' id='block_1_51' title="bbox 1299 548 2473 668">
    <p class='ocr_par' dir='ltr' id='par_1_59' title="bbox 1299 548 2473 668">
     <span class='ocr_line' id='line_1_122' title="bbox 2338 548 2469 576; baseline -0.008 0"><span class='ocrx_word' id='word_1_702' title='bbox 2338 551 2351 567; x_wconf 75' lang='lat'><strong>·</strong></span> <span class='ocrx_word' id='word_1_703' title='bbox 2364 550 2387 576; x_wconf 89' lang='lat'>1.</span> <span class='ocrx_word' id='word_1_704' title='bbox 2402 548 2469 575; x_wconf 52' lang='lat'>208.</span> 
     </span>
     <span class='ocr_line' id='line_1_123' title="bbox 1299 617 2473 668; baseline 0.007 -17"><span class='ocrx_word' id='word_1_705' title='bbox 1299 621 1484 652; x_wconf 89' lang='lat' dir='ltr'>Nnocentius</span> <span class='ocrx_word' id='word_1_706' title='bbox 1499 622 1672 664; x_wconf 85' lang='lat' dir='ltr'>Episcopus,</span> <span class='ocrx_word' id='word_1_707' title='bbox 1690 627 1750 657; x_wconf 87' lang='lat' dir='ltr'>&amp;c.</span> <span class='ocrx_word' id='word_1_708' title='bbox 1770 626 1801 656; x_wconf 91' lang='lat' dir='ltr'>P.</span> <span class='ocrx_word' id='word_1_709' title='bbox 1822 626 2015 658; x_wconf 57' lang='lat' dir='ltr'>KVintoniensi</span> <span class='ocrx_word' id='word_1_710' title='bbox 2036 627 2196 668; x_wconf 86' lang='lat' dir='ltr'>Episcopo,</span> <span class='ocrx_word' id='word_1_711' title='bbox 2215 629 2319 661; x_wconf 80' lang='lat' dir='ltr'>Abbati</span> <span class='ocrx_word' id='word_1_712' title='bbox 2340 624 2416 655; x_wconf 75' lang='lat' dir='ltr'>Ann-</span> <span class='ocrx_word' id='word_1_713' title='bbox 2431 617 2473 653; x_wconf 73' lang='lat' dir='ltr'>D²</span> 
     </span>
    </p>
   </div>
   <div class='ocr_carea' id='block_1_52' title="bbox 2370 671 2452 699">
    <p class='ocr_par' dir='ltr' id='par_1_60' title="bbox 2370 671 2452 699">
     <span class='ocr_line' id='line_1_124' title="bbox 2370 671 2452 699; baseline -0.037 -6"><span class='ocrx_word' id='word_1_714' title='bbox 2370 671 2452 699; x_wconf 86' lang='lat'>1215.</span> 
     </span>
    </p>
   </div>
   <div class='ocr_carea' id='block_1_53' title="bbox 2342 706 2457 736">
    <p class='ocr_par' dir='ltr' id='par_1_61' title="bbox 2342 706 2457 736">
     <span class='ocr_line' id='line_1_125' title="bbox 2342 706 2457 736; baseline -0.026 -6"><span class='ocrx_word' id='word_1_715' title='bbox 2342 706 2391 730; x_wconf 78' lang='lat' dir='ltr'>An.</span> <span class='ocrx_word' id='word_1_716' title='bbox 2417 710 2457 736; x_wconf 82' lang='lat'>¹7·—</span> 
     </span>
    </p>
   </div>
   <div class='ocr_carea' id='block_1_54' title="bbox 1303 736 2403 781">
    <p class='ocr_par' dir='ltr' id='par_1_62' title="bbox 1303 736 2403 781">
     <span class='ocr_line' id='line_1_126' title="bbox 1303 736 2403 781; baseline 0.009 -16"><span class='ocrx_word' id='word_1_717' title='bbox 1303 736 1445 767; x_wconf 68' lang='lat' dir='ltr'>Miramur</span> <span class='ocrx_word' id='word_1_718' title='bbox 1452 738 1605 775; x_wconf 87' lang='lat' dir='ltr'>plurimum</span> <span class='ocrx_word' id='word_1_719' title='bbox 1618 742 1651 771; x_wconf 71' lang='grc' dir='ltr'>ὃς</span> <span class='ocrx_word' id='word_1_720' title='bbox 1666 752 1817 773; x_wconf 89' lang='lat' dir='ltr'>movemur</span> <span class='ocrx_word' id='word_1_721' title='bbox 1832 741 1909 781; x_wconf 88' lang='lat' dir='ltr'>quod</span> <span class='ocrx_word' id='word_1_722' title='bbox 1922 752 1991 773; x_wconf 91' lang='lat' dir='ltr'>cum</span> <span class='ocrx_word' id='word_1_723' title='bbox 2004 742 2174 774; x_wconf 87' lang='lat' dir='ltr'>chariffimus</span> <span class='ocrx_word' id='word_1_724' title='bbox 2187 745 2216 773; x_wconf 93' lang='lat' dir='ltr'>in</span> <span class='ocrx_word' id='word_1_725' title='bbox 2224 744 2323 774; x_wconf 86' lang='lat' dir='ltr'>Chris-</span> <span class='ocrx_word' id='word_1_726' title='bbox 2341 740 2403 779; x_wconf 73' lang='lat' dir='ltr'>J⁹h=</span> 
     </span>
    </p>
   </div>
   <div class='ocr_carea' id='block_1_55' title="bbox 1264 773 2354 2399">
    <p class='ocr_par' dir='ltr' id='par_1_63' title="bbox 1264 773 2328 1158">
     <span class='ocr_line' id='line_1_127' title="bbox 1264 773 2324 821; baseline 0.01 -19"><span class='ocrx_word' id='word_1_727' title='bbox 1264 782 1296 804; x_wconf 90' lang='lat' dir='ltr'>to</span> <span class='ocrx_word' id='word_1_728' title='bbox 1311 773 1380 804; x_wconf 82' lang='lat' dir='ltr'>filius</span> <span class='ocrx_word' id='word_1_729' title='bbox 1396 776 1506 815; x_wconf 81' lang='lat' dir='ltr'>noster,</span> <span class='ocrx_word' id='word_1_730' title='bbox 1522 777 1666 815; x_wconf 72' lang='lat' dir='ltr'>johannes</span> <span class='ocrx_word' id='word_1_731' title='bbox 1680 780 1788 811; x_wconf 85' lang='lat' dir='ltr'>illustris</span> <span class='ocrx_word' id='word_1_732' title='bbox 1802 780 1868 811; x_wconf 82' lang='lat' dir='ltr'>Rex</span> <span class='ocrx_word' id='word_1_733' title='bbox 1882 782 2009 821; x_wconf 85' lang='lat' dir='ltr'>Angliae,</span> <span class='ocrx_word' id='word_1_734' title='bbox 2028 782 2106 820; x_wconf 89' lang='lat' dir='ltr'>supra</span> <span class='ocrx_word' id='word_1_735' title='bbox 2126 782 2204 820; x_wconf 88' lang='lat' dir='ltr'>spem</span> <span class='ocrx_word' id='word_1_736' title='bbox 2218 782 2324 812; x_wconf 87' lang='lat' dir='ltr'>Domi-</span> 
     </span>
     <span class='ocr_line' id='line_1_128' title="bbox 1264 812 2324 858; baseline 0.01 -18"><span class='ocrx_word' id='word_1_737' title='bbox 1264 822 1304 841; x_wconf 91' lang='lat' dir='ltr'>no</span> <span class='ocrx_word' id='word_1_738' title='bbox 1313 813 1346 843; x_wconf 89' lang='lat'>&amp;</span> <span class='ocrx_word' id='word_1_739' title='bbox 1355 812 1494 858; x_wconf 55' lang='lat' dir='ltr'>Ecclesiae⁴</span> <span class='ocrx_word' id='word_1_740' title='bbox 1501 815 1673 856; x_wconf 68' lang='lat' dir='ltr'>satisfeceri13</span> <span class='ocrx_word' id='word_1_741' title='bbox 1683 819 1716 849; x_wconf 91' lang='lat'>&amp;</span> <span class='ocrx_word' id='word_1_742' title='bbox 1751 820 1884 849; x_wconf 85' lang='lat' dir='ltr'>raesertim</span> <span class='ocrx_word' id='word_1_743' title='bbox 1899 819 1974 850; x_wconf 87' lang='lat' dir='ltr'>fratri</span> <span class='ocrx_word' id='word_1_744' title='bbox 1989 820 2089 851; x_wconf 90' lang='lat' dir='ltr'>nostro</span> <span class='ocrx_word' id='word_1_745' title='bbox 2096 820 2238 858; x_wconf 89' lang='lat' dir='ltr'>Stephano</span> <span class='ocrx_word' id='word_1_746' title='bbox 2246 820 2324 851; x_wconf 88' lang='lat' dir='ltr'>Can-</span> 
     </span>
     <span class='ocr_line' id='line_1_129' title="bbox 1265 851 2326 897; baseline 0.008 -17"><span class='ocrx_word' id='word_1_747' title='bbox 1265 851 1394 880; x_wconf 83' lang='lat' dir='ltr'>tuariensi</span> <span class='ocrx_word' id='word_1_748' title='bbox 1407 851 1591 897; x_wconf 79' lang='lat' dir='ltr'>Archiepisco</span> <span class='ocrx_word' id='word_1_749' title='bbox 1613 866 1650 894; x_wconf 80' lang='grc' dir='ltr'>ο,</span> <span class='ocrx_word' id='word_1_750' title='bbox 1665 857 1698 887; x_wconf 90' lang='lat'>&amp;</span> <span class='ocrx_word' id='word_1_751' title='bbox 1740 858 1858 895; x_wconf 85' lang='lat' dir='ltr'>piscopis</span> <span class='ocrx_word' id='word_1_752' title='bbox 1873 859 1929 896; x_wconf 88' lang='lat' dir='ltr'>ejus</span> <span class='ocrx_word' id='word_1_753' title='bbox 1942 883 1952 897; x_wconf 88' lang='lat'>,</span> <span class='ocrx_word' id='word_1_754' title='bbox 1971 858 2085 896; x_wconf 85' lang='lat' dir='ltr'>quidam</span> <span class='ocrx_word' id='word_1_755' title='bbox 2099 869 2217 897; x_wconf 84' lang='lat' dir='ltr'>eorum,</span> <span class='ocrx_word' id='word_1_756' title='bbox 2234 860 2326 889; x_wconf 88' lang='lat' dir='ltr'>minus</span> 
     </span>
     <span class='ocr_line' id='line_1_130' title="bbox 1267 893 2324 936; baseline 0.009 -19"><span class='ocrx_word' id='word_1_757' title='bbox 1267 898 1353 931; x_wconf 82' lang='lat' dir='ltr'>quam</span> <span class='ocrx_word' id='word_1_758' title='bbox 1366 899 1385 919; x_wconf 88' lang='lat' dir='ltr'>o</span> <span class='ocrx_word' id='word_1_759' title='bbox 1397 899 1523 933; x_wconf 33' lang='lat' dir='ltr'>&#39;ortuent</span> <span class='ocrx_word' id='word_1_760' title='bbox 1538 893 1571 923; x_wconf 61' lang='grc' dir='ltr'>ὃς</span> <span class='ocrx_word' id='word_1_761' title='bbox 1606 896 1728 934; x_wconf 85' lang='lat' dir='ltr'>ecuerit,</span> <span class='ocrx_word' id='word_1_762' title='bbox 1746 896 1779 926; x_wconf 88' lang='lat' dir='ltr'>ad</span> <span class='ocrx_word' id='word_1_763' title='bbox 1795 896 1894 927; x_wconf 65' lang='lat' dir='ltr'>sanetae</span> <span class='ocrx_word' id='word_1_764' title='bbox 1910 899 2000 927; x_wconf 88' lang='lat' dir='ltr'>crucis</span> <span class='ocrx_word' id='word_1_765' title='bbox 2012 899 2176 936; x_wconf 82' lang='lat' dir='ltr'>negotium,</span> <span class='ocrx_word' id='word_1_766' title='bbox 2197 896 2324 935; x_wconf 89' lang='lat' dir='ltr'>Aposto-</span> 
     </span>
     <span class='ocr_line' id='line_1_131' title="bbox 1266 926 2324 974; baseline 0.009 -19"><span class='ocrx_word' id='word_1_767' title='bbox 1266 926 1329 970; x_wconf 67' lang='lat' dir='ltr'>licae</span> <span class='ocrx_word' id='word_1_768' title='bbox 1348 926 1364 956; x_wconf 94' lang='lat' dir='ltr'>s</span> <span class='ocrx_word' id='word_1_769' title='bbox 1395 938 1416 958; x_wconf 90' lang='lat' dir='ltr'>is</span> <span class='ocrx_word' id='word_1_770' title='bbox 1437 930 1599 961; x_wconf 84' lang='lat' dir='ltr'>mandatum</span> <span class='ocrx_word' id='word_1_771' title='bbox 1623 934 1656 963; x_wconf 88' lang='lat'>&amp;</span> <span class='ocrx_word' id='word_1_772' title='bbox 1679 933 1813 965; x_wconf 83' lang='lat' dir='ltr'>fidelitatis</span> <span class='ocrx_word' id='word_1_773' title='bbox 1826 934 1955 972; x_wconf 80' lang='lat' dir='ltr'>praestitae</span> <span class='ocrx_word' id='word_1_774' title='bbox 1966 936 2159 973; x_wconf 82' lang='lat' dir='ltr'>juramentum</span> <span class='ocrx_word' id='word_1_775' title='bbox 2173 935 2324 974; x_wconf 89' lang='lat' dir='ltr'>debitum,</span> 
     </span>
     <span class='ocr_line' id='line_1_132' title="bbox 1268 965 2328 1013; baseline 0.009 -20"><span class='ocrx_word' id='word_1_776' title='bbox 1268 974 1330 994; x_wconf 89' lang='lat' dir='ltr'>imo</span> <span class='ocrx_word' id='word_1_777' title='bbox 1351 965 1462 997; x_wconf 89' lang='lat' dir='ltr'>nullum</span> <span class='ocrx_word' id='word_1_778' title='bbox 1482 968 1616 1000; x_wconf 83' lang='lat' dir='ltr'>habentes</span> <span class='ocrx_word' id='word_1_779' title='bbox 1637 971 1794 1008; x_wconf 65' lang='lat' dir='ltr'>respectum</span> <span class='ocrx_word' id='word_1_780' title='bbox 1810 985 1820 1010; x_wconf 63' lang='lat'>⁴,</span> <span class='ocrx_word' id='word_1_781' title='bbox 1845 975 1870 1002; x_wconf 91' lang='lat' dir='ltr'>ei</span> <span class='ocrx_word' id='word_1_782' title='bbox 1884 983 1983 1004; x_wconf 90' lang='lat' dir='ltr'>contra</span> <span class='ocrx_word' id='word_1_783' title='bbox 1997 975 2203 1012; x_wconf 84' lang='lat' dir='ltr'>perturbatores</span> <span class='ocrx_word' id='word_1_784' title='bbox 2217 974 2328 1013; x_wconf 85' lang='lat' dir='ltr'>Regni,</span> 
     </span>
     <span class='ocr_line' id='line_1_133' title="bbox 1267 1002 2325 1050; baseline 0.011 -19"><span class='ocrx_word' id='word_1_785' title='bbox 1267 1002 1346 1039; x_wconf 91' lang='lat' dir='ltr'>quod</span> <span class='ocrx_word' id='word_1_786' title='bbox 1366 1002 1406 1047; x_wconf 38' lang='lat' dir='ltr'>ad-</span> <span class='ocrx_word' id='word_1_787' title='bbox 1420 1004 1588 1047; x_wconf 83' lang='lat' dir='ltr'>Romanam</span> <span class='ocrx_word' id='word_1_788' title='bbox 1608 1007 1766 1040; x_wconf 78' lang='lat' dir='ltr'>Ecclesiam</span> <span class='ocrx_word' id='word_1_789' title='bbox 1779 1011 1886 1040; x_wconf 88' lang='lat' dir='ltr'>ratione</span> <span class='ocrx_word' id='word_1_790' title='bbox 1902 1011 2034 1042; x_wconf 88' lang='lat' dir='ltr'>Dominii</span> <span class='ocrx_word' id='word_1_791' title='bbox 2049 1013 2188 1050; x_wconf 84' lang='lat' dir='ltr'>pertinere</span> <span class='ocrx_word' id='word_1_792' title='bbox 2201 1011 2325 1042; x_wconf 89' lang='lat' dir='ltr'>dinosci-</span> 
     </span>
     <span class='ocr_line' id='line_1_134' title="bbox 1267 1041 2327 1088; baseline 0.009 -19"><span class='ocrx_word' id='word_1_793' title='bbox 1267 1048 1329 1078; x_wconf 85' lang='lat' dir='ltr'>tur,</span> <span class='ocrx_word' id='word_1_794' title='bbox 1345 1041 1479 1086; x_wconf 73' lang='lat' dir='ltr'>auxilium</span> <span class='ocrx_word' id='word_1_795' title='bbox 1492 1053 1553 1086; x_wconf 82' lang='lat' dir='ltr'>non</span> <span class='ocrx_word' id='word_1_796' title='bbox 1565 1045 1741 1081; x_wconf 81' lang='lat' dir='ltr'>praestiterint</span> <span class='ocrx_word' id='word_1_797' title='bbox 1754 1048 1800 1078; x_wconf 92' lang='lat' dir='ltr'>vel</span> <span class='ocrx_word' id='word_1_798' title='bbox 1813 1048 1956 1088; x_wconf 79' lang='lat' dir='ltr'>favorem,</span> <span class='ocrx_word' id='word_1_799' title='bbox 1974 1051 2047 1088; x_wconf 82' lang='lat' dir='ltr'>quasi</span> <span class='ocrx_word' id='word_1_800' title='bbox 2061 1051 2184 1088; x_wconf 73' lang='lat' dir='ltr'>conscii,</span> <span class='ocrx_word' id='word_1_801' title='bbox 2203 1060 2240 1080; x_wconf 91' lang='lat' dir='ltr'>ne</span> <span class='ocrx_word' id='word_1_802' title='bbox 2252 1049 2327 1080; x_wconf 83' lang='lat' dir='ltr'>dica-</span> 
     </span>
     <span class='ocr_line' id='line_1_135' title="bbox 1270 1079 2328 1127; baseline 0.011 -18"><span class='ocrx_word' id='word_1_803' title='bbox 1270 1089 1334 1123; x_wconf 78' lang='lat' dir='ltr'>mus</span> <span class='ocrx_word' id='word_1_804' title='bbox 1355 1079 1424 1111; x_wconf 87' lang='lat' dir='ltr'>socii</span> <span class='ocrx_word' id='word_1_805' title='bbox 1445 1084 1646 1125; x_wconf 78' lang='lat' dir='ltr'>conjurationis</span> <span class='ocrx_word' id='word_1_806' title='bbox 1665 1085 1768 1123; x_wconf 73' lang='lat' dir='ltr'>iniquae</span> <span class='ocrx_word' id='word_1_807' title='bbox 1784 1096 1790 1114; x_wconf 75' lang='grc' dir='ltr'>ι</span> <span class='ocrx_word' id='word_1_808' title='bbox 1809 1087 1943 1123; x_wconf 81' lang='lat' dir='ltr'>quianon</span> <span class='ocrx_word' id='word_1_809' title='bbox 1955 1097 2030 1119; x_wconf 86' lang='lat' dir='ltr'>caret</span> <span class='ocrx_word' id='word_1_810' title='bbox 2046 1089 2176 1127; x_wconf 86' lang='lat' dir='ltr'>scrupulo</span> <span class='ocrx_word' id='word_1_811' title='bbox 2192 1088 2328 1120; x_wconf 76' lang='lat' dir='ltr'>societatis</span> 
     </span>
     <span class='ocr_line' id='line_1_136' title="bbox 1270 1120 2008 1158; baseline 0.009 -10"><span class='ocrx_word' id='word_1_812' title='bbox 1270 1127 1310 1148; x_wconf 87' lang='lat' dir='ltr'>ini</span> <span class='ocrx_word' id='word_1_813' title='bbox 1332 1127 1392 1157; x_wconf 83' lang='lat' dir='ltr'>uoe,</span> <span class='ocrx_word' id='word_1_814' title='bbox 1413 1128 1462 1158; x_wconf 91' lang='lat' dir='ltr'>qui</span> <span class='ocrx_word' id='word_1_815' title='bbox 1477 1120 1627 1152; x_wconf 86' lang='lat' dir='ltr'>manifesto</span> <span class='ocrx_word' id='word_1_816' title='bbox 1641 1122 1759 1154; x_wconf 81' lang='lat' dir='ltr'>facinori</span> <span class='ocrx_word' id='word_1_817' title='bbox 1774 1122 1873 1154; x_wconf 83' lang='lat' dir='ltr'>delinit</span> <span class='ocrx_word' id='word_1_818' title='bbox 1885 1125 2008 1155; x_wconf 83' lang='lat' dir='ltr'>obviare.</span> 
     </span>
    </p>

    <p class='ocr_par' dir='ltr' id='par_1_64' title="bbox 1271 1158 2339 1381">
     <span class='ocr_line' id='line_1_137' title="bbox 1285 1158 2326 1204; baseline 0.007 -16"><span class='ocrx_word' id='word_1_819' title='bbox 1285 1196 1292 1202; x_wconf 31' lang='lat'>⁵</span> <span class='ocrx_word' id='word_1_820' title='bbox 1336 1167 1389 1188; x_wconf 90' lang='lat' dir='ltr'>cce</span> <span class='ocrx_word' id='word_1_821' title='bbox 1404 1158 1520 1196; x_wconf 90' lang='lat' dir='ltr'>qualiter</span> <span class='ocrx_word' id='word_1_822' title='bbox 1536 1161 1738 1197; x_wconf 85' lang='lat' dir='ltr'>patrimonium</span> <span class='ocrx_word' id='word_1_823' title='bbox 1752 1161 1894 1192; x_wconf 47' lang='lat' dir='ltr'>Roman-te</span> <span class='ocrx_word' id='word_1_824' title='bbox 1910 1162 2042 1193; x_wconf 79' lang='lat' dir='ltr'>Ecclesiae</span> <span class='ocrx_word' id='word_1_825' title='bbox 2056 1164 2207 1197; x_wconf 80' lang='lat' dir='ltr'>Pontifices</span> <span class='ocrx_word' id='word_1_826' title='bbox 2227 1166 2326 1204; x_wconf 74' lang='lat' dir='ltr'>praefa-</span> 
     </span>
     <span class='ocr_line' id='line_1_138' title="bbox 1271 1194 2333 1242; baseline 0.008 -17"><span class='ocrx_word' id='word_1_827' title='bbox 1271 1203 1293 1226; x_wconf 89' lang='lat' dir='ltr'>ti</span> <span class='ocrx_word' id='word_1_828' title='bbox 1314 1194 1488 1241; x_wconf 79' lang='lat' dir='ltr'>defendunt?</span> <span class='ocrx_word' id='word_1_829' title='bbox 1508 1198 1638 1237; x_wconf 85' lang='lat' dir='ltr'>Qialiter</span> <span class='ocrx_word' id='word_1_830' title='bbox 1658 1200 1864 1237; x_wconf 82' lang='lat' dir='ltr'>crucesignatos</span> <span class='ocrx_word' id='word_1_831' title='bbox 1885 1202 2019 1231; x_wconf 86' lang='lat' dir='ltr'>tuentur?</span> <span class='ocrx_word' id='word_1_832' title='bbox 2038 1203 2097 1233; x_wconf 91' lang='lat' dir='ltr'>imo</span> <span class='ocrx_word' id='word_1_833' title='bbox 2112 1205 2228 1241; x_wconf 82' lang='lat' dir='ltr'>qualiter</span> <span class='ocrx_word' id='word_1_834' title='bbox 2239 1204 2267 1234; x_wconf 89' lang='lat' dir='ltr'>se</span> <span class='ocrx_word' id='word_1_835' title='bbox 2280 1214 2333 1242; x_wconf 66' lang='lat' dir='ltr'>opi</span> 
     </span>
     <span class='ocr_line' id='line_1_139' title="bbox 1272 1235 2330 1280; baseline 0.009 -17"><span class='ocrx_word' id='word_1_836' title='bbox 1272 1244 1385 1272; x_wconf 85' lang='lat' dir='ltr'>ponunt</span> <span class='ocrx_word' id='word_1_837' title='bbox 1399 1235 1441 1280; x_wconf 79' lang='lat' dir='ltr'>his</span> <span class='ocrx_word' id='word_1_838' title='bbox 1456 1261 1465 1274; x_wconf 91' lang='lat'>,</span> <span class='ocrx_word' id='word_1_839' title='bbox 1490 1238 1539 1275; x_wconf 89' lang='lat' dir='ltr'>qui</span> <span class='ocrx_word' id='word_1_840' title='bbox 1559 1237 1703 1269; x_wconf 89' lang='lat' dir='ltr'>destruere</span> <span class='ocrx_word' id='word_1_841' title='bbox 1724 1240 1879 1269; x_wconf 84' lang='lat' dir='ltr'>moliuntur</span> <span class='ocrx_word' id='word_1_842' title='bbox 1893 1241 2039 1279; x_wconf 77' lang='lat' dir='ltr'>negotium</span> <span class='ocrx_word' id='word_1_843' title='bbox 2053 1241 2198 1271; x_wconf 81' lang='lat' dir='ltr'>crucifixi?</span> <span class='ocrx_word' id='word_1_844' title='bbox 2218 1242 2330 1280; x_wconf 87' lang='lat' dir='ltr'>Pejores</span> 
     </span>
     <span class='ocr_line' id='line_1_140' title="bbox 1272 1273 2336 1316; baseline 0.008 -14"><span class='ocrx_word' id='word_1_845' title='bbox 1272 1273 1464 1311; x_wconf 89' lang='lat' dir='ltr'>proculdubio</span> <span class='ocrx_word' id='word_1_846' title='bbox 1486 1275 1627 1307; x_wconf 83' lang='lat' dir='ltr'>Saracenis</span> <span class='ocrx_word' id='word_1_847' title='bbox 1649 1276 1795 1308; x_wconf 86' lang='lat' dir='ltr'>existentes</span> <span class='ocrx_word' id='word_1_848' title='bbox 1812 1302 1822 1316; x_wconf 79' lang='lat'>,</span> <span class='ocrx_word' id='word_1_849' title='bbox 1846 1287 1915 1308; x_wconf 87' lang='lat' dir='ltr'>curn</span> <span class='ocrx_word' id='word_1_850' title='bbox 1936 1279 2015 1308; x_wconf 91' lang='lat' dir='ltr'>illurn</span> <span class='ocrx_word' id='word_1_851' title='bbox 2037 1287 2176 1310; x_wconf 89' lang='lat' dir='ltr'>conantur</span> <span class='ocrx_word' id='word_1_852' title='bbox 2194 1290 2209 1309; x_wconf 89' lang='lat' dir='ltr'>a</span> <span class='ocrx_word' id='word_1_853' title='bbox 2230 1280 2260 1310; x_wconf 90' lang='lat' dir='ltr'>R</span> <span class='ocrx_word' id='word_1_854' title='bbox 2297 1290 2336 1310; x_wconf 92' lang='lat' dir='ltr'>no</span> 
     </span>
     <span class='ocr_line' id='line_1_141' title="bbox 1273 1290 2339 1381; baseline 0.006 -39"><span class='ocrx_word' id='word_1_855' title='bbox 1273 1310 1430 1381; x_wconf 57' lang='lat' dir='ltr'>depfnegte’</span> <span class='ocrx_word' id='word_1_856' title='bbox 1447 1312 1484 1343; x_wconf 87' lang='lat' dir='ltr'>de</span> <span class='ocrx_word' id='word_1_857' title='bbox 1502 1324 1560 1352; x_wconf 89' lang='lat' dir='ltr'>quo</span> <span class='ocrx_word' id='word_1_858' title='bbox 1574 1317 1667 1353; x_wconf 87' lang='lat' dir='ltr'>potius</span> <span class='ocrx_word' id='word_1_859' title='bbox 1679 1316 1837 1354; x_wconf 85' lang='lat' dir='ltr'>sperabatur</span> <span class='ocrx_word' id='word_1_860' title='bbox 1853 1315 1932 1355; x_wconf 85' lang='lat' dir='ltr'>quod</span> <span class='ocrx_word' id='word_1_861' title='bbox 1956 1317 2071 1348; x_wconf 87' lang='lat' dir='ltr'>deberet</span> <span class='ocrx_word' id='word_1_862' title='bbox 2092 1318 2251 1349; x_wconf 87' lang='lat' dir='ltr'>succurrere</span> <span class='ocrx_word' id='word_1_863' title='bbox 2261 1290 2339 1349; x_wconf 40' lang='grc' dir='ltr'>ξει-</span> 
     </span>
     <span class='ocr_line' id='line_1_142' title="bbox 1274 1360 1437 1381; baseline -0.006 0"><span class='ocrx_word' id='word_1_864' title='bbox 1274 1360 1313 1381; x_wconf 86' lang='lat' dir='ltr'>rae</span> <span class='ocrx_word' id='word_1_865' title='bbox 1338 1360 1372 1380; x_wconf 82' lang='lat' dir='ltr'>an</span> <span class='ocrx_word' id='word_1_866' title='bbox 1404 1361 1437 1380; x_wconf 85' lang='lat' dir='ltr'>ae.</span> 
     </span>
    </p>

    <p class='ocr_par' dir='ltr' id='par_1_65' title="bbox 1274 1388 2338 1702">
     <span class='ocr_line' id='line_1_143' title="bbox 1310 1388 2338 1434; baseline 0.007 -16"><span class='ocrx_word' id='word_1_867' title='bbox 1310 1388 1406 1432; x_wconf 73' lang='lat' dir='ltr'>Unde</span> <span class='ocrx_word' id='word_1_868' title='bbox 1421 1399 1458 1420; x_wconf 91' lang='lat' dir='ltr'>ne</span> <span class='ocrx_word' id='word_1_869' title='bbox 1475 1390 1574 1421; x_wconf 84' lang='lat' dir='ltr'>talium</span> <span class='ocrx_word' id='word_1_870' title='bbox 1597 1391 1756 1432; x_wconf 85' lang='lat' dir='ltr'>insolentia,</span> <span class='ocrx_word' id='word_1_871' title='bbox 1774 1403 1835 1424; x_wconf 89' lang='lat' dir='ltr'>non</span> <span class='ocrx_word' id='word_1_872' title='bbox 1848 1393 1939 1424; x_wconf 91' lang='lat' dir='ltr'>solum</span> <span class='ocrx_word' id='word_1_873' title='bbox 1953 1395 1982 1424; x_wconf 87' lang='lat' dir='ltr'>in</span> <span class='ocrx_word' id='word_1_874' title='bbox 1995 1394 2155 1432; x_wconf 89' lang='lat' dir='ltr'>periculum</span> <span class='ocrx_word' id='word_1_875' title='bbox 2166 1394 2262 1434; x_wconf 83' lang='lat' dir='ltr'>Regni</span> <span class='ocrx_word' id='word_1_876' title='bbox 2277 1393 2338 1425; x_wconf 88' lang='lat' dir='ltr'>An-</span> 
     </span>
     <span class='ocr_line' id='line_1_144' title="bbox 1277 1427 2338 1472; baseline 0.006 -15"><span class='ocrx_word' id='word_1_877' title='bbox 1277 1427 1359 1471; x_wconf 76' lang='lat' dir='ltr'>gliae,</span> <span class='ocrx_word' id='word_1_878' title='bbox 1379 1438 1481 1459; x_wconf 89' lang='lat' dir='ltr'>verum</span> <span class='ocrx_word' id='word_1_879' title='bbox 1501 1431 1584 1460; x_wconf 86' lang='lat' dir='ltr'>etiam</span> <span class='ocrx_word' id='word_1_880' title='bbox 1606 1432 1636 1461; x_wconf 94' lang='lat' dir='ltr'>in</span> <span class='ocrx_word' id='word_1_881' title='bbox 1654 1434 1808 1470; x_wconf 89' lang='lat' dir='ltr'>perniciem</span> <span class='ocrx_word' id='word_1_882' title='bbox 1823 1432 1943 1462; x_wconf 83' lang='lat' dir='ltr'>aliorum</span> <span class='ocrx_word' id='word_1_883' title='bbox 1959 1432 2132 1472; x_wconf 81' lang='lat' dir='ltr'>Regnorum</span> <span class='ocrx_word' id='word_1_884' title='bbox 2168 1434 2201 1464; x_wconf 74' lang='grc' dir='ltr'>δε</span> <span class='ocrx_word' id='word_1_885' title='bbox 2216 1434 2338 1463; x_wconf 78' lang='lat' dir='ltr'>maxime</span> 
     </span>
     <span class='ocr_line' id='line_1_145' title="bbox 1274 1457 2338 1512; baseline 0.005 -16"><span class='ocrx_word' id='word_1_886' title='bbox 1274 1476 1305 1496; x_wconf 90' lang='lat' dir='ltr'>in</span> <span class='ocrx_word' id='word_1_887' title='bbox 1327 1466 1539 1512; x_wconf 78' lang='lat' dir='ltr'>subversionem</span> <span class='ocrx_word' id='word_1_888' title='bbox 1558 1470 1642 1500; x_wconf 83' lang='lat' dir='ltr'>totius</span> <span class='ocrx_word' id='word_1_889' title='bbox 1662 1472 1768 1511; x_wconf 75' lang='lat' dir='ltr'>negotii</span> <span class='ocrx_word' id='word_1_890' title='bbox 1791 1471 1917 1501; x_wconf 74' lang='lat' dir='ltr'>crucifixi</span> <span class='ocrx_word' id='word_1_891' title='bbox 1939 1471 2025 1502; x_wconf 84' lang='lat' dir='ltr'>valeat</span> <span class='ocrx_word' id='word_1_892' title='bbox 2047 1457 2198 1509; x_wconf 70' lang='lat' dir='ltr'>praevaiere</span> <span class='ocrx_word' id='word_1_893' title='bbox 2214 1482 2221 1502; x_wconf 74' lang='grc' dir='ltr'>ε</span> <span class='ocrx_word' id='word_1_894' title='bbox 2238 1481 2291 1502; x_wconf 89' lang='lat' dir='ltr'>nos</span> <span class='ocrx_word' id='word_1_895' title='bbox 2304 1481 2338 1501; x_wconf 88' lang='lat' dir='ltr'>ex</span> 
     </span>
     <span class='ocr_line' id='line_1_146' title="bbox 1275 1504 2338 1548; baseline 0.005 -13"><span class='ocrx_word' id='word_1_896' title='bbox 1275 1512 1354 1548; x_wconf 82' lang='lat' dir='ltr'>parte</span> <span class='ocrx_word' id='word_1_897' title='bbox 1368 1504 1427 1536; x_wconf 91' lang='lat' dir='ltr'>Dei</span> <span class='ocrx_word' id='word_1_898' title='bbox 1442 1509 1644 1544; x_wconf 85' lang='lat' dir='ltr'>omnipotentis</span> <span class='ocrx_word' id='word_1_899' title='bbox 1658 1509 1763 1547; x_wconf 80' lang='lat' dir='ltr'>Patris,</span> <span class='ocrx_word' id='word_1_900' title='bbox 1782 1511 1815 1541; x_wconf 73' lang='grc' dir='ltr'>ὃ(</span> <span class='ocrx_word' id='word_1_901' title='bbox 1831 1509 1909 1547; x_wconf 80' lang='lat' dir='ltr'>Filii,</span> <span class='ocrx_word' id='word_1_902' title='bbox 1924 1511 1957 1541; x_wconf 71' lang='lat' dir='ltr'>&amp;c</span> <span class='ocrx_word' id='word_1_903' title='bbox 1973 1509 2090 1548; x_wconf 70' lang='lat' dir='ltr'>Spiritus</span> <span class='ocrx_word' id='word_1_904' title='bbox 2106 1510 2219 1548; x_wconf 62' lang='grc' dir='ltr'>δεηθῶ,</span> <span class='ocrx_word' id='word_1_905' title='bbox 2236 1510 2338 1540; x_wconf 87' lang='lat' dir='ltr'>autho-</span> 
     </span>
     <span class='ocr_line' id='line_1_147' title="bbox 1274 1546 2336 1587; baseline 0.005 -14"><span class='ocrx_word' id='word_1_906' title='bbox 1274 1552 1355 1574; x_wconf 86' lang='lat' dir='ltr'>ritate</span> <span class='ocrx_word' id='word_1_907' title='bbox 1377 1554 1493 1583; x_wconf 87' lang='lat' dir='ltr'>quoque</span> <span class='ocrx_word' id='word_1_908' title='bbox 1514 1546 1723 1583; x_wconf 84' lang='lat' dir='ltr'>Apostolorum</span> <span class='ocrx_word' id='word_1_909' title='bbox 1739 1549 1795 1586; x_wconf 88' lang='lat' dir='ltr'>ejus</span> <span class='ocrx_word' id='word_1_910' title='bbox 1809 1548 1885 1578; x_wconf 87' lang='lat' dir='ltr'>Petri</span> <span class='ocrx_word' id='word_1_911' title='bbox 1900 1550 1933 1579; x_wconf 71' lang='grc' dir='ltr'>δε</span> <span class='ocrx_word' id='word_1_912' title='bbox 1948 1548 2044 1587; x_wconf 84' lang='lat' dir='ltr'>Pauli,</span> <span class='ocrx_word' id='word_1_913' title='bbox 2061 1559 2093 1580; x_wconf 87' lang='lat' dir='ltr'>ac</span> <span class='ocrx_word' id='word_1_914' title='bbox 2107 1548 2218 1586; x_wconf 89' lang='lat' dir='ltr'>nostra,</span> <span class='ocrx_word' id='word_1_915' title='bbox 2236 1558 2336 1579; x_wconf 89' lang='lat' dir='ltr'>omnes</span> 
     </span>
     <span class='ocr_line' id='line_1_148' title="bbox 1275 1582 2337 1627; baseline 0.005 -16"><span class='ocrx_word' id='word_1_916' title='bbox 1275 1582 1436 1620; x_wconf 89' lang='lat' dir='ltr'>hujusmodi</span> <span class='ocrx_word' id='word_1_917' title='bbox 1456 1585 1662 1621; x_wconf 79' lang='lat' dir='ltr'>perturbatores</span> <span class='ocrx_word' id='word_1_918' title='bbox 1677 1587 1766 1627; x_wconf 77' lang='lat' dir='ltr'>Regis</span> <span class='ocrx_word' id='word_1_919' title='bbox 1787 1597 1819 1617; x_wconf 86' lang='lat' dir='ltr'>ac</span> <span class='ocrx_word' id='word_1_920' title='bbox 1838 1586 1934 1625; x_wconf 77' lang='lat' dir='ltr'>Regni</span> <span class='ocrx_word' id='word_1_921' title='bbox 1956 1586 2084 1627; x_wconf 82' lang='lat' dir='ltr'>Angliae,</span> <span class='ocrx_word' id='word_1_922' title='bbox 2104 1597 2173 1617; x_wconf 90' lang='lat' dir='ltr'>curn</span> <span class='ocrx_word' id='word_1_923' title='bbox 2187 1587 2337 1625; x_wconf 87' lang='lat' dir='ltr'>complici-</span> 
     </span>
     <span class='ocr_line' id='line_1_149' title="bbox 1276 1620 2338 1664; baseline 0.006 -14"><span class='ocrx_word' id='word_1_924' title='bbox 1276 1620 1329 1650; x_wconf 89' lang='lat' dir='ltr'>bus</span> <span class='ocrx_word' id='word_1_925' title='bbox 1343 1622 1377 1652; x_wconf 89' lang='lat'>&amp;</span> <span class='ocrx_word' id='word_1_926' title='bbox 1390 1621 1544 1653; x_wconf 77' lang='lat' dir='ltr'>fautoribus</span> <span class='ocrx_word' id='word_1_927' title='bbox 1557 1623 1608 1654; x_wconf 85' lang='lat' dir='ltr'>suis</span> <span class='ocrx_word' id='word_1_928' title='bbox 1617 1648 1626 1662; x_wconf 87' lang='lat'>,</span> <span class='ocrx_word' id='word_1_929' title='bbox 1644 1626 1948 1656; x_wconf 75' lang='lat' dir='ltr'>excommunicationis</span> <span class='ocrx_word' id='word_1_930' title='bbox 1961 1626 2078 1657; x_wconf 90' lang='lat' dir='ltr'>vinculo</span> <span class='ocrx_word' id='word_1_931' title='bbox 2091 1624 2260 1656; x_wconf 78' lang='lat' dir='ltr'>innodamus</span> <span class='ocrx_word' id='word_1_932' title='bbox 2273 1649 2284 1664; x_wconf 88' lang='lat'>,</span> <span class='ocrx_word' id='word_1_933' title='bbox 2304 1626 2338 1656; x_wconf 67' lang='grc' dir='ltr'>ὃς</span> 
     </span>
     <span class='ocr_line' id='line_1_150' title="bbox 1276 1660 2031 1702; baseline 0.005 -12"><span class='ocrx_word' id='word_1_934' title='bbox 1276 1667 1362 1690; x_wconf 81' lang='lat' dir='ltr'>terras</span> <span class='ocrx_word' id='word_1_935' title='bbox 1374 1670 1475 1691; x_wconf 88' lang='lat' dir='ltr'>eorum</span> <span class='ocrx_word' id='word_1_936' title='bbox 1489 1660 1686 1694; x_wconf 75' lang='lat' dir='ltr'>Ecclcfiastico</span> <span class='ocrx_word' id='word_1_937' title='bbox 1698 1664 1857 1702; x_wconf 83' lang='lat' dir='ltr'>subjicimus</span> <span class='ocrx_word' id='word_1_938' title='bbox 1872 1663 2031 1695; x_wconf 66' lang='lat' dir='ltr'>interdicto.</span> 
     </span>
    </p>

    <p class='ocr_par' dir='ltr' id='par_1_66' title="bbox 1278 1697 2342 1929">
     <span class='ocr_line' id='line_1_151' title="bbox 1300 1697 2340 1742; baseline 0.005 -15"><span class='ocrx_word' id='word_1_939' title='bbox 1300 1697 1440 1742; x_wconf 23' lang='lat' dir='ltr'>‚Praefiito</span> <span class='ocrx_word' id='word_1_940' title='bbox 1454 1698 1678 1739; x_wconf 78' lang='lat' dir='ltr'>Archiepiscopo</span> <span class='ocrx_word' id='word_1_941' title='bbox 1699 1704 1731 1733; x_wconf 68' lang='grc' dir='ltr'>δε</span> <span class='ocrx_word' id='word_1_942' title='bbox 1748 1701 1890 1741; x_wconf 78' lang='lat' dir='ltr'>Coepisco</span> <span class='ocrx_word' id='word_1_943' title='bbox 1899 1703 1931 1732; x_wconf 58' lang='lat' dir='ltr'>iis</span> <span class='ocrx_word' id='word_1_944' title='bbox 1944 1702 1996 1733; x_wconf 82' lang='lat' dir='ltr'>suis</span> <span class='ocrx_word' id='word_1_945' title='bbox 2009 1704 2039 1734; x_wconf 89' lang='lat' dir='ltr'>in</span> <span class='ocrx_word' id='word_1_946' title='bbox 2052 1704 2156 1734; x_wconf 89' lang='lat' dir='ltr'>virtute</span> <span class='ocrx_word' id='word_1_947' title='bbox 2170 1701 2340 1734; x_wconf 67' lang='lat' dir='ltr'>obedientiae</span> 
     </span>
     <span class='ocr_line' id='line_1_152' title="bbox 1278 1735 2342 1782; baseline 0.005 -17"><span class='ocrx_word' id='word_1_948' title='bbox 1278 1735 1477 1768; x_wconf 74' lang='lat' dir='ltr'>distric&#39;tiffirne</span> <span class='ocrx_word' id='word_1_949' title='bbox 1492 1739 1681 1779; x_wconf 79' lang='lat' dir='ltr'>injungentes,</span> <span class='ocrx_word' id='word_1_950' title='bbox 1698 1750 1831 1779; x_wconf 82' lang='lat' dir='ltr'>quatenus</span> <span class='ocrx_word' id='word_1_951' title='bbox 1844 1746 1895 1771; x_wconf 79' lang='lat' dir='ltr'>noi</span> <span class='ocrx_word' id='word_1_952' title='bbox 1911 1751 1970 1772; x_wconf 77' lang='lat' dir='ltr'>ram</span> <span class='ocrx_word' id='word_1_953' title='bbox 1983 1741 2146 1773; x_wconf 82' lang='lat' dir='ltr'>sententiam</span> <span class='ocrx_word' id='word_1_954' title='bbox 2157 1742 2268 1782; x_wconf 86' lang='lat' dir='ltr'>singulis</span> <span class='ocrx_word' id='word_1_955' title='bbox 2282 1740 2342 1771; x_wconf 74' lang='lat' dir='ltr'>die-</span> 
     </span>
     <span class='ocr_line' id='line_1_153' title="bbox 1278 1774 2341 1819; baseline 0.006 -15"><span class='ocrx_word' id='word_1_956' title='bbox 1278 1775 1331 1805; x_wconf 86' lang='lat' dir='ltr'>bus</span> <span class='ocrx_word' id='word_1_957' title='bbox 1353 1774 1504 1806; x_wconf 85' lang='lat' dir='ltr'>dominicis</span> <span class='ocrx_word' id='word_1_958' title='bbox 1525 1779 1559 1809; x_wconf 85' lang='lat'>&amp;</span> <span class='ocrx_word' id='word_1_959' title='bbox 1578 1778 1699 1817; x_wconf 86' lang='lat' dir='ltr'>festivis,</span> <span class='ocrx_word' id='word_1_960' title='bbox 1717 1780 1823 1818; x_wconf 82' lang='lat' dir='ltr'>pulsatis</span> <span class='ocrx_word' id='word_1_961' title='bbox 1843 1781 2001 1819; x_wconf 74' lang='lat' dir='ltr'>campanis,</span> <span class='ocrx_word' id='word_1_962' title='bbox 2019 1782 2053 1812; x_wconf 70' lang='grc' dir='ltr'>δε</span> <span class='ocrx_word' id='word_1_963' title='bbox 2067 1780 2187 1812; x_wconf 85' lang='lat' dir='ltr'>candelis</span> <span class='ocrx_word' id='word_1_964' title='bbox 2201 1780 2341 1818; x_wconf 79' lang='lat' dir='ltr'>accensis,</span> 
     </span>
     <span class='ocr_line' id='line_1_154' title="bbox 1279 1813 2337 1859; baseline 0.004 -16"><span class='ocrx_word' id='word_1_965' title='bbox 1279 1813 1429 1844; x_wconf 84' lang='lat' dir='ltr'>solenniter</span> <span class='ocrx_word' id='word_1_966' title='bbox 1449 1825 1500 1852; x_wconf 87' lang='lat' dir='ltr'>per</span> <span class='ocrx_word' id='word_1_967' title='bbox 1518 1825 1610 1847; x_wconf 87' lang='lat' dir='ltr'>totam</span> <span class='ocrx_word' id='word_1_968' title='bbox 1632 1816 1765 1857; x_wconf 77' lang='lat' dir='ltr'>Aiigliarri</span> <span class='ocrx_word' id='word_1_969' title='bbox 1782 1818 1924 1856; x_wconf 80' lang='lat' dir='ltr'>publicare</span> <span class='ocrx_word' id='word_1_970' title='bbox 1938 1827 2108 1859; x_wconf 73' lang='lat' dir='ltr'>procurent,</span> <span class='ocrx_word' id='word_1_971' title='bbox 2126 1818 2219 1849; x_wconf 86' lang='lat' dir='ltr'>donec</span> <span class='ocrx_word' id='word_1_972' title='bbox 2234 1818 2337 1849; x_wconf 70' lang='lat' dir='ltr'>satisfe-</span> 
     </span>
     <span class='ocr_line' id='line_1_155' title="bbox 1278 1852 2341 1897; baseline 0.004 -15"><span class='ocrx_word' id='word_1_973' title='bbox 1278 1853 1370 1883; x_wconf 88' lang='lat' dir='ltr'>cerint</span> <span class='ocrx_word' id='word_1_974' title='bbox 1383 1852 1517 1884; x_wconf 89' lang='lat' dir='ltr'>Domino</span> <span class='ocrx_word' id='word_1_975' title='bbox 1531 1854 1606 1895; x_wconf 70' lang='lat' dir='ltr'>Regi</span> <span class='ocrx_word' id='word_1_976' title='bbox 1620 1855 1657 1885; x_wconf 89' lang='lat' dir='ltr'>de</span> <span class='ocrx_word' id='word_1_977' title='bbox 1668 1857 1775 1887; x_wconf 80' lang='lat' dir='ltr'>damnis</span> <span class='ocrx_word' id='word_1_978' title='bbox 1789 1858 1822 1887; x_wconf 75' lang='lat' dir='ltr'>&amp;z</span> <span class='ocrx_word' id='word_1_979' title='bbox 1837 1857 1939 1895; x_wconf 85' lang='lat' dir='ltr'>injuriis</span> <span class='ocrx_word' id='word_1_980' title='bbox 1954 1859 2098 1897; x_wconf 73' lang='lat' dir='ltr'>irrogatiS,</span> <span class='ocrx_word' id='word_1_981' title='bbox 2118 1858 2151 1888; x_wconf 91' lang='lat'>&amp;</span> <span class='ocrx_word' id='word_1_982' title='bbox 2165 1856 2200 1888; x_wconf 82' lang='lat' dir='ltr'>ad</span> <span class='ocrx_word' id='word_1_983' title='bbox 2214 1857 2271 1896; x_wconf 86' lang='lat' dir='ltr'>ejus</span> <span class='ocrx_word' id='word_1_984' title='bbox 2285 1857 2341 1887; x_wconf 87' lang='lat' dir='ltr'>ob-</span> 
     </span>
     <span class='ocr_line' id='line_1_156' title="bbox 1278 1890 1734 1929; baseline 0.007 -8"><span class='ocrx_word' id='word_1_985' title='bbox 1278 1891 1408 1929; x_wconf 86' lang='lat' dir='ltr'>sequium</span> <span class='ocrx_word' id='word_1_986' title='bbox 1421 1890 1539 1923; x_wconf 88' lang='lat' dir='ltr'>fideliter</span> <span class='ocrx_word' id='word_1_987' title='bbox 1553 1902 1734 1924; x_wconf 74' lang='lat' dir='ltr'>revertantur.</span> 
     </span>
    </p>

    <p class='ocr_par' dir='ltr' id='par_1_67' title="bbox 1281 1929 2347 2048">
     <span class='ocr_line' id='line_1_157' title="bbox 1323 1929 2346 1972; baseline 0.004 -13"><span class='ocrx_word' id='word_1_988' title='bbox 1323 1929 1470 1961; x_wconf 87' lang='lat' dir='ltr'>Universis</span> <span class='ocrx_word' id='word_1_989' title='bbox 1481 1931 1590 1970; x_wconf 87' lang='lat' dir='ltr'>insuper</span> <span class='ocrx_word' id='word_1_990' title='bbox 1605 1933 1727 1971; x_wconf 86' lang='lat' dir='ltr'>ejusdem</span> <span class='ocrx_word' id='word_1_991' title='bbox 1740 1932 1829 1972; x_wconf 79' lang='lat' dir='ltr'>Regis</span> <span class='ocrx_word' id='word_1_992' title='bbox 1841 1932 1953 1963; x_wconf 75' lang='lat' dir='ltr'>Vasallis</span> <span class='ocrx_word' id='word_1_993' title='bbox 1979 1935 2008 1963; x_wconf 90' lang='lat' dir='ltr'>in</span> <span class='ocrx_word' id='word_1_994' title='bbox 2031 1933 2226 1965; x_wconf 79' lang='lat' dir='ltr'>remissionem</span> <span class='ocrx_word' id='word_1_995' title='bbox 2245 1939 2346 1970; x_wconf 77' lang='lat' dir='ltr'>pecca—</span> 
     </span>
     <span class='ocr_line' id='line_1_158' title="bbox 1282 1970 2347 2011; baseline 0.003 -13"><span class='ocrx_word' id='word_1_996' title='bbox 1282 1976 1380 1998; x_wconf 88' lang='lat' dir='ltr'>torum</span> <span class='ocrx_word' id='word_1_997' title='bbox 1395 1978 1429 1999; x_wconf 88' lang='lat' dir='ltr'>ex</span> <span class='ocrx_word' id='word_1_998' title='bbox 1443 1977 1521 2007; x_wconf 81' lang='lat' dir='ltr'>parte</span> <span class='ocrx_word' id='word_1_999' title='bbox 1533 1970 1630 2001; x_wconf 84' lang='lat' dir='ltr'>nostra</span> <span class='ocrx_word' id='word_1_1000' title='bbox 1643 1972 1819 2011; x_wconf 82' lang='lat' dir='ltr'>injungentes</span> <span class='ocrx_word' id='word_1_1001' title='bbox 1828 1995 1837 2009; x_wconf 88' lang='lat'>‚</span> <span class='ocrx_word' id='word_1_1002' title='bbox 1856 1980 1888 2002; x_wconf 89' lang='lat' dir='ltr'>ut</span> <span class='ocrx_word' id='word_1_1003' title='bbox 1898 1979 1998 2002; x_wconf 87' lang='lat' dir='ltr'>contra</span> <span class='ocrx_word' id='word_1_1004' title='bbox 2012 1973 2184 2010; x_wconf 70' lang='lat' dir='ltr'>perversores</span> <span class='ocrx_word' id='word_1_1005' title='bbox 2202 1972 2347 2010; x_wconf 67' lang='lat' dir='ltr'>hujusmo⁴</span> 
     </span>
     <span class='ocr_line' id='line_1_159' title="bbox 1281 2006 2056 2048; baseline 0.005 -12"><span class='ocrx_word' id='word_1_1006' title='bbox 1281 2006 1325 2045; x_wconf 90' lang='lat' dir='ltr'>di,</span> <span class='ocrx_word' id='word_1_1007' title='bbox 1344 2007 1462 2045; x_wconf 82' lang='lat' dir='ltr'>praefato</span> <span class='ocrx_word' id='word_1_1008' title='bbox 1477 2007 1553 2048; x_wconf 81' lang='lat' dir='ltr'>Regi</span> <span class='ocrx_word' id='word_1_1009' title='bbox 1568 2010 1691 2040; x_wconf 86' lang='lat' dir='ltr'>tribuant</span> <span class='ocrx_word' id='word_1_1010' title='bbox 1706 2009 1855 2040; x_wconf 87' lang='lat' dir='ltr'>consilium</span> <span class='ocrx_word' id='word_1_1011' title='bbox 1870 2011 1904 2041; x_wconf 58' lang='grc' dir='ltr'>ἃ</span> <span class='ocrx_word' id='word_1_1012' title='bbox 1914 2011 2056 2048; x_wconf 80' lang='lat' dir='ltr'>juvamen.</span> 
     </span>
    </p>

    <p class='ocr_par' dir='ltr' id='par_1_68' title="bbox 1282 2045 2349 2203">
     <span class='ocr_line' id='line_1_160' title="bbox 1320 2045 2348 2087; baseline 0.003 -11"><span class='ocrx_word' id='word_1_1013' title='bbox 1320 2045 1350 2076; x_wconf 92' lang='lat' dir='ltr'>Si</span> <span class='ocrx_word' id='word_1_1014' title='bbox 1366 2047 1428 2083; x_wconf 85' lang='lat' dir='ltr'>quis</span> <span class='ocrx_word' id='word_1_1015' title='bbox 1438 2054 1533 2076; x_wconf 90' lang='lat' dir='ltr'>autem</span> <span class='ocrx_word' id='word_1_1016' title='bbox 1548 2046 1758 2086; x_wconf 89' lang='lat' dir='ltr'>Episcoporum</span> <span class='ocrx_word' id='word_1_1017' title='bbox 1780 2048 1838 2078; x_wconf 82' lang='lat' dir='ltr'>hoc</span> <span class='ocrx_word' id='word_1_1018' title='bbox 1851 2048 1982 2080; x_wconf 86' lang='lat' dir='ltr'>nostrum</span> <span class='ocrx_word' id='word_1_1019' title='bbox 2002 2057 2177 2087; x_wconf 60' lang='lat' dir='ltr'>praeceptum</span> <span class='ocrx_word' id='word_1_1020' title='bbox 2192 2047 2348 2087; x_wconf 52' lang='lat' dir='ltr'>neqlexerit</span> 
     </span>
     <span class='ocr_line' id='line_1_161' title="bbox 1282 2074 2349 2126; baseline 0.004 -13"><span class='ocrx_word' id='word_1_1021' title='bbox 1282 2083 1436 2123; x_wconf 83' lang='lat' dir='ltr'>adimplere</span> <span class='ocrx_word' id='word_1_1022' title='bbox 1450 2109 1460 2123; x_wconf 79' lang='lat'>,</span> <span class='ocrx_word' id='word_1_1023' title='bbox 1485 2085 1549 2116; x_wconf 86' lang='lat' dir='ltr'>sciat</span> <span class='ocrx_word' id='word_1_1024' title='bbox 1570 2087 1597 2117; x_wconf 90' lang='lat' dir='ltr'>se</span> <span class='ocrx_word' id='word_1_1025' title='bbox 1615 2087 1651 2117; x_wconf 89' lang='lat' dir='ltr'>ab</span> <span class='ocrx_word' id='word_1_1026' title='bbox 1674 2086 1832 2126; x_wconf 83' lang='lat' dir='ltr'>Episcopali</span> <span class='ocrx_word' id='word_1_1027' title='bbox 1851 2086 1952 2118; x_wconf 86' lang='lat' dir='ltr'>officio</span> <span class='ocrx_word' id='word_1_1028' title='bbox 1966 2088 2141 2126; x_wconf 87' lang='lat' dir='ltr'>suspensum,</span> <span class='ocrx_word' id='word_1_1029' title='bbox 2158 2089 2192 2119; x_wconf 87' lang='lat'>&amp;</span> <span class='ocrx_word' id='word_1_1030' title='bbox 2208 2074 2349 2126; x_wconf 58' lang='lat' dir='ltr'>subjecto⁴</span> 
     </span>
     <span class='ocr_line' id='line_1_162' title="bbox 1284 2123 2349 2165; baseline 0.003 -13"><span class='ocrx_word' id='word_1_1031' title='bbox 1284 2132 1350 2153; x_wconf 86' lang='lat' dir='ltr'>rum</span> <span class='ocrx_word' id='word_1_1032' title='bbox 1363 2123 1556 2154; x_wconf 87' lang='lat' dir='ltr'>obedientiam</span> <span class='ocrx_word' id='word_1_1033' title='bbox 1570 2125 1628 2155; x_wconf 78' lang='lat' dir='ltr'>esse</span> <span class='ocrx_word' id='word_1_1034' title='bbox 1640 2126 1825 2156; x_wconf 66' lang='lat' dir='ltr'>subn-aetam:</span> <span class='ocrx_word' id='word_1_1035' title='bbox 1845 2127 1908 2164; x_wconf 80' lang='lat' dir='ltr'>quia</span> <span class='ocrx_word' id='word_1_1036' title='bbox 1919 2126 2027 2165; x_wconf 88' lang='lat' dir='ltr'>justum</span> <span class='ocrx_word' id='word_1_1037' title='bbox 2041 2126 2082 2157; x_wconf 87' lang='lat' dir='ltr'>est</span> <span class='ocrx_word' id='word_1_1038' title='bbox 2105 2135 2135 2157; x_wconf 90' lang='lat' dir='ltr'>ut</span> <span class='ocrx_word' id='word_1_1039' title='bbox 2151 2128 2189 2158; x_wconf 92' lang='lat' dir='ltr'>eis</span> <span class='ocrx_word' id='word_1_1040' title='bbox 2204 2125 2349 2156; x_wconf 82' lang='lat' dir='ltr'>inferiores</span> 
     </span>
     <span class='ocr_line' id='line_1_163' title="bbox 1284 2162 2134 2203; baseline 0.004 -11"><span class='ocrx_word' id='word_1_1041' title='bbox 1284 2171 1346 2193; x_wconf 91' lang='lat' dir='ltr'>non</span> <span class='ocrx_word' id='word_1_1042' title='bbox 1360 2162 1512 2202; x_wconf 85' lang='lat' dir='ltr'>obediant,</span> <span class='ocrx_word' id='word_1_1043' title='bbox 1533 2164 1582 2202; x_wconf 89' lang='lat' dir='ltr'>qui</span> <span class='ocrx_word' id='word_1_1044' title='bbox 1596 2164 1645 2195; x_wconf 88' lang='lat' dir='ltr'>suo</span> <span class='ocrx_word' id='word_1_1045' title='bbox 1658 2165 1792 2203; x_wconf 85' lang='lat' dir='ltr'>superiori</span> <span class='ocrx_word' id='word_1_1046' title='bbox 1806 2164 1922 2195; x_wconf 88' lang='lat' dir='ltr'>obedire</span> <span class='ocrx_word' id='word_1_1047' title='bbox 1936 2173 2134 2196; x_wconf 90' lang='lat' dir='ltr'>contemnunt.</span> 
     </span>
    </p>

    <p class='ocr_par' dir='ltr' id='par_1_69' title="bbox 1285 2200 2354 2399">
     <span class='ocr_line' id='line_1_164' title="bbox 1323 2200 2350 2242; baseline 0.001 -11"><span class='ocrx_word' id='word_1_1048' title='bbox 1323 2200 1378 2231; x_wconf 91' lang='lat' dir='ltr'>Ne</span> <span class='ocrx_word' id='word_1_1049' title='bbox 1391 2202 1475 2242; x_wconf 84' lang='lat' dir='ltr'>igitur</span> <span class='ocrx_word' id='word_1_1050' title='bbox 1488 2202 1653 2234; x_wconf 85' lang='lat' dir='ltr'>mandatum</span> <span class='ocrx_word' id='word_1_1051' title='bbox 1668 2204 1781 2242; x_wconf 87' lang='lat' dir='ltr'>alicujus</span> <span class='ocrx_word' id='word_1_1052' title='bbox 1797 2204 2023 2242; x_wconf 79' lang='lat' dir='ltr'>tergiversatione</span> <span class='ocrx_word' id='word_1_1053' title='bbox 2036 2203 2124 2236; x_wconf 80' lang='lat' dir='ltr'>valeat</span> <span class='ocrx_word' id='word_1_1054' title='bbox 2138 2200 2284 2241; x_wconf 87' lang='lat' dir='ltr'>impediri,</span> <span class='ocrx_word' id='word_1_1055' title='bbox 2303 2208 2350 2232; x_wconf 44' lang='grc' dir='ltr'>ἐκέ</span> 
     </span>
     <span class='ocr_line' id='line_1_165' title="bbox 1285 2240 2350 2280; baseline 0 -10"><span class='ocrx_word' id='word_1_1056' title='bbox 1285 2242 1556 2272; x_wconf 87' lang='lat' dir='ltr'>communicationis</span> <span class='ocrx_word' id='word_1_1057' title='bbox 1576 2242 1686 2272; x_wconf 81' lang='lat' dir='ltr'>causam</span> <span class='ocrx_word' id='word_1_1058' title='bbox 1708 2242 1914 2280; x_wconf 62' lang='lat' dir='ltr'>praedictorum</span> <span class='ocrx_word' id='word_1_1059' title='bbox 1926 2267 1935 2280; x_wconf 90' lang='lat'>,</span> <span class='ocrx_word' id='word_1_1060' title='bbox 1960 2253 2028 2274; x_wconf 89' lang='lat' dir='ltr'>curn</span> <span class='ocrx_word' id='word_1_1061' title='bbox 2043 2243 2151 2273; x_wconf 79' lang='lat' dir='ltr'>caeteris</span> <span class='ocrx_word' id='word_1_1062' title='bbox 2166 2251 2231 2280; x_wconf 75' lang='lat' dir='ltr'>quae</span> <span class='ocrx_word' id='word_1_1063' title='bbox 2244 2240 2278 2271; x_wconf 90' lang='lat' dir='ltr'>ad</span> <span class='ocrx_word' id='word_1_1064' title='bbox 2292 2240 2350 2271; x_wconf 85' lang='lat' dir='ltr'>hoc</span> 
     </span>
     <span class='ocr_line' id='line_1_166' title="bbox 1287 2277 2354 2322; baseline -0.001 -13"><span class='ocrx_word' id='word_1_1065' title='bbox 1287 2277 1437 2318; x_wconf 84' lang='lat' dir='ltr'>negotium</span> <span class='ocrx_word' id='word_1_1066' title='bbox 1452 2280 1650 2320; x_wconf 85' lang='lat' dir='ltr'>pertinuerint,</span> <span class='ocrx_word' id='word_1_1067' title='bbox 1667 2281 1751 2312; x_wconf 89' lang='lat' dir='ltr'>vobis</span> <span class='ocrx_word' id='word_1_1068' title='bbox 1770 2281 1900 2311; x_wconf 81' lang='lat' dir='ltr'>duximus</span> <span class='ocrx_word' id='word_1_1069' title='bbox 1924 2280 2177 2314; x_wconf 84' lang='lat' dir='ltr'>committendam:</span> <span class='ocrx_word' id='word_1_1070' title='bbox 2197 2289 2247 2318; x_wconf 89' lang='lat' dir='ltr'>per</span> <span class='ocrx_word' id='word_1_1071' title='bbox 2261 2279 2354 2322; x_wconf 82' lang='lat' dir='ltr'>Apos-</span> 
     </span>
     <span class='ocr_line' id='line_1_167' title="bbox 1287 2317 2352 2358; baseline 0 -10"><span class='ocrx_word' id='word_1_1072' title='bbox 1287 2319 1373 2348; x_wconf 84' lang='lat' dir='ltr'>tolica</span> <span class='ocrx_word' id='word_1_1073' title='bbox 1388 2318 1471 2349; x_wconf 90' lang='lat' dir='ltr'>vobis</span> <span class='ocrx_word' id='word_1_1074' title='bbox 1483 2318 1583 2357; x_wconf 83' lang='lat' dir='ltr'>script-a</span> <span class='ocrx_word' id='word_1_1075' title='bbox 1596 2319 1779 2358; x_wconf 81' lang='lat' dir='ltr'>mandantes,</span> <span class='ocrx_word' id='word_1_1076' title='bbox 1800 2328 1934 2357; x_wconf 79' lang='lat' dir='ltr'>quatenus</span> <span class='ocrx_word' id='word_1_1077' title='bbox 1950 2321 2077 2358; x_wconf 88' lang='lat' dir='ltr'>protinus</span> <span class='ocrx_word' id='word_1_1078' title='bbox 2093 2320 2176 2351; x_wconf 90' lang='lat' dir='ltr'>omni</span> <span class='ocrx_word' id='word_1_1079' title='bbox 2189 2317 2352 2357; x_wconf 77' lang='lat' dir='ltr'>appellatio-</span> 
     </span>
     <span class='ocr_line' id='line_1_168' title="bbox 1287 2356 2063 2399; baseline 0.003 -13"><span class='ocrx_word' id='word_1_1080' title='bbox 1287 2366 1324 2387; x_wconf 88' lang='lat' dir='ltr'>ne</span> <span class='ocrx_word' id='word_1_1081' title='bbox 1336 2356 1505 2399; x_wconf 84' lang='lat' dir='ltr'>postposita,</span> <span class='ocrx_word' id='word_1_1082' title='bbox 1523 2358 1681 2396; x_wconf 83' lang='lat' dir='ltr'>procedatis</span> <span class='ocrx_word' id='word_1_1083' title='bbox 1696 2358 1767 2390; x_wconf 89' lang='lat' dir='ltr'>sicut</span> <span class='ocrx_word' id='word_1_1084' title='bbox 1781 2357 1904 2390; x_wconf 83' lang='lat' dir='ltr'>videtitis</span> <span class='ocrx_word' id='word_1_1085' title='bbox 1921 2358 2063 2398; x_wconf 76' lang='lat' dir='ltr'>expedire.</span> 
     </span>
    </p>
   </div>
   <div class='ocr_carea' id='block_1_56' title="bbox 1294 2481 2359 2579">
    <p class='ocr_par' dir='ltr' id='par_1_70' title="bbox 1294 2481 2359 2579">
     <span class='ocr_line' id='line_1_169' title="bbox 1294 2481 2359 2527; baseline 0.005 -15"><span class='ocrx_word' id='word_1_1086' title='bbox 1294 2481 1455 2513; x_wconf 79' lang='lat' dir='ltr'>conventio</span> <span class='ocrx_word' id='word_1_1087' title='bbox 1473 2507 1483 2524; x_wconf 89' lang='lat'>,</span> <span class='ocrx_word' id='word_1_1088' title='bbox 1508 2481 1580 2514; x_wconf 84' lang='lat' dir='ltr'>olim</span> <span class='ocrx_word' id='word_1_1089' title='bbox 1599 2482 1690 2527; x_wconf 57' lang='lat' dir='ltr'>fasta</span> <span class='ocrx_word' id='word_1_1090' title='bbox 1708 2509 1719 2525; x_wconf 80' lang='lat'>,</span> <span class='ocrx_word' id='word_1_1091' title='bbox 1745 2493 1824 2515; x_wconf 79' lang='lat' dir='ltr'>nunc</span> <span class='ocrx_word' id='word_1_1092' title='bbox 1844 2493 1991 2515; x_wconf 77' lang='lat' dir='ltr'>renovata</span> <span class='ocrx_word' id='word_1_1093' title='bbox 2009 2482 2044 2516; x_wconf 81' lang='lat' dir='ltr'>de</span> <span class='ocrx_word' id='word_1_1094' title='bbox 2063 2482 2129 2516; x_wconf 83' lang='lat' dir='ltr'>dote</span> <span class='ocrx_word' id='word_1_1095' title='bbox 2145 2482 2285 2525; x_wconf 69' lang='lat' dir='ltr'>[blvenda</span> <span class='ocrx_word' id='word_1_1096' title='bbox 2304 2486 2359 2518; x_wconf 80' lang='lat' dir='ltr'>Be·</span> 
     </span>
     <span class='ocr_line' id='line_1_170' title="bbox 1534 2530 2124 2579; baseline 0.003 -17"><span class='ocrx_word' id='word_1_1097' title='bbox 1534 2534 1676 2577; x_wconf 78' lang='lat' dir='ltr'>rengariae</span> <span class='ocrx_word' id='word_1_1098' title='bbox 1696 2530 1846 2577; x_wconf 73' lang='lat' dir='ltr'>quondam</span> <span class='ocrx_word' id='word_1_1099' title='bbox 1865 2531 1981 2578; x_wconf 81' lang='lat' dir='ltr'>Angliae</span> <span class='ocrx_word' id='word_1_1100' title='bbox 2001 2535 2124 2579; x_wconf 80' lang='lat' dir='ltr'>Reginae.</span> 
     </span>
    </p>
   </div>
   <div class='ocr_carea' id='block_1_57' title="bbox 1356 2611 2502 2657">
    <p class='ocr_par' dir='ltr' id='par_1_71' title="bbox 1356 2611 2502 2657">
     <span class='ocr_line' id='line_1_171' title="bbox 1356 2611 2502 2657; baseline 0.002 -13"><span class='ocrx_word' id='word_1_1101' title='bbox 1356 2612 1507 2654; x_wconf 87' lang='lat' dir='ltr'>Erengaria</span> <span class='ocrx_word' id='word_1_1102' title='bbox 1520 2613 1578 2645; x_wconf 89' lang='lat' dir='ltr'>Dei</span> <span class='ocrx_word' id='word_1_1103' title='bbox 1592 2614 1696 2655; x_wconf 68' lang='lat' dir='ltr'>gratia,</span> <span class='ocrx_word' id='word_1_1104' title='bbox 1711 2615 1857 2653; x_wconf 84' lang='lat' dir='ltr'>quondam</span> <span class='ocrx_word' id='word_1_1105' title='bbox 1871 2615 1984 2646; x_wconf 90' lang='lat' dir='ltr'>humilis</span> <span class='ocrx_word' id='word_1_1106' title='bbox 1996 2616 2106 2657; x_wconf 78' lang='lat' dir='ltr'>Angliae</span> <span class='ocrx_word' id='word_1_1107' title='bbox 2120 2616 2248 2657; x_wconf 79' lang='lat' dir='ltr'>Regina,</span> <span class='ocrx_word' id='word_1_1108' title='bbox 2264 2618 2360 2649; x_wconf 86' lang='lat' dir='ltr'>omni-</span> <span class='ocrx_word' id='word_1_1109' title='bbox 2378 2613 2454 2646; x_wconf 89' lang='lat' dir='ltr'>Ann.</span> <span class='ocrx_word' id='word_1_1110' title='bbox 2466 2611 2502 2646; x_wconf 87' lang='lat' dir='ltr'>D.</span> 
     </span>
    </p>
   </div>
   <div class='ocr_carea' id='block_1_58' title="bbox 1356 2653 1662 2691">
    <p class='ocr_par' dir='ltr' id='par_1_72' title="bbox 1356 2653 1662 2691">
     <span class='ocr_line' id='line_1_172' title="bbox 1356 2653 1662 2691; baseline 0 -9"><span class='ocrx_word' id='word_1_1111' title='bbox 1356 2653 1438 2691; x_wconf 84' lang='lat' dir='ltr'>bus,</span> <span class='ocrx_word' id='word_1_1112' title='bbox 1455 2655 1515 2684; x_wconf 68' lang='lat' dir='ltr'>&amp;e</span> <span class='ocrx_word' id='word_1_1113' title='bbox 1537 2654 1662 2684; x_wconf 84' lang='lat' dir='ltr'>salutern.</span> 
     </span>
    </p>
   </div>
   <div class='ocr_carea' id='block_1_59' title="bbox 2407 2659 2490 2693">
    <p class='ocr_par' dir='ltr' id='par_1_73' title="bbox 2407 2659 2490 2693">
     <span class='ocr_line' id='line_1_173' title="bbox 2407 2659 2490 2693; baseline -0.012 -9"><span class='ocrx_word' id='word_1_1114' title='bbox 2407 2659 2490 2693; x_wconf 80' lang='lat'>1215.</span> 
     </span>
    </p>
   </div>
   <div class='ocr_carea' id='block_1_60' title="bbox 1334 2691 2492 2734">
    <p class='ocr_par' dir='ltr' id='par_1_74' title="bbox 1334 2691 2492 2734">
     <span class='ocr_line' id='line_1_174' title="bbox 1334 2691 2492 2734; baseline 0.004 -12"><span class='ocrx_word' id='word_1_1115' title='bbox 1334 2691 1431 2722; x_wconf 84' lang='lat' dir='ltr'>Sciatis</span> <span class='ocrx_word' id='word_1_1116' title='bbox 1453 2694 1490 2722; x_wconf 84' lang='lat' dir='ltr'>ita</span> <span class='ocrx_word' id='word_1_1117' title='bbox 1510 2692 1677 2728; x_wconf 72' lang='lat' dir='ltr'>convenilie</span> <span class='ocrx_word' id='word_1_1118' title='bbox 1700 2693 1772 2723; x_wconf 88' lang='lat' dir='ltr'>inter</span> <span class='ocrx_word' id='word_1_1119' title='bbox 1791 2692 1957 2724; x_wconf 88' lang='lat' dir='ltr'>Dominum</span> <span class='ocrx_word' id='word_1_1120' title='bbox 1982 2692 2092 2734; x_wconf 81' lang='lat' dir='ltr'>Angliae</span> <span class='ocrx_word' id='word_1_1121' title='bbox 2100 2693 2267 2733; x_wconf 88' lang='lat' dir='ltr'>Johannem</span> <span class='ocrx_word' id='word_1_1122' title='bbox 2283 2694 2359 2726; x_wconf 79' lang='lat' dir='ltr'>illus·</span> <span class='ocrx_word' id='word_1_1123' title='bbox 2378 2698 2429 2722; x_wconf 72' lang='lat' dir='ltr'>An.</span> <span class='ocrx_word' id='word_1_1124' title='bbox 2450 2704 2492 2729; x_wconf 80' lang='lat'>17·</span> 
     </span>
    </p>
   </div>
   <div class='ocr_carea' id='block_1_61' title="bbox 1297 2729 2360 2772">
    <p class='ocr_par' dir='ltr' id='par_1_75' title="bbox 1297 2729 2360 2772">
     <span class='ocr_line' id='line_1_175' title="bbox 1297 2729 2360 2772; baseline 0.004 -12"><span class='ocrx_word' id='word_1_1125' title='bbox 1297 2739 1388 2769; x_wconf 84' lang='lat' dir='ltr'>trem,</span> <span class='ocrx_word' id='word_1_1126' title='bbox 1414 2732 1448 2761; x_wconf 64' lang='grc' dir='ltr'>ὃς</span> <span class='ocrx_word' id='word_1_1127' title='bbox 1468 2740 1540 2769; x_wconf 69' lang='lat' dir='ltr'>nost,</span> <span class='ocrx_word' id='word_1_1128' title='bbox 1557 2729 1594 2761; x_wconf 89' lang='lat' dir='ltr'>de</span> <span class='ocrx_word' id='word_1_1129' title='bbox 1613 2730 1682 2761; x_wconf 89' lang='lat' dir='ltr'>dote</span> <span class='ocrx_word' id='word_1_1130' title='bbox 1700 2731 1797 2761; x_wconf 85' lang='lat' dir='ltr'>nostra</span> <span class='ocrx_word' id='word_1_1131' title='bbox 1816 2742 1903 2770; x_wconf 84' lang='lat' dir='ltr'>quam</span> <span class='ocrx_word' id='word_1_1132' title='bbox 1926 2733 2088 2770; x_wconf 84' lang='lat' dir='ltr'>petebamus</span> <span class='ocrx_word' id='word_1_1133' title='bbox 2095 2756 2106 2772; x_wconf 85' lang='lat'>,</span> <span class='ocrx_word' id='word_1_1134' title='bbox 2129 2734 2163 2764; x_wconf 91' lang='lat'>&amp;</span> <span class='ocrx_word' id='word_1_1135' title='bbox 2182 2732 2219 2763; x_wconf 90' lang='lat' dir='ltr'>de</span> <span class='ocrx_word' id='word_1_1136' title='bbox 2239 2733 2360 2771; x_wconf 87' lang='lat' dir='ltr'>quadam</span> 
     </span>
    </p>
   </div>
   <div class='ocr_carea' id='block_1_62' title="bbox 2376 2732 2438 2769">
    <p class='ocr_par' dir='ltr' id='par_1_76' title="bbox 2376 2732 2438 2769">
     <span class='ocr_line' id='line_1_176' title="bbox 2376 2732 2438 2769; baseline 0 -10"><span class='ocrx_word' id='word_1_1137' title='bbox 2376 2732 2438 2769; x_wconf 55' lang='grc' dir='ltr'><em>γαί).</em></span> 
     </span>
    </p>
   </div>
   <div class='ocr_carea' id='block_1_63' title="bbox 1299 2769 2510 2810">
    <p class='ocr_par' dir='ltr' id='par_1_77' title="bbox 1299 2769 2510 2810">
     <span class='ocr_line' id='line_1_177' title="bbox 1299 2769 2510 2810; baseline 0.002 -10"><span class='ocrx_word' id='word_1_1138' title='bbox 1299 2770 1512 2807; x_wconf 84' lang='lat' dir='ltr'>compositione</span> <span class='ocrx_word' id='word_1_1139' title='bbox 1551 2780 1595 2802; x_wconf 80' lang='lat' dir='ltr'>uae</span> <span class='ocrx_word' id='word_1_1140' title='bbox 1615 2769 1761 2808; x_wconf 83' lang='lat' dir='ltr'>quondam</span> <span class='ocrx_word' id='word_1_1141' title='bbox 1782 2771 1853 2800; x_wconf 90' lang='lat' dir='ltr'>inter</span> <span class='ocrx_word' id='word_1_1142' title='bbox 1874 2771 1963 2809; x_wconf 88' lang='lat' dir='ltr'>ipsum</span> <span class='ocrx_word' id='word_1_1143' title='bbox 1982 2772 2016 2802; x_wconf 67' lang='grc' dir='ltr'>ὃς</span> <span class='ocrx_word' id='word_1_1144' title='bbox 2029 2782 2082 2802; x_wconf 88' lang='lat' dir='ltr'>nos</span> <span class='ocrx_word' id='word_1_1145' title='bbox 2096 2772 2169 2802; x_wconf 70' lang='lat' dir='ltr'>faeta</span> <span class='ocrx_word' id='word_1_1146' title='bbox 2182 2772 2270 2802; x_wconf 87' lang='lat' dir='ltr'>fuerat</span> <span class='ocrx_word' id='word_1_1147' title='bbox 2281 2772 2360 2810; x_wconf 90' lang='lat' dir='ltr'>super</span> <span class='ocrx_word' id='word_1_1148' title='bbox 2379 2771 2510 2808; x_wconf 73' lang='lat' dir='ltr'>Claus·¹7⁴</span> 
     </span>
    </p>
   </div>
   <div class='ocr_carea' id='block_1_64' title="bbox 1298 2807 2359 2848">
    <p class='ocr_par' dir='ltr' id='par_1_78' title="bbox 1298 2807 2359 2848">
     <span class='ocr_line' id='line_1_178' title="bbox 1298 2807 2359 2848; baseline 0.003 -10"><span class='ocrx_word' id='word_1_1149' title='bbox 1298 2807 1400 2838; x_wconf 88' lang='lat' dir='ltr'>eadem</span> <span class='ocrx_word' id='word_1_1150' title='bbox 1420 2807 1488 2838; x_wconf 89' lang='lat' dir='ltr'>dote</span> <span class='ocrx_word' id='word_1_1151' title='bbox 1500 2831 1510 2847; x_wconf 88' lang='lat'>,</span> <span class='ocrx_word' id='word_1_1152' title='bbox 1555 2818 1571 2838; x_wconf 93' lang='lat' dir='ltr'>e</span> <span class='ocrx_word' id='word_1_1153' title='bbox 1587 2810 1643 2846; x_wconf 73' lang='lat' dir='ltr'>qua</span> <span class='ocrx_word' id='word_1_1154' title='bbox 1656 2809 1735 2838; x_wconf 92' lang='lat' dir='ltr'>mille</span> <span class='ocrx_word' id='word_1_1155' title='bbox 1751 2808 1844 2839; x_wconf 87' lang='lat' dir='ltr'>Marc.</span> <span class='ocrx_word' id='word_1_1156' title='bbox 1861 2808 1897 2839; x_wconf 91' lang='lat' dir='ltr'>de</span> <span class='ocrx_word' id='word_1_1157' title='bbox 1910 2809 1969 2847; x_wconf 88' lang='lat' dir='ltr'>ipso</span> <span class='ocrx_word' id='word_1_1158' title='bbox 1983 2811 2109 2848; x_wconf 88' lang='lat' dir='ltr'>recipere</span> <span class='ocrx_word' id='word_1_1159' title='bbox 2123 2810 2296 2841; x_wconf 82' lang='lat' dir='ltr'>debebamus</span> <span class='ocrx_word' id='word_1_1160' title='bbox 2309 2821 2359 2841; x_wconf 84' lang='lat' dir='ltr'>an-</span> 
     </span>
    </p>
   </div>
   <div class='ocr_carea' id='block_1_65' title="bbox 2377 2808 2514 2847">
    <p class='ocr_par' dir='ltr' id='par_1_79' title="bbox 2377 2808 2514 2847">
     <span class='ocr_line' id='line_1_179' title="bbox 2377 2808 2514 2847; baseline -0.015 -10"><span class='ocrx_word' id='word_1_1161' title='bbox 2377 2808 2514 2847; x_wconf 64' lang='lat' dir='ltr'>Johannis„</span> 
     </span>
    </p>
   </div>
   <div class='ocr_carea' id='block_1_66' title="bbox 1301 2846 2481 2926">
    <p class='ocr_par' dir='ltr' id='par_1_80' title="bbox 1301 2846 2481 2926">
     <span class='ocr_line' id='line_1_180' title="bbox 1302 2846 2481 2887; baseline -0.003 -10"><span class='ocrx_word' id='word_1_1162' title='bbox 1302 2847 1410 2877; x_wconf 83' lang='lat' dir='ltr'>nuatim</span> <span class='ocrx_word' id='word_1_1163' title='bbox 1425 2871 1435 2884; x_wconf 85' lang='lat'>,</span> <span class='ocrx_word' id='word_1_1164' title='bbox 1460 2846 1592 2878; x_wconf 86' lang='lat' dir='ltr'>videlicet</span> <span class='ocrx_word' id='word_1_1165' title='bbox 1607 2871 1617 2885; x_wconf 91' lang='lat'>,</span> <span class='ocrx_word' id='word_1_1166' title='bbox 1641 2847 1720 2885; x_wconf 90' lang='lat' dir='ltr'>quod</span> <span class='ocrx_word' id='word_1_1167' title='bbox 1740 2847 1796 2885; x_wconf 84' lang='lat' dir='ltr'>ipse</span> <span class='ocrx_word' id='word_1_1168' title='bbox 1809 2872 1819 2885; x_wconf 88' lang='lat'>,</span> <span class='ocrx_word' id='word_1_1169' title='bbox 1845 2847 1880 2877; x_wconf 88' lang='lat' dir='ltr'>ad</span> <span class='ocrx_word' id='word_1_1170' title='bbox 1900 2848 2017 2886; x_wconf 75' lang='lat' dir='ltr'>piaesens</span> <span class='ocrx_word' id='word_1_1171' title='bbox 2031 2872 2041 2887; x_wconf 89' lang='lat'>,</span> <span class='ocrx_word' id='word_1_1172' title='bbox 2064 2848 2110 2878; x_wconf 83' lang='lat' dir='ltr'>dat</span> <span class='ocrx_word' id='word_1_1173' title='bbox 2124 2848 2206 2878; x_wconf 87' lang='lat' dir='ltr'>nobis</span> <span class='ocrx_word' id='word_1_1174' title='bbox 2219 2848 2278 2879; x_wconf 89' lang='lat' dir='ltr'>duo</span> <span class='ocrx_word' id='word_1_1175' title='bbox 2292 2849 2361 2879; x_wconf 86' lang='lat' dir='ltr'>mill.</span> <span class='ocrx_word' id='word_1_1176' title='bbox 2381 2858 2416 2876; x_wconf 85' lang='lat' dir='ltr'>m.</span> <span class='ocrx_word' id='word_1_1177' title='bbox 2439 2854 2481 2882; x_wconf 82' lang='lat'>¹9·</span> 
     </span>
     <span class='ocr_line' id='line_1_181' title="bbox 1301 2885 2460 2926; baseline -0.003 -11"><span class='ocrx_word' id='word_1_1178' title='bbox 1301 2885 1395 2916; x_wconf 83' lang='lat' dir='ltr'>Marc.</span> <span class='ocrx_word' id='word_1_1179' title='bbox 1414 2895 1467 2923; x_wconf 86' lang='lat' dir='ltr'>pro</span> <span class='ocrx_word' id='word_1_1180' title='bbox 1479 2887 1614 2915; x_wconf 86' lang='lat' dir='ltr'>omnibus</span> <span class='ocrx_word' id='word_1_1181' title='bbox 1630 2887 1786 2925; x_wconf 79' lang='lat' dir='ltr'>arreragiis,</span> <span class='ocrx_word' id='word_1_1182' title='bbox 1804 2888 1838 2917; x_wconf 68' lang='grc' dir='ltr'>ὃς</span> <span class='ocrx_word' id='word_1_1183' title='bbox 1853 2896 1906 2926; x_wconf 88' lang='lat' dir='ltr'>pro</span> <span class='ocrx_word' id='word_1_1184' title='bbox 1919 2886 2056 2917; x_wconf 87' lang='lat' dir='ltr'>solutione</span> <span class='ocrx_word' id='word_1_1185' title='bbox 2068 2888 2134 2917; x_wconf 85' lang='lat' dir='ltr'>anni</span> <span class='ocrx_word' id='word_1_1186' title='bbox 2147 2887 2288 2925; x_wconf 84' lang='lat' dir='ltr'>praesentis</span> <span class='ocrx_word' id='word_1_1187' title='bbox 2302 2911 2312 2926; x_wconf 82' lang='lat'>,</span> <span class='ocrx_word' id='word_1_1188' title='bbox 2331 2889 2364 2920; x_wconf 74' lang='grc' dir='ltr'>δε</span> <span class='ocrx_word' id='word_1_1189' title='bbox 2384 2887 2460 2923; x_wconf 79' lang='lat' dir='ltr'>dorso.</span> 
     </span>
    </p>
   </div>
   <div class='ocr_carea' id='block_1_67' title="bbox 1301 2923 2377 4116">
    <p class='ocr_par' dir='ltr' id='par_1_81' title="bbox 1301 2923 2367 3077">
     <span class='ocr_line' id='line_1_182' title="bbox 1301 2923 2366 2965; baseline 0.003 -11"><span class='ocrx_word' id='word_1_1190' title='bbox 1301 2924 1339 2954; x_wconf 87' lang='lat' dir='ltr'>de</span> <span class='ocrx_word' id='word_1_1191' title='bbox 1358 2933 1462 2954; x_wconf 80' lang='lat' dir='ltr'>caetero</span> <span class='ocrx_word' id='word_1_1192' title='bbox 1480 2923 1557 2954; x_wconf 84' lang='lat' dir='ltr'>dabit</span> <span class='ocrx_word' id='word_1_1193' title='bbox 1579 2925 1662 2955; x_wconf 87' lang='lat' dir='ltr'>nobis</span> <span class='ocrx_word' id='word_1_1194' title='bbox 1681 2926 1824 2954; x_wconf 89' lang='lat' dir='ltr'>annuatim</span> <span class='ocrx_word' id='word_1_1195' title='bbox 1847 2925 1925 2954; x_wconf 90' lang='lat' dir='ltr'>mille</span> <span class='ocrx_word' id='word_1_1196' title='bbox 1944 2925 2007 2955; x_wconf 89' lang='lat' dir='ltr'>libr.</span> <span class='ocrx_word' id='word_1_1197' title='bbox 2027 2925 2172 2956; x_wconf 92' lang='lat' dir='ltr'>bonorum</span> <span class='ocrx_word' id='word_1_1198' title='bbox 2187 2926 2366 2965; x_wconf 84' lang='lat' dir='ltr'>&amp;legalium</span> 
     </span>
     <span class='ocr_line' id='line_1_183' title="bbox 1302 2962 2366 3001; baseline 0.003 -8"><span class='ocrx_word' id='word_1_1199' title='bbox 1302 2962 1529 3001; x_wconf 76' lang='lat' dir='ltr'>sterlingorum,</span> <span class='ocrx_word' id='word_1_1200' title='bbox 1547 2962 1667 3001; x_wconf 90' lang='lat' dir='ltr'>scilicet,</span> <span class='ocrx_word' id='word_1_1201' title='bbox 1686 2965 1851 3001; x_wconf 83' lang='lat' dir='ltr'>quingentas</span> <span class='ocrx_word' id='word_1_1202' title='bbox 1872 2963 1932 2992; x_wconf 79' lang='lat' dir='ltr'>libr.</span> <span class='ocrx_word' id='word_1_1203' title='bbox 1952 2964 1980 2992; x_wconf 90' lang='lat' dir='ltr'>in</span> <span class='ocrx_word' id='word_1_1204' title='bbox 2001 2962 2074 2994; x_wconf 91' lang='lat' dir='ltr'>festo</span> <span class='ocrx_word' id='word_1_1205' title='bbox 2096 2964 2231 2994; x_wconf 89' lang='lat' dir='ltr'>omnium</span> <span class='ocrx_word' id='word_1_1206' title='bbox 2246 2964 2366 2996; x_wconf 58' lang='lat' dir='ltr'>Sanno-</span> 
     </span>
     <span class='ocr_line' id='line_1_184' title="bbox 1307 3000 2367 3042; baseline 0.002 -10"><span class='ocrx_word' id='word_1_1207' title='bbox 1307 3012 1374 3032; x_wconf 87' lang='lat' dir='ltr'>rum</span> <span class='ocrx_word' id='word_1_1208' title='bbox 1390 3011 1396 3031; x_wconf 91' lang='lat'>:</span> <span class='ocrx_word' id='word_1_1209' title='bbox 1423 3000 1462 3031; x_wconf 87' lang='lat' dir='ltr'>Et</span> <span class='ocrx_word' id='word_1_1210' title='bbox 1481 3003 1644 3040; x_wconf 83' lang='lat' dir='ltr'>quingentas</span> <span class='ocrx_word' id='word_1_1211' title='bbox 1663 3001 1726 3031; x_wconf 87' lang='lat' dir='ltr'>libr.</span> <span class='ocrx_word' id='word_1_1212' title='bbox 1745 3003 1774 3030; x_wconf 90' lang='lat' dir='ltr'>in</span> <span class='ocrx_word' id='word_1_1213' title='bbox 1796 3000 1870 3031; x_wconf 83' lang='lat' dir='ltr'>festo</span> <span class='ocrx_word' id='word_1_1214' title='bbox 1892 3001 2076 3032; x_wconf 88' lang='lat' dir='ltr'>Ascensionis.</span> <span class='ocrx_word' id='word_1_1215' title='bbox 2114 3002 2202 3034; x_wconf 88' lang='lat' dir='ltr'>Hanc</span> <span class='ocrx_word' id='word_1_1216' title='bbox 2217 3004 2367 3042; x_wconf 89' lang='lat' dir='ltr'>pecuniam</span> 
     </span>
     <span class='ocr_line' id='line_1_185' title="bbox 1303 3038 1994 3077; baseline -0.001 -6"><span class='ocrx_word' id='word_1_1217' title='bbox 1303 3040 1394 3071; x_wconf 88' lang='lat' dir='ltr'>solvet</span> <span class='ocrx_word' id='word_1_1218' title='bbox 1407 3041 1436 3069; x_wconf 91' lang='lat' dir='ltr'>in</span> <span class='ocrx_word' id='word_1_1219' title='bbox 1450 3039 1542 3070; x_wconf 91' lang='lat' dir='ltr'>domo</span> <span class='ocrx_word' id='word_1_1220' title='bbox 1555 3041 1626 3070; x_wconf 91' lang='lat' dir='ltr'>novi</span> <span class='ocrx_word' id='word_1_1221' title='bbox 1638 3039 1756 3077; x_wconf 86' lang='lat' dir='ltr'>Templi</span> <span class='ocrx_word' id='word_1_1222' title='bbox 1769 3039 1842 3076; x_wconf 86' lang='lat' dir='ltr'>apud</span> <span class='ocrx_word' id='word_1_1223' title='bbox 1858 3038 1994 3070; x_wconf 90' lang='lat' dir='ltr'>London.</span> 
     </span>
    </p>

    <p class='ocr_par' dir='ltr' id='par_1_82' title="bbox 1307 3076 2370 3388">
     <span class='ocr_line' id='line_1_186' title="bbox 1344 3076 2368 3115; baseline 0.002 -7"><span class='ocrx_word' id='word_1_1224' title='bbox 1344 3079 1457 3108; x_wconf 85' lang='lat' dir='ltr'>Licebit</span> <span class='ocrx_word' id='word_1_1225' title='bbox 1477 3086 1573 3108; x_wconf 87' lang='lat' dir='ltr'>autem</span> <span class='ocrx_word' id='word_1_1226' title='bbox 1594 3085 1720 3115; x_wconf 86' lang='lat' dir='ltr'>repetere</span> <span class='ocrx_word' id='word_1_1227' title='bbox 1738 3076 1905 3108; x_wconf 83' lang='lat' dir='ltr'>dot-alicium</span> <span class='ocrx_word' id='word_1_1228' title='bbox 1924 3078 2056 3109; x_wconf 86' lang='lat' dir='ltr'>nostrum</span> <span class='ocrx_word' id='word_1_1229' title='bbox 2076 3079 2112 3110; x_wconf 81' lang='lat' dir='ltr'>ab</span> <span class='ocrx_word' id='word_1_1230' title='bbox 2126 3079 2208 3110; x_wconf 89' lang='lat' dir='ltr'>omni</span> <span class='ocrx_word' id='word_1_1231' title='bbox 2221 3079 2368 3111; x_wconf 89' lang='lat' dir='ltr'>detentore</span> 
     </span>
     <span class='ocr_line' id='line_1_187' title="bbox 1307 3117 2368 3156; baseline 0 -8"><span class='ocrx_word' id='word_1_1232' title='bbox 1307 3126 1384 3148; x_wconf 75' lang='lat' dir='ltr'>extra</span> <span class='ocrx_word' id='word_1_1233' title='bbox 1405 3117 1542 3156; x_wconf 81' lang='lat' dir='ltr'>Regnum</span> <span class='ocrx_word' id='word_1_1234' title='bbox 1566 3117 1678 3155; x_wconf 75' lang='lat' dir='ltr'>Angliae</span> <span class='ocrx_word' id='word_1_1235' title='bbox 1691 3140 1701 3154; x_wconf 84' lang='lat'>,</span> <span class='ocrx_word' id='word_1_1236' title='bbox 1726 3124 1911 3154; x_wconf 66' lang='lat' dir='ltr'>praeterquam</span> <span class='ocrx_word' id='word_1_1237' title='bbox 1931 3118 1967 3147; x_wconf 88' lang='lat' dir='ltr'>ab</span> <span class='ocrx_word' id='word_1_1238' title='bbox 1986 3117 2060 3156; x_wconf 88' lang='lat' dir='ltr'>ipso,</span> <span class='ocrx_word' id='word_1_1239' title='bbox 2079 3118 2124 3149; x_wconf 88' lang='lat' dir='ltr'>vel</span> <span class='ocrx_word' id='word_1_1240' title='bbox 2139 3129 2154 3148; x_wconf 90' lang='lat' dir='ltr'>a</span> <span class='ocrx_word' id='word_1_1241' title='bbox 2166 3118 2368 3148; x_wconf 77' lang='lat' dir='ltr'>succefforibiis</span> 
     </span>
     <span class='ocr_line' id='line_1_188' title="bbox 1307 3155 2367 3195; baseline 0.001 -9"><span class='ocrx_word' id='word_1_1242' title='bbox 1307 3156 1375 3195; x_wconf 73' lang='lat' dir='ltr'>suis3</span> <span class='ocrx_word' id='word_1_1243' title='bbox 1395 3156 1429 3186; x_wconf 87' lang='lat'>&amp;</span> <span class='ocrx_word' id='word_1_1244' title='bbox 1442 3156 1513 3194; x_wconf 81' lang='lat' dir='ltr'>iple,</span> <span class='ocrx_word' id='word_1_1245' title='bbox 1533 3155 1569 3184; x_wconf 91' lang='lat' dir='ltr'>de</span> <span class='ocrx_word' id='word_1_1246' title='bbox 1582 3155 1657 3193; x_wconf 87' lang='lat' dir='ltr'>hoc,</span> <span class='ocrx_word' id='word_1_1247' title='bbox 1672 3164 1734 3184; x_wconf 89' lang='lat' dir='ltr'>non</span> <span class='ocrx_word' id='word_1_1248' title='bbox 1747 3155 1798 3184; x_wconf 91' lang='lat' dir='ltr'>erit</span> <span class='ocrx_word' id='word_1_1249' title='bbox 1811 3163 1912 3185; x_wconf 87' lang='lat' dir='ltr'>contra</span> <span class='ocrx_word' id='word_1_1250' title='bbox 1926 3166 1994 3194; x_wconf 85' lang='lat' dir='ltr'>nos,</span> <span class='ocrx_word' id='word_1_1251' title='bbox 2011 3157 2061 3186; x_wconf 82' lang='lat' dir='ltr'>nili</span> <span class='ocrx_word' id='word_1_1252' title='bbox 2077 3165 2202 3187; x_wconf 81' lang='lat' dir='ltr'>teneatur</span> <span class='ocrx_word' id='word_1_1253' title='bbox 2214 3156 2250 3186; x_wconf 91' lang='lat' dir='ltr'>de</span> <span class='ocrx_word' id='word_1_1254' title='bbox 2259 3157 2321 3194; x_wconf 87' lang='lat' dir='ltr'>jure</span> <span class='ocrx_word' id='word_1_1255' title='bbox 2333 3158 2367 3187; x_wconf 86' lang='lat' dir='ltr'>i&#39;l-</span> 
     </span>
     <span class='ocr_line' id='line_1_189' title="bbox 1308 3192 2368 3233; baseline 0.002 -9"><span class='ocrx_word' id='word_1_1256' title='bbox 1308 3195 1356 3225; x_wconf 89' lang='lat' dir='ltr'>lud</span> <span class='ocrx_word' id='word_1_1257' title='bbox 1376 3195 1572 3226; x_wconf 82' lang='lat' dir='ltr'>warrantizare</span> <span class='ocrx_word' id='word_1_1258' title='bbox 1586 3203 1592 3222; x_wconf 89' lang='lat'>:</span> <span class='ocrx_word' id='word_1_1259' title='bbox 1612 3192 1650 3223; x_wconf 85' lang='lat' dir='ltr'>Et</span> <span class='ocrx_word' id='word_1_1260' title='bbox 1665 3202 1759 3231; x_wconf 86' lang='lat' dir='ltr'>neque</span> <span class='ocrx_word' id='word_1_1261' title='bbox 1769 3192 1843 3231; x_wconf 85' lang='lat' dir='ltr'>ipse,</span> <span class='ocrx_word' id='word_1_1262' title='bbox 1860 3203 1955 3232; x_wconf 89' lang='lat' dir='ltr'>neque</span> <span class='ocrx_word' id='word_1_1263' title='bbox 1970 3194 2150 3226; x_wconf 82' lang='lat' dir='ltr'>Succeffores</span> <span class='ocrx_word' id='word_1_1264' title='bbox 2164 3196 2220 3233; x_wconf 87' lang='lat' dir='ltr'>ejus</span> <span class='ocrx_word' id='word_1_1265' title='bbox 2233 3203 2368 3232; x_wconf 85' lang='lat' dir='ltr'>poterunt</span> 
     </span>
     <span class='ocr_line' id='line_1_190' title="bbox 1307 3232 2368 3271; baseline 0.002 -8"><span class='ocrx_word' id='word_1_1266' title='bbox 1307 3243 1407 3271; x_wconf 89' lang='lat' dir='ltr'>capere</span> <span class='ocrx_word' id='word_1_1267' title='bbox 1427 3233 1456 3262; x_wconf 91' lang='lat' dir='ltr'>in</span> <span class='ocrx_word' id='word_1_1268' title='bbox 1478 3241 1596 3262; x_wconf 87' lang='lat' dir='ltr'>manum</span> <span class='ocrx_word' id='word_1_1269' title='bbox 1618 3232 1695 3262; x_wconf 90' lang='lat' dir='ltr'>suam</span> <span class='ocrx_word' id='word_1_1270' title='bbox 1717 3242 1759 3261; x_wconf 85' lang='lat' dir='ltr'>res</span> <span class='ocrx_word' id='word_1_1271' title='bbox 1781 3232 1801 3251; x_wconf 57' lang='lat'>*2</span> <span class='ocrx_word' id='word_1_1272' title='bbox 1824 3232 1880 3262; x_wconf 84' lang='lat' dir='ltr'>illas</span> <span class='ocrx_word' id='word_1_1273' title='bbox 1894 3257 1903 3270; x_wconf 87' lang='lat'>,</span> <span class='ocrx_word' id='word_1_1274' title='bbox 1929 3233 2008 3271; x_wconf 87' lang='lat' dir='ltr'>super</span> <span class='ocrx_word' id='word_1_1275' title='bbox 2030 3234 2131 3271; x_wconf 89' lang='lat' dir='ltr'>quibus</span> <span class='ocrx_word' id='word_1_1276' title='bbox 2151 3243 2203 3262; x_wconf 79' lang='lat' dir='ltr'>nos</span> <span class='ocrx_word' id='word_1_1277' title='bbox 2217 3233 2246 3262; x_wconf 87' lang='lat' dir='ltr'>in</span> <span class='ocrx_word' id='word_1_1278' title='bbox 2259 3234 2368 3265; x_wconf 85' lang='lat' dir='ltr'>causam</span> 
     </span>
     <span class='ocr_line' id='line_1_191' title="bbox 1308 3268 2368 3309; baseline 0.001 -7"><span class='ocrx_word' id='word_1_1279' title='bbox 1308 3273 1470 3303; x_wconf 79' lang='lat' dir='ltr'>traxerimus</span> <span class='ocrx_word' id='word_1_1280' title='bbox 1486 3271 1662 3309; x_wconf 68' lang='lat' dir='ltr'>detentores,</span> <span class='ocrx_word' id='word_1_1281' title='bbox 1681 3270 1842 3301; x_wconf 89' lang='lat' dir='ltr'>Poterimus</span> <span class='ocrx_word' id='word_1_1282' title='bbox 1855 3280 1950 3301; x_wconf 91' lang='lat' dir='ltr'>autem</span> <span class='ocrx_word' id='word_1_1283' title='bbox 1965 3268 2052 3301; x_wconf 83' lang='lat' dir='ltr'>finem</span> <span class='ocrx_word' id='word_1_1284' title='bbox 2067 3271 2174 3308; x_wconf 87' lang='lat' dir='ltr'>facere,</span> <span class='ocrx_word' id='word_1_1285' title='bbox 2192 3270 2225 3300; x_wconf 86' lang='lat' dir='ltr'>ad</span> <span class='ocrx_word' id='word_1_1286' title='bbox 2241 3271 2368 3303; x_wconf 87' lang='lat' dir='ltr'>nostram</span> 
     </span>
     <span class='ocr_line' id='line_1_192' title="bbox 1309 3308 2370 3348; baseline 0.003 -8"><span class='ocrx_word' id='word_1_1287' title='bbox 1309 3311 1501 3348; x_wconf 81' lang='lat' dir='ltr'>voluntatem,</span> <span class='ocrx_word' id='word_1_1288' title='bbox 1517 3318 1586 3339; x_wconf 89' lang='lat' dir='ltr'>curn</span> <span class='ocrx_word' id='word_1_1289' title='bbox 1605 3310 1709 3340; x_wconf 88' lang='lat' dir='ltr'>eisdem</span> <span class='ocrx_word' id='word_1_1290' title='bbox 1723 3309 1917 3339; x_wconf 71' lang='lat' dir='ltr'>detentoribus</span> <span class='ocrx_word' id='word_1_1291' title='bbox 1929 3334 1939 3348; x_wconf 88' lang='lat'>,</span> <span class='ocrx_word' id='word_1_1292' title='bbox 1961 3310 2036 3340; x_wconf 89' lang='lat' dir='ltr'>salvo</span> <span class='ocrx_word' id='word_1_1293' title='bbox 2058 3311 2083 3339; x_wconf 87' lang='lat' dir='ltr'>ei</span> <span class='ocrx_word' id='word_1_1294' title='bbox 2099 3310 2132 3340; x_wconf 85' lang='lat'>&amp;</span> <span class='ocrx_word' id='word_1_1295' title='bbox 2147 3308 2302 3341; x_wconf 67' lang='lat' dir='ltr'>haeredibus</span> <span class='ocrx_word' id='word_1_1296' title='bbox 2317 3311 2370 3343; x_wconf 74' lang='lat' dir='ltr'>suis</span> 
     </span>
     <span class='ocr_line' id='line_1_193' title="bbox 1309 3347 2095 3388; baseline 0 -9"><span class='ocrx_word' id='word_1_1297' title='bbox 1309 3348 1375 3388; x_wconf 87' lang='lat' dir='ltr'>post</span> <span class='ocrx_word' id='word_1_1298' title='bbox 1391 3347 1522 3378; x_wconf 89' lang='lat' dir='ltr'>nostrum</span> <span class='ocrx_word' id='word_1_1299' title='bbox 1535 3348 1650 3378; x_wconf 89' lang='lat' dir='ltr'>obitum</span> <span class='ocrx_word' id='word_1_1300' title='bbox 1659 3349 1721 3386; x_wconf 91' lang='lat' dir='ltr'>jure</span> <span class='ocrx_word' id='word_1_1301' title='bbox 1735 3349 1793 3378; x_wconf 90' lang='lat' dir='ltr'>suo.</span> <span class='ocrx_word' id='word_1_1302' title='bbox 2092 3376 2095 3379; x_wconf 93' lang='lat'><em>.</em></span> 
     </span>
    </p>

    <p class='ocr_par' dir='ltr' id='par_1_83' title="bbox 1309 3383 2371 3654">
     <span class='ocr_line' id='line_1_194' title="bbox 1347 3383 2368 3425; baseline 0.002 -8"><span class='ocrx_word' id='word_1_1303' title='bbox 1347 3385 1497 3417; x_wconf 84' lang='lat' dir='ltr'>Concessit</span> <span class='ocrx_word' id='word_1_1304' title='bbox 1510 3387 1596 3417; x_wconf 85' lang='lat' dir='ltr'>etiam</span> <span class='ocrx_word' id='word_1_1305' title='bbox 1609 3387 1664 3425; x_wconf 87' lang='lat' dir='ltr'>ipse</span> <span class='ocrx_word' id='word_1_1306' title='bbox 1677 3387 1743 3416; x_wconf 80' lang='lat' dir='ltr'>Rex</span> <span class='ocrx_word' id='word_1_1307' title='bbox 1757 3385 1834 3424; x_wconf 89' lang='lat' dir='ltr'>quod</span> <span class='ocrx_word' id='word_1_1308' title='bbox 1844 3410 1853 3423; x_wconf 77' lang='lat'><strong>‚</strong></span> <span class='ocrx_word' id='word_1_1309' title='bbox 1869 3385 1927 3416; x_wconf 70' lang='lat' dir='ltr'>tam</span> <span class='ocrx_word' id='word_1_1310' title='bbox 1942 3393 2008 3423; x_wconf 76' lang='grc' dir='ltr'>ηοε,</span> <span class='ocrx_word' id='word_1_1311' title='bbox 2029 3385 2115 3422; x_wconf 69' lang='lat' dir='ltr'>quam</span> <span class='ocrx_word' id='word_1_1312' title='bbox 2132 3383 2264 3416; x_wconf 86' lang='lat' dir='ltr'>homines</span> <span class='ocrx_word' id='word_1_1313' title='bbox 2278 3383 2314 3418; x_wconf 90' lang='lat' dir='ltr'>de</span> <span class='ocrx_word' id='word_1_1314' title='bbox 2329 3385 2368 3419; x_wconf 71' lang='lat' dir='ltr'>fa-</span> 
     </span>
     <span class='ocr_line' id='line_1_195' title="bbox 1310 3424 2369 3465; baseline -0.005 -9"><span class='ocrx_word' id='word_1_1315' title='bbox 1310 3425 1386 3456; x_wconf 73' lang='lat' dir='ltr'>milia</span> <span class='ocrx_word' id='word_1_1316' title='bbox 1406 3424 1503 3456; x_wconf 62' lang='lat' dir='ltr'>nostrai</span> <span class='ocrx_word' id='word_1_1317' title='bbox 1515 3448 1525 3463; x_wconf 90' lang='lat'>,</span> <span class='ocrx_word' id='word_1_1318' title='bbox 1548 3426 1670 3456; x_wconf 89' lang='lat' dir='ltr'>liberum</span> <span class='ocrx_word' id='word_1_1319' title='bbox 1690 3425 1840 3455; x_wconf 75' lang='lat' dir='ltr'>habeamus</span> <span class='ocrx_word' id='word_1_1320' title='bbox 1861 3426 1942 3453; x_wconf 83' lang='lat' dir='ltr'>omni</span> <span class='ocrx_word' id='word_1_1321' title='bbox 1958 3432 2088 3465; x_wconf 78' lang='lat' dir='ltr'>tempore</span> <span class='ocrx_word' id='word_1_1322' title='bbox 2105 3424 2252 3455; x_wconf 88' lang='lat' dir='ltr'>introitum</span> <span class='ocrx_word' id='word_1_1323' title='bbox 2266 3425 2296 3455; x_wconf 90' lang='lat' dir='ltr'>in</span> <span class='ocrx_word' id='word_1_1324' title='bbox 2313 3435 2369 3457; x_wconf 71' lang='lat' dir='ltr'>ter-</span> 
     </span>
     <span class='ocr_line' id='line_1_196' title="bbox 1309 3462 2368 3501; baseline 0.002 -7"><span class='ocrx_word' id='word_1_1325' title='bbox 1309 3474 1369 3494; x_wconf 85' lang='lat' dir='ltr'>ram</span> <span class='ocrx_word' id='word_1_1326' title='bbox 1386 3463 1462 3494; x_wconf 86' lang='lat' dir='ltr'>suam</span> <span class='ocrx_word' id='word_1_1327' title='bbox 1477 3488 1487 3501; x_wconf 87' lang='lat'>,</span> <span class='ocrx_word' id='word_1_1328' title='bbox 1519 3465 1552 3494; x_wconf 70' lang='grc' dir='ltr'>ὃς</span> <span class='ocrx_word' id='word_1_1329' title='bbox 1573 3465 1679 3494; x_wconf 74' lang='lat' dir='ltr'>exitum</span> <span class='ocrx_word' id='word_1_1330' title='bbox 1707 3465 1742 3493; x_wconf 80' lang='lat' dir='ltr'>ab</span> <span class='ocrx_word' id='word_1_1331' title='bbox 1766 3462 1863 3493; x_wconf 84' lang='lat' dir='ltr'>eadem</span> <span class='ocrx_word' id='word_1_1332' title='bbox 1878 3486 1886 3499; x_wconf 83' lang='lat'>,</span> <span class='ocrx_word' id='word_1_1333' title='bbox 1912 3462 2101 3499; x_wconf 82' lang='lat' dir='ltr'>poliimulque</span> <span class='ocrx_word' id='word_1_1334' title='bbox 2128 3462 2235 3494; x_wconf 88' lang='lat' dir='ltr'>ibidem</span> <span class='ocrx_word' id='word_1_1335' title='bbox 2263 3467 2368 3495; x_wconf 86' lang='lat' dir='ltr'>morari</span> 
     </span>
     <span class='ocr_line' id='line_1_197' title="bbox 1310 3500 2370 3541; baseline 0.002 -9"><span class='ocrx_word' id='word_1_1336' title='bbox 1310 3502 1445 3541; x_wconf 90' lang='lat' dir='ltr'>quamdiu</span> <span class='ocrx_word' id='word_1_1337' title='bbox 1460 3502 1648 3541; x_wconf 69' lang='lat' dir='ltr'>voluerimus,</span> <span class='ocrx_word' id='word_1_1338' title='bbox 1667 3504 1699 3533; x_wconf 55' lang='grc' dir='ltr'><em>ἃ</em></span> <span class='ocrx_word' id='word_1_1339' title='bbox 1714 3503 1772 3532; x_wconf 71' lang='lat' dir='ltr'>tam</span> <span class='ocrx_word' id='word_1_1340' title='bbox 1786 3510 1854 3537; x_wconf 79' lang='lat' dir='ltr'>nOS,</span> <span class='ocrx_word' id='word_1_1341' title='bbox 1874 3500 1959 3537; x_wconf 65' lang='lat' dir='ltr'>quam</span> <span class='ocrx_word' id='word_1_1342' title='bbox 1973 3510 2074 3529; x_wconf 81' lang='lat' dir='ltr'>omnes</span> <span class='ocrx_word' id='word_1_1343' title='bbox 2087 3511 2129 3530; x_wconf 89' lang='lat' dir='ltr'>res</span> <span class='ocrx_word' id='word_1_1344' title='bbox 2150 3501 2257 3532; x_wconf 82' lang='lat' dir='ltr'>nostras</span> <span class='ocrx_word' id='word_1_1345' title='bbox 2280 3504 2309 3533; x_wconf 89' lang='lat' dir='ltr'>iii</span> <span class='ocrx_word' id='word_1_1346' title='bbox 2321 3504 2370 3534; x_wconf 55' lang='lat' dir='ltr'>sal*</span> 
     </span>
     <span class='ocr_line' id='line_1_198' title="bbox 1310 3538 2371 3580; baseline 0.001 -9"><span class='ocrx_word' id='word_1_1347' title='bbox 1310 3551 1380 3572; x_wconf 88' lang='lat' dir='ltr'>vum</span> <span class='ocrx_word' id='word_1_1348' title='bbox 1396 3540 1575 3572; x_wconf 49' lang='lat' dir='ltr'>conductum</span> <span class='ocrx_word' id='word_1_1349' title='bbox 1595 3541 1675 3571; x_wconf 86' lang='lat' dir='ltr'>suum</span> <span class='ocrx_word' id='word_1_1350' title='bbox 1695 3541 1800 3577; x_wconf 82' lang='lat' dir='ltr'>recepit</span> <span class='ocrx_word' id='word_1_1351' title='bbox 1818 3540 1851 3568; x_wconf 89' lang='lat'>&amp;</span> <span class='ocrx_word' id='word_1_1352' title='bbox 1874 3539 1950 3567; x_wconf 79' lang='lat' dir='ltr'>suam</span> <span class='ocrx_word' id='word_1_1353' title='bbox 1971 3538 2145 3569; x_wconf 87' lang='lat' dir='ltr'>securitatem</span> <span class='ocrx_word' id='word_1_1354' title='bbox 2167 3540 2196 3569; x_wconf 93' lang='lat' dir='ltr'>in</span> <span class='ocrx_word' id='word_1_1355' title='bbox 2211 3542 2371 3580; x_wconf 88' lang='lat' dir='ltr'>veniendo,</span> 
     </span>
     <span class='ocr_line' id='line_1_199' title="bbox 1311 3576 2371 3618; baseline 0.002 -9"><span class='ocrx_word' id='word_1_1356' title='bbox 1311 3579 1470 3618; x_wconf 81' lang='lat' dir='ltr'>morando,</span> <span class='ocrx_word' id='word_1_1357' title='bbox 1489 3579 1652 3616; x_wconf 72' lang='lat' dir='ltr'>redeundo,</span> <span class='ocrx_word' id='word_1_1358' title='bbox 1671 3577 1795 3615; x_wconf 75' lang='lat' dir='ltr'>praestito</span> <span class='ocrx_word' id='word_1_1359' title='bbox 1814 3576 1998 3607; x_wconf 83' lang='lat' dir='ltr'>Sacramento</span> <span class='ocrx_word' id='word_1_1360' title='bbox 2019 3576 2099 3614; x_wconf 69' lang='lat' dir='ltr'>quod</span> <span class='ocrx_word' id='word_1_1361' title='bbox 2113 3601 2122 3615; x_wconf 88' lang='lat'>,</span> <span class='ocrx_word' id='word_1_1362' title='bbox 2150 3588 2200 3616; x_wconf 87' lang='lat' dir='ltr'>per</span> <span class='ocrx_word' id='word_1_1363' title='bbox 2222 3589 2292 3618; x_wconf 87' lang='lat' dir='ltr'>nos,</span> <span class='ocrx_word' id='word_1_1364' title='bbox 2311 3591 2371 3611; x_wconf 81' lang='lat' dir='ltr'>nia-</span> 
     </span>
     <span class='ocr_line' id='line_1_200' title="bbox 1311 3615 1852 3654; baseline -0.009 -6"><span class='ocrx_word' id='word_1_1365' title='bbox 1311 3618 1371 3648; x_wconf 89' lang='lat' dir='ltr'>lum</span> <span class='ocrx_word' id='word_1_1366' title='bbox 1384 3618 1434 3648; x_wconf 84' lang='lat' dir='ltr'>fibi</span> <span class='ocrx_word' id='word_1_1367' title='bbox 1449 3629 1509 3648; x_wconf 90' lang='lat' dir='ltr'>non</span> <span class='ocrx_word' id='word_1_1368' title='bbox 1524 3619 1652 3654; x_wconf 87' lang='lat' dir='ltr'>eveniet,</span> <span class='ocrx_word' id='word_1_1369' title='bbox 1670 3626 1723 3646; x_wconf 86' lang='lat' dir='ltr'>nec</span> <span class='ocrx_word' id='word_1_1370' title='bbox 1738 3615 1852 3654; x_wconf 81' lang='lat' dir='ltr'>Regno.</span> 
     </span>
    </p>

    <p class='ocr_par' dir='ltr' id='par_1_84' title="bbox 1310 3650 2370 3807">
     <span class='ocr_line' id='line_1_201' title="bbox 1350 3650 2370 3692; baseline 0.001 -6"><span class='ocrx_word' id='word_1_1371' title='bbox 1350 3655 1499 3687; x_wconf 81' lang='lat' dir='ltr'>Concessit</span> <span class='ocrx_word' id='word_1_1372' title='bbox 1521 3658 1604 3685; x_wconf 79' lang='lat' dir='ltr'>etiam</span> <span class='ocrx_word' id='word_1_1373' title='bbox 1626 3654 1702 3692; x_wconf 90' lang='lat' dir='ltr'>quod</span> <span class='ocrx_word' id='word_1_1374' title='bbox 1727 3655 1755 3683; x_wconf 90' lang='lat' dir='ltr'>in</span> <span class='ocrx_word' id='word_1_1375' title='bbox 1777 3653 1912 3683; x_wconf 84' lang='lat' dir='ltr'>omnibus</span> <span class='ocrx_word' id='word_1_1376' title='bbox 1974 3650 2070 3684; x_wconf 84' lang='lat' dir='ltr'>rtubus</span> <span class='ocrx_word' id='word_1_1377' title='bbox 2091 3655 2173 3684; x_wconf 85' lang='lat' dir='ltr'>maris</span> <span class='ocrx_word' id='word_1_1378' title='bbox 2186 3653 2307 3686; x_wconf 86' lang='lat' dir='ltr'>liberum</span> <span class='ocrx_word' id='word_1_1379' title='bbox 2323 3656 2370 3687; x_wconf 56' lang='grc' dir='ltr'>ᾔει</span> 
     </span>
     <span class='ocr_line' id='line_1_202' title="bbox 1311 3691 2370 3734; baseline 0.001 -10"><span class='ocrx_word' id='word_1_1380' title='bbox 1311 3695 1427 3725; x_wconf 87' lang='lat' dir='ltr'>beamus</span> <span class='ocrx_word' id='word_1_1381' title='bbox 1440 3694 1582 3725; x_wconf 83' lang='lat' dir='ltr'>transitum</span> <span class='ocrx_word' id='word_1_1382' title='bbox 1597 3717 1606 3730; x_wconf 92' lang='lat'>,</span> <span class='ocrx_word' id='word_1_1383' title='bbox 1631 3691 1870 3734; x_wconf 79' lang='lat' dir='ltr'>quandocumque</span> <span class='ocrx_word' id='word_1_1384' title='bbox 1891 3702 1930 3721; x_wconf 92' lang='lat' dir='ltr'>vo</span> <span class='ocrx_word' id='word_1_1385' title='bbox 1943 3693 2079 3730; x_wconf 72' lang='lat' dir='ltr'>uerimus,</span> <span class='ocrx_word' id='word_1_1386' title='bbox 2097 3693 2278 3730; x_wconf 85' lang='lat' dir='ltr'>prohibendo</span> <span class='ocrx_word' id='word_1_1387' title='bbox 2293 3695 2370 3733; x_wconf 88' lang='lat' dir='ltr'>quod</span> 
     </span>
     <span class='ocr_line' id='line_1_203' title="bbox 1310 3730 2369 3769; baseline 0 -6"><span class='ocrx_word' id='word_1_1388' title='bbox 1310 3734 1402 3763; x_wconf 87' lang='lat' dir='ltr'>nullus</span> <span class='ocrx_word' id='word_1_1389' title='bbox 1414 3733 1582 3769; x_wconf 84' lang='lat' dir='ltr'>hominum,</span> <span class='ocrx_word' id='word_1_1390' title='bbox 1601 3732 1646 3760; x_wconf 89' lang='lat' dir='ltr'>vel</span> <span class='ocrx_word' id='word_1_1391' title='bbox 1662 3730 1833 3761; x_wconf 83' lang='lat' dir='ltr'>ballivorum</span> <span class='ocrx_word' id='word_1_1392' title='bbox 1852 3734 1966 3760; x_wconf 83' lang='lat' dir='ltr'>luorum</span> <span class='ocrx_word' id='word_1_1393' title='bbox 1986 3740 2055 3769; x_wconf 71' lang='lat'>1108,</span> <span class='ocrx_word' id='word_1_1394' title='bbox 2074 3732 2119 3762; x_wconf 90' lang='lat' dir='ltr'>vel</span> <span class='ocrx_word' id='word_1_1395' title='bbox 2134 3732 2265 3763; x_wconf 84' lang='lat' dir='ltr'>homines</span> <span class='ocrx_word' id='word_1_1396' title='bbox 2279 3733 2314 3763; x_wconf 77' lang='lat' dir='ltr'>de</span> <span class='ocrx_word' id='word_1_1397' title='bbox 2330 3734 2369 3763; x_wconf 49' lang='lat' dir='ltr'>fa*</span> 
     </span>
     <span class='ocr_line' id='line_1_204' title="bbox 1314 3767 2276 3807; baseline -0.001 -5"><span class='ocrx_word' id='word_1_1398' title='bbox 1314 3772 1390 3802; x_wconf 91' lang='lat' dir='ltr'>milia</span> <span class='ocrx_word' id='word_1_1399' title='bbox 1405 3770 1500 3801; x_wconf 74' lang='lat' dir='ltr'>nostra</span> <span class='ocrx_word' id='word_1_1400' title='bbox 1512 3767 1660 3806; x_wconf 81' lang='lat' dir='ltr'>impediat,</span> <span class='ocrx_word' id='word_1_1401' title='bbox 1679 3769 1725 3799; x_wconf 90' lang='lat' dir='ltr'>vel</span> <span class='ocrx_word' id='word_1_1402' title='bbox 1737 3768 1968 3798; x_wconf 88' lang='lat' dir='ltr'>consuetudinem</span> <span class='ocrx_word' id='word_1_1403' title='bbox 1984 3770 2098 3807; x_wconf 85' lang='lat' dir='ltr'>recipiat</span> <span class='ocrx_word' id='word_1_1404' title='bbox 2112 3771 2148 3800; x_wconf 89' lang='lat' dir='ltr'>ab</span> <span class='ocrx_word' id='word_1_1405' title='bbox 2163 3771 2276 3801; x_wconf 89' lang='lat' dir='ltr'>eisdem.</span> 
     </span>
    </p>

    <p class='ocr_par' dir='ltr' id='par_1_85' title="bbox 1312 3806 2373 4070">
     <span class='ocr_line' id='line_1_205' title="bbox 1349 3806 2372 3846; baseline -0.001 -6"><span class='ocrx_word' id='word_1_1406' title='bbox 1349 3808 1602 3846; x_wconf 76' lang='lat' dir='ltr'>Compofirionem</span> <span class='ocrx_word' id='word_1_1407' title='bbox 1622 3816 1717 3838; x_wconf 88' lang='lat' dir='ltr'>autem</span> <span class='ocrx_word' id='word_1_1408' title='bbox 1736 3806 1804 3837; x_wconf 90' lang='lat' dir='ltr'>fecit</span> <span class='ocrx_word' id='word_1_1409' title='bbox 1824 3807 1883 3836; x_wconf 72' lang='lat' dir='ltr'>tam</span> <span class='ocrx_word' id='word_1_1410' title='bbox 1904 3816 1958 3844; x_wconf 88' lang='lat' dir='ltr'>pro</span> <span class='ocrx_word' id='word_1_1411' title='bbox 1979 3807 2006 3837; x_wconf 89' lang='lat' dir='ltr'>se</span> <span class='ocrx_word' id='word_1_1412' title='bbox 2021 3830 2030 3846; x_wconf 85' lang='lat'>,</span> <span class='ocrx_word' id='word_1_1413' title='bbox 2049 3818 2135 3846; x_wconf 83' lang='lat' dir='ltr'>quarn</span> <span class='ocrx_word' id='word_1_1414' title='bbox 2148 3819 2201 3846; x_wconf 89' lang='lat' dir='ltr'>pro</span> <span class='ocrx_word' id='word_1_1415' title='bbox 2215 3807 2372 3839; x_wconf 66' lang='lat' dir='ltr'>haeredibtis</span> 
     </span>
     <span class='ocr_line' id='line_1_206' title="bbox 1313 3844 2370 3886; baseline -0.001 -7"><span class='ocrx_word' id='word_1_1416' title='bbox 1313 3849 1380 3886; x_wconf 84' lang='lat' dir='ltr'>suis,</span> <span class='ocrx_word' id='word_1_1417' title='bbox 1401 3846 1545 3877; x_wconf 83' lang='lat' dir='ltr'>statuendo</span> <span class='ocrx_word' id='word_1_1418' title='bbox 1560 3845 1656 3884; x_wconf 86' lang='lat' dir='ltr'>quod,</span> <span class='ocrx_word' id='word_1_1419' title='bbox 1675 3845 1694 3875; x_wconf 91' lang='lat' dir='ltr'>si</span> <span class='ocrx_word' id='word_1_1420' title='bbox 1708 3845 1799 3883; x_wconf 83' lang='lat' dir='ltr'>forte,</span> <span class='ocrx_word' id='word_1_1421' title='bbox 1818 3844 1895 3883; x_wconf 89' lang='lat' dir='ltr'>quod</span> <span class='ocrx_word' id='word_1_1422' title='bbox 1910 3845 1996 3885; x_wconf 86' lang='lat' dir='ltr'>abiit,</span> <span class='ocrx_word' id='word_1_1423' title='bbox 2010 3847 2066 3885; x_wconf 88' lang='lat' dir='ltr'>ipse</span> <span class='ocrx_word' id='word_1_1424' title='bbox 2080 3847 2126 3878; x_wconf 93' lang='lat' dir='ltr'>vel</span> <span class='ocrx_word' id='word_1_1425' title='bbox 2140 3848 2237 3886; x_wconf 88' lang='lat' dir='ltr'>aliquis</span> <span class='ocrx_word' id='word_1_1426' title='bbox 2252 3848 2370 3878; x_wconf 81' lang='lat' dir='ltr'>Succes-</span> 
     </span>
     <span class='ocr_line' id='line_1_207' title="bbox 1312 3884 2370 3925; baseline -0.002 -8"><span class='ocrx_word' id='word_1_1427' title='bbox 1312 3887 1407 3917; x_wconf 89' lang='lat' dir='ltr'>sorum</span> <span class='ocrx_word' id='word_1_1428' title='bbox 1429 3886 1484 3923; x_wconf 86' lang='lat' dir='ltr'>ejus</span> <span class='ocrx_word' id='word_1_1429' title='bbox 1505 3884 1592 3925; x_wconf 88' lang='lat' dir='ltr'>ipsam</span> <span class='ocrx_word' id='word_1_1430' title='bbox 1616 3885 1856 3922; x_wconf 87' lang='lat' dir='ltr'>compositionem</span> <span class='ocrx_word' id='word_1_1431' title='bbox 1877 3884 2041 3924; x_wconf 85' lang='lat' dir='ltr'>infringeret</span> <span class='ocrx_word' id='word_1_1432' title='bbox 2054 3910 2063 3924; x_wconf 91' lang='lat'>,</span> <span class='ocrx_word' id='word_1_1433' title='bbox 2098 3886 2177 3925; x_wconf 86' lang='lat' dir='ltr'>quod</span> <span class='ocrx_word' id='word_1_1434' title='bbox 2199 3886 2290 3915; x_wconf 81' lang='lat' dir='ltr'>facere</span> <span class='ocrx_word' id='word_1_1435' title='bbox 2311 3896 2370 3916; x_wconf 82' lang='lat' dir='ltr'>non</span> 
     </span>
     <span class='ocr_line' id='line_1_208' title="bbox 1314 3921 2368 3963; baseline -0.002 -9"><span class='ocrx_word' id='word_1_1436' title='bbox 1314 3924 1430 3963; x_wconf 84' lang='lat' dir='ltr'>possiint</span> <span class='ocrx_word' id='word_1_1437' title='bbox 1443 3924 1512 3953; x_wconf 83' lang='lat' dir='ltr'>salva</span> <span class='ocrx_word' id='word_1_1438' title='bbox 1526 3921 1596 3960; x_wconf 82' lang='lat' dir='ltr'>fide,</span> <span class='ocrx_word' id='word_1_1439' title='bbox 1613 3924 1647 3953; x_wconf 86' lang='lat'>&amp;</span> <span class='ocrx_word' id='word_1_1440' title='bbox 1661 3924 1732 3953; x_wconf 89' lang='lat' dir='ltr'>infra</span> <span class='ocrx_word' id='word_1_1441' title='bbox 1747 3923 1844 3953; x_wconf 70' lang='lat' dir='ltr'>vieinri</span> <span class='ocrx_word' id='word_1_1442' title='bbox 1857 3921 1914 3953; x_wconf 88' lang='lat' dir='ltr'>dies</span> <span class='ocrx_word' id='word_1_1443' title='bbox 1925 3924 2195 3963; x_wconf 86' lang='lat' dir='ltr'>commoiiiti,ipse‚</span> <span class='ocrx_word' id='word_1_1444' title='bbox 2213 3924 2258 3954; x_wconf 83' lang='lat' dir='ltr'>vei</span> <span class='ocrx_word' id='word_1_1445' title='bbox 2269 3924 2368 3961; x_wconf 79' lang='lat' dir='ltr'>Justic.</span> 
     </span>
     <span class='ocr_line' id='line_1_209' title="bbox 1314 3947 2373 4003; baseline -0.003 -10"><span class='ocrx_word' id='word_1_1446' title='bbox 1314 3964 1388 4000; x_wconf 68' lang='lat' dir='ltr'>eim,</span> <span class='ocrx_word' id='word_1_1447' title='bbox 1406 3962 1425 3991; x_wconf 89' lang='lat' dir='ltr'>si</span> <span class='ocrx_word' id='word_1_1448' title='bbox 1444 3961 1499 3998; x_wconf 87' lang='lat' dir='ltr'>ipse</span> <span class='ocrx_word' id='word_1_1449' title='bbox 1518 3969 1594 3991; x_wconf 82' lang='lat' dir='ltr'>exrra</span> <span class='ocrx_word' id='word_1_1450' title='bbox 1615 3961 1752 4001; x_wconf 84' lang='lat' dir='ltr'>Regnum</span> <span class='ocrx_word' id='word_1_1451' title='bbox 1775 3947 1858 3991; x_wconf 70' lang='lat' dir='ltr'>&#39;f&#39;uerit</span> <span class='ocrx_word' id='word_1_1452' title='bbox 1906 3961 1934 3991; x_wconf 88' lang='lat' dir='ltr'>id</span> <span class='ocrx_word' id='word_1_1453' title='bbox 1955 3972 2016 3993; x_wconf 90' lang='lat' dir='ltr'>non</span> <span class='ocrx_word' id='word_1_1454' title='bbox 2029 3962 2256 4000; x_wconf 85' lang='lat' dir='ltr'>emendaverint,</span> <span class='ocrx_word' id='word_1_1455' title='bbox 2272 3962 2373 4003; x_wconf 71' lang='lat' dir='ltr'>dotali-</span> 
     </span>
     <span class='ocr_line' id='line_1_210' title="bbox 1314 3985 2373 4040; baseline -0.002 -8"><span class='ocrx_word' id='word_1_1456' title='bbox 1314 4003 1386 4032; x_wconf 85' lang='lat' dir='ltr'>tium</span> <span class='ocrx_word' id='word_1_1457' title='bbox 1407 3999 1537 4030; x_wconf 90' lang='lat' dir='ltr'>nostrum</span> <span class='ocrx_word' id='word_1_1458' title='bbox 1561 4000 1669 4040; x_wconf 87' lang='lat' dir='ltr'>integre</span> <span class='ocrx_word' id='word_1_1459' title='bbox 1690 4008 1814 4031; x_wconf 77' lang='lat' dir='ltr'>teneatur</span> <span class='ocrx_word' id='word_1_1460' title='bbox 1827 3985 1971 4032; x_wconf 75' lang='lat' dir='ltr'>retiitiiere</span> <span class='ocrx_word' id='word_1_1461' title='bbox 1982 4002 2082 4040; x_wconf 86' lang='lat' dir='ltr'>nobis,</span> <span class='ocrx_word' id='word_1_1462' title='bbox 2099 4002 2181 4031; x_wconf 88' lang='lat' dir='ltr'>omni</span> <span class='ocrx_word' id='word_1_1463' title='bbox 2193 4000 2326 4031; x_wconf 81' lang='lat' dir='ltr'>dilatione</span> <span class='ocrx_word' id='word_1_1464' title='bbox 2340 4003 2373 4030; x_wconf 65' lang='lat' dir='ltr'>&amp;a</span> 
     </span>
     <span class='ocr_line' id='line_1_211' title="bbox 1315 4038 1598 4070; baseline -0.007 0"><span class='ocrx_word' id='word_1_1465' title='bbox 1315 4038 1465 4070; x_wconf 86' lang='lat' dir='ltr'>occasione</span> <span class='ocrx_word' id='word_1_1466' title='bbox 1478 4038 1598 4069; x_wconf 70' lang='lat' dir='ltr'>remota.</span> 
     </span>
    </p>

    <p class='ocr_par' dir='ltr' id='par_1_86' title="bbox 1354 4071 2377 4116">
     <span class='ocr_line' id='line_1_212' title="bbox 1354 4071 2377 4116; baseline -0.003 -10"><span class='ocrx_word' id='word_1_1467' title='bbox 1354 4077 1491 4106; x_wconf 84' lang='lat' dir='ltr'>Praeterea</span> <span class='ocrx_word' id='word_1_1468' title='bbox 1507 4076 1575 4107; x_wconf 84' lang='lat' dir='ltr'>fecit</span> <span class='ocrx_word' id='word_1_1469' title='bbox 1586 4078 1680 4116; x_wconf 84' lang='lat' dir='ltr'>jurare</span> <span class='ocrx_word' id='word_1_1470' title='bbox 1693 4076 1723 4107; x_wconf 89' lang='lat' dir='ltr'>in</span> <span class='ocrx_word' id='word_1_1471' title='bbox 1742 4076 1868 4107; x_wconf 87' lang='lat' dir='ltr'>animam</span> <span class='ocrx_word' id='word_1_1472' title='bbox 1887 4075 1963 4108; x_wconf 87' lang='lat' dir='ltr'>suam</span> <span class='ocrx_word' id='word_1_1473' title='bbox 1978 4074 2139 4108; x_wconf 84' lang='lat' dir='ltr'>Galfridurn</span> <span class='ocrx_word' id='word_1_1474' title='bbox 2156 4075 2279 4107; x_wconf 81' lang='lat' dir='ltr'>Luterell</span> <span class='ocrx_word' id='word_1_1475' title='bbox 2296 4071 2377 4105; x_wconf 54' lang='lat' dir='ltr'>Milia</span> 
     </span>
    </p>
   </div>
   <div class='ocr_carea' id='block_1_68' title="bbox 1315 4113 2381 4191">
    <p class='ocr_par' dir='ltr' id='par_1_87' title="bbox 1315 4113 2381 4191">
     <span class='ocr_line' id='line_1_213' title="bbox 1315 4113 2381 4191; baseline -0.004 -44"><span class='ocrx_word' id='word_1_1476' title='bbox 1315 4123 1378 4147; x_wconf 87' lang='lat' dir='ltr'>tem</span> <span class='ocrx_word' id='word_1_1477' title='bbox 1391 4114 1472 4146; x_wconf 88' lang='lat' dir='ltr'>suurn</span> <span class='ocrx_word' id='word_1_1478' title='bbox 1479 4136 1489 4153; x_wconf 85' lang='lat'>,</span> <span class='ocrx_word' id='word_1_1479' title='bbox 1508 4114 1587 4153; x_wconf 85' lang='lat' dir='ltr'>quod</span> <span class='ocrx_word' id='word_1_1480' title='bbox 1604 4116 1720 4153; x_wconf 86' lang='lat' dir='ltr'>onmia,</span> <span class='ocrx_word' id='word_1_1481' title='bbox 1738 4125 1802 4153; x_wconf 84' lang='lat' dir='ltr'>quae</span> <span class='ocrx_word' id='word_1_1482' title='bbox 1823 4116 1854 4184; x_wconf 60' lang='grc' dir='ltr'>ι’ἰι</span> <span class='ocrx_word' id='word_1_1483' title='bbox 1866 4114 1958 4191; x_wconf 64' lang='lat' dir='ltr'>3Cart⁴2</span> <span class='ocrx_word' id='word_1_1484' title='bbox 1971 4115 2017 4146; x_wconf 69' lang='lat' dir='ltr'>illa</span> <span class='ocrx_word' id='word_1_1485' title='bbox 2029 4115 2228 4153; x_wconf 80' lang='lat' dir='ltr'>continentur,</span> <span class='ocrx_word' id='word_1_1486' title='bbox 2245 4113 2381 4180; x_wconf 51' lang='lat' dir='ltr'>observgig2</span> 
     </span>
    </p>
   </div>
   <div class='ocr_carea' id='block_1_69' title="bbox 2388 3237 2516 3271">
    <p class='ocr_par' dir='ltr' id='par_1_88' title="bbox 2388 3237 2516 3271">
     <span class='ocr_line' id='line_1_214' title="bbox 2388 3237 2516 3271; baseline -0.023 -7"><span class='ocrx_word' id='word_1_1487' title='bbox 2388 3237 2402 3253; x_wconf 70' lang='lat'>⁸*</span> <span class='ocrx_word' id='word_1_1488' title='bbox 2419 3237 2516 3271; x_wconf 62' lang='lat' dir='ltr'>may.</span> 
     </span>
    </p>
   </div>
  </div>
 </body>
</html>
