2570 4261
747 174 862 218 ET
944 176 1216 218 ACTA

30 256 110 289 Ann.
125 251 168 284 D·
186 258 324 299 Regnum
343 260 453 292 dudum
473 259 565 292 fuisset
587 260 729 292 turbatum
743 285 752 300 ‚
791 261 840 292 nisi
860 261 1006 294 Dominus
1029 263 1096 294 Rex
1117 263 1245 295 Franciae

52 296 136 327 1260·
186 300 328 330 tramitum
342 300 464 338 ipsorum
477 301 664 338 prohibuisset
675 300 709 330 ad
724 299 881 330 instantiam
894 300 1034 331 nostram:

32 341 96 365 Hm·
118 342 143 370 3·
223 338 261 368 Et
273 340 350 378 quod
365 339 457 368 fratres
469 339 557 368 nostri
571 339 606 369 de
620 339 759 376 Pffilavia,
776 340 831 369 una
843 348 910 370 cum
926 339 1106 371 Vicecomite
1121 340 1243 370 Lemov.

185 376 312 416 dudum,
331 378 400 407 sicut
414 376 587 415 audivimus,
613 385 776 415 paraverunt
789 377 816 407 se
829 378 863 407 ad
876 379 1048 409 veniendum
1062 381 1091 409 in
1107 379 1245 419 Regnum

182 415 328 454 nostrum,
346 424 414 445 cum
435 416 512 451 equis
532 415 566 445 &
589 417 687 453 armis,
705 422 805 446 contra
825 415 998 447 voluntatem
1020 417 1147 448 nostram
1162 440 1171 455 ‚
1195 426 1244 457 per

184 463 283 495 portus
297 453 403 484 vestros
418 453 447 481 in
460 452 609 483 Comitatu
624 453 790 484 Cornubiae.

227 492 280 530 Et,
306 492 370 530 quia
392 490 468 520 idem
490 491 599 521 Comes
616 493 745 523 vendicat
766 493 816 522 fibi
829 494 872 532 jus
892 493 920 522 in
942 493 1078 530 praedieto
1099 494 1245 525 Comitatu

186 530 363 568 Cornubiae‚
379 529 412 559 &
427 538 461 559 ex
476 529 634 568 hujusmodi
648 532 769 561 adventu
781 531 830 561 suo
844 532 877 561 &
893 531 1178 570 praedietorum‚t‘am
1192 542 1246 562 vo-

187 569 230 599 bis
269 567 475 612 quamnobis,
501 578 616 598 necnon
635 570 669 599 &
691 569 797 609 Regno
816 568 931 608 nostro,
958 570 1010 600 hiis
1030 570 1145 610 diebus,
1163 580 1247 609 grave

185 591 351 638 turbationis
365 607 519 644 periculum
534 606 622 644 poffet
635 608 802 646 imminere,

223 644 294 675 Nos
307 653 436 684 rogamus
449 646 478 675 in
492 645 563 683 fide,
580 655 634 683 qua
647 646 729 676 nobis
740 647 893 685 tenemini,
906 654 1053 686 quatenus,
1071 647 1141 678 ficut
1151 647 1247 678 hono-

187 693 251 714 rem
271 683 400 714 nostrum
421 685 455 714 &
475 682 617 722 vestrum,
636 694 752 715 necnon
770 686 804 716 &
823 686 1036 723 tranquilitatem
1051 685 1146 725 Regni
1160 687 1248 717 nostri

188 721 302 762 diligitis
337 732 387 760 per
408 730 510 752 terram
527 722 560 752 &
580 722 747 762 potestatem
760 722 881 754 vestram
895 726 925 754 in
938 723 1102 762 Coriiubia,
1120 726 1154 755 &
1167 726 1248 763 alibi,

189 760 220 790 in
235 745 357 798 partibus
370 760 437 799 illis,
455 759 571 790 firmiter
585 761 619 791 &
632 761 754 792 districte
768 762 908 799 prohiberi
922 762 1041 800 faciatis,
1068 773 1104 792 ne
1121 764 1247 803 praedic‘ti

189 798 285 830 fratres
303 797 409 836 nostri,
425 798 472 828 vel
494 798 682 838 Vicecomes,
700 800 746 831 seu
763 801 934 840 quicumque
956 801 1000 831 alii
1035 811 1104 832 cum
1125 803 1200 840 equis
1213 802 1248 832 &

188 838 287 876 armis,
304 836 362 866 fine
381 835 494 867 licentia
516 836 627 877 nostra,
647 839 754 878 ingredi
774 840 981 877 permittantur3
1010 840 1090 869 cituri
1102 849 1155 880 pro
1168 849 1247 870 certo

184 875 264 943 ἓιοά
286 875 393 913 gravius
413 885 474 905 non
494 876 607 912 possetis
627 887 678 907 nos
700 876 845 909 offendere
860 900 871 916 ‚
921 887 985 908 uam
1011 877 1085 918 ipsos
1102 878 1191 909 taliter
1215 879 1246 909 in

217 922 324 953 egnum
335 912 467 944 nostrum
480 915 624 946 venientes
636 916 795 947 admittere.

223 993 331 1033 Teste,
347 994 408 1026 &c-
428 995 501 1034 apud
517 995 619 1027 Bolon.
640 997 675 1028 18
690 997 737 1028 die
751 996 861 1036 Aprilis.

185 1129 308 1161 Littera
331 1130 406 1176 Regi
428 1131 579 1172 Francia,
605 1130 737 1176 ejusdem
753 1143 822 1163 cum
836 1128 977 1175 praediHa
994 1132 1184 1177 argumenti,
1210 1131 1247 1167 ῤ’

231 1175 269 1210 de
286 1180 406 1212 Simone
421 1177 457 1211 de
474 1180 674 1224 Monte-forti
688 1178 858 1213 dextrarios
877 1181 909 1211 in
930 1179 1080 1224 Angliam
1095 1177 1248 1223 transpor-

231 1235 325 1260 tante·

33 1320 110 1351 Ann.
125 1318 167 1350 D.
191 1315 273 1371 RE
283 1315 315 1347 X
329 1316 405 1356 Regi
420 1317 548 1348 Franciae
561 1316 684 1361 salutem.
1029 1352 1034 1357 ι
1130 1352 1135 1358 ’
1191 1352 1197 1357 ·

51 1359 136 1389 1260.
284 1355 428 1386 Serenitati
441 1355 540 1386 vestrae
558 1356 718 1386 intimamus
729 1354 807 1395 quod
820 1363 888 1392 nos,
914 1353 948 1384 &
960 1352 1089 1396 Regina,
1118 1352 1253 1391 liberique

34 1401 87 1427 An,
101 1408 150 1433 μ.
192 1392 308 1433 nostri,
336 1394 486 1425 nobiscum
505 1392 650 1424 existentes
664 1417 674 1432 ‚
704 1393 759 1423 sani
781 1394 814 1424 &
838 1391 994 1422 incolumes
1017 1400 1147 1421 venimus
1167 1391 1253 1434 usque

32 1440 66 1465 H.
89 1441 116 1473 32
192 1431 331 1473 Wytsand
351 1433 398 1463 die
417 1432 555 1463 Mercurii
575 1433 705 1470 proximo
725 1430 790 1471 post
812 1429 998 1470 Qindenam
1020 1428 1152 1468 Paschae,
1169 1437 1254 1473 parati

31 1475 120 1511 Clauf.
194 1470 228 1501 ad
250 1470 482 1502 transfretandum
496 1471 526 1501 in
538 1470 673 1507 Angliam
687 1471 833 1509 quamcito
844 1469 1004 1513 prosperam
1018 1477 1114 1513 auram
1127 1468 1255 1512 habueri-

25 1513 95 1551 fafft.
114 1514 140 1539 in
192 1519 269 1548 mm,
278 1519 364 1553 ‘cum'
374 1508 537 1547 quibusdam
561 1508 718 1549 Militibus,
737 1518 808 1547 quos
819 1508 969 1539 nobiscum
981 1507 1111 1538 ducimus
1124 1505 1160 1537 de
1171 1515 1255 1551 parti-

30 1556 168 1587 Franc.44.
193 1548 245 1578 bus
258 1547 426 1586 elsmarlni83
450 1547 617 1579 Celsitudini
628 1548 728 1579 vestrae
741 1546 939 1588 significantes,
962 1545 1039 1591 quod
1052 1555 1105 1586 pro
1119 1554 1199 1589 certo
1212 1555 1255 1575 in-

189 1586 356 1626 telleximus,
374 1587 469 1617 fratres
487 1586 601 1617 nostros
620 1586 657 1617 de
677 1585 820 1624 Pietavia,
838 1587 893 1616 una
912 1595 981 1616 cum
1002 1584 1184 1615 Vicecomite
1199 1583 1256 1613 Le-

189 1625 298 1656 movic.
317 1623 528 1656 multitudinem
548 1633 720 1656 armatorum
743 1625 773 1655 in
785 1625 909 1662 partibus
921 1624 973 1654 suis
987 1622 1168 1663 congregasse
1182 1646 1193 1662 ,
1217 1623 1252 1653 ad

189 1663 364 1696 veniendum
378 1665 409 1694 in
420 1663 555 1704 Angliam
568 1672 667 1697 contra
680 1663 858 1694 voluntatem
875 1662 1009 1693 nostram.

231 1702 413 1742 Qapropter
423 1701 627 1733 Excellentiam
639 1701 778 1740 vestram,
815 1710 932 1732 uantum
948 1700 1111 1741 possumus,
1125 1698 1258 1743 depreca-

189 1750 255 1772 mur
275 1742 402 1780 quatinus
423 1740 503 1770 Duci
517 1738 667 1770 Britanniae
680 1740 782 1771 vestras
814 1749 858 1770 are
873 1741 964 1771 velitis
976 1739 1066 1770 literas
1079 1740 1109 1769 in
1121 1738 1258 1769 mandatis

188 1779 265 1818 ut,si
277 1778 350 1819 ipsos
363 1788 412 1820 per
427 1777 587 1809 distriitum
601 1780 636 1810 &
646 1777 815 1818 potestatem
829 1778 905 1809 suam
918 1778 1062 1809 transitum
1077 1778 1168 1809 facere
1182 1786 1256 1808 con-

205 1818 211 1823 '
232 1817 302 1855 erit,
317 1826 366 1848 eos
376 1816 486 1855 modis,
500 1817 601 1857 quibus
616 1818 735 1856 poterit,
750 1817 886 1855 impediat
898 1818 932 1848 &
945 1827 975 1847 re
995 1817 1066 1847 ellat.

240 1856 415 1887 ntelleximus
429 1856 514 1886 etiam
526 1855 604 1896 quod
615 1856 730 1896 quidam
745 1855 908 1895 Magnates,
933 1855 969 1886 de
1013 1856 1126 1885 ominio
1138 1853 1250 1893 vestro,

188 1894 310 1926 inimicis
331 1894 449 1934 nostris,
466 1895 497 1925 in
518 1894 571 1926 hac
589 1903 680 1935 parte,
700 1895 847 1926 confilium
869 1893 1036 1932 impendunt
1058 1895 1092 1925 ὃ(
1106 1893 1256 1931 favorem,

190 1933 284 1971 unde,
307 1935 386 1974 quia,
409 1932 475 1972 post
496 1932 612 1972 Deum,
635 1932 776 1973 potiffime
797 1932 968 1964 confidimus
989 1933 1089 1971 vobis,
1108 1933 1142 1963 &
1163 1931 1253 1971 spera-

189 1982 254 2003 mus
271 1972 343 2010 ipsos
355 1972 434 2012 super
445 1971 504 2002 hoc
512 1995 521 2009 ,
537 1982 574 2003 ne
585 1971 631 2003 sua
644 1972 772 2004 voluntas
783 1972 937 2012 impetuosa
952 1973 983 2002 in
995 1971 1093 2002 actum
1105 1970 1256 2009 procedat,

188 2021 259 2043 cum
274 2011 356 2041 vobis
368 2010 434 2041 inde
448 2010 620 2050 constiterit,
639 2011 831 2050 compescatis.

229 2048 337 2080 Comes
357 2058 451 2080 autem
474 2049 639 2081 Leicestriae
652 2049 787 2090 quosdam
799 2048 949 2080 dextrarios
964 2048 1042 2086 suos,
1059 2058 1093 2078 ac
1111 2048 1197 2091 etiam
1210 2057 1255 2078 ar-

193 2097 241 2119 ma
258 2088 368 2119 transire
387 2088 454 2118 fecit
475 2097 525 2128 per
547 2096 662 2130 portum
676 2087 711 2118 de
722 2087 879 2128 Wytsand,
899 2096 967 2118 cum
979 2087 1071 2117 adhuc
1085 2087 1116 2124 in
1132 2087 1252 2124 partibus

191 2127 244 2157 illis
261 2127 395 2165 essemuS‚
410 2134 546 2165 praetextu
563 2127 748 2166 quarumdam
775 2126 927 2157 litterarum
948 2125 1102 2157 vestrarum
1122 2126 1159 2156 de
1181 2135 1255 2170 con7

189 2165 280 2196 duem
301 2164 426 2203 ibidem,
443 2173 476 2195 ut
494 2165 612 2204 dicitur,
633 2166 840 2204 exhibitarum,
864 2174 913 2205 per
932 2164 1010 2205 quod
1032 2172 1147 2195 motum
1167 2174 1255 2194 animi

191 2203 313 2242 eJ'usdem
336 2202 461 2234 Comitis
477 2203 632 2235 evidentius
644 2202 814 2244 perpendere
828 2204 951 2248 poteritis
965 2203 1079 2241 qualiter
1090 2211 1154 2242 erga
1168 2213 1219 2233 nos
1230 2203 1256 2233 se

192 2242 294 2273 habeat
315 2241 367 2272 hiis
386 2241 500 2280 diebus3
515 2242 594 2283 super
614 2244 717 2282 quibus
737 2241 771 2273 &
792 2242 862 2281 aliis,
881 2252 946 2281 quae
966 2242 1048 2272 nobis
1068 2241 1165 2272 obesse
1176 2249 1258 2283 pote-

191 2289 275 2317 runt,
295 2281 413 2320 faciatis,
428 2281 447 2311 si
461 2280 570 2320 placet,
585 2283 669 2312 artius
682 2280 834 2319 provideri.
916 2286 918 2288 ’

228 2319 299 2350 Nos
311 2328 380 2349 vero
389 2342 398 2357 ‚
415 2329 484 2350 cum
494 2320 524 2351 in
538 2321 671 2360 Angliam
684 2320 844 2351 venerimus
856 2342 866 2358 ,
883 2318 918 2349 de
931 2317 1002 2350 statu
1017 2318 1115 2350 nostro
1128 2319 1163 2349 &
1176 2317 1257 2358 Reg-

192 2358 223 2389 ni
238 2357 327 2388 nostri
338 2367 390 2388 vos
404 2358 552 2389 reddemus
566 2360 712 2397 certiores,
731 2359 818 2399 parati
830 2368 862 2389 ea
878 2357 968 2389 facere
980 2368 1045 2397 quae
1058 2357 1157 2389 vestris
1170 2358 1258 2389 bene-

190 2396 295 2436 placitis
306 2405 382 2436 grata
393 2398 558 2428 noverimus
569 2399 603 2430 &
615 2406 738 2439 accepta.

33 1594 69 1657 ἕξ
82 1599 137 1659 ῗῖᾱ.

225 2475 332 2516 Teste,
350 2477 410 2508 &c.
428 2476 500 2517 apud
515 2477 671 2518 Wytnnd‚
690 2478 728 2509 28
743 2479 788 2510 die
801 2478 919 2518 Aprilis,
936 2487 1028 2516 anne,
1043 2477 1105 2509 &c.
1119 2480 1169 2517 442

39 2616 56 2634 0
72 2616 97 2645 Ι.
110 2623 174 2652 70²·
196 2604 225 2632 ᾗ
243 2609 364 2641 Littera
380 2606 515 2642 Abbatis
531 2607 568 2641 de
588 2607 735 2642 Obazina
753 2636 763 2652 ‚
790 2620 845 2656 per
860 2620 955 2656 qnam
975 2607 1100 2652 testatur
1118 2608 1200 2656 quod
1211 2613 1259 2643 in-

236 2657 339 2703 spexit
359 2657 495 2689 litteram
510 2656 663 2690 Lndovici
683 2660 772 2705 Regis
790 2661 921 2691 Franciae
932 2685 942 2700 ‚
957 2656 1037 2704 qaod
1050 2661 1156 2704 recepit
1165 2657 1258 2691 Eblo-

242 2718 312 2738 nem
347 2707 557 2739 Vicecomitem
587 2705 624 2739 de
649 2705 811 2740 Wntedoro
835 2710 866 2740 in
889 2705 1027 2753 homagio
1050 2709 1087 2745 ζῇ·
1105 2705 1259 2752 fidelitate

235 2754 308 2799 βω.

193 2843 408 2906 UNiverfis,
424 2845 572 2883 praelentes
586 2845 688 2876 litteras
700 2844 877 2885 inspeeturis,
900 2843 982 2876 frater
999 2843 1041 2875 G.
1059 2842 1150 2876 dietus
1164 2844 1260 2876 Abbas

199 2922 204 2927 ·
245 2881 444 2950 DObazinae,
470 2884 658 2916 Lemoviceri.
677 2884 767 2915 Dioc.
789 2883 981 2915 cisterciensis
993 2883 1119 2922 ordinis,
1146 2884 1260 2915 salutem

197 2931 227 2952 in
279 2931 390 2952 omino.

232 2959 269 2989 N
270 2960 383 2990 overitis
395 2959 473 2996 quod
485 2961 586 2992 nobilis
601 2960 733 2992 Domina
745 2960 875 2999 Dalfina‚
894 2960 1111 2992 Vicecomitissa
1130 2960 1167 2992 de
1183 2960 1263 2993 Ven-

197 2998 315 3036 tedoro,
334 2998 368 3029 &
388 2996 466 3028 Eblo
486 2998 557 3030 filius
569 3001 648 3038 suus,
665 3001 836 3032 Vicecomes
851 2999 973 3039 ejusdem
988 2999 1132 3037 Civitatis,
1147 3001 1177 3030 in
1190 3009 1263 3038 prae-

195 3035 279 3067 sentia
297 3035 411 3073 nostra,
428 3036 463 3067 δι’
482 3037 591 3069 discreti
610 3039 663 3070 viri
682 3039 796 3071 Decani
814 3038 1068 3076 Claremontenfis,
1086 3039 1121 3069 ὃς
1136 3037 1262 3069 Domini

197 3072 294 3104 Pontii
314 3074 351 3105 de
372 3073 486 3112 Baynak
522 3077 556 3107 &
569 3076 610 3106 G.
628 3077 667 3108 de
679 3076 816 3118 Idergne,
833 3077 867 3108 &
882 3076 999 3108 Arnaldi
1014 3076 1166 3108 Gausberti
1181 3076 1262 3107 Mili-

197 3120 275 3155 tum,
294 3121 327 3157 ac
343 3111 476 3152 Magistri
490 3097 568 3145 i³etri
579 3114 614 3145 de
626 3115 737 3155 Pedio,
755 3117 788 3147 &
800 3116 922 3154 plurium
936 3116 1056 3146 aliorum
1070 3138 1081 3155 ,
1107 3115 1196 3146 literas
1210 3116 1262 3146 hiis

195 3151 376 3190 praesentibus
396 3151 543 3191 appensas,
559 3162 628 3183 curn
647 3154 702 3185 isto
720 3155 824 3186 eodem
839 3154 945 3194 sigillo,
963 3154 1041 3191 quod
1053 3155 1084 3184 in
1097 3154 1199 3184 eisdem
1212 3164 1262 3192 ap-

194 3189 313 3228 pensum
328 3189 371 3220 est
383 3212 394 3227 ‚
419 3190 511 3221 nobili
524 3190 588 3221 viro
601 3190 735 3224 Domino
747 3193 902 3224 Bertrarido
916 3193 952 3224 de
970 3192 1142 3223 Gardaliaco
1155 3193 1261 3231 Militi,

194 3229 226 3259 in
241 3228 460 3267 Lemovicenfi,
484 3227 665 3269 Carurcenfi,
684 3231 718 3262 &
731 3231 950 3273 Petragoricensi
963 3230 1143 3262 Diocaefibus
1154 3232 1262 3262 illustris

196 3266 288 3306 Regis
300 3266 413 3306 Angliae
433 3267 588 3299 Senescallo
605 3291 615 3306 ,
637 3270 756 3300 nomine
770 3268 897 3301 Domini
911 3270 999 3308 Regis
1012 3269 1123 3309 Angliae
1136 3270 1262 3301 reddide-

195 3315 278 3344 runt,
296 3305 330 3335 &
342 3304 445 3335 eisdem
459 3305 569 3344 litteris,
585 3307 619 3337 &
633 3307 703 3345 juri,
718 3308 796 3346 quod
810 3308 860 3340 fibi
873 3318 906 3340 ex
922 3309 985 3348 ipfis
996 3309 1194 3349 competebat,
1211 3320 1262 3341 co-

198 3354 258 3376 ram
271 3344 355 3374 nobis
368 3343 492 3381 expresse
505 3346 741 3376 renuntiaverunt.

232 3385 320 3412 Ἰὲπον
332 3392 399 3411 vero
414 3382 549 3412 diffarum
564 3382 724 3414 litterarum
738 3383 803 3415 talis
817 3384 863 3425 est.

197 3463 326 3528 LUD
335 3462 425 3508 Ovll
433 3463 502 3509 GU
511 3463 530 3493 S
539 3486 548 3500 ,
573 3463 632 3494 Dei
656 3463 758 3504 gratia,
784 3463 912 3497 Franciae
933 3466 1017 3506 Rex,
1034 3467 1167 3499 omnibus
1181 3491 1191 3507 ,
1215 3468 1263 3499 has

271 3503 371 3532 litteras
381 3502 476 3533 Visuris
483 3526 492 3540 ,
513 3502 636 3532 salutem.

197 3540 347 3571 Noveritis
359 3541 438 3579 quod
452 3551 503 3571 nos
516 3540 651 3571 dileetum
665 3541 698 3571 &
711 3540 822 3572 fidelem
834 3541 965 3574 nostrum
979 3568 990 3583 ,
1014 3544 1160 3576 Eblonem
1174 3544 1261 3576 Vice-

197 3582 337 3611 comitem
351 3579 387 3610 de
400 3578 583 3616 Ventedor0‚
601 3579 631 3609 in
645 3578 700 3609 fide
716 3580 750 3611 ὃ(
761 3580 896 3621 homagio
906 3581 1004 3612 nostro
1017 3584 1262 3623 recepimus,pr0-

199 3620 341 3649 mittentes
361 3618 453 3649 eidem
472 3618 548 3658 quod
568 3618 658 3657 ipsum
672 3618 768 3655 aliquo
781 3618 861 3657 casu,
879 3620 936 3650 fine
950 3621 1096 3653 voluntate
1108 3621 1169 3660 sua,
1187 3631 1261 3655 extra

199 3665 318 3689 manum
329 3657 454 3688 nostram
460 3680 471 3696 ,
490 3659 518 3687 in
533 3657 623 3687 alieno
636 3656 780 3686 Dominio
791 3667 852 3688 non
862 3667 1010 3696 ponemus.

35 2853 112 2886 Arm.
130 2852 172 2884 D.

64 2892 147 2922 1260.

36 2935 88 2961 Aa.
104 2940 154 2968 44.

35 2975 72 2998 H.
95 2979 120 3006 3-

36 3009 92 3037 Lib.
111 3013 142 3036 Β.

32 3047 83 3084 fol.
94 3047 155 3074 161.

38 3085 64 3113 b.
77 3091 145 3122 penes

39 3127 174 3150 Camerar.

42 3166 156 3189 Scaccar.

233 3738 303 3770 Dat.
323 3739 395 3780 apud
410 3737 505 3769 Asuer.
524 3749 600 3769 anno
612 3738 735 3769 Domini
753 3747 845 3778 1247,
860 3740 954 3770 menie
962 3740 1050 3780 Junii.

232 3818 268 3849 In
289 3819 483 3851 testimonium
507 3830 575 3850 vero
597 3819 804 3857 praemifforum
817 3829 884 3857 noa,
901 3820 992 3852 dietus
1004 3822 1118 3862 Abbas‚
1134 3822 1252 3864 sigillum

199 3856 330 3890 nostrum
349 3859 527 3899 praei'entibus
537 3859 631 3889 litteris
646 3858 775 3889 duximus
790 3858 1000 3895 apponendum.

236 3936 343 3970 Adrum
355 3941 399 3971 .&
422 3942 476 3972 dat.
495 3940 567 3979 apud
587 3938 692 3970 Villam
716 3939 787 3971 Dels
801 3939 920 3980 Glot0s‚
942 3943 972 3972 in
986 3941 1073 3973 Festo
1088 3941 1261 3976 Inventionis

200 3973 311 4008 Sanetae
323 3977 426 4011 Crucis
434 4003 446 4021 ,
459 3989 536 4012 anno
549 3979 672 4010 Domini
686 3979 834 4014 millesimo
845 3979 1038 4014 ducenteflmo
1049 3980 1225 4025 sexagefimo.

1297 175 1782 230 PUBLICA.

1420 359 1540 393 Littera
1558 366 1633 411 Regi
1650 366 1799 411 Francia,
1821 380 1876 416 pro
1894 380 1983 416 5000
2002 375 2112 408 Marc.
2128 373 2214 418 sterl.

1286 445 1497 506 MAgnifico
1517 449 1659 498 Principi,
1678 455 1811 503 meino
1826 459 1864 503 ¹&c
1885 461 2092 501 consanguineo
2112 463 2161 494 suo
2180 464 2340 503 karissimo,
2364 465 2439 496 Arm.
2456 466 2495 498 D.

1381 486 1552 534 Ludowco‚
1569 490 1625 522 Dei
1636 501 1738 536 gratia,
1758 496 1832 540 Regi
1848 498 1972 530 Franciae
1987 501 2081 534 illustri
2117 502 2274 542 Henricus,
2291 503 2338 540 eci-
2382 504 2465 536 1260.

1285 522 1352 554 dem
1362 534 1462 565 gratia,
1481 527 1546 558 Rex
1558 529 1685 575 Anglrae,
1700 533 1850 578 ¹Dominus
1862 536 2024 578 Hiberniae,
2038 542 2072 572 ὃς
2086 526 2155 572 Dux
2170 542 2339 582 Aquitaniae,
2361 547 2412 572 An.
2421 554 2468 580 44·

1284 561 1416 602 salutem,
1436 564 1598 611 &fincerae
1612 568 1769 602 dilectionis
1780 572 1887 611 semper
1899 585 2088 616 augmentum.
2358 586 2394 609 H.
2413 592 2437 618 3·

1325 600 1509 635 Excellentiae
1535 605 1635 637 vestrae
1658 617 1761 640 notum
1779 610 1896 643 facimus
1931 616 1988 646 uod
2007 627 2059 647 nos
2077 619 2225 658 piudentes
2240 619 2314 650 viros
2329 639 2340 658 ,
2364 622 2479 655 Pat.44.‘

1285 637 1445 686 Imbertum
1458 643 1494 673 de
1502 643 1713 688 Muntferaunt‚
1725 649 1915 682 &Simonem
1945 654 2084 694 affelewe‚
2112 667 2160 688 uos
2171 657 2204 688 ad
2219 658 2340 690 vestram
2362 662 2396 686 H·
2418 668 2445 694 3-

1288 679 1460 718 praesentiam
1474 682 1663 723 destinamus,
1677 687 1788 718 nostros
1802 689 1998 723 constituimus
2012 694 2045 724 &
2059 705 2091 724 or
2112 697 2218 727 inanius
2232 696 2341 728 Procu-
2367 706 2404 725 171-
2420 706 2448 733 9,-

1288 725 1391 760 ratores
1411 719 1446 764 ad
1469 722 1639 766 petendum,
1657 726 1691 754 6:
1713 734 1813 757 mutuo
1829 729 2023 766 recipiendum
2034 742 2048 762 a
2063 734 2158 772 vobis,
2177 735 2276 765 nostro
2289 745 2344 765 no-

1287 763 1381 800 mine²
1398 767 1520 799 quinque
1534 761 1619 804 millia
1635 761 1800 795 Marcarum
1815 764 2011 808 sterlingorum
2045 771 2076 800 in
2091 772 2189 811 quibus
2204 773 2347 804 kaiiifimo

1288 792 1641 872 gssifssariiotsgssinfficardo
1653 800 1729 841 Regi
1741 802 1942 837 Romanorum
1956 793 2068 848 inuisi-i,
2095 819 2128 840 ex
2143 811 2224 841 causti
2240 814 2348 850 mutui,-

1513 847 1560 875 ur,
1870 849 1877 857 ³

1325 870 1508 916 Serenitatem
1528 875 1649 907 vestram
1670 887 1798 923 rogantes
1820 884 1949 922 quatinus
1960 885 2099 924 praedietis
2116 885 2349 919 Procuratoribus

1288 908 1406 949 nostns,
1426 912 1471 942 vel
1486 923 1586 944 eorum
1601 915 1694 959 alteri,
1711 928 1797 958 quern
1810 922 1974 959 praesentem
1986 923 2042 954 esse
2056 926 2349 965 contigei-ir‚praedic-

1288 954 1347 977 tam
1366 948 1505 995 summam
1524 962 1653 996 pecuniae
1666 977 1676 993 ‚
1689 993 1695 999 ι
1707 955 1894 996 assignandam
1921 961 1996 991 fratri
2014 962 2174 994 Willielmo
2194 966 2230 995 de
2250 966 2350 996 ordine

1288 984 1401 1031 Sanetae
1415 987 1574 1034 Trinitatis,
1591 990 1628 1021 N
1629 1002 1716 1036 uncio
1731 994 1765 1025 ὃς
1779 995 1932 1036 Capeliano
1946 999 2074 1038 praedicti
2094 1001 2181 1032 fratris
2193 1002 2281 1033 nostri
2317 1004 2351 1033 li-

1289 1023 1378 1054 berari
1388 1025 1422 1055 &
1437 1026 1562 1066 assignari
1575 1029 1687 1061 faciatis.
2288 1027 2299 1042 ⁹

1329 1062 1429 1107 Qarn
1445 1065 1559 1109 quidem
1577 1067 1717 1110 summam
1735 1073 1863 1107 pecuniae
1886 1077 2045 1110 computari
2057 1076 2188 1108 volumus
2202 1078 2236 1108 &
2250 1076 2352 1110 deduci

1289 1099 1325 1130 de
1338 1111 1435 1142 primis
1453 1103 1658 1149 solutionibus,
1704 1117 1749 1137 uas
1763 1109 1845 1140 nobis
1859 1110 1950 1140 facere
1964 1112 2069 1143 debetis
2083 1125 2135 1152 pro
2147 1116 2258 1154 sumptu
2273 1117 2354 1147 Mili-

1290 1146 1379 1209 tinturnt,u
1392 1139 1546 1173 secundum
1560 1143 1638 1181 quod
1651 1154 1680 1174 in
1705 1154 1785 1177 orma
1798 1149 1890 1186 pacis,
1905 1149 1977 1179 inter
1989 1160 2040 1181 vos
2051 1152 2086 1181 &
2098 1163 2150 1183 nos
2163 1155 2258 1194 initae,
2282 1165 2355 1186 con-

1333 1188 1347 1208 e
1380 1188 1401 1208 ι·.

1294 1254 1300 1260 .
1329 1215 1367 1247 Et
1380 1227 1432 1262 nos
1443 1217 1518 1249 dieta
1530 1221 1655 1263 quinque
1670 1222 1755 1253 millia
1769 1221 1951 1263 Marcarum,
1965 1226 2011 1257 vel
2023 1227 2190 1259 tantundem
2208 1232 2355 1270 pecuniae,

1292 1264 1322 1298 in
1343 1254 1484 1287 servmum
1502 1256 1561 1288 Dei
1580 1258 1614 1288 δε
1633 1258 1784 1300 Ecclefiae,
1805 1270 1852 1293 aut
1872 1263 1902 1293 in
1921 1265 2111 1296 commodum
2127 1266 2222 1306 Regni
2244 1268 2354 1309 Angliae

1292 1293 1490 1369 iripgdengdgemus
1512 1296 1546 1326 &
1568 1297 1765 1338 refundetnus,
1781 1308 1813 1331 ut
1834 1308 1964 1333 tenemur
1976 1303 2131 1335 secundum
2144 1305 2265 1335 formam
2281 1310 2357 1344 pacis

1372 1342 1380 1362 i
1439 1357 1446 1363 .

1330 1369 1443 1402 Damus
1460 1370 1548 1402 etiam
1567 1372 1673 1418 eisdem
1692 1375 1926 1410 Procuratoribus
1944 1379 2044 1411 nostris
2055 1381 2171 1412 liberam
2192 1382 2225 1413 &
2247 1381 2360 1420 plenam

1293 1408 1480 1450 potestatem,
1495 1410 1694 1444 refutationem
1714 1415 1748 1445 &
1769 1417 1971 1454 quietationem
1994 1420 2172 1459 simpliciter,
2189 1421 2268 1459 super
2281 1421 2358 1453 dicta

1293 1447 1485 1487 deduecione,
1504 1458 1558 1487 pro
1570 1451 1653 1481 nobis
1665 1452 1698 1483 &
1714 1454 1871 1485 haeredibus
1885 1457 1987 1488 nostris
2002 1458 2144 1497 faciendi,

1330 1485 1368 1517 Et
1383 1488 1479 1518 omnia
1493 1489 1543 1519 alia
1557 1511 1568 1527 ‚
1591 1499 1655 1558 Ἕκ
1669 1492 1745 1524 circa
1762 1494 1900 1531 praemiffii
1916 1495 2065 1527 necessaria
2078 1497 2111 1528 &
2127 1497 2203 1528 utilia
2219 1487 2360 1530 videbun-

1294 1532 1356 1564 tur,
1371 1525 1442 1557 adeo
1456 1526 1539 1564 plene
1554 1528 1588 1557 &

1625 1529 1691 1560 bere
1707 1531 1875 1571 ordinandi,
1883 1534 1952 1565 sicut
1967 1544 2019 1565 nos
2032 1535 2081 1573 ipsi
2093 1534 2183 1566 facere
2192 1570 2193 1573 Ἰ
2197 1537 2339 1573 possemus
2346 1560 2357 1574 ‚

1295 1564 1316 1594 fi
1329 1564 1475 1603 praesentes
1495 1565 1627 1596 essemus:

1333 1603 1351 1622 ²¹²
1366 1602 1476 1634 Ratum
1494 1603 1618 1635 habituri
1638 1606 1672 1637 &
1686 1616 1796 1646 gramm
1809 1611 1945 1651 quicquid
1957 1610 2035 1649 super
2048 1612 2193 1650 praemisfis
2207 1622 2255 1650 per
2269 1613 2358 1652 ipsos,

1295 1640 1341 1671 vel
1363 1651 1464 1672 eorum
1486 1642 1603 1673 alterum
1610 1667 1621 1682 ,
1642 1647 1820 1687 ordinatum,
1848 1657 2028 1687 procuratum
2049 1651 2131 1682 fuerit
2150 1651 2183 1682 δε
2207 1651 2358 1691 statutum,

1295 1689 1383 1749 ggtpiut
1401 1682 1431 1711 iii
1454 1691 1554 1713 eorum
1565 1682 1663 1715 litteris
1678 1686 1778 1717 exinde
1792 1688 1977 1721 conficiendis
1989 1688 2096 1726 plenius
2109 1690 2249 1722 videbitur
2260 1693 2357 1723 conti-

1333 1757 1368 1788 In
1381 1759 1476 1797 cujus,
1492 1759 1553 1790 &c.

2378 1623 2433 1651 *1,
2449 1625 2511 1663 γεΞῖ

1333 1838 1421 1869 Teste
1437 1838 1519 1880 Rege
1533 1843 1607 1880 apud
1620 1841 1745 1874 Westm.
1763 1844 1906 1876 tricesimo
1918 1839 2061 1877 dieMaii‘,

1333 1982 1453 2015 Littera
1462 1982 1600 2030 praediilo
1623 1987 1700 2033 Regi
1716 1987 1868 2069 Franciicei,
1901 1987 1938 2021 de
1951 1978 2113 2037 Jocalibas
2129 1992 2157 2024 ei
2174 1993 2320 2039 imngno-
2392 1929 2411 2022 xxl

1426 2060 1429 2064 ,
1773 2047 1830 2069 ran
1852 2047 1888 2070 ΖΙ.
1970 2057 1974 2060 ·

1297 2120 1435 2184 EIdem
1451 2121 1525 2162 Regi
1538 2121 1666 2154 saluternz
1697 2136 1700 2141 ·
2019 2140 2021 2142 ·
2036 2137 2039 2145 ·
2080 2140 2081 2143 “
2315 2162 2318 2165 ,
2382 2145 2448 2177 An„
2473 2145 2506 2178 D

1392 2159 1573 2192 Excellentiae
1585 2162 1685 2193 vestrae
1697 2170 1801 2196 notum
1815 2163 1934 2197 Facimus
1949 2168 2026 2206 quod
2042 2176 2095 2200 nos
2106 2168 2254 2206 prudentes
2267 2169 2361 2208 virm,
2402 2171 2457 2215 126.
2506 2168 2516 2183 ¹

1296 2196 1453 2242 imbertum
1476 2199 1513 2230 de
1533 2198 1749 2244 Muntferaunt,
1774 2205 1808 2235 &
1826 2204 1975 2235 Simonem
1996 2205 2163 2245 Paffeieuze,
2185 2207 2301 2238 dileetos
2320 2209 2360 2239 fa-
2379 2229 2420 2252 Aa
2481 2211 2487 2218 '

1297 2237 1417 2281 miliares
1436 2238 1564 2276 nostros,
1578 2240 1612 2270 δε
1635 2240 1750 2272 fratrem
1772 2241 1965 2274 Willielmum
1985 2244 2092 2275 ordinis
2107 2245 2219 2276 Sanciae
2232 2247 2359 2277 Trinita-
2378 2268 2407 2290 H
2425 2247 2430 2252 '
2445 2234 2483 2260 44

1295 2284 1347 2315 tis,
1367 2275 1554 2321 Capellanum
1574 2277 1706 2310 karissimi
1721 2280 1810 2311 fratris
1822 2280 1911 2312 nostri
1925 2282 2042 2313 Ricardi
2057 2283 2257 2315 Romanorum
2272 2284 2319 2315 Re
2338 2287 2363 2316 is
2378 2273 2471 2330 [bl-dg„

1295 2315 1422 2360 illustris,
1441 2325 1514 2354 quos
1531 2315 1568 2360 ad
1588 2317 1710 2349 vestram
1730 2319 1902 2357 praesentiam
1922 2319 2107 2361 destinamus,
2125 2322 2237 2353 nostros
2254 2333 2312 2354 con
2342 2325 2363 2349 ‘-
2472 2322 2481 2338 ”

1296 2359 1400 2384 ruimus
1421 2354 1456 2385 &c
1474 2353 1638 2386 ordinamus
1657 2356 1873 2396 Procuratores;
1891 2358 1986 2390 dantes
2003 2361 2042 2390 eis
2064 2360 2176 2398 plenam
2195 2361 2362 2393 &liberam

1297 2391 1465 2430 potestatem
1479 2393 1604 2438 tradendi
1617 2396 1717 2434 vobis,
1742 2396 1843 2427 nostro
1855 2399 1990 2436 nomine,
2014 2399 2049 2429 &
2062 2398 2206 2439 obligandi
2219 2401 2248 2430 in
2263 2402 2365 2441 pignoss

1296 2441 1329 2461 re
1344 2431 1474 2469 quaedam
1486 2432 1585 2469 localia
1599 2434 1710 2473 nostra,
1728 2434 1763 2465 ad
1777 2444 1887 2465 certum
1902 2438 2074 2475 terminum,
2092 2446 2145 2474 pro
2158 2439 2286 2477 quinque
2300 2441 2364 2471 mil-

1298 2470 1370 2500 libus
1389 2469 1571 2509 Marcarum,
1590 2472 1620 2501 in
1642 2473 1743 2511 quibus
1759 2473 1852 2504 eidem
1869 2473 1943 2513 Regi
1958 2475 2033 2505 fratri
2047 2476 2147 2506 nostro
2157 2485 2192 2506 ex
2204 2478 2286 2508 causa
2302 2489 2364 2509 mu-

1298 2509 1340 2539 tui
1353 2507 1469 2548 obligati
1481 2516 1620 2539 tenemur.
2357 2549 2360 2552 ⁴

1304 2558 1314 2561 ν
1336 2546 1436 2585 Qam
1448 2549 1599 2584 pecuniam
1612 2548 1706 2579 eidem
1715 2548 1791 2580 fratri
1802 2549 1981 2590 Willielrno,
2006 2551 2131 2583 Nuncio
2146 2552 2180 2582 &
2194 2552 2365 2584 Procurato-

1300 2585 1324 2614 ri
1337 2585 1408 2616 dieti
1421 2584 1522 2623 Regis,
1540 2586 1648 2616 liberari
1659 2588 1697 2618 ’δε
1711 2587 1837 2626 affignari
1851 2589 1964 2619 faciatis.

1338 2622 1376 2654 Et
1388 2632 1441 2653 nos
1453 2622 1619 2661 praedieiam
1632 2625 1838 2662 obligationem
1846 2649 1856 2665 ‚
1872 2628 1906 2657 &
1917 2627 2085 2658 solutionem
2094 2651 2103 2667 ,
2112 2639 2227 2660 necnon
2241 2631 2275 2661 &
2292 2636 2367 2662 con·‘

1301 2662 1485 2699 venementi,
1500 2671 1586 2700 quam
1600 2663 1730 2701 praedieu
1746 2663 1944 2696 Procuratores
1955 2667 2059 2704 nostri,
2074 2669 2120 2697 vel
2135 2669 2193 2698 duo
2207 2678 2325 2708 eorum,
2344 2670 2365 2700 fi

1301 2701 1414 2731 tertium
1428 2699 1519 2730 abesse
1532 2703 1682 2740 contigerit
1728 2702 1808 2740 super
1821 2703 1966 2741 praerniffis
1982 2705 2100 2736 fece-:int
2109 2731 2118 2745 ,
2144 2716 2232 2737 ratam
2245 2718 2298 2748 pro
2312 2718 2366 2738 no⁴

1301 2739 1345 2783 bis
1357 2739 1391 2783 ὃς
1402 2737 1503 2782 nostris
1516 2738 1673 2771 haeredibus
1687 2725 1854 2785 l'iabebitnus
1866 2751 1947 2783 atque
1961 2752 2067 2782 gratam
2081 2767 2091 2782 ‚
2122 2754 2207 2782 prout
2219 2746 2250 2776 in
2265 2756 2366 2779 eorum

1302 2778 1414 2846 hugis,
1429 2776 1533 2847 exin&
1547 2778 1749 2818 conficiendis,
1767 2780 1874 2821 plenius
1889 2781 2029 2813 videbitur
2045 2785 2193 2816 contineri.

1388 2825 1482 2854 quuS,
1534 2826 1560 2847 c.

1306 2923 1323 2932 «η
1341 2896 1430 2929 Teste
1442 2905 1474 2929 ut
1488 2896 1574 2937 supra.

1327 3036 1376 3069 De
1389 3032 1569 3070 Alexandro
1586 3035 1665 3082 Rege
1679 3037 1926 3130 Scotigfscirca
1937 3035 2132 3083 provisionem
2148 3034 2186 3070 de
2204 3037 2346 3086 Epiftopo

1795 3095 1814 3117 a
1823 3095 1915 3131 guen.

1303 3173 1509 3235 ALeitander
1527 3172 1698 3218 Episcopus,
1716 3172 1809 3218 servus
1828 3172 1975 3205 servorum
1999 3173 2079 3221 Dei,
2092 3176 2296 3230 venerabilibus
2309 3177 2364 3208 fra-
2384 3179 2462 3211 Ann-
2477 3178 2521 3213 D.

1379 3213 1467 3243 tribus
1596 3211 1776 3242 Lincolnien.
1796 3213 1830 3243 ὅ(
1961 3212 2126 3245 Bathonien.
2144 3214 2306 3256 Episcopis,
2323 3216 2363 3246 sa·
2407 3219 2492 3249 1260.

1301 3250 1387 3281 lutem
1403 3252 1436 3282 &
1450 3250 1646 3289 Apostolicam
1660 3251 1899 3282 benedictionem.

2383 3262 2436 3286 An.
2450 3268 2499 3294 44«

1339 3289 1495 3329 Diligenter
1513 3289 1610 3320 auditis
1630 3299 1712 3328 quae,
1762 3300 1775 3320 r
1789 3289 1825 3319 Ν
1827 3292 1926 3321 uncios
1939 3290 2066 3330 speciales
2077 3291 2207 3322 cariffimi
2222 3293 2252 3322 in
2261 3291 2358 3323 Chris-
2381 3300 2415 3324 H.
2437 3305 2463 3334 3.
2499 3293 2501 3296 ’

1304 3335 1336 3358 to
1349 3327 1398 3358 filii
1412 3327 1501 3358 nostri
1604 3328 1715 3359 illustris
1797 3329 1817 3358 's
1830 3329 1953 3367 Scotiae,
1968 3330 2043 3360 circa
2057 3330 2246 3370 provisionem
2255 3353 2265 3369 ,
2277 3341 2362 3370 quam
2382 3340 2423 3362 Ex
2437 3338 2497 3370 Ακῑ

1303 3366 1339 3396 de
1358 3366 1508 3396 venerabili
1521 3365 1605 3396 fratre
1625 3366 1725 3398 nostro
1817 3366 1885 3397 istro
1894 3367 2027 3406 Johanne
2038 3369 2074 3398 de
2086 3367 2197 3397 Cheam
2211 3368 2251 3398 Gl
2278 3378 2362 3401 ouen.
2381 3381 2446 3411 togr.

1305 3403 1466 3443 Episcopo,
1481 3413 1550 3434 tunc
1571 3404 1726 3446 Capeliano
1745 3408 1796 3436 noi
1813 3416 1862 3444 ro,
1877 3406 1996 3436 fecimus
2016 3407 2045 3435 in
2066 3405 2190 3436 Ecclesia
2209 3406 2268 3437 Gla
2280 3417 2363 3447 guen.

1303 3444 1417 3474 fuerunt
1435 3443 1573 3481 propofita
1594 3453 1691 3474 coram
1712 3444 1795 3474 nobis
1815 3445 1893 3485 super
1914 3444 1980 3482 illis,
2004 3444 2041 3474 de
2060 3443 2177 3474 fratrum
2197 3445 2363 3478 nostrorum

1305 3482 1440 3520 consilio,
1458 3482 1506 3512 sub
1525 3489 1601 3511 certa
1621 3482 1714 3513 forma
1731 3483 1861 3513 duximus
1880 3482 2107 3521 providendum,
2125 3482 2194 3512 sicut
2213 3493 2247 3514 ex
2268 3493 2366 3517 tenore

1302 3520 1470 3590 leigiierarum,
1489 3529 1555 3558 quas
1568 3519 1646 3558 super
1657 3520 1716 3552 hoc
1731 3521 1828 3552 eidem
1843 3521 1920 3560 Regi
1933 3520 2095 3560 dirigimus,
2119 3523 2244 3559 poteritis
2257 3524 2366 3562 plenius

1339 3569 1431 3589 oceri-

1341 3583 1481 3628 Volui'nus
1504 3598 1596 3638 itaque
1609 3621 1619 3637 ,
1653 3608 1687 3629 ac
1705 3597 1867 3629 fratemitati
1886 3597 1987 3629 vestrae
2007 3605 2056 3637 per
2079 3595 2105 3627 A
2147 3597 2245 3631 stolica
2265 3600 2366 3642 scripta

1303 3636 1466 3667 mandamus
1495 3636 1622 3674 quatinus
1636 3659 1646 3675 ‚
1685 3635 1837 3677 postquam
1861 3636 1895 3667 ad
1915 3635 2045 3679 notitiam
2065 3643 2102 3665 ve
2129 3646 2188 3667 ram
2207 3642 2366 3679 pervenerit

1303 3674 1473 3715 praemissam
1493 3676 1684 3712 provisionem
1705 3675 1829 3706 nostram
1852 3675 1908 3705 effe
1922 3674 2042 3704 totaliter
2054 3673 2235 3714 adimpletam
2250 3701 2261 3717 ‚
2284 3680 2365 3717 quic-

1304 3714 1372 3753 quid
1392 3723 1440 3751 per
1461 3713 1561 3743 litteras
1581 3713 1708 3752 nostras,
1732 3714 1814 3744 vobis
1832 3723 1886 3751 pro
1907 3711 2052 3754 Episcopo
2071 3713 2132 3751 ipso
2151 3715 2290 3754 direi‘tas,
2317 3718 2362 3748 vel

1304 3752 1493 3790 quascumque
1514 3751 1576 3781 alias
1589 3774 1600 3790 ,
1625 3760 1724 3782 contra
1743 3751 1857 3791 Regem
1875 3751 2020 3789 eundem,
2054 3759 2101 3783 aut
2124 3753 2261 3794 Regnum
2283 3755 2364 3786 suum

1303 3800 1417 3830 propter
1430 3790 1486 3820 hoc
1500 3789 1553 3820 fuit
1566 3789 1717 3829 haetenus,
1735 3791 1782 3820 vel
1796 3790 1831 3821 de
1842 3798 1947 3820 caetero
1959 3788 2043 3820 fuerit
2056 3798 2269 3831 attemptatum,
2285 3795 2364 3833 peni-

1303 3837 1346 3859 tus
1359 3837 1522 3859 revocatum
1535 3829 1568 3859 &
1581 3828 1717 3859 irritatum
1731 3838 1747 3858 a
1759 3828 1841 3859 nobis
1856 3838 1904 3866 per
1915 3838 1981 3866 vos,
1995 3827 2040 3858 vel
2053 3829 2189 3868 alios,ubi
2203 3832 2236 3862 ec
2252 3831 2366 3868 quando

1303 3867 1431 3905 expedire
1445 3867 1583 3904 videritis,
1597 3868 1750 3906 nuncietis3
1767 3874 1827 3898 non
1839 3866 2015 3906 obstantibus
2028 3868 2253 3909 quibuscumque
2267 3870 2363 3900 litteris

1303 3905 1478 3944 Apostolicis
1485 3928 1495 3945 ,
1513 3906 1591 3944 super
1607 3905 1659 3936 hiis
1671 3907 1701 3936 iri
1713 3907 1886 3937 contrarium
1898 3905 2069 3944 impetratis:

1339 3975 1407 4006 Dat.
1429 3974 1584 4017 Anagniae,
1606 3974 1720 4009 decimo
1738 3974 1857 4016 septimo
1882 3974 1950 4009 Kal.
1962 3974 2260 4027 Junii,-Pontificatfis
2273 3976 2363 4009 nostri

1302 4024 1378 4047 anno
1390 4014 1474 4046 sexto.
2148 4040 2150 4042 ,

1951 4053 2006 4086 Sub
2011 4052 2066 4098 filo
2080 4052 2186 4086 canabi.

2298 4122 2366 4153 Lit«
