2570 4261
644 173 772 214 ET
886 176 1210 217 ACTA

26 249 102 283 'Ann-
115 244 156 277 D·
172 255 271 293 magio
284 252 396 294 vestro,
416 254 435 285 si
451 254 526 296 quod
540 257 623 287 nobis
633 267 685 295 pro
701 260 779 290 terris
793 258 826 292 δε
841 262 1003 292 tenementis
1024 261 1075 292 illis
1096 261 1235 301 feceritis,

28 295 132 356 3202--
173 305 232 325 non
247 294 383 324 obstante.

212 332 246 363 In
261 333 356 371 cujus,
373 333 433 363 &c.

214 407 304 440 Teste
320 407 403 446 Rege
419 408 492 446 apud
508 407 664 441 Carliolum
673 434 684 449 ,
704 420 749 451 13.
765 411 811 442 die
827 411 935 443 Martii.

216 484 269 517 Per
284 484 454 515 Petitionem
468 484 503 515 de
518 484 652 517 Consilio.

440 615 489 646 De
510 610 595 657 Jare
620 615 734 645 Coronae
754 615 979 650 manutenendo.

32 703 110 735 Ann.
125 699 167 731 D.
186 696 298 754 REX
314 697 556 742 ArclhiepiscopiS,
574 696 732 743 Episcopis,
751 698 922 743 Abbatibus‚
940 701 1101 748 Prioribus,
1113 703 1246 743 Decanis,

53 749 139 781 1307.
209 774 215 779 ἢ
260 737 491 780 Archidiaconis,
512 735 703 781 Cancellariis‘,
720 737 1074 784 Sacristis,·Praebe-r1dariis
1095 753 1123 786 in
1146 743 1246 773 Eccle-

35 785 86 809 Λῃ,
99 789 110 815 3
116 789 143 814 5.
185 773 228 804 sus
244 774 471 813 Cathedrahbus,
488 774 532 805 seu
547 774 726 814 Collegiaris,
744 776 776 806 ὅ(
792 777 925 818 omnibus
938 779 994 808 aliis
1013 780 1133 817 personis
1146 781 1247 812 Eccle-

37 823 68 846 Ε.
88 828 112 845 i.
184 813 312 850 smsticis,
330 814 359 842 in
375 823 551 852 quacumque
573 813 706 851 dignitate
726 814 770 845 vel
793 816 893 845 oft-icio
915 817 1087 858 constitutis,
1104 819 1137 850 ad
1155 830 1224 858 quos
1237 842 1246 858 ‚

36 861 93 884 Pat.
114 864 159 892 35.
183 852 243 882 &c.
261 851 380 881 salutem.

37 899 67 923 Ε.
86 903 109 920 ι.
129 903 167 922 m.
222 890 267 921 Ad
283 889 526 921 conservationem
538 891 606 929 juris
627 890 751 922 Coronae
772 891 872 922 nostrae
889 902 924 922 eo
946 893 1103 931 diligentius
1124 896 1248 926 extendi-

36 942 83 962 ιι,
188 938 251 959 mus
263 936 396 958 mentem
416 928 558 967 nostram,
576 940 633 966 quo
649 930 681 959 ad
705 930 761 960 hoc
774 931 924 968 juramenti
944 933 1059 964 vinculo
1083 934 1185 965 astricti
1206 935 1248 965 su-

188 976 267 1003 muS,
286 977 398 997 necnon
412 968 444 998 &
459 967 525 997 alios
538 967 726 1005 conspicimus
739 969 848 999 dictum
859 971 902 1008 jus
915 971 1039 1002 nostrum
1059 974 1176 1004 intentos
1198 984 1250 1014 pro

189 1005 293 1036 viribus
306 1006 479 1043 impugnare.

227 1042 305 1073 Cum
326 1044 410 1081 igitur
430 1043 548 1074 dilectus
573 1043 699 1074 Clericus
720 1045 829 1084 noster,
855 1046 992 1079 Walterus
1014 1049 1048 1079 de
1074 1049 1252 1091 Bedewynd,

189 1081 390 1120 possessionem
405 1082 595 1112 Thesaurariae
610 1083 639 1112 in
661 1082 785 1114 Ecclesia
808 1085 879 1115 beati
893 1084 967 1116 Petri
990 1086 1133 1127 Eborum,
1150 1091 1251 1120 virtute

190 1120 349 1151 collationis
364 1120 484 1159 nostrae,
502 1121 551 1151 libi
565 1121 630 1151 inde
648 1121 732 1158 pleno
743 1123 802 1160 jure
815 1123 912 1154 nostro
933 1124 1034 1165 satit-ae,
1051 1127 1083 1157 &
1098 1137 1147 1165 per
1161 1128 1253 1158 consi·-

134 1173 135 1176 ¹
190 1159 364 1190 demtionem
379 1159 483 1190 nostrae
500 1159 596 1190 Curiae
610 1163 641 1190 iit
652 1159 777 1197 adeptus:

231 1198 276 1228 Ac
290 1197 501 1228 intenexerimus
511 1198 569 1236 jam
584 1197 619 1227 de
632 1207 727 1242 novo,
745 1202 819 1236 quod
836 1200 948 1238 quidam
951 1223 965 1248 7
978 1203 1037 1240 jura
1059 1203 1143 1234 dietae
1159 1204 1254 1236 Coro-

195 1246 241 1267 nae
257 1236 374 1274 nostrae,
398 1246 513 1266 necnon
529 1236 562 1266 &
580 1235 686 1273 judicia
710 1247 739 1266 m
759 1237 847 1268 Curia
870 1239 966 1269 nostra
987 1241 1107 1279 reddita,
1124 1253 1254 1274 enervare

192 1275 403 1314 praesumentes,
421 1273 661 1312 CommiisioneS,
678 1285 728 1312 per
741 1285 806 1312 quus
820 1276 896 1318 idem
912 1277 1039 1310 Clericus
1053 1280 1160 1319 noster,
1177 1281 1255 1320 super

194 1313 361 1352 possessione
375 1312 421 1343 sua
439 1312 626 1342 Thesiumriae
642 1313 801 1352 praedidtce,
817 1315 907 1352 posset
921 1315 956 1346 de
970 1315 1047 1347 facili
1062 1319 1185 1351 indebite
1200 1329 1257 1351 tur-

196 1354 255 1384 bari
292 1351 373 1382 alicui
384 1350 510 1381 vestrum
524 1349 584 1380 fieri
597 1354 798 1389 procurarunt,

236 1375 318 1428 N’os,
336 1389 460 1419 volentes
480 1389 536 1425 iura
549 1389 639 1419 nostra
661 1389 812 1429 praedicta,
837 1401 870 1421 ac
891 1393 975 1422 etiam
993 1393 1100 1432 judicia
1120 1397 1150 1426 in
1172 1396 1261 1428 Curia

200 1429 295 1460 nostra
314 1429 365 1458 rite
387 1427 538 1458 redditam
559 1429 692 1459 omnibus
712 1437 904 1469 manutenere,
924 1440 1055 1469 quatenus
1074 1435 1152 1465 bono
1171 1436 1260 1466 modo

203 1468 375 1505 poterimus,
392 1467 426 1497 δε
438 1467 507 1497 tueri
517 1489 528 1504 ,

239 1504 343 1544 Vobis,
362 1505 492 1541 omnibus
505 1506 538 1536 &
550 1504 679 1543 singulis,
694 1505 864 1546 injungendo
887 1506 1003 1539 firmiter
1017 1509 1193 1551 inhibemus,
1211 1523 1264 1552 ne,

199 1552 333 1583 praetextu
344 1543 455 1582 alicujus
467 1542 698 1582 Commiffionis,
717 1545 800 1575 vobis
814 1545 858 1576 vel
871 1546 952 1576 alicui
966 1547 1091 1578 vestrum
1105 1560 1151 1587 per
1166 1562 1265 1589 quem-

202 1593 326 1621 cumque
339 1582 439 1620 factae,
458 1582 503 1612 vel
518 1581 673 1620 faciendae,
690 1582 769 1620 super
788 1584 967 1615 Thesauraria
988 1587 1138 1627 praedicta,
1153 1598 1198 1619 aut
1217 1590 1266 1620 ali-

201 1622 303 1660 quibus
320 1621 355 1651 ad
377 1631 441 1651 eam
461 1621 674 1659 pertinentibus,
691 1623 861 1664 quicquam,
881 1624 962 1654 nobis
984 1625 1157 1664 inconsultis,
1174 1627 1267 1659 facere

206 1660 390 1698 praesumaris,
410 1669 458 1697 per
474 1659 550 1697 quod
563 1659 654 1690 dietus
670 1659 796 1690 Clericus
816 1660 925 1700 noster,
943 1661 1020 1700 super
1038 1664 1203 1702 possessione
1224 1667 1270 1698 suci⁴

204 1699 395 1729 Thesaurariae
408 1698 572 1736 praedic'tae,
589 1697 633 1728 seu
651 1697 805 1736 aliquorum
829 1699 862 1729 ad
878 1700 995 1731 eandem
1009 1701 1193 1740 spectantium
1203 1728 1212 1743 ,
1228 1706 1270 1735 in-

205 1737 302 1805 debciite
318 1737 484 1775 perturbari,
501 1744 546 1767 aut
556 1737 612 1775 juri
628 1735 753 1767 Coronae
769 1736 871 1767 nostrae
894 1738 1023 1777 derogari
1038 1741 1123 1772 valeat
1140 1753 1271 1781 quoquo-

206 1786 257 1806 mo
278 1786 306 1806 o.

246 1813 371 1844 Scientes
385 1823 438 1852 pro
452 1821 531 1844 certo
552 1813 647 1852 quod,
666 1813 685 1844 fi
706 1813 782 1844 secus
798 1814 933 1855 feceritis,
950 1816 984 1847 ad
1005 1828 1073 1856 vos,
1091 1826 1220 1858 tanquam
1237 1821 1272 1852 ad

206 1852 353 1921 viqlatores
359 1853 441 1922 jurigc
441 1852 529 1882 nostri
542 1853 632 1891 regii,
648 1861 708 1882 non
723 1854 855 1884 inmerito
869 1856 989 1891 graviter
1004 1858 1151 1894 capiemus.

263 1902 281 1921 n
295 1901 390 1929 quuS,
443 1901 468 1921 c.

247 1966 337 1999 Teste
350 1967 437 2005 Rege
452 1967 525 2006 apud
543 1967 697 1999 Karliolum
716 1978 760 1999 10.
774 1968 821 2000 die
836 1969 943 2001 Martii.

247 2043 300 2075 Per
314 2045 398 2075 breve
412 2044 447 2075 de
460 2046 568 2083 privato
581 2045 692 2083 Sigfflo.
756 2031 759 2034 Δ

221 2134 272 2142 ⁶⁹-

400 2191 452 2224 De
473 2189 699 2224 curialitatibus
715 2191 882 2234 ⁴Cardinali
902 2190 1084 2226 exhibendis.
1108 2202 1118 2206 ·’

63 2248 140 2307 Anii.
153 2273 196 2304 D.
283 2272 341 2305 EX
361 2274 470 2305 dilestis
483 2276 533 2305 sibi
548 2273 667 2313 Majori,
695 2275 834 2316 Civibus,
850 2276 975 2315 Ballivis,
991 2277 1024 2308 &
1039 2278 1092 2308 toti
1106 2277 1281 2309 Communi-

88 2322 173 2354 1307.
301 2314 348 2343 tati
362 2312 490 2343 Civitatis
504 2314 630 2344 Eborum
661 2313 784 2344 salutern.

65 2357 118 2382 Aa.
137 2364 149 2390 3
154 2362 181 2389 5.
256 2350 334 2381 Cum
348 2352 508 2382 venerabilis
522 2351 617 2390 Pater,
636 2335 780 2383 lDominus
794 2352 826 2383 P.
840 2353 993 2383 Sabinensis
1005 2353 1282 2393 Episcopus,Sacro-

66 2395 96 2420 Ε.
114 2401 137 2418 i.
219 2389 322 2420 santffme
341 2389 483 2420 Romanae
497 2390 630 2420 Ecclesiae
644 2390 810 2428 Cardinalis,
829 2392 862 2421 &
876 2393 982 2422 amicus
1004 2393 1096 2422 noster
1110 2394 1282 2424 charissimus

68 2429 157 2465 claus.
223 2429 281 2466 (qui
305 2428 320 2457 a
344 2428 425 2458 latere
449 2428 573 2458 Domini
594 2428 697 2458 summi
718 2427 861 2459 Pontificis
881 2428 993 2467 miffus,
1010 2431 1039 2460 in
1062 2431 1212 2461 Nuncium
1248 2432 1282 2462 ad

72 2476 118 2503 35.
133 2472 162 2494 E.
177 2475 201 2493 ¹·
220 2477 271 2497 nos
284 2466 369 2505 usque
384 2465 539 2497 Karliolum
561 2476 649 2504 nuper
669 2468 756 2503 venit)
770 2467 830 2505 jam
845 2467 876 2497 sit
887 2467 921 2497 ad
938 2477 1024 2505 partes
1043 2471 1165 2507 proprias
1179 2455 1283 2501 reditu-

68 2515 106 2535 m.
123 2514 166 2532 12.
177 2505 203 2533 d.
222 2516 281 2536 rus·

259 2529 350 2574 Vobis
365 2541 529 2573 mandamus
549 2551 694 2581 rogantes,
711 2543 836 2581 quatinus
855 2543 948 2574 eidem
971 2543 1105 2575 Domino
1123 2545 1285 2585 Cardinali,

222 2592 291 2614 cum
308 2581 394 2619 ipsum
416 2581 450 2611 ad
466 2580 619 2612 Civitatem
641 2581 806 2619 praedietam
821 2583 916 2612 venire
930 2585 1096 2622 contigerit,
1114 2593 1217 2622 quanto
1232 2586 1286 2615 ho-

224 2620 376 2652 norabilius
391 2620 424 2650 ὃς
440 2619 583 2659 decentius
600 2621 735 2658 poteritis,
754 2621 871 2651 obviarn
887 2621 968 2658 eatis,
1059 2640 1061 2644 ,

260 2659 306 2689 Ac
320 2659 442 2689 eundem
458 2657 635 2689 Cardinalem
651 2658 685 2689 δί
700 2658 765 2690 alios
780 2659 816 2689 de
832 2659 940 2689 familia
954 2659 999 2690 sua
1010 2660 1039 2690 in
1055 2660 1162 2691 dietam
1179 2660 1286 2692 Civita-

220 2705 282 2728 tem
294 2697 428 2729 curialiter
441 2696 634 2735 admittentes,
651 2696 761 2736 ipsum,
779 2698 808 2728 in
823 2698 946 2727 exenniis
959 2699 993 2729 &
1008 2698 1064 2728 aliis
1079 2700 1287 2739 curialitatibus,

223 2746 294 2767 cum
306 2744 382 2767 tanto
397 2736 525 2774 honore,
543 2744 647 2774 quanto
658 2737 798 2775 poteritis,
814 2735 961 2774 respiciatis
974 2736 1061 2767 nostri
1079 2739 1231 2776 rogaminis
1245 2740 1289 2769 in—

224 2783 350 2806 terventu
1125 2795 1128 2798 ⁴
1200 2792 1201 2795 =

264 2813 338 2844 Non
354 2797 541 2851 permittentes
555 2811 630 2851 quod
644 2812 805 2844 hominibus
820 2810 890 2844 dieii
905 2813 1025 2844 Domini
1036 2813 1202 2854 Cardinalis,
1220 2816 1289 2847 dum

226 2851 300 2883 infra
314 2851 466 2883 Civitatem
478 2851 646 2889 praedic‘tam
664 2850 802 2890 steterint,
828 2851 894 2883 fiant
907 2853 1113 2891 quoquomodo
1136 2854 1156 2874 ³*
1177 2855 1291 2894 injuria,

236 2890 378 2929 molestia,
397 2890 569 2929 dampnum,
592 2889 828 2928 impedimentum
840 2890 971 2930 aliquod,
988 2891 1032 2922 seu
1048 2901 1214 2932 gravamen,

268 2929 326 2960 Aut
349 2929 425 2967 quod
444 2928 574 2959 victualia
593 2930 622 2959 in
647 2928 746 2959 eadem
764 2928 902 2968 Civitate,
920 2939 1030 2968 propter
1049 2930 1199 2961 adventurn
1221 2931 1291 2962 dicu·

232 2966 357 2998 Domini
370 2966 522 2998 Cardinalis
536 2967 658 3006 ibidem,
675 2967 880 3006 subtrahantur,
899 2976 945 2999 aut
968 2969 1057 3000 carius
1071 2970 1238 3009 vendantur,
1255 2971 1292 3001 set

232 3005 310 3044 quod
324 3005 479 3036 venditioni
495 3005 695 3037 habundantius
708 3016 791 3044 quam
805 3007 1005 3038 consueverunt
1021 3016 1202 3046 exponantur.

269 3044 386 3075 Faciatis
400 3044 484 3074 etiam
499 3043 593 3074 eidem
607 3043 739 3075 Domino
759 3043 914 3084 Cardinali,
930 3055 964 3076 ac
987 3046 1151 3077 hominibus
1171 3046 1223 3078 suis
1244 3048 1294 3078 ha·-

194 3095 195 3098 ’
231 3084 298 3114 bere
312 3082 496 3120 Cariagium,
514 3091 582 3112 cum
597 3081 662 3112 inde
674 3081 783 3114 neceffe
796 3083 958 3123 habuerint,
972 3084 1006 3115 ὃς
1021 3086 1056 3115 ab
1071 3085 1132 3123 ipsis
1147 3086 1224 3124 super
1236 3086 1293 3118 hoc

231 3122 334 3153 fueritis
348 3121 524 3159 praemoniti,

270 3159 307 3191 Et
327 3157 465 3199 praemiffa
477 3159 576 3189 omnia
595 3158 628 3189 &
649 3157 754 3196 singula
772 3159 893 3199 faciatis,
910 3168 994 3198 prout
1015 3160 1133 3193 dilectus
1153 3161 1187 3193 &
1209 3161 1296 3193 fidelis

233 3199 328 3230 noster
339 3198 480 3238 Johannes
495 3197 531 3228 de
544 3196 674 3235 Banquell
693 3198 790 3235 (quem
811 3199 846 3230 ad
861 3199 970 3230 dictum
992 3199 1185 3240 Cardinalern,
1205 3201 1242 3231 sic
1260 3201 1294 3232 ad

236 3245 324 3276 partes
336 3236 523 3268 tranfinarinas
537 3234 697 3266 redeuntem
733 3236 804 3267 dum
818 3237 888 3268 infra
910 3238 1047 3275 Regnum
1068 3239 1165 3279 fuerit,
1185 3241 1295 3271 condu-

238 3275 363 3307 cendum
375 3271 578 3313 deputavimus)
596 3274 678 3303 vobis
692 3258 761 3304 sZire
773 3272 857 3306 faciet
871 3286 904 3306 ex
920 3286 995 3314 parte
1008 3277 1119 3317 nostra,

275 3313 366 3344 Vobis
377 3314 461 3343 etiam
476 3311 577 3343 exinde
589 3311 659 3342 scire
675 3319 764 3348 grates
776 3313 906 3346 volumus
918 3314 1053 3352 speciales.

94 2841 115 2861 ²¹²
132 2841 171 2870 11.

78 2890 161 2918 ¹047·

274 3389 364 3420 Teste
378 3388 461 3427 Rege
478 3388 552 3428 apud
569 3387 728 3420 Karliolum
745 3389 790 3419 16.
802 3388 849 3421 die
863 3390 970 3422 Martii.

274 3465 387 3497 Eodem
399 3464 488 3496 modo
496 3465 622 3502 scribitur
632 3464 804 3504 subscriptis,
817 3466 874 3499 viz.

273 3541 427 3581 Majoribm
435 3565 445 3581 ,
462 3532 594 3580 civibus,
613 3540 736 3571 Ballivis
747 3541 786 3578 &
799 3545 1040 3576 communitatibus
1048 3548 1203 3576 Civitatum
1214 3548 1294 3577 Line.

237 3579 362 3615 Londbn.
374 3579 413 3616 ὦ·
429 3584 566 3612 Cantuar.

272 3624 313 3700 ᾖξε
324 3619 457 3694 gagivis
478 3618 517 3654 ὀ·
538 3619 781 3650 Communitati'bus
805 3621 838 3650 de
860 3621 1001 3662 Graham,
1024 3623 1191 3663 Staunford,
1207 3625 1295 3655 Hunt.

236 3663 276 3691 Ro
300 3683 306 3689 .
406 3668 480 3688 ovor.

88 3820 164 3854 Ann-
181 3811 241 3849 Ds
268 3804 318 3836 De
340 3801 492 3836 Conduau
509 3811 564 3850 pro
592 3777 775 3844 Cardinale,
799 3800 937 3835 redeunte
954 3801 998 3835 ad
1007 3813 1111 3850 partes
1126 3804 1280 3850 transma-

27 3895 33 3897 „
112 3867 199 3899 1307,
724 3862 817 3884 νικας.
1045 3889 1049 3893 ,

88 3901 207 3964 ῗ.”ι“.””
238 3950 241 3952 -
301 3933 359 3966 EX
374 3935 478 3967 diiecto
492 3937 525 3967 &
538 3934 612 3981 flaui
625 3935 691 3975 suo,
705 3935 826 3980 Johamii
840 3935 875 3967 de
888 3935 1035 3983 Baqquen,
1049 3936 1171 3982 saintes.

90 3978 151 4006 Par,
174 3982 219 4011 35·
340 3973 417 4005 Cum
435 3975 593 4006 venerabilis
607 3974 686 4005 Pater
695 3998 704 4013 ,
722 3974 864 4005 Dominus
879 3974 911 4004 P.
925 3976 1053 4007 sabinen.
1068 3976 1239 4015 Episcopus,
1253 3975 1301 4007 Sa-

91 4016 122 4040 Ε.
143 4021 165 4039 ι.
183 4021 221 4040 m.
247 4010 400 4042 crosanetae
413 4012 552 4044 Romanae
568 4013 699 4043 Ecclesiae
714 4012 882 4050 Cardinalis,
898 4013 933 4044 &
947 4014 1065 4046 Amicus
1086 4015 1179 4046 noster
1199 4014 1302 4044 cariffi-

93 4059 140 4078 22.
248 4058 311 4080 mus
330 4050 406 4089 (qui,
423 4052 439 4082 ὲ
455 4052 539 4084 latere
560 4051 682 4083 Domini
701 4050 799 4082 summi
815 4051 957 4083 Pontificis
977 4053 1087 4092 missus,
1104 4054 1134 4084 iri
1151 4053 1302 4084 Nuncium

1323 178 1905 236 PUBLICA.
2276 214 2323 255 71

1273 263 1468 335 egdnmesmtgsque
1483 270 1517 302 ad
1532 270 1686 306 Karliolum
1706 284 1796 314 nuper
1817 278 1903 315 venit)
1921 279 1982 317 jam
2001 276 2032 312 fit
2053 282 2086 313 ad
2101 293 2186 321 partes
2207 290 2329 326 proprias
2342 283 2417 318 Arsi.
2431 284 2473 316 Di

1313 341 1392 381 Nos,
1411 329 1536 389 'corditer
1560 347 1717 380 affedhantes
1741 351 1851 383 dierum
1870 354 2033 387 Dominum
2055 356 2232 392 cardui-ilem
2267 372 2326 394 tam
2345 332 2456 391 Eam-03

1278 379 1318 421 ob
1337 389 1517 423 reverentiam
1531 386 1601 430 dicti
1615 387 1716 418 summi
1732 388 1887 436 pontificis,
1905 394 1938 423 ὃ(
1953 394 2020 425 sedis
2036 396 2226 438 Apostolicae,
2242 384 2328 439 {quam

1278 424 1376 449 intuitu
1391 421 1513 457 person-„e
1534 424 1652 462 ejusdem
1674 425 1841 467 Cardinahs,
1861 430 1932 461 infra
1955 431 2088 471 Regnum
2111 437 2144 467 &
2166 438 2328 475 potestitem

1280 455 1403 486 nostram
1420 459 1550 491 decenter
1565 473 1612 499 per
1627 474 1677 493 nos
1692 464 1724 494 &
1746 466 1851 497 nostros
1873 468 1964 500 fideles
1979 471 2099 508 singulos
2113 475 2260 516 honorari,
2279 478 2329 508 ha-

1280 493 1429 561 ῗέἓῑείᾲυε
1450 498 1486 529 de
1508 500 1605 531 vestrae
1630 502 1887 540 circumspectionis
1911 508 2041 540 industria
2066 511 2199 544 fiduciam
2222 515 2330 552 plenio-

1319 569 1378 615 Vos
1391 573 1541 606 addietum
1549 575 1743 616 Cardinalem‚
1761 578 1798 608 fic
1812 580 1846 609 ad

1282 605 1349 637 dum
1362 609 1431 653 infra
1446 612 1583 649 Regnum
1598 616 1723 646 nostrum
1735 617 1814 647 fuerit
1846 618 2038 655 deputavimus
2051 626 2281 659 conducendum:

1320 645 1354 676 Et
1372 648 1440 691 ‘ideo
1461 652 1540 681 vobis
1563 654 1725 684 mandamus
1750 640 1828 692 quod³
1849 657 1936 693 ipsum
1955 658 2117 693 Doiixinum
2135 665 2315 697 Cardinalem

1283 683 1354 714 dum
1370 687 1440 717 infra
1454 689 1563 732 dictum
1585 691 1722 728 Regnum
1745 692 1871 724 nostrum
1893 695 1930 725 fic
1951 696 2049 736 fuerit,
2067 711 2168 738 quanto
2191 690 2335 736 decentia}

1283 722 1316 752 &
1330 723 1517 769 honorabilius
1532 730 1668 768 poteritis,
1686 730 1865 770 conducatis,
1883 743 1940 762 non
1953 738 2136 771 permittentes
2151 742 2226 778 quod
2240 743 2335 774 eidem

1285 759 1440 804 Cardinali,
1458 775 1502 795 aut
1517 767 1677 798 hominibus
1691 768 1758 808 suis,
1777 770 1791 798 a
1812 771 2031 810 quibuscumque
2053 774 2117 806 siant
2138 779 2255 819 injuria,
2272 791 2336 812 mo-

1284 797 1376 837 lestia,
1392 801 1532 842 dampna,
1549 806 1783 843 impedimentum
1796 808 1924 847 aliquod,
1941 810 1984 840 seu
2001 821 2160 847 gravamen.

1321 837 1519 872 Mandavimus
1533 844 1609 872 enim
1625 844 1864 884 vicecomitibus,
1883 847 2057 888 Majoribus,
2076 851 2109 881 ὃς
2132 852 2238 884 Ballivis
2258 855 2338 887 loc0⁴

1285 885 1366 918 runi,
1383 887 1506 921 per—quae
1522 881 1659 912 credimus
1672 882 1760 920 ipsum
1777 884 1865 915 versis
1879 885 1965 916 dictas
1981 890 2246 930 partesrediturum,
2264 895 2339 931 quod

1285 914 1461 959 victualiaqin
1477 917 1584 948 Ballivis
1602 919 1670 958 suis,
1693 922 1722 950 in
1738 922 1840 958 magna
1857 922 2058 964 habundantia,
2076 929 2233 959 venditioni
2255 941 2341 969 expo-

1287 961 1332 989 ni,
1351 953 1383 982 ὅ(
1397 954 1475 985 dieto
1484 955 1638 995 Cardinali‚
1655 968 1688 988 ac
1702 959 1861 989 hominibus
1876 961 1926 991 suis
1941 964 2112 1004 carragium,
2130 977 2197 997 curn
2214 969 2341 1005 indigue-

1287 991 1340 1019 rint
1375 991 1475 1022 habere
1495 993 1614 1034 faciant,
1631 1005 1710 1033 prout
1732 1007 1782 1027 vos
1802 998 1884 1027 dietis
1900 1000 2143 1043 Vicecomitibus,
2168 1005 2343 1047 Majonbus,

1289 1028 1322 1059 ὃς
1338 1012 1510 1074 ᾗαᾘίνίελεκ
1526 1034 1705 1077 parte-nostri
1720 1035 1825 1072 plenius
1842 1037 1996 1074 injungetis.

1327 1066 1363 1096 Et
1376 1068 1514 1105 pi‘aemiffa
1528 1080 1623 1101 omma
1638 1072 1671 1102 &
1686 1073 1789 1110 singula
1811 1075 1847 1104 ita
1862 1075 2063 1114 circumspecte
2084 1080 2117 1110 δε
2132 1082 2247 1118 provide
2263 1083 2346 1115 facia-

1289 1105 1619 1182 tisinqggjcluglili‘iggcintiam
1633 1109 1754 1141 vestram
1769 1113 1902 1150 possimus
1915 1116 2016 1144 merito
2035 1119 2242 1151 commendare.

1461 1167 1471 1183 ,
1541 1168 1547 1175 .

1860 590 1944 618 partes
1956 585 2142 618 transmarinas
2154 590 2314 622 redeuntem
2323 614 2334 630 ‚

1331 1219 1418 1251 Teste
1433 1221 1517 1260 Rege
1529 1224 1601 1262 apud
1616 1224 1774 1257 Karliolum
1796 1228 1837 1258 16.
1852 1227 1898 1258 die
1914 1227 2023 1260 Martii.

1473 1347 1531 1380 Ad
1550 1352 1666 1396 Papam
1681 1377 1690 1393 ‚
1710 1362 1764 1397 pro
1788 1355 1932 1386 prioratu
1954 1352 1990 1386 de
2015 1355 2178 1399 Lanretqfi‘.

1349 1430 1420 1469 Apae
1436 1431 1498 1462 Rex
1514 1433 1614 1465 devota
1627 1435 1730 1473 pedum
1746 1436 1837 1468 oscula
1848 1439 2000 1469 beatorum.
2376 1441 2450 1474 Ann.
2462 1438 2501 1472 Ι),

1386 1469 1463 1500 Pater
1474 1471 1583 1515 fauste,
1598 1473 1628 1503 in
1641 1474 1711 1513 hiis,
1729 1486 1791 1513 quae
1807 1475 1841 1506 ad
1864 1476 1972 1507 cultum
1994 1476 2083 1508 divini
2103 1479 2226 1511 nominis
2265 1481 2298 1512 &
2314 1478 2358 1513 fo-
2398 1488 2480 1520 1307.

1301 1515 1430 1552 mentum
1443 1509 1584 1547 religionis
1598 1514 1732 1549 pertinere
1748 1514 1897 1545 noscuntur
1906 1537 1916 1553 ,
1933 1517 1971 1545 eo
1988 1515 2115 1547 libentius
2128 1518 2225 1549 vestrae
2236 1503 2357 1551 ’Reatitu-
2379 1524 2432 1546 Aa.
2446 1527 2487 1555 35·

1301 1545 1360 1576 dini
1379 1556 1472 1584 preces
1492 1548 1596 1580 nostras
1613 1553 1800 1591 porrigimus,
1818 1563 1875 1590 quo
1897 1563 1958 1592 eas,
1981 1555 2020 1583 ob
2036 1554 2210 1592 supplicantis
2231 1558 2361 1589 devotio-
2380 1562 2410 1584 E·
2438 1567 2459 1583 ¹·

1303 1595 1386 1624 nem,
1403 1586 1526 1616 exaudiri
1549 1587 1566 1617 a
1586 1588 1675 1619 vestra
1696 1589 1856 1622 Clementia
1875 1591 2050 1623 favorabilius
2068 1594 2207 1625 credimus
2228 1596 2262 1627 &
2275 1595 2362 1634 spera·
2379 1599 2510 1623 kannam.

1303 1633 1373 1653 mus.
2383 1637 2465 1669 35:15.
2487 1642 2511 1659 i.

1345 1660 1427 1692 Cum
1442 1664 1533 1702 itaque
1550 1663 1685 1696 Prioratus
1701 1665 1736 1697 de
1752 1666 1915 1706 Lanretost,
1933 1666 2105 1700 Carliolensis
2127 1670 2270 1712 Diocefis,
2286 1674 2363 1711 juxta
2381 1682 2415 1699 m.
2434 1681 2458 1707 3-

1307 1699 1429 1731 confinia
1443 1711 1523 1732 terrae
1538 1703 1638 1735 nostrae
1659 1704 1763 1735 Scotiae
1776 1706 1853 1744 situs,
1872 1716 1919 1744 per
1942 1708 2170 1739 combustionem
2192 1710 2364 1751 domorum,

1308 1749 1341 1768 ac
1356 1738 1590 1777 depraedationem
1605 1743 1746 1774 bonorum
1764 1744 1886 1781 ejusdem
1904 1744 2060 1785 prioratus,
2076 1757 2125 1787 per
2138 1747 2253 1787 Scotos,
2270 1751 2365 1780 inimi-

1310 1787 1360 1807 cos
1375 1778 1408 1808 ὃς
1423 1780 1535 1809 rebelles
1548 1780 1672 1819 nostros,
1689 1792 1737 1820 per
1754 1781 1820 1812 fines
1844 1782 1940 1820 Regni
1959 1784 2047 1814 nostri
2060 1785 2121 1822 ipsis
2141 1788 2267 1826 vicinos,
2285 1788 2367 1818 inhu-

1311 1817 1426 1846 maniter
1440 1827 1617 1857 perpetratas,
1635 1820 1828 1858 depauperatus
1841 1821 1935 1851 existat
1949 1822 2105 1862 plurimum
2120 1824 2154 1854 &
2167 1825 2297 1856 vastatus:

1350 1854 1466 1893 Nosque
1481 1859 1627 1894 paupertati
1639 1858 1805 1889 dilectorum
1822 1860 1902 1889 nobis
1918 1861 1947 1889 in
1961 1859 2075 1891 Christo
2085 1885 2094 1900 ,
2110 1861 2211 1893 Prioris
2224 1863 2257 1895 &
2273 1864 2368 1895 Cano-

1310 1894 1441 1923 nicoruni
1454 1894 1590 1926 prioratus
1612 1897 1755 1935 praedirfti,
1773 1898 1825 1935 piis
1844 1899 2043 1935 compatientes
2057 1898 2248 1941 *affectibus,
2265 1903 2304 1933 ob
2311 1903 2385 1942 spe-·
2431 1895 2445 1912 ⁸'
2462 1894 2501 1922 ῙΪ·

1312 1931 1413 1961 cialem
1426 1933 1624 1972 devotionem,
1643 1945 1726 1973 quam
1738 1935 1771 1966 ad
1786 1936 1893 1966 beatam
1907 1936 2031 1967 Mariam
2046 1937 2226 1975 Magdalenae
2244 1942 2285 1978 (in
2293 1943 2371 1979 cujus
2395 1934 2474 1969 ¹043»

1313 1969 1420 2001 honore
1435 1971 1500 2002 illud
1517 1971 1695 2003 Coenobium
1707 1973 1748 2003 est
1762 1973 1917 2011 fundatum)
1936 1976 2058 2011 gerimus
2069 1976 2103 2007 &
2118 1977 2265 2008 habemus:

1349 2007 1475 2039 Necnon
1486 2011 1519 2040 &
1535 2019 1647 2078 gomer
1660 2011 1795 2042 diutinam
1810 2022 1920 2042 moram
1933 2013 2072 2052 nostram,
2090 2025 2173 2053 quam
2181 2026 2268 2055 nuper
2282 2018 2312 2048 in
2324 2028 2374 2048 eo-

1315 2045 1382 2076 dem
1401 2047 1520 2079 fecimus
1562 2051 1677 2088 rioratu,
1700 2050 1768 2081 dum
1793 2050 1900 2080 adversa
1917 2053 2041 2089 corporis
2057 2053 2213 2084 valetudine
2230 2057 2372 2093 premeba-

1317 2088 1398 2125 mur,
1415 2086 1573 2118 dederimus
1585 2088 1688 2118 eisdem
1705 2087 1793 2118 Priori
1812 2089 1845 2119 &
1861 2088 2013 2120 Canonicis
2029 2090 2226 2123 advocationes
2238 2092 2374 2124 Ecclesia-

1316 2132 1378 2153 rurn
1398 2124 1434 2154 de
1454 2124 1575 2156 Mitford
1597 2127 1630 2156 &
1643 2126 1678 2156 de
1693 2125 1833 2157 Cariaton.
1871 2126 2041 2158 Dunelmen.
2060 2130 2093 2160 &
2111 2128 2263 2161 Karliolen.
2286 2131 2374 2163 Dioc.

1317 2172 1381 2200 quae
1395 2161 1431 2192 de
1443 2163 1539 2194 nostro
1554 2164 1613 2194 sunt
1627 2173 1781 2202 patronatu:

1334 2210 1339 2213 ’
1353 2200 1485 2232 Volentes
1500 2203 1533 2233 ὃς
1547 2203 1748 2241 concedentes,
1765 2210 1899 2242 quantum
1912 2203 1942 2234 in
1957 2205 2038 2234 nobis
2049 2204 2090 2235 est
2098 2228 2108 2243 ‚
2126 2206 2203 2244 quod
2219 2205 2270 2245 ipfi
2283 2206 2316 2238 ad
2332 2219 2375 2239 re-

1318 2239 1488 2271 levationem
1510 2239 1592 2271 statsis
1606 2241 1662 2279 sui,
1680 2241 1787 2271 easdem
1803 2242 1952 2278 Ecclesias,
1969 2243 2131 2274 cedentibus
2149 2253 2194 2274 aut
2215 2246 2374 2278 decedenti-

1318 2279 1369 2322 bus
1390 2278 1550 2347 redtffrglbusl
1564 2279 1741 2319 earumdem,
1758 2281 1898 2311 canonice
1917 2279 2021 2320 assequi
2041 2281 2164 2320 valeant,
2181 2284 2212 2313 in
2233 2283 2292 2315 usus
2313 2295 2379 2323 pro-

1335 2325 1392 2346 ·rios
1467 2327 1475 2346 i
1495 2327 1531 2347 en
1552 2327 1594 2347 as·

1319 2327 1338 2355 p
1357 2326 1498 2385 Smxgirati
1515 2341 1611 2385 vestr'ae
1634 2355 1741 2387 devotis
1757 2357 1886 2394 precibus
1906 2356 2106 2396 supplicamus,
2123 2360 2248 2396 quatinus
2270 2360 2380 2400 ὥᾶος,

1320 2392 1447 2423 Priorem
1462 2393 1495 2423 &
1510 2393 1687 2432 Canonicos,
1704 2394 1910 2432 praemissorum
1930 2396 2046 2434 intuitu,
2063 2396 2204 2434 nostn'que
2224 2401 2375 2437 rogaminis

1320 2433 1492 2469 interventu,
1510 2432 1656 2469 habentes,
1682 2433 1701 2462 si
1728 2432 1833 2471 placet,
1851 2435 1967 2470 paternis
1990 2431 2134 2464 affefflbus
2151 2436 2382 2476 commendatos,

1320 2469 1397 2507 quod
1414 2470 1461 2507 ipsi
1477 2470 1623 2507 praediffitas
1636 2470 1785 2509 Ecclefias,
1804 2471 1965 2501 cedentibus
1976 2480 2021 2502 aut
2034 2472 2232 2504 decedentibus
2247 2474 2382 2506 Reitori-

1321 2509 1371 2538 bus
1389 2509 1571 2546 earumdem,
1588 2510 1616 2538 in
1632 2510 1757 2547 proprios
1778 2509 1837 2540 usus
1858 2518 1951 2540 tenere
1966 2510 2072 2541 valeant
2090 2512 2123 2542 &
2146 2511 2264 2552 habere,
2281 2513 2330 2544 sibi
2347 2513 2381 2544 δε

1320 2545 1517 2577 successoribus
1531 2546 1582 2576 suis
1594 2549 1817 2585 imperpetuum,
1835 2548 1870 2577 ad
1884 2548 2079 2579 relevationem
2094 2548 2179 2580 status
2191 2549 2329 2590 ipsorum,
2345 2552 2380 2582 &

1322 2585 1410 2629 divini
1425 2584 1714 2631 ciiltsisaugmeiitum
1723 2608 1733 2624 ,
1749 2586 1909 2617 austeritate
1923 2586 2267 2626 Apostolica,concedere
2280 2589 2383 2628 digne-

1324 2633 1396 2653 mini
1413 2632 1541 2659 gratiose.

1361 2660 1516 2693 Conservet
1526 2684 1537 2700 ,
1554 2661 1615 2692 &c.

1362 2737 1429 2769 Dat.
1445 2739 1518 2776 apud
1536 2736 1693 2769 Karliolum
1712 2746 1757 2778 17.
1772 2739 1817 2769 die
1833 2738 1939 2771 Martii.

1403 2847 1406 2849 Δ
1437 2866 1534 2910 Sup‘cr
1557 2864 1775 2896 Concelctmenro
1800 2864 1949 2897 Coronellae
1972 2861 2093 2898 Roberri
2115 2865 2151 2898 de
2174 2867 2264 2901 Brus.

1393 2947 1450 2980 Ex
1465 2948 1596 2979 omnibus
1607 2947 1716 2979 Ballivis
1735 2949 1767 2980 &
1782 2946 1905 2979 fidelibus
1917 2949 1986 2988 suis,
2002 2949 2037 2980 ad
2061 2959 2145 2989 quOS,
2162 2951 2223 2982 &c.
2241 2951 2362 2984 salutem.
2410 2956 2484 2989 Ami,
2498 2956 2539 2993 D,

1330 2952 1393 3023 R
1432 2987 1528 3017 Sciatis
1547 2986 1642 3026 quod,
1667 2986 1702 3018 ad
1723 2986 1879 3018 instantiam
1902 2987 2087 3027 Margaretae,
2112 2989 2235 3027 Reginae
2257 2991 2387 3030 Angliae,
2431 3007 2515 3037 1307·

1331 3024 1483 3095 Conlsort}
1495 3025 1597 3055 nostrae
1617 3024 1782 3064 cariffimae,
1800 3026 2014 3064 pardonavimus
2034 3025 2168 3058 Galfrido
2189 3028 2225 3059 de
2248 3028 2388 3068 Coigners
2409 3040 2483 3073 An.3
2490 3044 2518 3071 5.

1331 3073 1388 3097 tran
1404 3075 1452 3095 erre
1477 3074 1571 3094 ionem
2412 3079 2438 3103 Ει
2462 3083 2486 3104 ι·

1369 3089 1467 3142 Q³iarn
1482 3101 1549 3132 fecit
1563 3087 1708 3140 postquam
1723 3101 1850 3139 quaedam
1862 3100 2001 3133 coronella
2013 3113 2110 3143 aurea,
2126 3104 2162 3135 de
2177 3104 2230 3143 qui
2251 3105 2390 3137 Robertus
2410 3116 2467 3140 Par.
2490 3118 2535 3149 35.

1333 3143 1369 3174 de
1383 3142 1468 3180 Brus,
1484 3141 1616 3171 Inimicus
1636 3139 1668 3169 &
1684 3138 1806 3170 Rebellis
1826 3140 1934 3179 noster,
1951 3142 1980 3171 in
1995 3142 2067 3172 terra
2087 3143 2180 3173 nostr&
2201 3143 2322 3182 Scotiae,
2338 3155 2390 3175 nu-
2409 3155 2436 3177 Ε.
2462 3159 2485 3177 i.
2504 3159 2541 3177 m«.

1334 3191 1383 3220 per
1396 3180 1422 3211 se
1438 3180 1565 3211 coronari
1580 3178 1664 3215 fecit,
1680 3177 1714 3207 ad
1731 3188 1827 3208 manus
1843 3179 1962 3217 ejusdem
1979 3179 2100 3211 Galfridi
2114 3181 2241 3220 devenit,
2413 3188 2458 3215 28,

1372 3218 1552 3249 Coronellam
1567 3217 1643 3246 illam
1657 3216 1801 3246 retinendo
1813 3217 1846 3248 ὃς
1861 3217 2052 3257 concelando,
2071 3219 2144 3249 unde
2157 3219 2232 3249 idern
2247 3217 2391 3251 Galfridus

1335 3268 1434 3290 coram
1451 3256 1531 3287 nobis
1544 3255 1576 3286 &
1597 3253 1731 3284 Concilio
1745 3254 1840 3285 nostro
1852 3256 2040 3287 occasionatus
2053 3258 2140 3287 exiitit
2152 3258 2185 3287 δε
2201 3258 2354 3288 ςοηνίἃυε.

1372 3296 1507 3326 Nolentes
1521 3292 1595 3332 quod
1608 3293 1698 3322 dieras
1712 3291 1853 3324 Galfridus
1867 3303 1914 3332 per
1927 3304 1994 3332 nos,
2012 3295 2055 3325 vel
2068 3295 2187 3324 haeredes
2200 3294 2325 3334 nOstrOS,
2344 3294 2388 3327 seu

1334 3334 1482 3365 Ministros
1505 3331 1612 3363 nostros
1635 3330 1842 3370 quoscumque,
1872 3332 1938 3363 inde
1955 3333 2146 3363 occasionetur
2167 3334 2198 3362 in
2219 3332 2328 3372 aliquo,
2345 3334 2389 3364 seu

1335 3381 1472 3411 gravetur.

1372 3411 1405 3442 ln
1419 3411 1494 3448 cujus
1502 3432 1511 3445 ,
1528 3408 1586 3439 &e

1373 3449 1444 3480 Test
1460 3448 1539 3483 Rege
1554 3445 1626 3483 apud
1642 3444 1796 3477 Karliolum
1812 3455 1859 3476 20.
1877 3445 1923 3476 die
1938 3444 2043 3477 Martii.

1372 3488 1424 3519 Per
1440 3485 1527 3524 ipsum
1541 3483 1655 3522 Regem
1668 3486 1817 3515 nunciante
1830 3484 2023 3514 Thesaurario.

1386 3613 1618 3659 Deprecatoria,
1639 3619 1694 3655 pro
1718 3605 1928 3642 cardinalibus
1950 3611 1986 3647 (j-
2010 3611 2108 3643 Domo
2125 3605 2161 3640 de
2182 3607 2344 3655 Columpna

1763 3656 1954 3700 restituendis.

1337 3746 1448 3805 PApae
1462 3743 1524 3775 Rex
1538 3741 1638 3773 devota
1653 3741 1756 3782 pedum
1768 3741 1860 3773 oscula
1870 3741 2021 3772 beatorum.

1416 3781 1592 3814 Reverendos
1613 3781 1703 3812 Patres
1738 3781 1895 3818 Domitios,
1909 3779 2046 3818 jacobum
2064 3778 2098 3810 δί
2119 3777 2250 3819 Petrum,
2266 3778 2303 3811 de
2324 3778 2387 3812 Co-

1336 3823 1463 3862 lunipna,
1481 3821 1567 3851 diere
1581 3818 1690 3863 Sandhe
1704 3805 1844 3864 Romana:
1858 3817 1988 3862 Ecclesiae
2008 3816 2182 3856 Cardinales,
2198 3819 2231 3849 δε
2253 3818 2384 3849 Domum

1337 3862 1458 3900 ipsorum
1479 3859 1572 3889 favore
1584 3855 1705 3896 specialis
1717 3857 1910 3889 benivolentiae
1926 3855 2127 3900 prosequentes,

2411 3756 2486 3793 Anii.
2500 3756 2540 3791 D.

2433 3804 2517 3836 1307.

2166 3858 2171 3863 .
2348 3859 2352 3863 .
2407 3840 2459 3863 An.
2479 3843 2522 3872 35,

2146 3865 2221 3887 circa
2233 3866 2388 3895 promotio·
2407 3878 2436 3900 E·
2463 3882 2484 3900 ι,

1337 3910 1403 3930 nem
1419 3899 1564 3930 utilitatum
1588 3896 1710 3934 ipsorum
1727 3906 1762 3927 eo
1784 3894 1914 3926 libentius
1937 3896 2136 3939 interponimus
2159 3903 2245 3940 partes
2265 3895 2385 3940 nostras,
2404 3914 2535 3938 Rot.Rom.

1336 3948 1393 3976 quo
1409 3947 1456 3967 eos
1470 3936 1503 3967 δε
1515 3935 1581 3966 alios
1597 3934 1633 3965 de
1652 3934 1754 3965 Domo
1770 3934 1882 3964 illorum
1906 3933 2082 3964 ferventiores
2097 3932 2184 3964 nostri
2207 3942 2329 3965 nominis
2349 3933 2382 3964 ὅ(

1337 3976 1448 4008 lionoris
1461 3974 1566 4012 semper
1577 3973 1705 4003 senfimus
1717 3972 1854 4003 zelatores.
1903 4009 1908 4015 ι
2335 4009 2339 4015 Ι

1374 4014 1426 4053 Et,
1445 4013 1510 4043 licet
1531 4021 1581 4050 pro
1598 4012 1775 4042 revocatione
1796 4010 2005 4049 sententiarum,
2029 4018 2077 4048 per
2094 4008 2254 4041 Dominum
2272 4005 2384 4052 Bomfa-

1337 4054 1414 4084 cium
1429 4051 1534 4088 Papam
1545 4049 1706 4089 oebavum,
1722 4046 1954 4080 praedecessorem
1968 4047 2109 4088 vestrum,
2125 4059 2156 4080 m
2175 4048 2245 4088 ipsos
2265 4048 2300 4079 ὃς
2318 4046 2384 4077 alios

2355 4081 2391 4112 de

2404 3952 2535 3985 35.E.1.

2403 3997 2437 4013 m.
2454 3995 2467 4022 3
