2570 4261
750 178 859 219 ET
940 176 1196 220 ACTA
1278 175 1753 218 PussLch0
2242 184 2318 224 177

1262 260 1438 297 quifitoribus
1452 262 1612 300 praedietis,
1626 262 1757 299 quotiens
1778 269 1813 291 ex
1831 267 1909 297 parte
1924 257 2064 296 ipsorum,
2082 256 2127 286 vel
2139 256 2251 299 alicujus
2265 266 2314 285 eo-
2330 252 2404 282 Anii.
2421 244 2465 283 Da

16 304 93 336 Ann.
106 299 147 331 D.
368 341 371 344 ἢ
1261 308 1339 336 rum,
1358 310 1426 329 cum
1440 311 1498 331 uno
1513 301 1607 330 saltem
1621 298 1804 337 Inquisitore,
1821 299 1900 336 super
1915 298 1972 327 hoc
1987 296 2074 326 efferii
2084 295 2222 333 requisiti:
2298 332 2303 336 ι
2354 300 2439 330 1310.

45 349 130 380 1310.
255 350 313 386 Ad
329 355 473 385 Comitem
493 350 638 383 Flandriae
683 351 718 383 dc
739 354 853 384 Pirasis
867 362 923 382 non
942 361 1004 381 rece
1022 348 1121 381 ,amb-5
1299 337 1343 367 Ac
1357 340 1440 367 etiam
1455 338 1677 368 mandaverimus
1692 347 1740 375 per
1754 338 1841 368 breve
1856 336 2004 371 nostrum,
2020 333 2139 371 praefatis
2152 332 2319 363 Vicecomi-
2334 334 2399 356 Edv-
2421 340 2448 355 2·

16 383 85 411 lav.
106 389 132 407 2.
648 377 658 393 '
999 360 1020 396 p
1122 372 1131 381 ’
1262 375 1351 413 tibus,
1371 376 1447 414 quod
1461 377 1552 406 die'tos
1567 376 1748 413 Templarios
1765 385 1780 405 a
1793 375 1912 419 praefato
1933 372 2151 415 Constabulario
2169 395 2178 410 ,
2202 370 2247 401 vel
2261 372 2319 413 ejus

17 459 70 486 An·
84 464 114 490 4·
167 435 297 493 REX-
323 435 431 479 N0b³¹{
450 437 512 466 vi‘0
534 435 671 466 D0mi¹¹0
689 435 727 465 R·
748 434 860 465 00¹¹*st
884 433 1020 464 Flandriae
1036 457 1045 472 2
1064 433 1159 464 ΜΟ
1174 431 1224 461 su⁰
1262 413 1381 482 Lssissiiomr
1397 413 1740 489 {ffffiss‘SsaQQiastffl
1754 409 2319 488 gffssiifsls‘¹ffiseif?3333s¹5;5505&AE

18 500 50 523 Ε.
65 503 96 524 .2-
205 473 398 542 chffffimo'
415 474 537 529 ialfflffm'
563 511 585 541 st
601 511 613 530 μ
640 511 658 541 S
712 512 717 517 ·
795 510 826 540 .st
878 510 904 540 -b
1086 511 1091 516 ·
1190 509 1208 537 't
1259 462 1398 527 Johannis
1411 490 1446 520 de
1460 474 1611 527 Banguell,
1629 500 1660 519 ac
1674 491 1702 519 in
1716 489 1848 519 domibus
1863 473 2006 526 quondam
2022 488 2151 516 fratrum
2172 487 2207 515 de
2228 485 2322 522 pceni-

18 530 106 567 claus-
125 539 155 566 4·
170 549 222 580 hiis
235 523 332 581 &effug
354 522 572 588 ιέυὲἓςέᾩάἓᾉ
588 519 816 579 ἓέωῇξὲὲῖἷὲίὲἰ
828 519 954 587 Εᾞὲςὲἓζ
971 516 1206 580 ἓξὲἓὲἑὲῗὲἓέ]
1216 530 1226 544 ²
1264 528 1380 558 nitentia
1394 528 1530 558 London.
1550 529 1595 570 seu
1608 528 1696 575 Locis
1715 528 1771 557 aliis
1786 526 2018 573 convenientibus
2038 527 2069 567 in
2084 524 2208 554 Civitate
2221 522 2322 560 praedi*

20 575 103 638 fsszd
97 578 132 596 m
154 590 245 619 'inter
264 574 377 619 nostr’os
399 590 432 619 &c
454 588 562 618 vestroS
585 589 714 618 homines
731 572 862 617 hasten’us
881 587 1055 618 observatam
1070 610 1080 624 ’
1106 568 1226 615 nitente}
1264 566 1325 603 ista,
1344 565 1388 596 vel
1405 566 1440 595 de
1453 576 1558 605 prope,
1574 567 1648 596 iaivo
1662 567 1696 596 oc
1709 566 1804 596 secure
1821 564 2011 601 custodirent,
2031 566 2074 592 ieu
2089 562 2210 592 facerent
2224 561 2322 591 custo-

43 2024 62 2043 *
84 2023 140 2052 ΙΙΙ.

45 2071 110 2099 23¹·

45 2146 122 2178 Ann.
138 2145 179 2177 D..

67 2195 156 2226 1310.

45 2229 100 2254 An.
115 2235 144 2261 4.

45 2268 76 2292 E.
102 2273 128 2290 2.

47 2301 134 2337 Clasts.
154 2311 182 2337 4.

46 2343 79 2367 z.
97 2349 123 2368 2.
145 2350 182 2369 m.

49 2385 94 2414 17.

69 3765 146 3797 Ann.
155 3762 197 3794 D.

88 3813 175 3844 ¹310·

69 3885 101 3910 Ε.
119 3890 145 3909 2.
157 3862 166 3870 ι

69 3919 176 3948 Ibidem.

172 637 228 666 pro
237 628 343 659 viribus
358 626 515 664 infirmare,
534 635 643 663 magno
665 625 788 656 collecto
810 625 944 663 navigio,
963 626 996 656 ὃς
1010 634 1092 663 aggre
1112 624 1159 653 atis
1174 622 1225 651 sibi

171 666 266 696 multis
285 666 341 695 aliis
361 665 539 703 praedonibus
558 665 590 694 &
613 665 703 702 piratis
718 687 727 702 ,
752 664 826 701 quia
839 663 912 693 terra
924 663 1025 692 nobilis
1039 664 1087 693 viri
1134 660 1226 691 omini

170 704 224 734 W.
243 703 369 734 Comitis
390 703 534 733 Hanoniie
556 704 588 733 ὃς
610 702 773 732 Hollandiae
788 726 797 739 ,
828 711 881 739 pro
903 701 1066 738 quibusdam
1087 710 1134 737 per
1156 698 1227 736 ipsos

171 742 322 773 sceleribus
343 742 501 781 perpetratis
516 765 525 778 ,
550 749 681 778 tanquam
702 740 793 770 exules
830 749 860 770 ut
872 740 1051 778 accepimus,
1067 738 1228 775 fugierunt,

171 783 279 819 quique
301 781 369 810 infra
391 788 494 809 terrani
516 779 635 810 vestram
650 802 660 817 ,
684 779 734 808 sub
753 782 798 808 vei
815 788 852 808 rae
873 777 1039 808 defeniionis
1060 777 1178 817 clypeo,
1197 782 1228 803 ut

173 819 278 850 dicitur
288 841 298 856 ,
323 826 499 855 receptantur
514 841 523 856 ,
549 818 713 847 hominibus
726 818 759 847 ὃς
775 817 925 846 marinariis
938 815 974 845 de
990 815 1095 854 Regno
1110 813 1227 849 nostre,

174 864 226 895 per
246 866 322 887 mare
345 855 544 887 transeuntibus
560 879 569 895 ,
588 856 764 893 insidiantur,
783 855 936 885 nonnullos
949 863 983 883 ex
997 854 1076 892 ipsis,
1095 863 1165 891 quos
1179 861 1228 888 ap-

174 894 349 934 prehendere
361 903 512 935 potuerunt
525 919 533 933 ,
554 893 765 931 interficiendo,
785 894 917 931 bonaque
930 893 1054 932 ipsorum
1069 893 1163 922 secum
1178 890 1229 919 ab-

175 933 326 972 ducendo,
345 944 377 964 ac
393 942 526 970 caeteros,
545 943 616 970 quos
637 934 716 962 vivos
737 932 898 969 relinquunt
909 956 918 969 ,
937 932 1020 962 bonis
1035 931 1066 960 ὃς
1082 931 1163 960 rebus
1178 928 1230 958 suis

175 971 313 1003 hostiliter
332 971 499 1010 spoliando3
526 973 562 1001 ita
583 971 660 1008 quod
677 970 821 1000 Marinarii
835 970 941 1008 nostri,
960 971 1007 1007 qui
1019 968 1053 998 ad
1066 967 1230 998 ducendum

175 1011 306 1042 victualia
327 1010 360 1040 ad
375 1020 428 1041 nos
449 1011 481 1041 &
496 1011 651 1040 exercitum
668 1009 795 1038 nostrum
811 1008 845 1038 ad
858 1008 944 1039 dietas
961 1016 1048 1045 partes
1061 1006 1167 1036 Scotiae
1181 1004 1233 1034 de-

175 1058 310 1088 putantur
323 1071 334 1087 ,
358 1058 436 1079 mare
450 1050 551 1078 intrare
572 1049 671 1078 timent
681 1070 690 1084 ,
707 1047 763 1077 sine
778 1056 882 1086 magno
894 1047 1041 1085 Navigio,
1058 1046 1090 1076 δε
1106 1044 1233 1074 multitu-

175 1087 242 1118 dine
256 1089 409 1118 hominum
428 1095 602 1117 armatorum
618 1098 629 1124 3
648 1094 681 1116 ex
695 1087 795 1123 quibus
810 1096 861 1116 cor
874 1084 1006 1117 nostrum
1019 1091 1146 1124 gravatur
1161 1081 1234 1112 mul-

176 1126 306 1164 tipliciter
320 1127 352 1156 ὃς
366 1126 503 1156 turbatur:

217 1164 286 1195 Nos
301 1165 404 1202 igitur,
422 1164 593 1194 advertentes
607 1162 686 1200 quud
703 1172 763 1191 non
779 1162 871 1192 solum
886 1162 991 1200 majora
1009 1170 1105 1192 rerum
1118 1159 1236 1197 damna,

180 1202 283 1234 verum
308 1204 392 1233 etiam
412 1202 483 1232 saeva
498 1201 674 1239 personarum
697 1201 834 1237 pericula,
852 1209 886 1230 ex
901 1199 1059 1239 hujusmodi
1074 1197 1234 1229 homicidiis

182 1242 216 1273 &
238 1242 370 1278 roberiis,
390 1240 425 1270 de
446 1240 519 1270 facili
558 1248 671 1269 oterunt
693 1240 859 1278 provenire,
878 1239 927 1268 nisi
941 1239 1021 1269 citius
1036 1237 1114 1275 super
1129 1237 1179 1266 illis
1194 1245 1238 1266 re-

181 1280 311 1310 medium
332 1286 489 1317 apponatur
503 1288 508 1307 :
555 1277 732 1317 perantesque
750 1287 819 1315 vos,
837 1277 870 1306 ad
887 1276 1113 1307 submovendum
1126 1275 1161 1305 de
1177 1284 1239 1304 me-

182 1318 233 1348 dio
249 1318 396 1356 cujussibet
408 1316 579 1346 diffensionis
594 1316 626 1346 &
640 1315 784 1345 discordia:
799 1317 871 1345 inter
884 1315 993 1345 nostros
1007 1316 1040 1345 &
1052 1313 1159 1345 vestros
1175 1313 1239 1342 sub-

182 1354 275 1394 ditos,
291 1356 311 1386 fi
328 1355 406 1393 quod
421 1354 489 1385 esset
542 1363 573 1384 ut
586 1355 656 1384 inter
670 1354 758 1391 ipsos,
774 1354 841 1383 hinc
856 1353 922 1383 inde
931 1377 940 1392 ,
956 1362 1008 1390 pax
1022 1354 1054 1383 ὃς
1068 1351 1239 1389 concordia,

182 1405 250 1434 quae
268 1395 341 1424 inter
360 1393 472 1423 nostros
496 1379 695 1432 i³rogenitores
711 1416 720 1430 ,
745 1393 778 1423 δε
800 1391 925 1429 vestros,
946 1401 1103 1428 eorumque
1116 1389 1240 1420 subditos

182 1432 356 1463 laudabiliter
375 1432 530 1462 servabatur
544 1455 553 1469 ,
579 1432 789 1461 coinmuiiiatur
801 1455 810 1468 ,
835 1432 868 1462 ὃς
887 1431 916 1460 in
939 1430 1037 1460 melius
1049 1429 1240 1467 prosperetur,

182 1471 258 1503 velle
273 1470 421 1501 studiosam
434 1479 551 1508 operam
565 1469 713 1507 adhibere,

222 1509 353 1540 Vestram
369 1509 522 1539 amicitiam
536 1507 693 1538 affe<stuose
709 1508 872 1545 requirimus
889 1508 922 1538 &
936 1516 1083 1546 rogamus,
1101 1507 1241 1545 quatinus,

182 1547 311 1586 inquisita
322 1548 401 1584 super
416 1547 465 1577 hiis
478 1547 586 1585 plenius
603 1547 732 1583 veritate,
753 1546 903 1583 przediistos
926 1545 1045 1583 Exules,
1063 1546 1109 1576 seu
1123 1545 1190 1574 alios
1205 1544 1242 1574 de

184 1586 324 1626 potestate
345 1587 379 1616 &
401 1585 545 1616 Dominio
566 1584 662 1616 vestris
674 1609 682 1622 ,
702 1594 772 1622 quos
787 1585 823 1615 de
839 1584 960 1615 Feloniis
974 1586 1007 1615 ὃς
1023 1584 1156 1614 Roberiis
1171 1592 1243 1620 prae-

185 1625 267 1656 dietis
288 1624 439 1662 culpabiles
461 1625 579 1654 inveniri
598 1624 752 1660 contigerit
764 1646 773 1659 ,
798 1623 908 1654 ulterius
921 1623 989 1653 infra
1004 1630 1105 1652 terram
1120 1621 1242 1652 vestram

184 1672 346 1702 receptare,
363 1662 589 1693 considerationis
603 1663 722 1699 intuitu,
740 1671 799 1691 non
814 1672 958 1700 curantes,
974 1661 1027 1691 tale
1039 1662 1072 1691 ὃς
1086 1669 1144 1691 tarn
1159 1669 1243 1689 com-

186 1712 286 1742 petens
311 1700 467 1731 remedium
496 1701 576 1739 super
598 1699 741 1738 praemiffis
764 1701 845 1730 nobis
867 1702 900 1731 δε
920 1699 1020 1730 nostris
1038 1698 1096 1729 fieri
1114 1697 1218 1728 faciatis
1231 1720 1242 1735 ‚

188 1740 271 1779 quod
291 1741 362 1770 inter
379 1750 432 1770 vos
454 1740 488 1771 &
508 1749 561 1769 nos
573 1763 583 1777 ,
609 1737 793 1776 hominesque
810 1738 918 1768 nostros
932 1740 965 1769 ὃς
980 1737 1105 1773 vestros,
1120 1737 1194 1774 pacis
1209 1737 1243 1766 &

188 1777 357 1810 concordiae
375 1777 554 1816 tranquillitas
575 1777 720 1814 foveatur,
739 1776 874 1814 quodque
897 1777 1025 1807 homines
1045 1775 1130 1807 vestri
1145 1784 1245 1805 contra

188 1827 260 1856 nos,
277 1825 323 1847 aut
335 1815 447 1847 nostros
463 1816 619 1847 consimilia
634 1825 792 1854 perpetrare
805 1815 840 1846 de
855 1825 960 1846 caetero
973 1825 1033 1846 non
1044 1814 1220 1855 praesumant.

226 1889 297 1925 Dat.
316 1893 390 1931 apud
404 1892 580 1924 Berewicum
594 1892 674 1930 super
687 1891 848 1931 Twedam,
870 1902 913 1923 10.
932 1892 978 1923 die
994 1890 1185 1923 Novembris.

191 2018 219 2045 2&
246 2020 295 2052 De
319 2027 450 2064 quatuor
468 2019 567 2050 Portis
590 2016 742 2050 Londoniae
769 2014 930 2049 liberandis
945 2013 1173 2050 Vicecomitibus
1195 2023 1250 2059 pro

527 2063 664 2108 Custodia
680 2066 930 2111 umplariorum.

198 2152 342 2209 REX,
361 2151 468 2191 Majori
494 2152 528 2183 &
557 2150 784 2182 Vicecomitibus
811 2149 942 2182 Civitatis
960 2149 1014 2180 suae
1035 2149 1172 2181 London.
1187 2150 1255 2182 salu-

270 2201 336 2222 tem.

233 2229 317 2261 Cum
330 2239 420 2267 nuper
435 2251 445 2267 ,
463 2228 519 2258 OB
546 2235 865 2259 REVERENTIAM
893 2235 1005 2257 sams
1032 2235 1256 2257 apos-ronr-

198 2276 270 2307 cAE,
289 2267 509 2299 concefferirnus
522 2266 662 2304 Praelatis,
681 2266 713 2296 &
728 2265 954 2304 inquisitoribus,

236 2306 282 2337 Ad
310 2304 510 2344 inquirendum
538 2313 637 2334 contra
664 2304 795 2334 ordinem
821 2304 1053 2341 Templariorum
1067 2326 1077 2342 ,
1101 2304 1134 2334 &
1158 2312 1257 2335 contra

199 2344 343 2385 Magnum
358 2344 569 2380 Praeceptorem
583 2342 705 2379 ejusdem
725 2342 841 2372 Ordinis
857 2366 866 2380 ,
896 2344 924 2371 in
940 2341 1045 2380 Regno
1060 2342 1171 2381 Angliae
1186 2353 1257 2373 con-

199 2383 326 2414 stitutum
337 2407 346 2420 ,
364 2383 398 2412 &
418 2381 540 2410 similiter
559 2388 660 2410 contra
680 2380 825 2418 singulares
845 2381 970 2420 personas
985 2381 1018 2411 &
1033 2380 1126 2410 fratres
1142 2379 1258 2412 Ordinis

196 2423 285 2460 illius,
304 2421 341 2451 de
361 2420 470 2450 Haereii
491 2418 644 2449 defamatos
660 2442 670 2457 ,
688 2418 796 2449 dudum
811 2428 860 2456 per
874 2419 961 2449 literas
978 2418 1156 2456 Apostolicas
1169 2419 1259 2458 depu-

198 2469 260 2492 tatis

238 2483 329 2538 Q'uod
349 2498 434 2528 iidem
455 2495 566 2526 Praelati
580 2519 589 2534 ,
612 2497 645 2527 δε
666 2495 842 2534 Inquisitores
855 2520 864 2534 ,
890 2496 927 2526 de
944 2495 1005 2533 ipsis
1020 2495 1207 2534 Templariis,
1225 2498 1259 2529 &

199 2547 304 2568 eorum
320 2536 488 2576 corporibus
501 2536 530 2564 in
546 2534 765 2572 quaestionibus,
784 2535 817 2565 &
829 2534 885 2564 aliis
899 2535 932 2564 ad
947 2535 1005 2564 hoc
1021 2536 1258 2566 convenientibus

200 2576 335 2607 ordinent
349 2599 359 2613 ,
386 2576 420 2607 δε
436 2574 535 2604 faciant
550 2596 559 2611 ,
585 2575 694 2611 quoties
716 2574 873 2610 voluerint,
893 2573 921 2603 id
938 2571 1016 2612 quod
1030 2574 1086 2611 eis,
1104 2573 1258 2604 secundum

200 2615 294 2655 legem
308 2612 549 2649 Ecclesiasticam,
567 2612 707 2642 videbitur
722 2611 901 2641 faciendum:

241 2653 279 2684 Et
298 2651 520 2683 mandaverimus
538 2650 658 2689 Major-i,
678 2650 887 2688 Aldermannis,
906 2651 939 2681 ὃς
955 2649 1164 2681 Communitati
1178 2649 1261 2681 Civi-

200 2693 262 2723 tatis
285 2690 389 2721 nostrae
412 2689 572 2728 praedif’tae,
592 2688 670 2726 quud
694 2696 811 2726 quatuor
823 2697 914 2726 portas
929 2689 1035 2719 nostras
1048 2688 1177 2720 Civitatis
1192 2690 1262 2727 ejus-

202 2730 272 2761 dem
290 2730 373 2760 vobis
388 2752 397 2768 ,
442 2728 528 2758 raefati
542 2727 737 2757 Vicecomires
759 2727 872 2765 (quibus
892 2737 994 2757 omnes
1015 2727 1212 2765 Templarios,
1233 2729 1262 2757 in

204 2769 293 2800 Turri
308 2768 402 2798 nostra
444 2765 550 2796 ondon.
571 2765 731 2803 existentes,
751 2766 796 2796 vel
820 2765 885 2795 illuc
900 2765 1079 2796 adducendos
1090 2789 1099 2804 ‚
1116 2775 1165 2804 per
1179 2765 1260 2796 Con-

205 2807 386 2838 stabularium
406 2806 534 2836 nostrum
556 2804 678 2842 ejusdem
699 2805 815 2841 Turris,
834 2804 878 2834 vel
894 2804 991 2834 locum
1007 2804 1086 2835 suum
1101 2814 1261 2844 tenentem,

206 2845 301 2883 simul,
320 2845 365 2875 vel
388 2843 574 2882 particulatim
589 2867 598 2881 ,
618 2853 706 2883 nuper
727 2843 920 2872 mandavimus
935 2843 1054 2879 liberari)
1071 2853 1123 2880 pro
1136 2844 1263 2881 praemis—

206 2884 255 2922 fis,
274 2885 303 2913 in
326 2883 429 2913 eisdem
450 2883 538 2920 portis
558 2881 740 2912 commodius
756 2882 789 2912 &
806 2881 927 2911 securius
942 2881 1089 2920 faciendis,
1108 2882 1209 2912 habere
1224 2881 1264 2912 fa—

207 2924 283 2954 ciant
304 2923 432 2959 quotiens
455 2920 567 2950 necesse
587 2920 670 2951 fuerit
683 2945 693 2959 ,
711 2921 744 2950 δε
757 2920 834 2959 super
849 2920 905 2950 hoc
922 2929 956 2949 ex
971 2928 1046 2958 parte
1059 2920 1245 2950 Praelatorum
1255 2943 1265 2959 ,

207 2962 243 2992 &
259 2960 459 2997 Inquifitorum
473 2959 676 2999 praedictorum
690 2983 700 2997 ,
720 2958 764 2990 vel
780 2960 861 2989 unius
876 2968 993 2997 eorum,
1011 2968 1078 2989 cum
1095 2969 1153 2989 uno
1169 2959 1265 2989 saltem

207 2999 243 3031 In
265 2999 394 3037 uisitore,
410 2998 513 3028 fuerint
526 2997 662 3034 requisiti:

275 3037 337 3068 obis
354 3036 518 3067 mandamus
532 3035 626 3074 quod,
645 3035 664 3065 si
678 3046 727 3073 per
741 3036 874 3066 Praelaios
888 3059 898 3074 ,
915 3037 949 3067 δε
971 3036 1150 3074 Inquisitores
1166 3036 1265 3074 praedi-

209 3076 290 3114 ἂοε,
308 3075 352 3105 vel
366 3085 466 3105 eorum
479 3074 618 3112 aliquem,
631 3083 696 3104 cum
711 3085 770 3104 uno
784 3075 879 3104 saltem
896 3074 1078 3113 inquisitore,
1097 3075 1179 3105 vobis
1193 3085 1266 3105 con-

209 3115 282 3146 stare
301 3114 421 3152 poterit,
439 3112 517 3151 quod
539 3112 639 3155 Turris
661 3112 756 3143 nostra
772 3113 906 3143 London.
922 3113 956 3143 &
972 3122 1062 3151 porrae
1077 3113 1181 3143 nostrae
1194 3123 1266 3154 prte-

210 3153 313 3191 dieiae,
331 3152 364 3182 ad
406 3151 525 3181 raemiffa
547 3149 673 3180 facienda
693 3161 752 3180 non
765 3152 915 3187 sufficiant,
934 3161 1003 3182 tunc
1017 3151 1053 3181 de
1065 3152 1200 3189 aliquibus
1213 3152 1268 3181 do-

211 3192 307 3222 mibus
325 3192 354 3220 in
405 3191 498 3220 ivitate
521 3187 656 3226 praedieia
671 3212 680 3225 ,
698 3189 743 3219 vel
758 3190 793 3219 de
809 3200 898 3228 prope
914 3213 923 3228 ,
950 3200 1002 3227 pro
1019 3190 1135 3228 praefato
1150 3191 1266 3230 negotio

212 3229 464 3266 convenientibus,
482 3228 584 3258 faciatis
601 3226 692 3256 modis
707 3229 839 3258 omnibus
854 3228 1006 3266 provideri.

248 3267 287 3298 Et
300 3268 441 3305 sumptus,
453 3266 474 3296 fi
488 3275 558 3303 quos
573 3265 685 3295 forsitan
697 3266 727 3294 in
742 3267 937 3297 condufflone
951 3267 1107 3297 domorum
1122 3266 1268 3304 hujusmo-

210 3306 240 3337 di
252 3315 392 3344 apponere
410 3315 464 3335 vos
483 3304 635 3342 contigerit
647 3327 655 3341 ,
682 3305 737 3334 una
758 3313 827 3334 cum
846 3306 969 3342 expensis
995 3305 1194 3335 Ministrorum
1217 3316 1267 3343 per

209 3355 281 3383 VOS,
297 3343 491 3374 Vicecomites
507 3342 648 3380 praedicsti,
669 3343 744 3372 circa
766 3343 909 3372 dictorum
922 3344 1155 3382 Templariorum
1172 3344 1268 3373 custo-

211 3383 289 3414 diam
302 3381 546 3419 deputandorum,
564 3380 646 3411 vobis
656 3404 665 3418 ,
680 3381 786 3418 ptaefati
801 3380 1009 3420 vicecomites,
1027 3392 1094 3413 cum
1109 3383 1191 3412 nobis
1204 3382 1270 3412 inde

213 3420 389 3458 constiterit,
406 3419 520 3450 allocari
535 3419 678 3449 faciemus.

212 3497 341 3568 brfgeste
357 3497 438 3536 Rege
452 3495 525 3534 apud
541 3495 726 3536 Berewycum
739 3495 820 3534 super
833 3496 994 3535 Twedam,
1013 3507 1059 3528 22.
1072 3497 1118 3528 die
1131 3496 1271 3529 Novem-

247 3547 256 3567 1
271 3559 278 3566 .

213 3670 273 3705 Ad
288 3669 449 3714 Adajorem
466 3694 476 3710 ,
511 3666 754 3710 Aldermannos,
778 3670 814 3705 ά·
833 3669 1086 3701 Communitatem
1107 3664 1269 3699 Londoniae.

214 3753 340 3823 REdX
366 3752 495 3792 Maiori,
520 3752 717 3783 Aldermannis
733 3775 743 3792 ,
766 3752 799 3783 &
822 3751 1034 3783 Communitati
1047 3750 1178 3782 Civitatis
1192 3749 1273 3781 Lon-

308 3802 358 3824 on.
375 3792 499 3823 salutem.

219 3868 238 3899 d
255 3828 335 3874 Qum
355 3841 444 3869 nuper
457 3854 466 3869 ‚
493 3829 523 3859 O
531 3838 550 3859 B
576 3839 600 3860 R
610 3839 627 3860 E
638 3840 657 3859 v
667 3839 686 3860 E
694 3838 718 3860 R
728 3837 746 3860 Ε
755 3837 778 3859 N
787 3837 810 3858 τ
820 3837 832 3858 1
842 3838 861 3858 A
871 3836 899 3858 M
907 3851 916 3866 ‚
931 3827 992 3859 δερ.
1012 3827 1153 3859 videbitur
1169 3827 1274 3858 facien-

239 3878 305 3937 ufft‘
317 3907 541 3939 mandaverimus
570 3905 788 3936 Constabulario
808 3904 909 3935 Turris
936 3903 1040 3935 nostrae
1067 3903 1204 3935 London.
1228 3903 1275 3934 vel

217 3945 275 3983 ejus
297 3943 414 3976 Locum
435 3947 541 3977 tenenti
555 3969 564 3981 ,
579 3944 657 3982 quod
670 3954 769 3975 omnes
784 3943 965 3981 Templarios
998 3944 1029 3972 in
1042 3944 1129 3973 Turri
1142 3942 1274 3979 praedffla

219 3983 271 4015 sub
291 3983 337 4013 sua
354 3983 483 4015 custodia
504 3983 650 4014 existentes
666 4008 676 4020 ,
694 3983 738 4012 vel
754 3982 819 4012 illuc
834 3967 1031 4020 adducendoe,
1047 3981 1273 4012 Vicecomitibus

219 4019 322 4052 nostris
341 4021 477 4052 London.
496 4022 643 4060 liberaret,
662 4021 758 4060 simul,
776 4020 821 4050 vel
836 4019 1038 4058 particulatim,
1056 4018 1273 4057 custodiendos,

221 4059 257 4091 &
243 4069 320 4131 1ξὲ
332 4059 487 4129 ip{?s}·1}ll{
502 4061 597 4094 forma
614 4059 749 4102 praedista
763 4084 773 4099 ,
790 4057 1025 4099 repraesentandos
1040 4057 1163 4090 Praeiatis
1177 4058 1211 4091 &
1224 4057 1273 4090 In-

1266 603 1337 641 diri,
1357 605 1591 640 repraesentandos
1610 614 1659 641 per
1682 604 1752 643 ipsos
1773 602 1896 633 Praei-atis
1911 626 1920 639 ,
1949 602 1981 632 &t
1996 601 2207 638 Inquiiitoribus
2220 599 2324 636 praediss

1266 642 1480 683 c‘ii8,7quoiie1is
1499 653 1533 674 ex
1556 651 1631 680 parte
1648 642 1832 671 Praelatorum
1852 642 1885 671 &
1906 640 2108 678 Inquiiitoruni
2124 638 2263 675 ipioruin,
2278 635 2326 668 vel

1267 680 1380 717 alicujus
1396 691 1513 719 eorum,
1532 691 1600 711 cum
1616 690 1674 710 uno
1687 680 1781 709 saltem
1796 679 1961 717 Inquisitore
1974 702 1983 715 ,
2009 678 2128 715 requiriri
2143 676 2272 714 fuissent,
2290 675 2323 705 si-

1268 727 1317 747 cut
1332 719 1393 748 haec
1409 720 1441 749 ὃ(
1452 720 1502 749 alia
1517 721 1546 749 in
1562 719 1640 748 dieto
1655 719 1733 748 brevi
1746 717 1845 747 nostro
1858 717 1964 755 plenius
1977 716 2038 745 sunt
2052 715 2176 752 expressa

1306 755 1472 794 Praefiitique
1488 757 1682 787 Viceconiites
1699 773 1753 779 ---
1771 756 1891 785 Praelatis
1907 755 1939 785 &
1954 753 2163 792 inquisitoribus
2183 751 2325 789 praedicitis

1268 794 1458 832 responderint
1465 797 1523 833 jam
1539 796 1576 825 de
1590 805 1684 831 novo,
1704 794 1782 832 quod
1797 794 1937 831 praedfflae
1951 801 2040 829 portae
2056 792 2082 820 in
2095 789 2201 827 vestra,
2219 790 2251 820 &
2265 799 2326 818 non

1268 834 1297 862 in
1315 833 1437 870 ipsorum
1457 833 1587 864 custodia
1602 832 1722 862 existunt
1736 856 1745 870 ,
1765 843 1813 870 per
1830 832 1907 869 quod
1922 832 1971 868 ipsi
1986 839 2077 867 portas
2090 830 2145 858 illas
2161 829 2262 858 habere
2276 836 2325 856 nc*

1271 881 1378 908 queunt
1398 873 1432 902 ad
1455 872 1617 910 praemissa,
1644 879 1728 908 prout
1748 872 1776 900 in
1792 870 1956 908 quibusdam
1972 870 2053 898 literis
2070 867 2270 902 Praelatoruiii,
2291 866 2323 895 &-

1268 909 1470 946 Inquisitorum
1494 910 1694 947 przedic'iorum
1709 933 1718 946 ,
1744 909 1905 938 Venerabili
1926 908 2001 937 Patri
2023 907 2171 942 VValtei-o,
2191 905 2325 942 wigorn.

1270 948 1412 986 Episcopo
1433 973 1441 988 ,
1466 949 1644 979 Cancellario
1671 945 1770 977 nostro
1784 971 1793 984 ,
1819 946 1884 977 inde
1907 946 2018 976 directis
2033 967 2043 982 ,
2067 945 2174 982 plenius
2197 943 2327 973 contine-

1269 996 1326 1018 tur:

1308 1026 1393 1063 Nos,
1411 1027 1451 1056 ob
1477 1025 1618 1056 honorem
1641 1024 1721 1061 Dei,
1747 1025 1780 1055 δι’.
1800 1024 1992 1054 exaltationem
2016 1021 2080 1051 fidei
2099 1020 2273 1059 Catholicae,
2291 1020 2325 1051 &

1272 1073 1303 1098 ut
1308 1089 1320 1113 ?
1358 1075 1388 1094 er
1403 1064 1533 1094 Praelatos
1549 1064 1582 1094 &
1598 1063 1776 1100 inquisitores
1795 1063 1957 1100 praedictos,
1982 1059 2016 1090 ad
2031 1061 2177 1091 veritatem
2190 1060 2267 1096 super
2283 1060 2327 1089 di-

1273 1107 1321 1136 &a
1373 1103 1448 1134 aeresi
1473 1102 1561 1140 (unde
1576 1102 1595 1121 *⁶
1609 1101 1714 1139 praefati
1734 1101 1907 1139 Templarii,
1927 1108 1957 1129 ut
1970 1100 2163 1137 praemittitur,
2179 1096 2328 1128 diffaman-

1272 1144 1328 1180 tur)
1343 1141 1511 1172 eliciendam
1528 1140 1711 1171 commodius
1727 1140 1760 1169 &
1776 1139 1897 1169 securius
1912 1137 2093 1176 procedatur,

1312 1181 1403 1212 Vobis
1421 1179 1584 1209 mandamus
1599 1177 1677 1216 quod
1694 1177 1812 1215 praefatis
1825 1177 2052 1207 Vicecomitibus
2069 1182 2161 1212 portas
2176 1174 2332 1214 praedit‘ias,

1275 1231 1329 1258 pro
1347 1219 1468 1257 personis
1482 1217 1711 1254 Templariorum
1733 1216 1936 1253 praedic‘iorum
1957 1215 1985 1244 in
2001 1214 2102 1244 eisdem
2119 1215 2206 1250 portis
2222 1223 2332 1250 ponen-

1275 1259 1333 1297 dis,
1352 1259 1385 1289 &
1407 1255 1596 1287 custodiendis
1611 1278 1620 1294 ,
1640 1256 1667 1284 in
1687 1253 1781 1284 forma
1795 1254 1945 1291 praedicsta,
1964 1253 2092 1290 quotiens
2107 1251 2218 1282 necesse
2231 1252 2330 1290 fuerit,

1275 1298 1308 1328 δε
1326 1305 1359 1327 ex
1374 1305 1450 1333 parte
1464 1294 1666 1330 Praelatorum‚
1685 1293 1718 1323 &
1734 1292 1953 1330 inquisitorum,
1973 1291 2017 1320 vel
2030 1291 2111 1320 unius
2126 1300 2245 1329 corum,
2262 1299 2331 1320 cum

1276 1346 1337 1366 uno
1349 1335 1444 1364 saltem
1459 1332 1643 1371 lnquilitore,
1661 1331 1780 1368 requisiti
1794 1330 1917 1368 fueritis,
1933 1329 2034 1359 habere
2047 1330 2158 1360 faciatis.

1314 1373 1466 1404 Credimus
1480 1372 1557 1401 enim
1574 1370 1650 1409 quod
1660 1369 1841 1399 nihilominus
1855 1377 1910 1398 tuta
1925 1367 2051 1398 custodia
2063 1367 2145 1399 dietis
2159 1367 2260 1406 portis,
2279 1379 2332 1407 pro

1276 1413 1420 1444 securitate
1434 1409 1561 1440 Civitatis
1576 1408 1679 1439 nostrae
1689 1430 1698 1445 ‚
1716 1408 1821 1444 poterit
1834 1407 1972 1437 abhiberi:

1314 1449 1352 1481 Et
1365 1450 1423 1480 hoc
1437 1449 1590 1479 nullatenus
1603 1447 1745 1477 omittatis.

1314 1526 1419 1564 Teste,
1437 1534 1467 1556 ut
1480 1525 1564 1562 supra.

1281 1652 1336 1686 Ad
1355 1651 1515 1697 Adajorcnz
1541 1652 1577 1688 ώ-
1603 1651 1638 1683 V
1638 1651 1798 1680 icecomites
1824 1647 1976 1680 Londom'ae
1997 1647 2033 1682 de
2055 1648 2233 1696 Nmplariis
2260 1659 2335 1681 exa-

1725 1696 1885 1729 minandis.

1282 1785 1410 1842 REX
1425 1809 1435 1824 ,
1460 1784 1568 1824 Majori
1589 1784 1621 1814 ὅ(
1642 1782 1870 1814 Vicecomitibus
1891 1780 2020 1813 Civitatis
2037 1781 2092 1812 suae
2115 1782 2250 1813 London.
2269 1782 2337 1813 salu-

1354 1833 1422 1855 tem⁴

1321 1863 1401 1894 Cum
1415 1869 1503 1900 nuper
1517 1885 1526 1900 ,
1550 1859 1608 1890 ΟΒ
1634 1866 1952 1890 REVERENTIAM
1979 1868 2090 1889 sams
2113 1868 2299 1890 APOSTOL
2311 1869 2338 1889 1-‘·

1284 1911 1356 1939 CAE,
1374 1901 1593 1932 concessei-imus
1610 1898 1730 1928 Praelatis
1745 1900 1778 1929 ἃ
1793 1897 2002 1936 inquiritoiibus
2011 1920 2021 1936 ,
2039 1897 2098 1932 &a
2112 1906 2196 1935 prout
2201 1898 2287 1937 ficpra
2295 1909 2338 1927 us-

1284 1951 1334 1981 que
1349 1940 1404 1969 haec
1417 1939 1523 1977 verba,
1541 1941 1602 1968 viz.

1322 1978 1360 2008 Et
1376 1977 1563 2016 postmodum
1585 1984 1702 2014 quatuor
1717 1983 1810 2013 portas
1825 1973 1932 2004 nostras
1945 1972 2074 2005 Civitatis
2087 1974 2229 2012 praediistae
2242 1975 2341 2013 vobis,

1287 2017 1393 2056 praefati
1413 2015 1605 2046 Vicecomites
1625 2014 1736 2052 (quibus
1755 2022 1854 2043 omnes
1875 2012 2056 2050 Templarios
2071 2037 2081 2050 ,
2107 2015 2135 2043 in
2150 2013 2235 2043 Turri
2249 2013 2343 2044 nostra

1289 2054 1424 2086 London.
1445 2064 1512 2085 tunc
1536 2053 1681 2083 existentes
1695 2076 1704 2089 ,
1724 2053 1768 2083 vel
1782 2052 1848 2082 illuc
1872 2050 2072 2089 adducendos,
2092 2062 2140 2088 per
2154 2051 2344 2082 Constabula-

1289 2096 1363 2125 rium
1376 2093 1505 2124 nostrum
1521 2092 1640 2131 ejusdem
1661 2090 1758 2120 Turris
1773 2113 1783 2128 ,
1802 2091 1846 2119 vel
1860 2090 1975 2119 Locum
1997 2090 2077 2120 suum
2094 2100 2237 2120 tenentem
2248 2114 2257 2129 ,
2276 2092 2345 2121 libe-

1290 2134 1344 2163 rari
1359 2131 1561 2168 mandavimus)
1578 2140 1631 2168 pro
1646 2128 1789 2167 praemiffis
1806 2130 1834 2158 in
1849 2128 1952 2158 eisdem
1968 2131 2055 2165 portis
2067 2129 2251 2159 commodius
2265 2129 2346 2160 &se-

1291 2172 1386 2202 curius
1406 2170 1536 2200 faciendis
1584 2179 1632 2206 per
1653 2178 1704 2198 vos
1721 2190 1730 2205 ,
1752 2167 1866 2204 praefate
1887 2166 2001 2204 Major,
2020 2168 2052 2197 ὃ(
2068 2167 2295 2206 Aldermannos,
2313 2177 2347 2198 ac:

1292 2209 1521 2240 Communitates
1535 2192 1662 2238 divitatis
1678 2206 1765 2242 illius,
1783 2206 1901 2235 fecimus
1913 2205 2032 2234 liberari:

2345 1094 2360 1109 ²*
2383 1091 2437 1120 113,

2349 1140 2413 1168 232.

2356 1772 2431 1803 Ann.
2443 1770 2485 1802 D.

2377 1820 2462 1852 ¹3¹0-

2355 1855 2406 1878 An,
2421 1860 2451 1885 4.

2358 1894 2385 1916 E.
2407 1898 2432 1915 2.

2354 1926 2441 1963 Claus.
2460 1934 2489 1961 4,

2357 1971 2387 1994 E.
2405 1975 2432 1992 2.
2444 1974 2482 1993 m·

1331 2248 1377 2291 Ac
1387 2249 1463 2286 jam,
1481 2246 1517 2277 de
1532 2255 1610 2276 novo
1620 2269 1629 2282 ‚
1648 2244 1737 2282 plures
1752 2243 1950 2287 Templarios,
1969 2253 1983 2272 a
1997 2243 2100 2274 Castro
2120 2244 2217 2275 nostro
2230 2244 2358 2275 Lincol‹›

1293 2287 1396 2323 nienii,
1415 2286 1502 2323 usque
1517 2284 1550 2314 ad
1565 2284 1669 2314 dietam
1681 2283 1800 2312 Turrim
1815 2291 1911 2312 venire
1927 2282 2091 2320 fecerimus,
2108 2284 2135 2312 in
2150 2282 2224 2312 dicta
2238 2283 2348 2314 Civita-

1294 2334 1322 2355 te
1336 2323 1471 2355 London.
1490 2333 1538 2360 per
1555 2322 1687 2352 Praelatos
1702 2322 1735 2351 &
1751 2320 1930 2359 inquisitores
1946 2320 2096 2357 praedictos
2111 2343 2122 2359 ,
2138 2321 2217 2358 super
2230 2322 2352 2352 crimine

1295 2362 1450 2401 praediCto,
1470 2361 1589 2391 strit‘iius
1603 2359 1817 2389 examinandos:

1334 2401 1370 2431 Et
1390 2400 1612 2430 mandaverimus
1632 2398 1714 2428 vobis
1728 2421 1737 2436 ,
1762 2396 1876 2435 praefate
1898 2396 1995 2435 Major
2009 2421 2018 2434 ,
2036 2407 2069 2428 ac
2086 2397 2299 2437 AldermanniS,
2317 2399 2352 2429 &

1297 2439 1506 2470 Communitati
1520 2461 1529 2477 ,
1553 2436 1693 2476 praedit‘iis
1707 2459 1717 2475 ,
1742 2436 1819 2474 quod
1834 2458 1843 2473 ,
1862 2436 1881 2465 si
1896 2436 2038 2472 praeditsiae
2053 2445 2170 2473 quatuor
2186 2436 2282 2467 Portae
2318 2446 2352 2467 ro

1298 2477 1424 2509 custodia
1444 2479 1476 2508 &
1499 2477 1703 2506 examinatione
1716 2475 1948 2512 Templariorum
1965 2475 2184 2513 praedidiorum,
2200 2475 2276 2513 juxta
2323 2485 2352 2504 r-

1297 2517 1473 2546 dinationem
1487 2516 1629 2545 dic‘iorum
1644 2513 1829 2544 Praelatorum
1844 2513 1876 2543 ὃς
1890 2512 2086 2552 Inquisitoruin
2096 2537 2105 2551 ,
2123 2513 2273 2551 faciendis,
2291 2523 2353 2544 non

1299 2555 1435 2585 sufficiant
1449 2579 1458 2591 ,
1482 2562 1550 2584 tunc
1573 2554 1656 2584 vobis
1669 2575 1678 2590 ,
1697 2552 1804 2589 praefati
1818 2551 2008 2581 Vicecomites
2022 2575 2031 2588 ,
2049 2552 2111 2582 alias
2127 2560 2217 2590 portas
2231 2551 2353 2590 ejusdem

1301 2593 1430 2624 Civitatis
1442 2603 1496 2631 pro
1510 2591 1653 2630 praemissis
1666 2590 1797 2621 faciendis
1810 2589 1910 2620 faciant
1923 2590 2050 2619 liberari:

1341 2631 1431 2670 Nos,
1457 2630 1512 2660 Os
1540 2637 1752 2660 HONOREM
1777 2638 1850 2666 Dm,
1869 2637 1919 2658 ET
1940 2636 2277 2660 EXALTATIONEM
2296 2638 2356 2659 cA-

1301 2679 1385 2700 τΗο
1396 2679 1416 2699 L
1428 2678 1501 2699 lcAE
1528 2678 1594 2699 Fu>
1605 2678 1622 2699 E
1633 2677 1644 2698 1
1660 2691 1669 2705 ,
1696 2676 1726 2698 ut
1740 2691 1748 2705 ,
1773 2667 1852 2704 super
1864 2666 2067 2697 ‘diffamatione
2088 2667 2236 2706 praedicta,
2256 2669 2358 2699 veritas

1301 2709 1410 2747 plenius
1430 2708 1529 2738 sciatur
1543 2731 1552 2746 ,
1578 2707 1700 2738 corditer
1719 2705 1882 2736 assediantes
1896 2728 1905 2744 ,
1932 2706 2014 2736 vobis
2037 2705 2201 2736 mandamus
2220 2706 2297 2744 quod
2310 2730 2320 2744 ,
2338 2705 2360 2736 fi

1303 2746 1446 2785 praedieiae
1464 2754 1583 2784 quatuor
1597 2754 1687 2783 portae
1704 2745 1777 2782 (alias
1792 2755 1840 2782 per
1854 2754 1906 2774 vos
1922 2768 1930 2782 ,
1948 2744 2062 2781 prefate
2078 2743 2191 2783 Major,
2208 2755 2241 2774 ac
2257 2743 2360 2782 praedi-

1302 2786 1365 2816 &tos
1378 2785 1600 2823 Aldermannos,
1618 2785 1650 2814 ὅ(
1666 2783 1914 2814 Communitatem
1924 2806 1933 2820 ,
1954 2783 2050 2820 vobis,
2069 2783 2177 2822 praefati
2193 2782 2361 2813 Vicecomi-

1302 2833 1359 2862 tes,
1374 2824 1507 2859 liberatae)
1530 2833 1583 2853 nec
1605 2832 1664 2852 non
1679 2822 1712 2852 &
1733 2822 1793 2852 ali-az
1807 2829 1896 2860 portae
1911 2821 2006 2859 vobis,
2028 2821 2134 2858 praefati
2148 2820 2363 2859 vicecomites,

1303 2864 1332 2893 in
1347 2863 1422 2893 die'ta
1437 2862 1560 2892 Civitate
1575 2871 1623 2899 per
1639 2871 1703 2899 vos,
1742 2860 1834 2891 raefate
1849 2858 1962 2897 Major,
1980 2869 2013 2888 ac
2027 2859 2178 2896 praedi&os
2193 2859 2362 2890 Alderman-

1303 2912 1373 2940 nos,
1391 2901 1424 2932 &
1441 2900 1688 2931 Communitatem
1704 2899 1722 2929 li
1745 2899 1853 2929 erandae
1868 2920 1877 2936 ,
1902 2907 1955 2935 pro
1970 2897 2096 2927 custodia
2107 2898 2141 2929 ὃς
2155 2900 2363 2929 examinatione

1304 2940 1550 2978 Templariorum,
1567 2939 1667 2977 vobis,
1685 2938 1790 2975 praefati
1804 2936 2014 2973 vicecomites,
2033 2946 2082 2974 per
2101 2954 2155 2959 --—
2172 2935 2364 2967 Constabula-

1305 2979 1379 3009 rium
1392 2979 1491 3008 Turris
1506 2976 1663 3015 praedistae,
1679 2976 1713 3007 &
1728 2977 1784 3014 ejus
1800 2975 1915 3005 Locum
1932 2982 2092 3013 tenentem,
2111 2974 2311 3014 liberatorum,
2329 2975 2364 3006 δε

1306 3026 1417 3048 exnunc
1438 3015 1646 3046 liberandorum
1657 3038 1666 3053 ,
1690 3016 1766 3053 juxta
1780 3013 1999 3044 Ordinationem
2016 3013 2175 3051 hujusmodi
2187 3014 2363 3052 faciendam,

1305 3066 1365 3087 non
1383 3054 1519 3086 sufficiant
1534 3078 1543 3092 ,
1569 3063 1636 3084 tunc
1658 3053 1693 3083 de
1715 3053 1770 3082 aliis
1788 3052 1921 3082 domibus
1937 3074 1947 3090 ,
1963 3053 1992 3081 in
2007 3050 2131 3082 Civitate
2144 3052 2293 3090 praedi&a,
2310 3061 2363 3090 pro

1307 3094 1423 3163 Eraefato
1452 3094 1568 3132 negotio
1593 3091 1829 3123 convenientibus
1843 3114 1853 3129 ,
1876 3090 1982 3121 faciatis
2002 3089 2095 3120 modis
2111 3091 2246 3122 omnibus
2268 3091 2365 3130 provi-

1327 3143 1376 3163 eri.

1344 3171 1381 3202 Et
1402 3171 1581 3211 Templarios
1602 3169 1754 3208 praediistos
1769 3192 1779 3208 ,
1797 3169 1879 3200 vobis
1893 3178 1942 3206 per
1956 3167 2123 3206 praedidium
2135 3184 2185 3189 —
2200 3167 2365 3198 Constabu-

1307 3209 1426 3249 larium,
1441 3211 1485 3241 seu
1509 3211 1565 3248 ejus
1587 3209 1704 3239 Locum
1725 3216 1868 3238 tenentem
1889 3206 2062 3245 liberandos,
2081 3208 2117 3237 ab
2133 3207 2194 3244 ipsis
2209 3206 2365 3244 recipiatis,

1308 3251 1341 3281 &
1364 3249 1434 3290 ipsos
1455 3250 1482 3278 in
1505 3248 1642 3286 praediffis
1665 3248 1751 3284 portis
1765 3247 1797 3276 &
1812 3245 1964 3283 domibus,
1983 3245 2124 3283 separatim
2140 3249 2167 3274 in
2183 3244 2340 3274 carceribus
2354 3266 2366 3282 ,

1307 3288 1492 3326 compedibus
1506 3286 1699 3323 custodiri,&
1712 3295 1810 3315 coram
1823 3284 1942 3322 praefatis
1958 3284 2078 3313 Praelatis
2094 3284 2126 3314 &
2142 3278 2365 3320 Inqiiifitoribus,

1307 3327 1353 3357 seu
1372 3326 1529 3357 eorundem
1550 3325 1738 3355 Praelatorum
1759 3323 1854 3361 aliquo
1871 3347 1880 3361 ,
1895 3332 1928 3352 ac
1945 3332 2003 3352 uno
2017 3322 2104 3351 saltim
2119 3320 2302 3358 inquisitore,
2322 3330 2367 3350 re-

1308 3365 1461 3403 praei'entari
1481 3364 1584 3394 faciatis
1600 3387 1610 3401 ,
1635 3372 1704 3393 cum
1726 3371 1776 3399 per
1798 3361 1870 3399 ipsos
1885 3360 2032 3397 praelatos,
2051 3359 2096 3390 vel
2112 3368 2212 3389 eorum
2225 3358 2365 3397 aliquem,

1308 3414 1378 3435 cum
1394 3413 1452 3433 urio
1464 3402 1550 3432 saltim
1567 3401 1749 3439 Inquisitore,
1769 3399 1848 3438 super
1864 3400 1920 3429 hoc
1938 3398 2042 3427 fueritis
2058 3397 2186 3435 requisiti.

1345 3442 1400 3480 Et,
1418 3450 1447 3470 ut
1461 3439 1542 3470 dietis
1553 3439 1674 3469 Praelatis
1689 3440 1723 3470 &
1738 3437 1950 3476 Inqiiiiitoribus
1965 3435 2077 3466 constet
2096 3435 2132 3465 de
2153 3434 2298 3471 diligentia
2314 3445 2365 3466 ve-

1308 3480 1379 3518 stra,
1399 3478 1502 3518 praefati
1518 3477 1730 3514 Vicecomites,
1748 3479 1820 3506 circa
1840 3474 1998 3504 custodiam
2014 3473 2160 3504 dierorum
2181 3474 2365 3512 Templario-v

1309 3530 1375 3556 rum
1388 3517 1562 3555 adhibenda,
1581 3517 1614 3547 &
1629 3525 1658 3547 ut
1672 3516 1784 3546 liberius
1798 3514 1888 3543 facere
1904 3513 2011 3542 valeant
2027 3512 2104 3550 quod
2120 3513 2170 3542 erit
2186 3512 2367 3550 faciendum,

1348 3558 1452 3591 Vobis,
1471 3555 1579 3593 praefati
1596 3554 1623 3584 V
1625 3554 1806 3590 icecomites,
1825 3551 1990 3581 mandamus
2008 3550 2086 3589 quod
2111 3550 2170 3580 illos
2187 3573 2196 3588 ,
2215 3559 2286 3588 quos
2298 3551 2368 3581 dieti

1311 3595 1418 3626 Praelati
1431 3595 1464 3625 δε
1481 3593 1677 3631 inquisitores,
1695 3592 1740 3621 seu
1753 3591 1850 3628 aliquis
1865 3599 1984 3628 eorum,
2003 3599 2071 3619 cum
2092 3599 2150 3619 uno
2166 3589 2254 3619 saltim
2271 3588 2368 3626 Inqui-

1311 3635 1392 3665 sitore
1407 3657 1416 3672 ,
1441 3632 1633 3669 deputaverint
1655 3630 1688 3661 ad
1711 3628 1943 3667 supervidendum
1963 3627 2040 3665 quod
2063 3627 2138 3657 (ἤθεα
2153 3626 2281 3657 custodia
2295 3628 2369 3657 bene

1309 3673 1374 3711 fiat,
1390 3673 1418 3702 id
1431 3669 1620 3708 supervidere:
1640 3670 1673 3699 &
1688 3677 1808 3705 corpora
1822 3667 1968 3696 ditiorum
1985 3666 2216 3703 Templariorum
2239 3666 2267 3695 in
2291 3675 2370 3703 quae-

1311 3711 1447 3742 stionibus
1463 3711 1495 3740 &
1509 3708 1581 3745 aliis,
1599 3707 1632 3737 ad
1647 3708 1704 3737 hoc
1720 3706 1953 3736 convenientibus
1960 3727 1971 3742 ,
1990 3714 2112 3742 ponere3
2133 3705 2166 3735 δε
2180 3704 2246 3740 alia,
2266 3704 2370 3741 quaein

1311 3750 1364 3780 hac
1378 3745 1642 3791 parte,⁴secundum
1664 3745 1757 3783 legem
1777 3743 2000 3774 Ecclefiasticam
2018 3766 2027 3781 ,
2052 3742 2155 3773 fuerint
2171 3742 2310 3780 facienda,
2328 3742 2370 3772 fa-

1313 3799 1378 3819 cere
1393 3793 1562 3825 permittatis.

1349 3827 1405 3865 Et,
1422 3825 1490 3854 cum
1503 3823 1571 3853 dieii
1584 3821 1742 3860 Templarii
1757 3830 1855 3851 coram
1869 3819 1950 3850 dietis
1974 3819 2095 3850 Praelatis
2111 3820 2144 3850 δε
2160 3818 2373 3856 Inquifitoribus

1312 3865 1414 3896 fuerint
1429 3862 1592 3898 examinati,
1610 3870 1678 3891 tunc
1691 3870 1740 3891 eos
1754 3860 1907 3896 resumatis,
1925 3860 1958 3888 &
1971 3859 1999 3887 in
2010 3859 2097 3895 portis
2108 3858 2141 3888 &
2155 3857 2289 3887 domibus
2297 3867 2372 3896 prae-

1312 3904 1393 3934 dietis
1414 3902 1490 3932 salvo
1513 3899 1647 3930 custodiri
1668 3899 1790 3936 faciatis,
1805 3898 1881 3936 juxta
1894 3905 2023 3928 tenorem
2038 3895 2168 3926 Maiidati
2182 3895 2289 3934 nostri,
2307 3896 2371 3926 alias

1313 3943 1395 3973 vobis
1407 3940 1487 3978 super
1499 3939 1556 3969 hoc
1572 3937 1687 3969 direffl:

1349 3979 1388 4010 Et
1401 3979 1540 4015 sumptus,
1559 3977 1577 4006 si
1591 3986 1662 4014 quos
1679 3975 1790 4005 forsitan
1805 3975 1834 4004 in
1849 3973 2043 4004 conduffione
2056 3972 2213 4004 domorum
2226 3971 2372 4010 hujusmo-

1312 4018 1342 4049 di
1360 4019 1380 4038 *
1398 4026 1539 4055 apponere
1559 4025 1611 4046 vos
1632 4015 1782 4053 contigerit
1794 4036 1803 4051 ,
1822 4012 1876 4042 una
1890 4022 1959 4043 cum
1974 4021 2008 4043 ex
2029 4012 2098 4041 ensis
2112 4011 2308 4042 ministrorum
2324 4019 2372 4046 per

1311 4067 1365 4089 vos
1379 4055 1572 4090 vicecomites
1583 4052 1754 4092 praediuos,
1771 4051 2003 4121 circaZdiCtorum
2048 4050 2250 4090 emplariorum
2265 4047 2374 4116 Cciliisto-

2321 4094 2378 4122 am,

2388 4014 2402 4030 *
2420 4012 2476 4041 111⁶

2388 4060 2452 4088 2330
