2570 4261
736 150 848 191 ET
931 152 1200 194 ACTA

32 232 110 265 Ann.
124 229 168 262 D.

31 279 145 338 Ῑὶξοξ·
207 320 255 352 De
271 318 467 363 Templariis‚
485 316 544 364 βψ
559 316 665 351 habitu
675 319 812 364 ska-ulmi
832 319 1013 368 vagantibus
1025 348 1034 364 ‚
1062 320 1218 368 capiendis.

33 401 87 428 An·
108 405 132 433 3·
186 401 313 459 REX
333 402 507 433 Vicecomiti
520 401 630 441 Cantii,
649 403 771 434 salutem.

33 440 65 464 Ε·
86 444 111 461 ²-
295 440 370 479 Qia
395 441 577 471 intelleximus
601 442 678 478 quod
706 442 820 479 quidam
840 443 947 474 Fratres
961 467 970 482 ,
990 445 1104 475 Ordinis
1130 443 1244 475 Militiae

34 472 124 508 Claus.
142 481 168 509 3·
189 475 308 517 Templi
317 480 347 508 in
363 478 485 517 Anglii,
503 489 550 516 per
565 479 671 509 diversa
684 479 746 510 loca
759 481 788 510 in
805 480 908 512 Ballivs
922 484 969 513 rufa
981 492 1129 522 vagantur,
1143 484 1176 513 &
1190 483 1245 513 dis-

34 515 67 538 Ε-
87 519 114 537 2·
191 524 308 546 currunt
322 539 333 555 ‚
350 516 400 546 sub
414 518 510 547 habitu
531 519 545 534 ⁴*
565 517 683 547 saeculari
696 540 706 554 ‚
724 519 835 548 crimen
855 519 1010 558 Apostafiae
1024 522 1143 551 notoriae
1158 531 1242 551 com-

36 558 74 576 m·
92 556 124 582 ¹5
127 567 134 574 ·
193 554 332 585 mittendo
347 577 356 592 ,
374 556 404 584 in
425 556 582 585 animarum
599 555 708 585 suarum
728 556 885 593 periculum
906 559 1100 589 manifestum:

36 585 57 605 ²*
74 586 126 613 ¹11·
227 592 297 622 Tibi
316 594 497 631 praecipimus
512 616 521 631 ,
540 593 655 623 firmiter
670 595 842 632 injungentes
856 618 866 633 ,
883 597 959 635 quod
972 597 1079 635 statim,
1099 597 1160 627 vilis
1173 606 1244 634 prae-

38 631 102 660 ¹95·
187 629 323 670 sentibuS,
341 641 442 661 omnes
452 632 649 674 Templarios,
666 631 823 668 hujusmodi
837 633 1000 673 Apostatas,
1013 636 1173 674 ubicunque
1186 645 1244 673 eos,

186 669 217 698 in
230 668 332 700 Balliva
351 668 415 707 tufi,
433 669 489 700 five
502 670 570 698 intra
584 669 759 706 libertatem,
776 670 831 700 five
846 680 933 709 extra,
952 674 1101 712 contigerit
1115 674 1246 710 inveniri,

185 709 267 747 capi,
284 708 316 738 &
331 707 466 737 London.
479 707 545 737 duci
557 707 655 745 facias,
674 707 890 739 Constabulario
902 711 1002 740 Turris
1017 711 1120 741 nostrae
1136 710 1243 740 ibidem

186 746 355 776 liberandos·
378 746 423 775 cui
440 745 633 776 mandavimus
646 745 721 784 quod
737 746 807 783 ipsos
821 757 836 776 a
851 755 879 777 te
893 749 1023 785 recipiat,
1042 751 1073 779 &
1089 751 1116 779 in
1134 748 1244 786 prison&

188 783 284 814 nostr&
297 768 405 814 ibiciem
419 783 572 821 custodiat,
589 792 673 823 prout
688 784 738 813 iibi
752 794 802 821 per
817 795 868 815 nos
881 786 987 823 plenius
1001 785 1042 816 est
1056 788 1223 825 injunctum.

223 859 314 891 Teste
327 858 410 899 Rege
422 859 495 899 apud
508 859 794 890 Westmonasterium
803 883 813 898 ,
831 870 875 899 14.
894 861 939 892 die
955 862 1132 894 Decembris.

290 934 403 967 Eodem
418 936 508 967 modo
522 935 647 967 scribitur
659 935 886 968 Vicecotnitibus
899 939 1067 978 subscriptis,
1084 940 1140 971 viz.

226 1012 339 1043 London
346 1035 356 1051 ,

226 1053 253 1080 E
250 1050 343 1089 ffl’xiae
350 1073 361 1088 ,

226 1088 366 1119 Cornubiae
373 1111 384 1127 ,

228 1129 362 1157 Devoniae
372 1149 383 1164 ,

226 1165 395 1205 Herefordiae
403 1187 413 1203 ‚

227 1202 395 1242 Gloucestriae
402 1226 412 1240 ,

226 1242 406 1280 Sumersettiae
415 1264 426 1279 ,

228 1283 375 1318 Dorseniae
383 1303 393 1317 ‚

228 1320 271 1350 W
272 1318 332 1348 iltes
340 1341 349 1356 ‚

224 1355 436 1394 Suthamptoniae
443 1377 454 1393 ‚

773 1015 887 1043 Oxoniae
894 1036 905 1052 ,

774 1052 848 1080 Berk
857 1076 866 1090 ‚

773 1092 873 1118 Sztrriae
886 1114 896 1129 ,

771 1128 895 1165 Suffixt'ae
903 1152 913 1168 ,

772 1166 941 1206 Hertfordiae
948 1190 958 1205 ,

772 1204 958 1244 Middlesi’xiae
966 1229 976 1244 ,

772 1243 950 1280 Cantebrigiae
957 1267 966 1281 ,

777 1281 808 1307 H
809 1282 952 1318 tintingdon
960 1305 970 1320 ,

776 1318 925 1357 Norffolciae
933 1343 944 1358 2

776 1357 915 1395 Suffolciae.

223 1431 337 1463 Eodem
358 1431 448 1461 modo
467 1431 591 1461 scribitur
613 1429 838 1463 Vicecomitibus
859 1433 1012 1475 subscriptis
1026 1457 1037 1473 ,
1050 1434 1087 1465 de
1108 1434 1247 1474 Apostatis

185 1471 347 1510 hujusmodi
360 1470 444 1509 usque
458 1469 593 1501 Castrum
605 1468 767 1500 Lincolniae
783 1472 942 1511 mittendis,
959 1474 1102 1512 videlicet,

224 1546 334 1577 Derbiae
341 1569 352 1587 ,

226 1588 358 1617 Warwici
363 1608 374 1624 ,

226 1627 270 1654 Le
265 1635 312 1664 yce
337 1627 385 1653 riae
391 1646 401 1662 ‚

223 1664 300 1693 Nort
320 1670 436 1700 ampton.

225 1699 393 1731 Rotelandiae
400 1723 410 1738 ,

774 1548 992 1586 Buckinghamiae
999 1572 1009 1588 ‚

774 1585 926 1625 Beaffordiae
933 1610 944 1627 ,

772 1624 884 1662 Salopiae
892 1648 902 1664 ,

774 1662 930 1701 Staffordiae
938 1687 948 1702 ,

772 1701 929 1731 Lincolm'ae.

223 1775 296 1807 Item
315 1775 418 1807 eodem
439 1775 530 1806 modo
550 1775 676 1807 scribitur
691 1775 919 1808 vicecomitibus
933 1778 1100 1815 subscriptis,
1118 1777 1153 1808 de
1168 1776 1248 1815 Apo-

188 1813 264 1846 statis
274 1815 448 1854 hujusmodi,
467 1815 551 1853 usque
564 1812 697 1845 Castrum
712 1814 834 1846 Eboraci
852 1817 1010 1856 mittendis,
1027 1816 1174 1854 videlicet,

226 1891 434 1923 Northumbriae
442 1913 452 1930 ‚

203 1934 208 1938 '
227 1930 361 1960 Cambriae
369 1954 379 1969 ,

225 1967 453 2009 lstszstmerlandiae
461 1990 470 2006 ,

777 1892 950 1932 Lancastriae
957 1916 967 1932 ‚

775 1933 809 1960 N
808 1930 980 1968 otinghamiae
990 1956 999 1971 ,

776 1968 903 1999 Eboraci.

275 2115 326 2147 De
344 2108 511 2153 Custodibns
530 2111 769 2157 Templariorum
782 2139 790 2153 ‚
817 2112 965 2158 qtioaifint
981 2112 1158 2146 intendentes

599 2158 832 2206 Inqnfitoribus.

188 2246 313 2306 REX
332 2246 478 2277 Univerfis
500 2246 533 2275 ὅτ
553 2244 661 2283 singulis
681 2244 817 2275 Ministris
837 2245 909 2283 suis,
929 2245 1103 2277 Custodibus
1114 2247 1249 2286 Templa-

263 2286 388 2323 riorum,
404 2284 437 2314 ad
452 2293 538 2322 quOS,
555 2284 616 2314 &o
631 2283 754 2313 salutem.

228 2322 400 2354 Mandamus
412 2323 492 2351 vobis
506 2322 581 2359 quod
598 2321 728 2352 Praelatos
741 2322 774 2351 ὅ(
789 2321 980 2360 Inquffimres,
1000 2323 1033 2353 ad
1049 2323 1247 2362 inquirendum

191 2370 290 2393 contra
303 2360 445 2390 Ordinem
458 2359 746 2396 Templariorum,&
761 2368 859 2389 contra
874 2358 1018 2399 Magnum
1034 2360 1246 2399 Praeceptorem

191 2400 259 2431 dieti
278 2399 394 2429 Ordinis
410 2421 420 2436 ,
439 2399 467 2427 in
488 2396 535 2426 Re
555 2407 594 2427 no
619 2397 728 2427 Analiae
743 2397 945 2434 constitutum,
962 2400 995 2429 <Sc
1011 2399 1133 2429 similiter
1147 2409 1248 2430 contra

190 2438 336 2477 singulares
349 2437 481 2467 Personas
495 2436 527 2465 δε
536 2407 647 2465 {ratres
661 2422 775 2465 &rdinis
798 2435 867 2465 illius
884 2445 972 2473 nuper
985 2446 1033 2475 per
1055 2438 1151 2468 litteras
1168 2439 1248 2478 Apo-

188 2477 298 2511 stolicas
316 2476 460 2513 deputatos
473 2497 482 2512 ,
501 2474 536 2503 de
558 2474 617 2514 ipsis
639 2474 802 2511 Templariis
816 2474 848 2504 ὃς
863 2483 962 2503 eorum
977 2476 1159 2515 corporibus,
1175 2487 1248 2516 quo-

188 2516 258 2546 tiens
278 2513 417 2545 voluerint
432 2535 442 2551 ‚
459 2512 588 2542 ordinare
605 2513 637 2543 &
659 2512 749 2542 facere
765 2513 931 2549 permittatis
945 2512 973 2542 id
986 2514 1063 2553 quod
1076 2515 1112 2543 eis
1125 2538 1135 2553 ,
1150 2516 1247 2546 sccun-

188 2554 259 2585 dum
271 2553 363 2592 legem
379 2550 618 2588 Ecclestafficmn,
637 2550 777 2581 videbitur
788 2550 958 2593 faciendum.

200 2624 202 2627 ,
225 2591 280 2630 Et,
298 2590 332 2621 ad
346 2591 408 2621 haec
425 2589 566 2628 facienda,
585 2589 638 2620 fitis
651 2588 773 2619 Praelatis
786 2589 819 2619 ὃς
841 2588 1051 2627 lnquintoribus
1065 2590 1246 2623 intendentes.

37 2256 115 2287 Ann.
125 2255 168 2287 D.

53 2303 138 2335 1309.

33 2337 86 2362 An.
108 2343 134 2370 3.

34 2376 67 2400 Ε.
87 2380 112 2398 2.

35 2413 95 2438 Par.
111 2418 136 2446 3.

34 2451 64 2476 13.
84 2457 111 2476 2.

35 2493 128 2522 m.25.

223 2667 313 2699 Teste
324 2667 410 2704 Rege
421 2665 494 2707 apud
507 2664 798 2696 Westmonasterium
807 2688 816 2703 ,
838 2675 880 2705 15.
893 2665 938 2697 die
951 2665 1128 2698 Decembris.

225 2744 285 2776 Sub
300 2743 402 2775 eodem
414 2751 511 2779 tenore
527 2742 684 2782 consignata
699 2741 809 2773 fuerunt
821 2742 936 2781 septem.

453 2868 598 2904 'Roberms
614 2868 742 2915 Cltfford
760 2866 857 2911 Custos
875 2871 983 2903 Scotiae.

163 2977 170 2984 -
192 2956 278 3015 RE
288 2956 319 2988 X
337 2956 485 2993 omnibus,
502 2954 536 2985 ad
550 2964 637 2994 qum,
651 2955 710 2985 &e
724 2955 845 2984 salutem.
974 2974 976 2977 f

303 2994 351 3025 De
370 2994 499 3025 fidelitate
519 2993 552 3023 &
571 2993 828 3030 circumspectionis
843 2991 991 3031 industria,
1008 2992 1102 3024 dilecti
1115 2994 1148 3025 &
1162 2993 1249 3025 fidelis

194 3031 283 3064 nostri
322 3032 443 3063 Roberti
458 3031 493 3062 de
508 3029 632 3060 Clifford
646 3053 655 3068 ,
671 3031 777 3068 plenius
797 3030 985 3069 confidentes,
1004 3032 1195 3063 constituimus
1206 3035 1249 3071 ip-

195 3072 256 3103 surn
269 3057 431 3102 Custodem
447 3070 529 3101 totius
548 3068 647 3098 Terrae
667 3069 771 3100 nostrae
792 3070 923 3112 Scotiae,
943 3071 1076 3107 quamdiu
1091 3072 1171 3101 nobis
1192 3073 1251 3115 pla-

146 3130 153 3138 .
193 3111 298 3148 cuerit,
316 3110 352 3139 ita
365 3108 446 3149 quod
458 3108 534 3138 idem
549 3105 692 3137 Robertus
703 3115 818 3138 centum
833 3108 962 3138 hommes
976 3109 1009 3139 ad
1023 3119 1099 3139 arma
1108 3132 1116 3147 ,
1135 3119 1249 3148 equites,

196 3148 393 3180 &trescentos
411 3147 539 3177 homines
560 3144 677 3182 pediteS,
693 3147 828 3176 continue
843 3148 872 3176 in
888 3144 1036 3177 Comitivit
1050 3147 1096 3178 sui
1110 3150 1225 3179 retineat
1239 3172 1250 3187 ,

191 3196 245 3226 pro
259 3185 387 3217 custodia
397 3185 519 3224 Treugae
533 3183 577 3214 seu
591 3182 756 3214 sufferenti-ae
770 3185 801 3215 in
814 3184 885 3215 tertii
898 3185 1030 3224 praedieta
1037 3208 1047 3224 ,
1062 3186 1191 3227 quamdiu
1200 3197 1251 3218 cu-

194 3223 293 3255 stodiae
305 3223 452 3254 intenderit
464 3220 634 3262 supradietae.

232 3262 266 3293 In
280 3263 374 3301 cujus,
390 3263 451 3293 &c.

226 3337 315 3370 Teste
329 3336 411 3377 Rege
425 3336 496 3378 apud
510 3335 799 3368 westmonasterium
814 3345 857 3375 15.
873 3337 917 3368 die
933 3338 1110 3369 Decembris.

227 3414 267 3446 Et
284 3413 447 3444 mandatum
463 3412 504 3444 est
523 3412 701 3451 Comitibus,
719 3413 888 3452 Batonibus,
906 3413 1062 3454 Militibus,
1080 3415 1248 3447 vicecomi-

194 3453 285 3491 tibus,
310 3452 419 3483 Ballivis
432 3475 442 3490 ,
466 3452 499 3482 &
520 3452 653 3482 omnibus
673 3452 731 3482 aliis
751 3450 787 3481 de
807 3450 997 3484 Comitatibus
1012 3454 1247 3493 Northumbriae,

192 3488 254 3526 ὀτ-
267 3497 350 3530 prout
356 3489 441 3530 fhpra
455 3490 487 3519 de
505 3498 541 3528 14
557 3493 627 3528 Sept.

45 3631 127 3661 ⁰111.
307 3614 334 3642 *θ
357 3613 416 3648 Ad
435 3616 579 3648 Comitem
592 3612 738 3646 Flandriae
756 3613 792 3647 dc
810 3612 942 3659 Justitia
959 3612 1134 3648 exhibenda.

49 3671 112 3708 ¹9⁶·

46 3708 123 3738 Ann.
138 3704 178 3736 D.
194 3681 323 3756 REX
337 3699 446 3731 Nobili
465 3697 554 3736 Viro,
572 3697 704 3729 Domino
724 3697 763 3728 R.
780 3697 892 3729 Comiti
912 3698 1065 3738 Flandriae‚
1079 3699 1187 3730 Amico
1199 3700 1249 3731 suo

46 3753 154 3820 24171339
191 3756 193 3758 -
232 3736 639 3814 Saitisntilditxig'iislffreeffimus,
657 3773 746 3805 vestra
766 3774 915 3805 Prudentia
934 3776 1153 3814 circumspetfih,
1168 3776 1248 3814 quod

47 3825 79 3850 Ξ.
99 3831 126 3849 2.
197 3814 344 3846 Dominus
355 3814 391 3845 E.
404 3813 549 3853 quondam
564 3812 628 3843 Rex
643 3812 687 3842 An
708 3813 752 3843 liae
766 3812 847 3843 Patet
860 3812 955 3856 noster
969 3836 979 3852 ,
995 3815 1029 3845 &
1043 3824 1094 3844 nos
1109 3814 1248 3852 similiter,

48 3858 136 3895 Claus.
153 3867 178 3895 3.
197 3851 355 3897 postquam·
363 3853 526 3895 suscepimus
540 3852 669 3885 regimen
714 3852 778 3890 egni
794 3850 895 3888 nostri,
915 3852 1089 3895 pro-diversis
1102 3851 1250 3883 Mercato—

47 3899 80 3924 Σ.
101 3906 128 3924 2.
199 3891 275 3921 ribus
288 3890 357 3921 dieti
366 3890 479 3930 Regni,
497 3899 546 3927 per
560 3886 668 3918 Gentes
683 3889 718 3919 de
739 3888 831 3918 vestro
852 3888 996 3919 Dominio
1014 3890 1135 3929 dampna
1149 3890 1227 3928 paffis
1241 3914 1250 3929 ‚

47 3943 87 3964 m.
104 3933 182 3970 15.d.
198 3937 229 3959 ut
242 3927 302 3966 ipfis
316 3928 524 3972 Mercatoribus
541 3927 576 3971 de
589 3927 733 3971 dampnis,
750 3927 801 3956 illis
813 3927 906 3965 illatis,
923 3928 1052 3958 emendae
1062 3927 1157 3959 fierent
1165 3938 1251 3959 com-

198 3974 338 4006 petenter„
355 3965 453 4003 pluries
465 3966 616 3996 direximus
631 3965 718 4008 literas
730 3973 812 4004 atque
826 3974 929 4008 preces

234 4003 612 4074 Sei-gegesljllsslsrucmm
632 4002 782 4035 modicum
797 4025 808 4042 ‚
825 4011 856 4035 ut
870 4002 996 4043 videtur,
1009 4004 1142 4037 haCtenus
1155 4005 1253 4038 attule-

1280 154 1313 194 Ρ
1351 153 1396 194 U
1435 156 1467 196 B
1504 157 1537 198 L
1575 158 1595 198 1
1630 159 1668 199 c
1706 159 1755 199 A.
2254 180 2271 205 1
2281 170 2328 220 63

1285 247 1365 276 runt,
1384 240 1478 271 inanes
1493 241 1636 273 dierorum
1649 242 1847 274 Mercatorum
1861 244 1980 282 querelae
1995 244 2058 285 (qui
2074 255 2107 276 ex
2124 245 2224 277 nostris
2236 251 2339 286 rogati-
2357 246 2433 276 Arm.
2445 246 2488 277 D:

1285 277 1337 306 bus
1349 278 1439 308 adhuc
1453 280 1479 309 se
1493 290 1552 309 non
1570 281 1688 311 sentiunt
1702 281 1857 312 remedium
1872 283 2006 314 assecutos
2019 295 2028 322 ς
2047 285 2079 315 &
2101 295 2221 323 quorum
2237 287 2336 325 <lamp-
2376 293 2458 322 1309.

1286 324 1322 344 na
1335 315 1367 345 &
1379 317 1495 353 jadturae
1510 318 1639 349 crescunt
1655 319 1858 358 multipliciter,
1877 321 1909 350 ὅ(
1921 330 2054 360 augentur
2072 333 2118 362 per
2132 324 2237 354 labores
2252 326 2337 356 inuti·
2358 326 2420 351 Edv-
2441 332 2469 350 2·

1283 351 1320 381 les
1335 374 1345 390 ,
1355 353 1476 392 sumptus
1490 356 1658 394 multiplices
1671 380 1680 395 ,
1696 367 1766 397 quos
1781 380 1790 396 ,
1807 358 1900 389 eundo
1915 369 1982 389 cum
2002 361 2082 391 literis
2096 362 2194 392 nostris
2204 363 2236 393 ad
2251 372 2341 400 partes

1283 390 1402 428 vestras,
1420 393 1568 424 &ibidem
1589 395 1667 434 super
1680 395 1806 433 dampnis
1820 396 1869 426 suis
1881 397 2021 434 praediffis
2038 399 2172 437 justitiam
2188 403 2338 440 expectan-

1284 428 1341 467 do,
1358 430 1510 469 apposuisse
1523 433 1623 469 pluries
1636 432 1832 470 dinoscuntur)
1850 436 2048 466 continuantur
2061 438 2127 468 licut
2149 439 2239 478 prius,
2255 441 2286 471 ὃ(
2301 440 2337 471 ad

1284 476 1337 496 nos
1352 469 1424 505 quali
1445 470 1550 500 cotidie
1570 471 1729 501 deferuntur
1747 481 1798 511 pro
1812 472 1924 503 defectu
1937 473 2050 511 justitiae
2064 498 2073 513 ,
2092 476 2154 513 ipsis
2168 486 2215 514 per
2234 488 2284 508 vos
2302 479 2336 509 δε

1284 504 1389 535 vestros
1402 506 1525 538 subditos
1537 508 1708 539 exhibendae.

1323 542 1402 572 Cum
1415 545 1450 573 ita
1471 556 1505 575 ue
1525 557 1576 584 pro
1594 547 1700 577 dilectis
1718 547 1815 585 nobis,
1835 547 1987 586 Ranulpho
2007 550 2042 580 de
2055 551 2165 590 BurgO,
2184 552 2338 592 Radulpho

1284 579 1320 610 de
1333 579 1447 611 Burton.
1509 586 1595 615 altero
1612 585 1647 615 de
1663 585 1824 623 Kelsterne,
1840 586 1932 616 Adam
1948 588 2114 628 Tr)1·ewyt,
2129 592 2160 620 ὅ(
2175 593 2337 628 quibusdam

1284 618 1342 648 aliis
1356 618 1564 652 Mercatoribus
1591 622 1626 653 de
1640 623 1744 662 Regno
1759 622 1855 654 nostro
1870 625 1932 664 (qui
1945 636 2033 663 nuper
2047 627 2104 657 duo
2119 629 2218 667 millia,
2239 631 2271 661 &
2285 631 2338 662 du-

1285 660 1514 700 centos-groffos
1538 646 1672 691 Fsorenos
1696 662 1757 691 suos
1781 672 1875 692 aureos
1889 687 1898 701 ,
1922 673 2004 700 penes
2024 666 2161 704 quendam
2189 668 2337 700 custodem

1286 692 1404 725 Cambn
1420 719 1429 734 ,
1446 699 1474 726 in
1498 698 1569 729 Villa
1593 699 1721 738 Brugenfi
1736 723 1745 738 ,
1763 710 1811 738 per
1826 700 2075 732 Communitatem
2089 705 2208 741 ejusdem
2222 707 2338 744 deputa-

1286 740 1347 761 tum
1360 756 1369 770 ,
1389 734 1566 771 deposuerant
1588 737 1637 767 sub
1657 738 1705 767 tali
1725 740 1915 769 conventione
1929 762 1939 777 ,
1957 741 2032 778 quod
2047 743 2172 771 valorem
2185 746 2337 776 eorundem

1286 769 1492 812 Florenorum,
1512 775 1538 804 in
1551 775 1602 805 alifi
1620 775 1736 806 moneta
1748 799 1757 814 ,
1776 776 1820 807 vel
1834 786 1947 815 argento
1960 780 1989 808 in
2003 779 2103 818 massi,
2121 781 2155 810 ab
2170 781 2228 818 ipso
2243 785 2338 813 custo-

1285 807 1321 838 de
1336 809 1522 852 postmodum
1536 815 1690 851 reciperent
1700 815 1786 852 ‚cum
1797 825 1846 854 per
1859 825 1907 846 eos
1920 816 1985 846 esset
1999 817 2076 854 super
2090 819 2147 849 boc
2161 820 2254 850 debite
2267 831 2340 859 prae-

1287 849 1427 885 munitus)
1449 850 1506 880 titm
1521 852 1602 882 vobis
1615 875 1625 890 ‚
1643 854 1727 891 quiim
1743 853 1959 892 Burgimagistris
1970 877 1979 892 ,
1998 855 2142 895 Scabinis,
2161 859 2193 888 ὃς
2207 857 2341 890 Consuli-

1285 885 1338 914 bus
1356 885 1439 916 dietae
1461 887 1544 919 Villae
1564 889 1706 929 Burgenlis
1719 913 1729 929 ,
1747 892 1852 921 nostras
1865 893 2092 924 transmiserimus
2106 895 2193 925 literas
2207 896 2341 935 depreca-

1288 923 1370 953 torias
1392 925 1497 956 vicibus
1511 929 1630 965 repetitis
1644 951 1653 965 ,
1669 938 1720 966 pro
1733 939 1769 959 eo
1783 929 1858 968 quod
1873 929 1963 959 dietus
1978 930 2082 962 Custos
2094 934 2211 970 praefatis
2225 934 2339 966 Merca-

1283 962 1411 1000 «toribus,
1428 964 1500 1000 juxta
1515 964 1748 996 Conventionem
1770 967 1933 1005 praedictam
1947 990 1956 1005 ,
1979 970 2007 998 in
2031 970 2167 1001 solutione
2188 973 2275 1003 desuit
2298 975 2340 1004 fa-

1285 999 1403 1038 cienda,
1423 1010 1451 1031 ut
1468 1005 1615 1040 pecuniam
1634 1005 1710 1034 suam
1725 1006 1904 1044 praediCtam,
1922 1006 1964 1035 vel
1979 1007 2105 1038 valorem
2119 1010 2256 1049 ejusdem,
2267 1013 2339 1050 juxta

1286 1035 1520 1070 Conventionem
1536 1042 1716 1080 praedictam,
1733 1053 1891 1083 recuperare
1903 1044 2025 1081 possent:

1323 1075 1359 1106 Et
1371 1077 1435 1107 licet
1450 1088 1500 1108 vos
1513 1079 1748 1120 BurgimagistriS,
1763 1082 1886 1112 Scabinis
1901 1083 1934 1113 ὃς
1951 1081 2119 1114 Consulibus
2137 1086 2275 1123 praeditftis
2290 1089 2339 1119 de-

1286 1113 1381 1145 deritis
1393 1116 1422 1144 in
1437 1118 1587 1156 mandatis,
1606 1127 1637 1149 ut
1651 1119 1728 1159 super
1743 1120 1887 1157 proemiffis
1901 1121 2025 1152 facerent
2039 1122 2118 1152 ἀίέὶίε
2132 1124 2339 1157 Mercatoribus

1286 1153 1385 1183 nostris
1405 1153 1515 1191 justitiae
1536 1158 1784 1196 complementum
1798 1182 1807 1196 ,
1823 1159 1889 1189 ficut
1908 1160 2050 1190 literarum
2071 1161 2239 1202 vestrarum,
2257 1166 2340 1196 nobis

1286 1191 1352 1220 inde
1368 1192 1510 1223 miffarum
1521 1217 1530 1233 ‚
1547 1195 1626 1225 series
1638 1196 1782 1235 patefecit:

1325 1229 1416 1261 Iidem
1438 1239 1530 1262 tamen
1546 1232 1767 1273 Burgimagistri,
1785 1235 1914 1273 scabini,
1932 1236 1965 1266 ὃς
1979 1236 2132 1276 Consules,
2149 1239 2279 1276 quasdam
2292 1251 2340 1272 ex-

1287 1267 1437 1299 cufiitiones
1450 1292 1459 1308 ,
1477 1270 1512 1300 ad
1528 1272 1730 1303 excludendum
1747 1273 1837 1303 dictos
1854 1273 2026 1305 Mercatores
2040 1275 2149 1306 nostros
2161 1287 2176 1306 a
2198 1288 2342 1316 recupera-

1287 1307 1366 1335 tione
1388 1307 1472 1338 dietae
1491 1312 1618 1346 pecuniae
1632 1333 1642 1349 ,
1657 1311 1859 1349 praetendentes
1873 1334 1882 1349 ,
1901 1313 1962 1350 ipsis
1975 1313 2038 1343 inde
2053 1314 2281 1356 satisfactionem,
2296 1318 2342 1349 seu

1285 1344 1419 1382 justitiam
1441 1347 1573 1378 hadtenus
1594 1349 1683 1379 facere
1702 1359 1762 1379 non
1783 1349 1913 1380 curtirunt
1926 1373 1935 1388 ,
1953 1352 1980 1380 in
1994 1352 2117 1389 ipsorum
2129 1354 2268 1392 jaffimram
2282 1366 2343 1387 non

1287 1383 1432 1414 modicam
1442 1407 1452 1423 ,
1470 1386 1503 1415 ὃς
1518 1386 1779 1427 depauperationem
1794 1388 1977 1418 manifestam.

1327 1421 1404 1460 Qua
1425 1425 1494 1453 vero
1514 1427 1659 1455 notorium
1684 1426 1716 1456 &
1744 1427 1894 1465 cognitum
1918 1427 1974 1465 est,
1992 1429 2158 1467 praedidtum
2182 1429 2343 1462 Custodem

1288 1458 1403 1490 Cambii
1418 1461 1545 1498 praediffi
1564 1463 1670 1494 dietam
1684 1464 1821 1494 summam
1842 1464 1865 1494 F
1866 1464 2029 1496 lorenorum
2042 1490 2052 1505 ,
2069 1479 2084 1498 a
2097 1469 2213 1507 praefatis
2227 1470 2343 1502 Merca-

1287 1499 1394 1528 toribus
1408 1522 1418 1537 ,
1435 1500 1469 1530 ad
1491 1501 1655 1540 praediftum
1671 1501 1827 1532 Cambium
1843 1504 1989 1541 recepisse,
2008 1506 2040 1536 δε
2060 1507 2136 1545 quod
2150 1508 2212 1546 ipsis
2227 1508 2343 1540 Merca-

1288 1537 1394 1567 toribus
1412 1538 1477 1568 inde
1491 1539 1622 1570 nondum
1637 1542 1725 1571 exritit
1738 1541 1832 1571 debite
1845 1542 2028 1582 satisfafftumg

1326 1575 1489 1606 Amicitiam
1505 1577 1625 1609 vestram
1637 1578 1789 1609 affectuose
1806 1581 1968 1618 requirimus
1981 1582 2014 1611 Sc
2035 1592 2181 1622 rogamus,
2199 1586 2344 1625 quatinus,

1290 1612 1318 1642 in
1333 1613 1476 1644 desedium
1490 1615 1793 1654 Burgimagistrorum,
1819 1618 2005 1650 scabinorum
2020 1642 2030 1658 ,
2048 1622 2081 1651 &
2094 1621 2254 1653 Consulum
2271 1634 2343 1663 prae-

1291 1651 1452 1691 dictorum,
1469 1654 1607 1691 praediciis
1623 1655 1829 1686 Mercatoribus
1844 1657 1943 1687 nostris
1956 1681 1965 1696 ‚
1983 1659 2051 1688 citra
2068 1659 2192 1691 octabas
2207 1661 2343 1694 Purifica-

1288 1690 1370 1720 tionis
1384 1690 1475 1722 Beatae
1489 1692 1592 1723 Mariae
1607 1693 1744 1733 Virginis,
1760 1696 1892 1732 proximo
1910 1696 2027 1735 futurae,
2044 1697 2122 1735 super
2134 1702 2344 1737 recuperatione

1289 1730 1417 1765 pecuniae
1438 1730 1492 1760 suae
1514 1732 1656 1769 praedietae
1670 1755 1679 1769 ‚
1698 1734 1742 1763 vel
1765 1734 1862 1763 valoris
1877 1734 2014 1773 ejusdem,
2033 1736 2154 1766 exhiberi
2170 1740 2267 1778 faciat³
2285 1739 2346 1770 abs-

1289 1776 1345 1803 que
1361 1768 1496 1798 ulterioris
1514 1771 1649 1800 dilationis
1670 1771 1859 1801 incommodo
1874 1795 1883 1810 ,
1900 1772 2012 1810 justitiae
2028 1775 2290 1815 complementum,
2308 1788 2345 1808 ne

1289 1805 1423 1836 sollicitari
1445 1817 1495 1837 nos
1514 1817 1642 1845 oporteat
1656 1810 1774 1847 amplius
1790 1819 1823 1839 ex
1845 1811 1896 1841 bac
1910 1811 2001 1841 caula:
2020 1811 2063 1841 Ex
2077 1822 2144 1843 tunc
2160 1824 2253 1844 autem
2268 1817 2343 1846 diffi-

1290 1844 1394 1874 mulare
1407 1854 1466 1875 non
1481 1848 1632 1884 poterimus
1647 1871 1655 1884 ,
1673 1849 1739 1885 quin
1755 1849 1815 1885 ipsis
1838 1848 2041 1880 Mercatoribus
2061 1851 2161 1881 nostris
2177 1853 2205 1882 in
2221 1855 2344 1890 praemis-

1291 1882 1324 1912 fis
1355 1883 1545 1923 tovideamus,
1568 1886 1595 1914 in
1611 1885 1694 1916 vestri
1707 1886 1865 1924 defectum,
1885 1887 1919 1917 de
1933 1888 2057 1918 remedio
2071 1893 2252 1929 competenti.

1365 1922 1426 1951 imis
1445 1924 1521 1952 enim
1541 1924 1702 1961 injuriosum
1717 1925 1784 1954 esset
1801 1926 1876 1962 quod
1893 1927 1977 1956 iidem
1993 1926 2163 1958 Mercatores
2178 1929 2281 1968 nostri,
2295 1941 2345 1971 per

1290 1959 1418 1989 fraudem
1432 1983 1441 1998 ,
1466 1961 1512 1991 vel
1531 1962 1661 1992 malitiam
1681 1963 1750 1993 dieti
1773 1966 1935 1994 communis
1956 1964 2078 1995 Ministri
2104 1966 2185 1997 Villae
2203 1970 2346 2005 praedidtae

1291 1998 1302 2031 (
1311 2007 1379 2027 cum
1400 2008 1457 2036 quo
1471 2023 1480 2037 ,
1498 2001 1603 2030 ratione
1616 2001 1754 2038 cujusdam
1772 2003 2013 2042 praeconizationis
2026 2026 2034 2041 ‚
2053 2004 2080 2034 in
2098 2004 2196 2035 eTadem
2212 2006 2282 2037 Villci
2295 2018 2348 2047 pu-

1292 2035 1365 2066 blice
1378 2036 1460 2067 faetae
1475 2060 1484 2076 ‚
1502 2037 1537 2068 de
1557 2039 1676 2077 pecunia
1690 2039 1782 2070 eidem
1796 2038 1917 2070 Custodi
1933 2041 1966 2071 ad
1982 2041 2136 2073 Cambium
2150 2044 2288 2076 liberanda
2301 2057 2349 2076 au-

1292 2074 1386 2121 dacius
1406 2084 1602 2107 contraxerunt
1617 2078 1626 2115 )
1644 2078 1731 2108 taliter
1756 2078 1982 2110 defrauderentur
2000 2080 2036 2110 de
2050 2080 2095 2112 sua
2107 2083 2225 2121 pecunia}
2238 2094 2348 2115 memo-

1291 2120 1357 2142 rata.

1328 2150 1365 2181 Et
1384 2152 1450 2191 quid
1466 2175 1475 2191 ,
1501 2153 1536 2184 ad
1559 2154 1635 2184 hunc
1656 2163 1784 2194 rogatum
1805 2154 1933 2185 nostrum
1949 2179 1958 2194 ‚
1974 2155 2148 2188 decreveritis
2170 2159 2348 2200 faciendum,

1291 2189 1374 2220 nobis
1389 2191 1537 2222 rescribere
1553 2194 1652 2223 curetis
1665 2195 1732 2224 citra
1745 2195 1899 2224 terminum
1913 2194 2095 2226 antediecum.

1328 2266 1396 2297 Dat.
1411 2267 1483 2305 apud
1498 2268 1800 2309 Westmonasterium,
1823 2271 1867 2300 16.
1879 2270 1923 2301 die
1940 2270 2118 2302 Decembris.

1291 2390 1349 2425 Ad
1365 2394 1478 2437 Papam
1498 2419 1508 2435 ,
1535 2394 1723 2440 excufhtoria
1746 2406 1800 2441 pro
1821 2397 1956 2444 Epiftopo
1981 2399 2192 2446 Wygornietqsi,
2218 2412 2254 2432 ne
2271 2401 2350 2447 ejus*-

1540 2440 1608 2474 dem
1632 2445 1758 2476 Concilio
1768 2445 1961 2490 perstmaliter
1979 2447 2099 2489 intefflt.

1289 2525 1337 2585 P
1347 2525 1456 2557 APAE
1474 2527 1538 2557 Rex
1552 2527 1655 2559 devota
1670 2529 1774 2567 pedum
1784 2553 1793 2568 ,
1811 2530 1871 2561 &a
2371 2523 2446 2554 Ann-
2460 2522 2501 2553 D„

1391 2565 1474 2595 Dum
1495 2565 1621 2596 Paternae
1642 2568 1853 2598 mansuetudinis
1870 2571 1985 2608 gratiam
2007 2579 2070 2609 erga
2090 2580 2142 2601 nos
2156 2571 2189 2602 &
2212 2571 2349 2612 Regnum
2392 2570 2477 2601 ¹309·

1288 2601 1417 2648 nostrum
1437 2605 1904 2675 vigere'conspicimussfzffluenteffi
1924 2609 2008 2647 iplam
2027 2618 2079 2648 pro
2095 2610 2175 2639 nobis
2187 2610 2221 2640 &
2232 2611 2350 2650 nostris,
2369 2604 2428 2665 *4⁷⁸2
2437 2610 2463 2637 3·

1310 2651 1334 2671 ia
1367 2651 1430 2671 rece
1465 2652 1492 2672 re
1515 2653 1601 2673 uirere
1615 2654 1673 2674 non
1687 2654 1721 2674 ce
1746 2655 1831 2675 amus.
2392 2660 2399 2667 ·
2434 2661 2440 2667 ·
2480 2681 2484 2687 ,

1290 2650 1308 2680 p
1329 2651 1449 2710 *pCutr'i
1467 2653 1550 2719 igiiur
1572 2681 1744 2713 Venerabilis
1765 2683 1845 2713 Pater
1866 2682 1917 2713 W.
1939 2684 2152 2724 Wygornienfis
2177 2685 2350 2727 Episcopus,
2368 2682 2438 2704 Rom.
2456 2686 2481 2714 3·

1290 2717 1486 2749 Thesaurarius
1506 2718 1599 2749 noster
1621 2722 1703 2759 (qui,
1722 2732 1737 2751 a
1757 2721 1855 2751 nostro
1877 2723 1963 2753 aetatis
1977 2724 2152 2762 primordio,
2173 2726 2274 2756 nostris
2288 2728 2350 2757 inli—
2373 2720 2397 2742 E.
2421 2725 2447 2743 ²·

1291 2756 1365 2786 stetis
1379 2757 1529 2798 obsequiis,
1546 2758 1646 2788 secreta
1659 2769 1716 2797 prae
1730 2761 1836 2790 caeteris
1849 2760 1941 2790 nostra
1956 2763 2036 2792 novit
2053 2764 2062 2798 )
2080 2762 2114 2792 ad
2133 2763 2350 2795 interessendum
2369 2763 2405 2810 ζ’·
2430 2762 2453 2780 ¹‘

1290 2794 1468 2832 personaliter
1488 2796 1583 2826 vestro
1604 2797 1739 2828 Concilio
1754 2821 1763 2836 ,
1788 2807 1837 2837 per
1853 2797 1971 2828 Litteras
1985 2799 2163 2837 Apostolicas
2185 2805 2238 2839 jam
2254 2803 2301 2842 fit,
2321 2812 2351 2834 ut
2405 2792 2459 2819 ῙΠ·

1290 2834 1492 2873 intelleximus,
1508 2838 1701 2872 praemunitus:
2377 2839 2437 2865 '97‘

1330 2873 1376 2902 Ac
1397 2872 1471 2903 idem
1492 2873 1516 2902 E
1537 2873 1644 2914 iscopus
1657 2898 1666 2911 ,
1685 2882 1798 2915 propter
1815 2872 1999 2906 diversitatem
2016 2877 2215 2915 multiplicium
2229 2879 2354 2919 agendo-

1294 2918 1377 2948 rum,
1393 2921 1457 2950 quae
1472 2912 1498 2942 in
1535 2912 1572 2941 ies
1584 2914 1731 2943 imminere
1746 2913 1913 2952 noscuntur,
1931 2915 2053 2946 nobis&
2070 2916 2149 2946 dieto
2164 2917 2270 2956 Regno
2278 2918 2353 2949 adeo

1292 2949 1380 2987 utilis,
1400 2951 1494 2980 immo
1506 2951 1597 2980 verius
1611 2952 1775 2981 neceffarius
1787 2950 1894 2990 existit,
1915 2952 1991 2990 quod
2005 2954 2085 2991 ipsius
2101 2954 2246 2991 praesentia
2258 2966 2354 2988 carere

1293 2989 1472 3026 nequivimus
1492 2989 1592 3028 absque
1611 2991 1688 3029 gravi
1706 2990 1896 3021 incommodo
1916 2990 2002 3021 statiis
2023 2991 2128 3031 nostri,
2144 2993 2222 3032 quod
2234 2994 2357 3026 attendat

1293 3025 1371 3056 favor
1386 3027 1582 3065 Apostolicu33
1982 3067 1988 3072 .

1332 3065 1500 3104 Qiaelumus
1513 3089 1522 3103 ,
1540 3065 1589 3096 Pie
1609 3065 1690 3097 Pater
1703 3090 1713 3105 ,
1739 3065 1860 3097 vestram
1879 3066 2074 3099 Patetnrtatem
2097 3068 2206 3101 devotis
2245 3072 2356 3102 recibus

1293 3112 1435 3134 exorantes
1449 3128 1459 3142 ,
1475 3105 1598 3142 quatinus
1621 3105 1769 3135 absentiam
1788 3104 1895 3143 praefati
1917 3105 2048 3147 Episcopi
2068 3108 2097 3137 in
2112 3107 2193 3139 dieto
2244 3110 2354 3140 oncilio

1293 3141 1394 3173 habere
1405 3143 1574 3183 dignemini,
1600 3152 1718 3180 precum
1730 3143 1886 3173 nostrarum
1900 3145 2017 3174 obtentu
2027 3168 2036 3184 ,
2054 3145 2090 3176 de
2111 3147 2209 3177 vestrae
2225 3149 2354 3178 bonitatis

1292 3180 1447 3219 affluentia,
1463 3180 1636 3219 excusatam,
1652 3181 1730 3218 super
1747 3191 1804 3219 quo
1825 3182 1907 3211 nobis
1927 3182 2017 3213 velitis
2042 3183 2187 3216 rescribere
2201 3185 2315 3224 vestrae,
2334 3186 2354 3217 fi

1293 3218 1415 3259 placeat,
1430 3219 1601 3258 beneplacita
1616 3220 1782 3250 Sanctitatis.

1328 3294 1396 3326 Dat.
1409 3295 1480 3336 apud
1495 3295 1802 3335 Westmonasterium,
1823 3296 1923 3328 18.die
1936 3296 2115 3329 Decembris.

1315 3425 1364 3457 De
1381 3420 1521 3469 Johanne
1537 3419 1572 3453 de
1586 3422 1744 3454 Britannia
1757 3424 1868 3454 Comire
1885 3418 2101 3453 Richemundiae
2118 3421 2325 3467 acquietando.

1291 3507 1378 3565 RE
1389 3506 1418 3537 X
1436 3506 1620 3536 Thesaurario
1634 3507 1667 3537 &
1683 3506 1835 3536 Batonibus
1846 3504 1897 3535 suis
1908 3504 1943 3534 de
1958 3505 2124 3543 Scaccario,
2142 3505 2263 3537 salutem.
2370 3501 2498 3533 Anu-D.

1401 3545 1479 3575 Cum
1493 3567 1502 3583 ‚
1521 3545 1655 3575 vicesimo
1676 3549 1750 3574 iexro
1769 3544 1814 3574 die
1828 3543 2029 3581 Novembris,
2049 3544 2138 3574 Anno
2152 3543 2248 3584 Regni
2262 3545 2350 3577 nostri
2390 3549 2473 3580 1309·

1290 3583 1430 3620 secundo,
1448 3583 1482 3613 de
1516 3584 1583 3612 tatia
1598 3582 1692 3612 nostra
1706 3582 1720 3612 s
1735 3582 1812 3612 eciali
1826 3604 1835 3619 ,
1854 3582 2035 3612 remiserimus
2054 3583 2086 3612 ὃς
2105 3582 2350 3619 pardonaverimus
2367 3582 2420 3606 ‘¹1²²-
2436 3589 2461 3616 3·

1290 3623 1396 3653 diletsto
1417 3620 1485 3650 Con
1497 3622 1635 3651 anouineo
1655 3621 1687 3651 δε
1728 3620 1781 3650 deli
1801 3619 1919 3658 nostr0‚
1933 3619 2057 3657 Johanni
2077 3619 2111 3650 de
2133 3620 2275 3653 Britannia
2288 3621 2348 3652 Co-
2369 3621 2396 3643 E.
2419 3627 2445 3644 ²·
2496 3660 2498 3663 v

1292 3662 1354 3691 miti
1371 3644 1606 3697 Richemmdiae,
1623 3658 1791 3689 omnimoda
1804 3658 1914 3695 debita,
1933 3659 1962 3688 in
1977 3659 2076 3697 quibus
2090 3658 2171 3688 nobis
2182 3661 2348 3699 tenebatur,
2367 3655 2453 3691 Claus.
2471 3664 2498 3692 3·

1290 3700 1349 3730 tam
1363 3699 1398 3728 de
1416 3697 1549 3736 pecunia,
1570 3698 1636 3735 fibi,
1656 3706 1784 3734 tempore
1799 3696 1921 3726 Domini
1939 3696 2089 3739 Edvvardi²
2103 3697 2246 3736 quondam
2260 3698 2347 3738 Regis
2366 3697 2394 3719 E.
2415 3702 2441 3720 2·

1290 3737 1418 3777 Angliae,
1436 3734 1521 3765 Patris
1535 3733 1640 3772 nostri,
1656 3737 1688 3766 δε
1699 3735 1814 3771 nostro,
1831 3736 1859 3763 in
1874 3734 2028 3778 garderoba
2041 3737 2122 3772 ipsius
2136 3734 2347 3779 Patris—nostri,
2365 3740 2401 3758 m·
2424 3739 2458 3766 ¹5
2458 3751 2468 3768 ε

1290 3776 1335 3806 seu
1361 3773 1455 3804 nostra
1476 3773 1512 3803 de
1531 3773 1656 3810 praestito
1670 3796 1680 3810 ,
1698 3774 1728 3804 in
1748 3772 1886 3803 Vasconia
1900 3795 1909 3810 ,
1927 3771 2023 3803 Scotifi
2039 3794 2048 3810 ,
2071 3772 2121 3816 seu·
2133 3773 2199 3804 alibi
2217 3774 2347 3815 liberata,

1292 3816 1377 3852 quam
1391 3813 1425 3842 de
1440 3811 1607 3841 victualibus
1619 3811 1699 3848 ipsius
1711 3810 1798 3841 Patris
1811 3809 1916 3848 nostri,
1934 3812 1967 3841 ὃς
1982 3810 2083 3854 nostris
2095 3811 2173 3855 d1et9
2186 3811 2300 3843 Comiti
2312 3815 2347 3845 fi-

1292 3853 1393 3882 militer
1407 3850 1536 3880 liberatis:
1556 3849 1626 3879 Nec
1640 3859 1699 3879 non
1711 3850 1744 3880 &
1757 3849 1855 3879 omnia
1870 3849 1919 3878 alia
1932 3849 2041 3886 debita,
2078 3859 2122 3879 uae
2138 3849 2226 3880 ditstus
2235 3851 2345 3888 Johan-

1293 3900 1341 3920 nes
1355 3889 1436 3919 nobis
1451 3887 1564 3925 debuit,
1584 3887 1667 3926 usque
1682 3887 1716 3917 ad
1731 3886 1847 3917 Festum
1862 3887 1993 3931 omnium
2007 3886 2063 3917 San
2093 3897 2272 3932 orum,tunc
2279 3900 2346 3930 pro-

1293 3929 1373 3958 ximo
1393 3926 1563 3964 praeteritum
1576 3949 1587 3964 ,
1604 3935 1638 3955 ex
1660 3935 1826 3964 quacunque
1848 3934 1928 3954 causa
1941 3947 1951 3963 ,
1970 3934 2054 3962 prout
2072 3927 2102 3956 in
2123 3925 2223 3958 Literis
2246 3928 2347 3959 nostris

1293 3965 1468 4002 Patentibus,
1486 3964 1578 3993 eidem
1593 3962 1705 3994 Comiti
1716 3962 1782 3992 inde
1796 3963 1949 4001 confectis,
1967 3963 2073 4001 plenius
2083 3966 2257 3996 continetur:

1330 4003 1420 4037 Vobis
1431 4002 1594 4034 mandamus
1607 4001 1685 4042 quod
1697 4001 1965 4071 ipsunngohannem
1978 4002 2014 4034 de
2027 4000 2126 4035 debitis
2140 4003 2298 4072 praedicti}
2312 4003 2346 4034 ad

1819 4048 1839 4070 ²
2288 4051 2352 4073 cac=
