2570 4261
307 166 382 209 132

167 267 243 300 Arm.
252 266 294 297 D.

194 318 278 348 ¹²94·
705 342 710 347 .
730 343 735 348 .
817 343 821 348 .
840 343 845 348 .
903 343 908 348 .
1121 343 1126 347 .

166 351 232 378 Ἐάν.
256 358 278 375 ι.
311 347 385 390 Regi
411 345 509 375 Scotiae
527 369 536 382 ,
568 340 604 373 de
622 341 750 386 ftrvttto
776 340 907 372 militari
936 338 980 372 ad
1003 340 1178 385 Vafiomam
1196 349 1371 384 recuperan-

358 391 449 427 αἰνῇ,-
473 387 728 430 conventionibus,
752 399 772 420 a
799 391 876 435 Rege
903 391 1033 421 Francia
1047 414 1056 431 ‚
1083 400 1114 419 m
1141 387 1220 419 nullo
1243 387 1370 419 articulo

354 438 527 484 observatis.

164 550 194 575 A
236 555 246 566 ,
255 555 268 571 2
312 529 349 583 p
367 526 444 564 EX,
460 527 520 558 &c.
539 527 572 557 &
587 525 710 564 superior
725 524 869 556 Dominus
883 524 979 564 Regni
993 523 1115 562 Scotiae,
1129 523 1234 554 dilecto
1247 524 1279 554 &
1296 522 1373 553 fideli

165 557 247 613 Emi*
275 564 281 571 “
328 552 366 581 x
385 565 453 604 suo,
477 565 621 604 johanni,
648 564 749 595 eidem
768 564 873 602 gratia,
892 563 969 603 Regi
987 564 1156 594 Scottorum
1173 561 1290 601 illustn,
1304 561 1373 592 salu-

192 606 198 611 “
237 606 242 611 “
311 610 378 632 tem.

165 627 220 678 Res.
241 622 295 686 'gas'
349 641 427 672 Cum
448 642 578 673 trac-”tatus
600 643 674 672 inter
695 651 763 679 nOS,
782 641 816 672 &
841 640 955 679 Regem
969 639 1094 670 Francia:
1110 639 1219 669 habitus
1231 639 1315 669 fuerit
1330 638 1374 668 su-

166 671 217 726 }M'
229 670 242 687 2
261 708 278 725 n
311 690 360 718 per
373 681 536 718 quibusdam
552 681 783 711 contentionibus
798 680 831 710 &
850 678 1064 716 controversiis,
1083 688 1146 715 quae
1168 677 1281 708 fuerunt
1300 679 1373 708 inter

190 721 195 725 “
217 709 238 725 ¹'
252 709 262 725 ⁷
284 719 288 725 '
310 727 406 758 gentes
419 719 543 757 nostras,
562 720 595 750 ἃ
612 728 708 755 gentes
724 717 805 755 iplius
820 717 909 757 Regis
924 717 1050 746 Franciae
1064 715 1225 755 supradicti,

348 757 400 787 Ob
415 769 502 796 quem
517 758 664 788 traditarum
680 767 732 786 nos
748 755 941 787 obedientiam
953 755 1072 784 fecimus
1087 754 1136 792 ipsi
1151 754 1242 795 Regi,
1259 753 1296 784 de
1311 755 1373 792 qui-

311 796 428 826 busdam
450 796 558 827 Castris
580 797 613 827 &
635 795 733 833 Villis,
756 794 792 825 de
813 794 885 825 terra
908 793 1006 823 nostra
1026 792 1192 832 Vasconiae,
1217 794 1266 824 sub
1290 794 1372 824 certis

310 836 567 871 conventionibus,
586 835 657 863 inter
672 844 724 864 nos
741 835 775 864 &
790 833 880 871 ipsum
895 832 959 862 inde
972 831 1070 870 factis,

349 873 385 903 Et
406 873 480 903 idem
503 873 586 909 Rex,
605 873 844 903 conventionibus
862 871 913 901 illis
934 872 963 900 in
977 870 1057 900 nullo
1069 870 1187 901 articulo
1204 870 1373 908 observatis,

309 919 399 942 totam
415 912 579 952 pnedistam
593 919 696 941 terram
709 910 834 941 nostram
848 910 998 940 Vaseoniae
1013 909 1041 938 in
1056 919 1173 939 manum
1195 910 1270 939 suam
1293 909 1373 940 sciliri

309 951 424 988 fecerit,
443 952 475 981 ἃ
491 960 553 980 eam
569 949 660 980 adhuc
675 951 757 979 nobis
770 949 890 979 detineat
906 948 1055 986 malitiose,
1074 949 1101 977 in
1115 948 1371 979 exhaeredationem

308 988 399 1019 nostri
413 990 446 1020 &
462 988 590 1019 Coronze
607 989 715 1027 Anng
731 987 916 1018 manifestam.

348 1027 392 1057 Ac
413 1038 481 1065 nos,
505 1029 532 1057 in
555 1027 610 1057 istis
634 1028 714 1057 rebus
738 1025 949 1064 recuperandis,
977 1025 1125 1055 consilium
1145 1034 1288 1063 apponere
1309 1036 1370 1057 non

308 1065 463 1105 possimus,
481 1066 538 1096 sine
558 1066 630 1102 Dei,
649 1067 681 1097 δε
700 1066 784 1095 bonae
806 1065 896 1102 gentis
918 1063 1022 1107 nostrie
1044 1065 1143 1102 (quam
1165 1064 1236 1094 istud
1261 1065 1368 1096 fastum

308 1106 396 1141 tanf>it
409 1105 613 1141 communiter)
629 1105 661 1135 δε
677 1104 796 1134 aliorum
809 1105 966 1133 amicorum
981 1103 1090 1132 auxilio.

348 1129 403 1173 I3‘er
418 1143 496 1180 quod
511 1154 562 1174 vos
578 1143 742 1181 requirimus
757 1143 790 1173 ὃς
803 1150 951 1181 rogamuS,
969 1143 998 1172 in
1011 1140 1065 1171 fide
1078 1142 1111 1173 δε
1132 1140 1289 1181 homagio,
1308 1144 1370 1181 qui-

308 1182 361 1212 bus
376 1183 457 1212 nobis
471 1182 623 1219 tenemini,
643 1181 758 1211 firmiter
773 1182 966 1219 injungentes,
984 1179 1062 1218 quod
1078 1179 1114 1210 de
1129 1181 1293 1212 hominibus
1308 1192 1371 1212 ves-

309 1222 356 1251 tris
371 1220 403 1250 ad
421 1231 472 1250 nos
486 1221 615 1257 mittatis,
633 1221 670 1250 ita
681 1219 758 1258 quod
772 1220 822 1250 sint
837 1218 871 1249 ad
885 1228 937 1249 nos
959 1218 1031 1256 apud
1056 1218 1190 1249 London.
1208 1221 1301 1257 primo
1322 1221 1368 1251 die

306 1259 498 1297 Septembris,
515 1269 583 1290 cum
603 1260 680 1296 equis
702 1260 735 1289 ὅ(
759 1259 859 1295 armis,
878 1258 913 1288 ita
934 1257 1066 1288 decenter
1086 1259 1170 1295 parati
1193 1259 1226 1288 &
1242 1261 1369 1297 prompti

308 1298 341 1328 ad
356 1297 587 1342 transfretandum
602 1296 750 1327 nobiscum
760 1320 769 1336 ,
789 1296 867 1336 quod
881 1306 933 1326 nos
946 1296 1028 1327 vobis
1043 1305 1077 1326 ex
1091 1297 1148 1327 hoc
1164 1305 1309 1328 teneamur
1325 1309 1368 1328 re-

330 1346 426 1366 ratlirl.

309 1345 327 1376 g
346 1374 383 1405 Et
395 1384 502 1405 tantum
519 1376 546 1403 in
569 1374 644 1409 hoc,
662 1384 760 1404 amore
778 1372 883 1412 nostri,
901 1372 992 1403 facere
1010 1373 1116 1412 velitis,
1135 1373 1213 1412 quod
1234 1373 1369 1413 possimus

307 1413 342 1443 de
359 1414 440 1443 vobis
456 1413 555 1443 exinde
569 1423 620 1443 nos
633 1413 784 1451 specialiter
799 1411 1013 1443 commendare.

169 746 211 764 11.
229 737 254 765 d.

343 1489 432 1520 Teste
447 1490 531 1529 Rege
546 1490 618 1529 apud
633 1489 821 1521 Portesmuth.
842 1498 889 1527 29.
908 1488 952 1519 die
961 1488 1048 1528 Junii.

164 1621 337 1666 ⁸11.643.*
362 1619 486 1656 Roberto
502 1621 537 1654 dc
565 1623 659 1662 Brus,
685 1621 817 1667 ejusdem
844 1625 952 1655 tenoris
977 1623 1081 1664 litera,
1102 1633 1157 1669 pro
1172 1624 1302 1669 servitio
1328 1628 1372 1660 ad

620 1672 796 1716 Vasconiam
814 1670 1057 1717 recuperandam.

164 1765 240 1796 Αῃῃ,
252 1763 293 1794 Ι),
310 1756 441 1815 REX,
459 1757 492 1787 &
506 1756 629 1795 superior
644 1755 788 1785 Dominus
803 1754 897 1795 Regni
911 1755 1032 1794 Scotiae,
1049 1756 1155 1787 dilecto
1170 1758 1204 1788 &
1225 1757 1298 1790 fideli
1319 1761 1368 1792 suo

184 1812 269 1842 1294,
383 1796 516 1826 Roberto
530 1796 566 1825 de
582 1795 664 1832 Brus,
684 1793 817 1836 Domino
830 1794 867 1824 de
882 1794 960 1835 Valle
975 1794 1103 1833 Anandi,
1121 1795 1243 1827 salutem.

164 1849 215 1871 Aa.
233 1852 276 1870 22.
347 1833 425 1864 Cum
440 1834 588 1872 tractatus,
606 1831 665 1867 ἅττ.
687 1840 718 1862 ut
735 1834 900 1871 insuperiori
912 1834 990 1873 usque
1003 1833 1061 1862 haec
1073 1834 1180 1874 verba,
1195 1839 1256 1866 viz.

164 1887 192 1910 E*
216 1892 238 1909 1,
348 1871 403 1903 Per
417 1873 494 1910 quod
508 1882 576 1909 vos,
596 1881 726 1909 tanquam
740 1872 836 1909 illum,
855 1872 903 1909 qui
919 1873 1001 1902 nobis
1018 1872 1120 1909 pluries
1136 1874 1246 1904 bonum
1263 1875 1295 1906 &
1309 1885 1370 1914 gra-

162 1926 215 1949 Rot.
241 1919 291 1954 Vas-
308 1919 370 1941 tum
386 1911 528 1941 servitium
542 1911 698 1948 impendit,
717 1912 881 1948 requirimus
894 1910 928 1940 &
942 1920 1085 1949 rogamus,
1105 1912 1133 1941 in
1147 1911 1202 1942 fide
1218 1914 1251 1944 &
1270 1912 1370 1945 hoina-

162 1971 214 1987 ωη,
233 1969 277 1985 22,
310 1951 376 1986 gio,
395 1950 496 1988 quibus
509 1950 590 1979 nobis
607 1950 758 1986 tenemini,
777 1948 895 1979 firmiter
907 1949 1099 1988 intingentes,
1119 1951 1196 1988 quod
1217 1951 1253 1982 de
1275 1953 1370 1984 horni-

164 2003 191 2025 E.
208 2007 273 2025 hm,
310 1988 391 2017 nibus
412 1987 508 2018 vestn's
530 1988 563 2018 ad
584 1999 635 2017 nos
656 1988 784 2025 mittatis,
804 1989 839 2018 ita
862 1997 920 2025 quo
962 1988 1014 2019 {int
1027 1987 1061 2017 ad
1077 1999 1128 2019 nos
1143 1989 1216 2027 apud
1234 1990 1368 2022 London.

311 2028 405 2064 primo
419 2026 464 2057 die
478 2027 666 2065 Septembris,
686 2036 754 2056 cum
768 2027 846 2063 equis
861 2028 893 2057 &
907 2027 1004 2064 armis,
1023 2027 1058 2057 ita
1073 2026 1205 2058 decenter
1224 2032 1310 2067 parati
1333 2033 1366 2063 &

310 2066 436 2102 prompti
457 2065 489 2095 ad
514 2064 746 2096 transfretandum
771 2064 935 2102 nobiscum,
954 2065 1030 2104 quod
1046 2065 1076 2095 sit
1093 2065 1126 2096 ad
1139 2067 1282 2098 honorem
1307 2080 1368 2100 ves-

309 2112 402 2141 trum,
421 2104 454 2134 &
470 2104 633 2142 profectum
647 2103 831 2140 expeditionis
844 2103 947 2134 nostrae
963 2106 991 2133 in
1010 2104 1068 2134 hoc
1092 2104 1182 2135 facio:
1202 2105 1241 2137 Et
1258 2116 1368 2139 tantum

307 2142 399 2210 faceig
413 2144 518 2180 velitis,
538 2143 614 2180 quod
631 2141 767 2180 possimus
777 2142 813 2172 de
828 2142 909 2172 vobis
925 2144 1026 2174 exinde
1047 2152 1099 2173 nos
1115 2142 1265 2182 specialiter
1285 2157 1369 2177 com-

307 2190 374 2211 men
396 2191 449 2210 are.

167 2037 246 2066 ind.

343 2256 434 2288 Teste
451 2256 536 2294 Rege
549 2255 623 2296 apud
638 2256 825 2288 Portesmuth.
845 2265 891 2294 29.
909 2256 956 2288 die
965 2257 1053 2296 Junii.

350 2387 512 2434 Ejusmodi
529 2390 636 2421 Litera
655 2385 797 2434 Johanm‘
813 2387 848 2421 de
869 2390 977 2437 Comyn
994 2391 1106 2422 Comiti
1125 2390 1162 2423 de
1179 2392 1309 2439 Boghan.

162 2481 238 2513 Ann.
248 2479 287 2511 D.
306 2476 434 2534 REX,
454 2478 623 2522 &superior
636 2476 783 2522 Dominus
798 2477 894 2514 Regni
906 2478 1026 2517 Scotiae,
1044 2479 1152 2512 dilec'to
1166 2482 1199 2513 &
1215 2480 1290 2512 fideli
1305 2482 1364 2521 fiiO,

371 2516 497 2554 johanni
512 2516 629 2556 Cotnyn
639 2540 648 2554 ,
666 2515 778 2546 Comrti
793 2515 829 2546 de
842 2514 962 2554 Boghan
977 2519 1099 2549 salutem.

200 2531 213 2543 Ἰ

158 2530 273 2589 Ala—922.
305 2591 322 2621 ὂ
343 2553 421 2600 Cum
434 2556 579 2594 tractatus,
598 2553 657 2590 &a
671 2562 754 2593 prout
770 2558 799 2584 in
815 2558 915 2585 Litera
928 2559 993 2594 Regi
1005 2560 1118 2597 Scotiae,
1137 2556 1216 2598 usque
1230 2558 1287 2589 haec
1299 2570 1366 2590 ver-

160 2603 191 2626 E.
213 2608 234 2625 r.
323 2603 340 2620 a
376 2604 439 2623 viz.

159 2641 213 2664 Rot.
230 2635 286 2671 Vas·
343 2616 396 2661 ῥεῖ
412 2633 488 2670 quod
502 2642 554 2663 vos
569 2632 735 2670 requirimus
746 2632 780 2662 &
796 2642 946 2671 rogamus,
962 2635 989 2664 in
1005 2633 1060 2664 fide
1074 2635 1108 2666 &
1131 2635 1285 2677 homagio,
1304 2637 1365 2674 qui-

159 2685 210 2702 con.
224 2683 270 2703 22.
303 2668 354 2698 bus
378 2671 459 2700 nobis
478 2672 630 2707 tenemini,
654 2669 772 2700 firmiter
792 2672 984 2710 injungentes,
1010 2673 1087 2711 quod
1111 2673 1165 2704 sitis
1185 2675 1218 2704 ad
1241 2685 1309 2713 nos,
1335 2676 1365 2705 in

159 2718 188 2741 Ε.
214 2723 243 2740 1:
255 2722 291 2740 m.
304 2708 415 2746 proprii
430 2710 545 2748 person&
559 2709 666 2745 vestri,
689 2707 822 2737 London.
842 2711 936 2746 primo
950 2711 996 2741 die
1009 2711 1271 2750 Septembris,cum
1286 2715 1364 2751 equis

163 2752 244 2779 11.d.
304 2747 338 2777 &
352 2748 452 2786 armis,
470 2749 508 2778 ita
520 2747 653 2778 decenter
667 2746 799 2783 parati&
812 2749 939 2785 prompti
959 2750 991 2780 ad
1015 2750 1250 2781 transfretandum
1269 2752 1365 2781 nobis-

304 2795 372 2815 cum
381 2809 389 2823 ,
409 2786 485 2823 quod
496 2796 548 2816 vos
562 2795 596 2816 ex
608 2795 644 2816 eo
658 2793 803 2815 teneamur
817 2787 973 2825 regratiari,
993 2788 1026 2818 &
1044 2788 1122 2826 quod
1135 2789 1171 2819 de
1183 2790 1266 2820 vobis
1278 2789 1364 2828 possi-

304 2832 365 2853 mus
382 2834 432 2853 nos
446 2825 595 2862 specialiter
610 2823 823 2854 commendare.

316 2901 320 2905 ⁴
342 2861 379 2905 Et
396 2862 468 2893 istud
484 2865 648 2902 nssotium,
668 2862 738 2892 sicut
750 2863 941 2893 commodum
956 2864 989 2895 &
1002 2864 1143 2896 honorem
1167 2865 1298 2897 nostrum
1322 2866 1365 2897 di-

304 2899 386 2937 llgitls
394 2924 404 2939 ,
420 2903 453 2933 ὃς
470 2902 538 2932 sicut
553 2902 589 2932 de
602 2901 683 2932 vobis
698 2900 868 2932 confidimus
882 2903 1035 2934 nullatenus
1049 2905 1193 2936 omittatis.

341 2980 431 3011 Teste
446 2981 529 3022 Rege
544 2980 617 3020 apud
631 2980 818 3013 Portesmuth.
839 2990 884 3020 29.
903 2983 948 3014 die
958 2985 1044 3023 Junii.

340 3059 509 3092 Consimiloe
528 3061 630 3092 litteras
648 3061 752 3093 habent
771 3062 928 3104 subscripti3
955 3066 1103 3106 videlicet,
1127 3066 1244 3106 quilibet
1260 3076 1362 3099 eorum

304 3108 400 3128 unam.

339 3176 469 3208 Riobertus
484 3180 514 3209 de
530 3182 617 3218 Brus,
637 3184 725 3209 Comes
740 3181 771 3209 de
785 3183 900 3213 Karrik.

339 3216 476 3246 Gilbertus
490 3219 521 3247 de
536 3219 722 3259 Umjramvill.
740 3223 827 3249 Comes
842 3223 873 3252 de
886 3227 1013 3263 Anegos,

337 3254 481 3292 Johannes
497 3260 592 3297 Comyn
607 3257 640 3285 de
659 3258 819 3296 Badenagh.

342 3293 488 3324 Richardux
499 3295 626 3333 stu-ard,

339 3333 381 3360 W
381 3332 503 3363 illielmus
517 3335 548 3364 a'e
564 3336 692 3364 Feverar.

1203 3337 1320 3372 *VJ‘

1212 3374 1235 3391 'l

370 3466 531 3509 Consimilis
552 3469 657 3500 Lirem
678 3471 712 3501 P.
739 3467 774 3501 de
790 3468 934 3502 Dumbar
952 3472 1062 3504 Comiti
1077 3470 1113 3504 de
1130 3469 1291 3506 Marchia.

156 3569 284 3601 Anu—D·
304 3551 441 3612 REX,
459 3556 493 3586 ὅ(
516 3555 638 3593 superior
659 3556 804 3588 Dominus
826 3557 923 3595 Regni
944 3559 1066 3599 Scotiae,
1084 3561 1144 3592 &0
1164 3560 1272 3591 Nobili
1295 3563 1359 3592 vil-0

176 3618 261 3647 1294,
303 3626 344 3657 M>
363 3640 368 3643 .
382 3593 414 3622 &
429 3596 523 3625 amico
537 3595 586 3625 suo
603 3595 761 3633 cariffimo,
781 3595 903 3628 Patricio
917 3596 953 3628 de
976 3598 1127 3638 Dumbar,
1144 3597 1257 3630 Comiti
1278 3599 1315 3630 de
1334 3600 1360 3630 la

342 3630 437 3668 arche,
455 3632 578 3664 salutem.

154 3650 207 3674 An.
224 3658 267 3676 22.
340 3665 367 3695 C
765 3675 769 3680 .
839 3677 852 3680 ..

153 3688 183 3711 Β,
210 3694 232 3711 ι.
369 3677 415 3697 um
429 3671 572 3709 tractatus,
591 3670 651 3707 ἀι.
662 3679 744 3711 prout
760 3684 788 3701 m
804 3672 873 3702 alm.

340 3704 383 3734 Ac
399 3716 464 3745 nos,
482 3710 511 3738 in
525 3709 581 3740 istis
596 3711 677 3741 rebus
690 3712 901 3750 recuperandis,
919 3722 977 3743 non
993 3713 1130 3751 poffimus
1145 3712 1294 3744 confilium
1309 3723 1358 3752 ap—

153 3725 208 3786 {³3
223 3724 284 3788 {Ys-
302 3750 421 3780 ponere,
439 3746 494 3775 sine
509 3747 566 3778 Dei
580 3749 613 3778 &
629 3750 787 3779 amicorum
801 3749 964 3781 nostrorum
976 3751 1136 3791 specialium
1152 3752 1263 3783 auxilio.

155 3800 185 3823 E.
199 3807 221 3824 Ι,
228 3809 264 3827 m.
362 3791 389 3809 cr
405 3783 480 3818 quod
494 3795 545 3814 vos
559 3788 742 3825 requirimus,
756 3789 789 3818 &
804 3797 937 3832 rogamus
950 3790 986 3819 ita
998 3790 1150 3827 specialiter
1164 3799 1196 3821 ut
1211 3789 1358 3828 vellemus,

300 3817 384 3861 quod*
394 3829 444 3848 vos
459 3820 568 3864 sitis-ad
588 3834 657 3862 nos,
675 3827 703 3854 in
726 3835 839 3864 propria
860 3827 975 3863 persons
996 3828 1086 3858 vestra
1108 3828 1245 3858 London.
1263 3829 1358 3868 primo

299 3855 344 3884 dre
366 3856 552 3901 Septembrls,
571 3871 638 3891 curn
659 3865 736 3901 equis
761 3864 794 3893 ὃς
815 3866 898 3893 armis
919 3868 1042 3903 prompti
1065 3868 1099 3897 ὃς
1121 3868 1206 3903 parati
1227 3867 1260 3896 ad
1273 3875 1359 3896 trans—

298 3892 458 3934 fretassdqm
473 3896 618 3938 nobiscum
628 3923 638 3938 ,
656 3902 694 3931 ita
710 3901 788 3938 quod
803 3902 886 3931 vobis
901 3912 934 3931 ex
950 3903 1006 3934 hoc
1022 3913 1167 3934 teneamur
1181 3906 1326 3942 regratiari.

319 3929 391 3972 ⁴Et,
409 3935 428 3959 11
442 3942 494 3974 vos
508 3938 555 3970 rpli
570 3945 629 3965 non
643 3938 746 3974 poffitis
761 3949 829 3969 tunc
846 3940 1022 3977 personaliter
1044 3942 1189 3980 interesse,
1204 3943 1241 3972 de
1264 3943 1359 3972 homi-

297 3968 379 3998 nibus
393 3968 488 3997 vestris
503 3971 536 3999 ad
550 3981 601 4001 nos
616 3983 684 4005 tunc
700 3979 811 4007 mittere
825 3978 931 4014 velitis,
950 3981 998 4016 qui
1013 3981 1141 4018 prompti
1165 3981 1236 4018 sint,
1253 3981 1287 4010 δε
1308 3990 1358 4017 pa-

296 4007 346 4034 rati
367 4006 400 4035 ad
416 4007 645 4039 transfretandum
671 4016 835 4052 nobiscum,
859 4017 888 4044 in
910 4016 1002 4048 forma
1021 4017 1170 4056 praediffl,
1194 4019 1225 4048 in
1248 4026 1358 4049 tanturn

296 4043 375 4084 quod
389 4053 440 4075 vos
453 4054 488 4075 ex
499 4045 556 4076 hoc
571 4048 709 4080 valeamus
722 4053 931 4084 commendare.

157 3836 238 3864 ind.

768 143 1568 191 CONVENTIONES,
1623 142 2005 195 LITERAE,

1442 229 1491 259 Set
1511 230 1613 273 melius
1634 231 1717 261 nobis
1736 230 1855 274 placeret
1875 229 2018 268 praesentia
2033 227 2127 272 vestra
2150 236 2219 259 curn
2234 228 2347 260 minore
2358 239 2459 275 gente,
2476 229 2570 267 Ann,1

1403 269 1490 307 quam
1504 278 1596 307 major
1609 279 1742 300 numerus
1755 278 1886 306 gentium
1899 268 1956 298 sine
1970 268 2061 300 vobis.
2460 278 2463 283 ·
2500 281 2570 314 1294

1440 347 1532 380 Teste
1545 348 1628 389 Rege
1640 348 1715 388 apud
1727 348 1916 380 Portesmuth.
1935 356 1973 385 29
1986 347 2031 378 die
2041 347 2128 386 Junii.
2473 319 2540 348 Edv.
2561 331 2570 349 Ι

1444 429 1614 460 Confimiles
1633 431 1735 462 litteras
1755 429 1859 460 habent
1878 439 1980 460 ornnes
1997 427 2155 468 subscripti3
2173 426 2320 470 videlicet,
2343 431 2461 470 quilibet

1402 477 1503 498 eorum
1514 478 1609 498 unam.

1951 547 2094 586 Johannes
2110 547 2141 577 de
2153 547 2315 589 Stryvelyn,

1951 589 2087 616 Patricius
2101 587 2132 615 de
2145 585 2287 626 Graium,

1952 624 2114 655 Willielmtts
2127 625 2158 653 de
2172 625 2270 655 Sancto
2285 625 2364 658 Claro
2371 650 2383 667 ,

1949 663 2095 701 Johannes
2108 664 2139 693 de
2153 661 2257 702 Soules,

1950 702 2098 732 Nicholaus
2111 702 2143 732 de
2154 701 2243 738 Sordes
2249 724 2260 741 ,

1951 739 2118 770 Guillielmus
2132 741 2164 770 de
2177 739 2317 782 Strivelyn
2325 765 2336 782 ‚

1405 547 1581 578 Donenaldus
1595 552 1684 579 Comes
1695 549 1727 578 de
1741 551 1828 588 Mar,

1405 586 1550 625 Johannes
1563 591 1652 616 Comes
1666 587 1697 616 de
1713 586 1830 617 Atheles
1838 612 1847 627 ‚

1406 627 1449 655 W
1446 625 1566 654 illielmus
1581 629 1670 655 Comes
1682 626 1713 656 de
1727 628 1797 663 Rus,

1406 663 1532 703 Malifius
1549 667 1637 693 Comes
1649 665 1681 694 de
1693 664 1840 694 strathern
1848 688 1858 702 ,

1408 702 1427 721 ³²¹²
1443 702 1581 732 Whlterus
1597 706 1685 732 Comes
1697 703 1730 732 de
1742 702 1895 732 Meneteth.

1408 739 1572 770 Malculmus
1584 745 1672 771 comes
1683 742 1714 771 de
1728 740 1868 780 Levenasl

1405 778 1527 816 Jacobus
1541 779 1700 819 Senescallus
1714 783 1806 810 Scotiae
1814 804 1824 817 ,
1950 778 2063 809 Thomas
2078 779 2110 809 de
2122 778 2270 818 Morham,

1404 817 1548 858 Gaffridus
1562 819 1594 848 de
1609 818 1762 858 Moubray,
1951 817 2065 847 Thomas
2077 816 2212 857 Randolf,

1405 855 1573 924 Gubtllaeavilmus
1596 857 1627 886 de
1652 860 1781 887 Mourene
1795 857 1827 886 a'e
1842 854 1916 885 Tolo-
1952 855 2093 894 Johannes
2107 855 2131 885 le
2145 853 2300 895 Senefihall.

1460 906 1493 936 Ψ
1505 906 1563 936 yn,
2295 919 2298 922 ’

2473 699 2570 742 *1154

1404 1028 1510 1060 Litera
1537 1025 1582 1058 ad
1609 1027 1777 1072 Magnates
1803 1025 1956 1078 Hyberniae
1977 1037 2030 1072 pro
2053 1027 2182 1072 servitio
2209 1025 2352 1059 Militum
2370 1053 2380 1069 ‚
2415 1027 2461 1060 ad

1446 1074 1646 1119 Wzsboniam,
1665 1086 1719 1121 per
1736 1073 1839 1108 dolum
1857 1087 1877 1108 a
1905 1078 1984 1123 Rege
2007 1073 2140 1108 Franciae
2163 1083 2352 1120 occupatam,
2375 1086 2460 1107 recu-

1440 1122 1623 1169 perandum.

1403 1211 1522 1281 REsff
1537 1212 1644 1244 dile&o
1665 1213 1700 1245 &
1717 1211 1792 1244 fideli
1806 1212 1874 1252 suo,
1892 1212 1977 1244 Petro
1991 1211 2051 1242 filio
2059 1211 2163 1251 Jacobi
2176 1212 2213 1244 de
2233 1210 2459 1252 Bennyngham,
2473 1217 2570 1254 Aha]

1516 1260 1603 1282 utem.
2492 1267 2505 1288 1

1437 1288 1518 1320 Cum
1538 1290 1669 1321 tractatus
1689 1291 1762 1322 inter
1783 1300 1852 1330 noe,
1869 1291 1903 1322 &
1927 1288 2042 1328 Regem
2064 1289 2207 1329 Franciae,
2227 1289 2336 1320 habitus
2358 1289 2457 1328 fuerit,
2474 1268 2570 1328 ,0129ss

1399 1327 1480 1365 super
1497 1329 1662 1366 quibusdam
1678 1329 1907 1361 contentionibus
1922 1330 1955 1360 &
1968 1329 2164 1360 controversiis
2199 1337 2263 1367 quae
2276 1328 2390 1360 fuerunt
2414 1329 2458 1359 in-
2473 1339 2502 1363 E.
2523 1345 2547 1364 ι,

1400 1374 1442 1396 ter
1455 1375 1552 1405 gentes
1566 1367 1673 1399 nostras
1685 1369 1718 1400 &
1733 1378 1830 1407 gentes
1844 1367 1931 1407 Regis
1946 1368 2071 1398 Franciae
2085 1354 2231 1406 supradicti
2473 1377 2526 1403 Rot.
2546 1379 2570 1404 Va

1439 1405 1490 1435 Ob
1505 1416 1592 1445 quem
1606 1407 1754 1438 tractatum
1769 1417 1822 1438 nos
1838 1406 2030 1437 obedientiam
2042 1407 2162 1437 fecimus
2175 1406 2225 1445 ipsi
2237 1390 2331 1444 Regi,
2349 1405 2385 1436 de
2398 1406 2460 1444 qui-
2475 1421 2525 1439 con.
2542 1422 2570 1441 22

1399 1442 1516 1474 busdam
1540 1444 1645 1476 Castris
1668 1446 1702 1477 &
1727 1445 1822 1485 Villis,
1843 1445 1879 1475 de
1901 1445 1974 1475 terri
1994 1444 2090 1475 nostri
2112 1444 2260 1476 Vasconiae
2273 1469 2283 1483 ,
2306 1444 2356 1475 sub
2378 1445 2459 1475 certis
2476 1454 2570 1479 Ε,ι.ηι

1400 1484 1656 1522 conventionibus,
1673 1485 1745 1515 inter
1760 1494 1812 1515 nos
1827 1484 1861 1514 &
1876 1484 1965 1521 ipsum
1980 1484 2046 1514 inde
2061 1484 2156 1523 factis,
2480 1498 2489 1516 ι
2499 1499 2521 1516 1.
2533 1489 2560 1518 d.

1437 1521 1474 1551 Er
1495 1521 1570 1552 idem
1594 1522 1674 1560 Rex,
1693 1523 1930 1554 conventionibus
1952 1523 2004 1552 illis
2018 1523 2046 1552 in
2061 1522 2139 1552 nullo
2153 1521 2272 1552 articulo
2286 1520 2457 1560 observatis,

1401 1567 1491 1590 totam
1505 1561 1670 1598 praedictam
1680 1569 1782 1592 terram
1797 1561 1923 1592 nostram
1940 1560 2088 1592 Vasconiae
2103 1562 2132 1590 in
2146 1570 2264 1591 manum
2282 1560 2358 1591 suam
2377 1560 2460 1591 seisiri

1400 1597 1514 1637 fecerit,
1531 1600 1564 1631 ὃ(
1580 1610 1643 1630 earn
1655 1599 1747 1631 adhuc
1763 1601 1845 1631 nobis
1858 1600 1980 1630 detineat
1997 1599 2147 1638 malitiose,
2162 1600 2192 1629 in
2205 1598 2462 1631 exhaeredationem

1401 1637 1490 1668 nostri
1503 1639 1536 1669 ὃ(
1553 1638 1682 1669 Coronae
1698 1638 1809 1671 Anuliae
1824 1637 2018 1677 manifestam,

1439 1675 1484 1707 Ac
1505 1687 1574 1716 nos,
1593 1678 1621 1707 in
1642 1676 1699 1707 istis
1721 1663 1802 1708 rebus
1823 1677 2034 1715 recuperandis,
2058 1675 2220 1707 Consilium
2237 1685 2253 1706 a
2273 1685 2379 1714 ponere
2401 1686 2462 1707 non

1402 1714 1553 1754 poffimus,
1569 1716 1626 1746 line
1640 1715 1699 1746 Dei
1712 1717 1745 1747 &
1759 1717 1845 1746 bonae
1858 1717 1948 1754 gentis
1961 1715 2067 1746 nostrae
2083 1716 2182 1754 (quam
2197 1713 2250 1745 istu
2283 1714 2390 1746 facium
2402 1724 2464 1746 tan-

1401 1754 1440 1792 git
1457 1755 1660 1792 communiter)
1676 1756 1709 1786 &
1724 1755 1843 1786 aliorum
1855 1756 2014 1786 amicorum
2029 1754 2195 1784 nostrorum
2207 1753 2310 1784 auxilio
2323 1776 2332 1792 ,

1440 1790 1494 1822 Per
1515 1793 1595 1831 quod
1619 1803 1672 1823 vos
1693 1803 1844 1832 rogamus,
1869 1794 1903 1825 ὃς
1923 1794 2104 1831 requirimus,
2129 1793 2159 1822 in
2177 1791 2233 1823 fide
2255 1792 2289 1823 δε
2307 1791 2468 1832 homagio,

1402 1831 1503 1867 quibus
1517 1832 1599 1861 nobis
1612 1833 1767 1870 tenemini,
1785 1831 1901 1863 firmiter
1915 1832 2107 1870 injungentes,
2125 1830 2204 1869 quod
2219 1830 2273 1860 fitis
2291 1829 2327 1860 ad
2346 1840 2414 1869 nos,
2432 1832 2463 1861 in

1401 1870 1513 1908 proprii
1525 1870 1642 1907 person-51
1658 1870 1747 1902 vestri
1762 1871 1906 1909 London,
1925 1871 2018 1908 primo
2032 1869 2078 1900 die
2093 1869 2284 1907 Septembris,
2301 1878 2370 1899 curn
2383 1871 2465 1907 equis

1403 1908 1435 1937 &
1450 1909 1550 1946 annu,
1565 1909 1599 1939 ita
1611 1909 1745 1940 decenter
1761 1911 1847 1948 parati
1861 1910 1894 1940 δε
1920 1910 2045 1947 prompti
2062 1908 2097 1939 ad
2117 1906 2348 1938 transfretandum
2368 1909 2465 1938 nobis·

1402 1955 1487 1986 cum,
1505 1947 1584 1985 quod
1604 1957 1638 1978 ex
1661 1958 1697 1978 eo
1718 1949 1801 1979 vobis
1822 1957 1967 1979 teneamur
1988 1947 2132 1984 regratiari
2165 1947 2198 1978 &
2222 1945 2301 1984 quod
2321 1945 2357 1975 de
2378 1947 2463 1978 vobis

1402 1984 1538 2021 poffimus
1552 1996 1604 2017 nos
1619 1986 1769 2024 specialiter
1783 1985 2006 2024 commendare,
2021 1987 2057 2016 ita
2071 1970 2204 2029 videficet
2219 1983 2297 2023 quod
2308 1992 2388 2015 terrae
2400 1995 2464 2016 vcs-

1402 2024 1641 2068 trae,‘secundum
1664 2025 1741 2064 quod
1760 2035 1832 2064 opus
1858 2025 1921 2056 fore
1935 2024 2076 2064 videritis,
2091 2023 2241 2055 custodltae
2253 2031 2413 2067 remaneant
2429 2024 2464 2056 &

1401 2071 1528 2093 munrtae.

1439 2100 1476 2131 Et
1489 2101 1562 2132 istud
1577 2103 1746 2141 negotium,
1764 2103 1833 2134 sicut
1849 2101 2040 2133 commodum
2054 2101 2088 2132 &
2103 2101 2247 2132 honorem
2269 2098 2399 2131 nostrum
2418 2099 2463 2131 di-

1400 2138 1500 2178 ligitis,
1518 2142 1551 2172 &
1564 2140 1633 2172 licut
1645 2141 1682 2172 de
1701 2143 1782 2173 vobis
1798 2141 1986 2179 confidimus,
2004 2140 2084 2171 nullo
2099 2140 2189 2171 modo
2203 2139 2346 2170 omittatis.

1440 2220 1531 2252 Teste
1545 2221 1628 2261 Rege
1643 2220 1717 2260 apud
1731 2221 1920 2253 Portesmuth.
1939 2229 1987 2259 29.
2003 2220 2049 2252 die
2059 2219 2147 2259 Junii.

1399 2300 1550 2370 vi‘fpdepi
1566 2302 1675 2341 modo,
1692 2302 1727 2334 de
1741 2302 1832 2333 verbo
1847 2301 1883 2333 ad
1895 2301 2035 2340 verbum,
2054 2299 2219 2332 mandatum
2234 2299 2275 2331 est
2289 2299 2461 2338 subscriptis,

1450 2350 1520 2371 eice
1538 2364 1548 2380 ,

1399 2416 1515 2445 Ricardo
1539 2416 1570 2445 de
1586 2418 1692 2454 Burgo,
1711 2419 1807 2446 Comiti
1819 2415 1911 2446 Ulton.

1401 2452 1551 2484 Theobaldo
1566 2453 1591 2483 le
1606 2454 1742 2494 Bustller,

1399 2490 1506 2522 Thomae
1515 2492 1578 2534 filio
1593 2497 1744 2533 Mauritii,

1949 2414 2079 2454 Johanni
2093 2418 2181 2453 cogan
2188 2437 2198 2453 ,

1951 2453 2079 2494 Johanni
2093 2455 2126 2483 de
2141 2456 2240 2493 Barry.

1398 2633 1531 2667 Praelatis
1547 2637 1583 2672 ὠ·
1603 2631 1771 2666 Baronibus
1791 2632 1954 2678 Vastofflae,
1979 2633 2016 2667 de
2031 2636 2108 2681 Rege
2125 2631 2290 2678 excufhndo
2313 2630 2395 2678 quod
2409 2631 2462 2677 fi-

1443 2692 1557 2714 cretum
1573 2682 1741 2714 tramitum
1755 2678 1901 2713 habuerat
1921 2694 1990 2714 cum
2008 2685 2086 2729 Rege
2101 2684 2233 2715 Francia
2244 2707 2255 2723 ,
2281 2682 2343 2727 ipsts
2358 2684 2459 2712 incon-

1436 2730 1545 2774 βίης,
1570 2730 1649 2767 unde
1661 2730 1803 2776 sedulius
1810 2729 1878 2773 fuit
1898 2733 1934 2768 ὠ·
1955 2734 2187 2763 circumventus.

1397 2824 1510 2882 REX
1534 2824 1773 2862 Archiepiscopis,
1791 2822 1954 2862 Episcopis,
1976 2824 2011 2854 &
2030 2823 2087 2853 aliis
2108 2822 2248 2853 Praelatist
2272 2820 2455 2860 comitibus,
2475 2824 2570 2858 Am]

1468 2863 1708 2901 vicecomitibus,
1734 2861 1904 2900 Batonibus,
1931 2861 2093 2900 Militibus,
2113 2860 2285 2892 Domicellis
2321 2859 2456 2900 Civibus,
2501 2873 2570 2906 1294

1396 2899 1601 2940 Burgensibus,
1626 2901 1903 2938 Communitatibus,
1927 2899 2103 2938 Senescallis,
2127 2899 2253 2938 Ballivis,
2304 2909 2344 2930 rae
2385 2898 2454 2938 fitis,
2470 2907 2570 2932 An.22.

1398 2939 1544 2978 Notariis,
1561 2940 1764 2979 Servientibus,
1781 2939 1815 2971 &
1831 2939 1962 2970 omnibus
1978 2939 2034 2969 aliis
2047 2939 2075 2969 in
2089 2937 2162 2970 terrai
2183 2936 2316 2969 Ducatfis
2366 2939 2456 2976 quita·
2473 2947 2501 2970 Ε.
2519 2951 2542 2970 ι.

1396 2979 1468 3016 niae,
1486 2979 1610 3010 salutem.
2471 2985 2524 3008 Rot.
2543 2983 2570 3009 Va

1434 3016 1516 3048 Cum
1532 3017 1647 3056 quidam
1662 3017 1813 3055 memus,
1831 3017 1903 3047 inter
1917 3015 2028 3056 Regem
2043 3015 2240 3054 Franciae,‹&
2262 3025 2331 3053 nos,
2347 3014 2463 3047 habitus
2475 3028 2526 3046 con.
2538 3027 2570 3046 22

1395 3054 1496 3094 fuerit,
1513 3065 1564 3094 per
1584 3065 1672 3095 quem
1693 3065 1763 3093 nos,
1781 3065 1833 3094 pro
1854 3055 1934 3085 bono
1954 3056 2028 3093 pacis
2047 3056 2081 3087 &
2097 3054 2213 3085 utilitate
2228 3052 2456 3091 Christianitatis,
2473 3061 2501 3084 Ε.
2513 3054 2569 3084 ω’-

1396 3093 1466 3125 ficut
1478 3094 1665 3134 credidimus,
1683 3094 1814 3132 quasdam
1827 3093 2001 3124 obedientias
2015 3092 2051 3124 de
2066 3093 2150 3125 vobis
2162 3093 2197 3124 &
2210 3092 2247 3124 de
2260 3092 2340 3128 disto
2359 3091 2459 3122 Duca-
2477 3104 2520 3125 10.
2532 3094 2557 3123 d.

1398 3141 1429 3163 ru
1444 3132 1545 3164 nostro
1559 3133 1677 3164 fecimus
1692 3132 1741 3170 ipfi
1753 3131 1848 3171 Regi,
1865 3132 1901 3162 de
1936 3142 1975 3163 uo
1987 3142 2040 3170 nos
2054 3132 2101 3162 cul
2136 3131 2206 3161 biles
2217 3130 2359 3162 reddimus
2375 3130 2460 3160 vobis

1398 3171 1524 3211 cunetis,
1550 3181 1587 3203 eo
1609 3170 1737 3215 quodid
1756 3171 1858 3209 absque
1876 3143 1974 3201 veiiris
1995 3165 2115 3202 c‘oniili'o
2135 3170 2169 3200 &
2186 3166 2302 3200 {clenna
2323 3168 2460 3212 Fecimus,

1396 3209 1504 3241 desicut
1525 3220 1578 3241 vos
1598 3211 1678 3241 eratis
1699 3217 1735 3239 ita
1753 3210 1828 3240 bene
1846 3211 1933 3247 parati
1954 3208 1989 3240 ad
2007 3208 2114 3240 diCtam
2128 3217 2230 3238 terram
2246 3206 2458 3238 custodiendam

1396 3247 1481 3279 vestri
1495 3250 1599 3287 gratia,
1618 3250 1652 3280 &
1665 3248 1749 3279 etiarn
1764 3247 1990 3286 defendendam,
2417 3284 2423 3290 .

1433 3286 1494 3317 Vos
1514 3296 1646 3326 rogamus
1675 3296 1808 3324 quatenus
1819 3297 1872 3317 nos
1885 3286 1951 3317 inde
1967 3286 2088 3316 habeatis
2102 3284 2264 3323 excufiit083
2283 3294 2336 3314 vos
2351 3291 2456 3315 etenim

1395 3335 1455 3354 non
1472 3325 1534 3355 estis
1545 3329 1573 3354 in
1589 3325 1636 3354 hoc
1651 3328 1824 3354 circumventi·
1831 3324 1993 3365 fhlummodo
2006 3322 2172 3364 &subdiu
2188 3327 2254 3364 quin
2273 3321 2336 3362 plus
2355 3326 2456 3352 caeteris

1386 3363 1797 3433 {allimurnosmetipst3d31rout
1817 3363 1992 3402 praedilec‘kus
2013 3363 2047 3395 &
2069 3361 2156 3392 fidelis
2177 3361 2291 3400 noster,
2309 3360 2361 3391 Hu
2380 3371 2400 3391 o
2419 3360 2454 3391 de

1736 3412 1811 3432 ericu

1412 3402 1485 3441 feet,
1503 3403 1537 3434 &
1560 3402 1677 3433 dileffms
1813 3413 1824 3432 s
1842 3402 1938 3433 noster
1961 3400 2098 3441 Magister
2119 3399 2308 3440 Reymundus
2322 3399 2359 3430 de
2384 3409 2454 3443 'era—

1395 3443 1460 3480 riis,
1478 3441 1526 3480 qui
1548 3441 1577 3470 in
1597 3440 1686 3472 Curii
1708 3441 1833 3471 Franciae
1853 3441 1934 3472 dieto
1950 3440 2079 3471 traetatui
2097 3441 2262 3477 intererant,
2281 3438 2300 3457 ²*
2321 3437 2403 3468 vobis
2418 3446 2451 3481 ex

1394 3488 1472 3519 parte
1492 3478 1589 3510 nostra
1612 3480 1695 3518 plene
1716 3488 1852 3518 poterunt
1873 3479 1903 3510 id
1923 3479 2044 3518 reserre,
2063 3478 2166 3517 quibus
2186 3477 2275 3508 velitis
2289 3475 2404 3507 credere
2423 3484 2452 3505 m

1392 3517 1547 3557 praemiffis.

1430 3556 1486 3594 Et,
1504 3555 1565 3586 Dei
2430 3590 2434 3594 ι

1392 3596 1562 3631 contingens
1581 3605 1632 3625 vos
1651 3595 1696 3625 seu
1722 3581 1871 3626 Ducatum
1893 3593 2067 3626 antedictum
2083 3616 2093 3632 ,
2119 3592 2257 3624 faciemus
2276 3594 2333 3621 line
2352 3588 2451 3619 vestris

1391 3633 1511 3664 consilio
1524 3634 1559 3664 &
1573 3631 1686 3664 assensu.
2327 3665 2333 3671 ι
2427 3665 2434 3669 ,

1429 3671 1454 3701 P
1455 3682 1484 3701 er
1502 3671 1597 3710 quod,
1635 3682 1698 3702 uam
1717 3672 1806 3703 carius
1825 3671 1990 3710 possumus,
2017 3679 2069 3700 vos
2088 3677 2236 3711 rogamus,
2261 3673 2385 3704 quatinus
2405 3666 2450 3702 (li-

1391 3717 1439 3740 cut
1464 3711 1534 3740 boni
1550 3711 1583 3741 &
1602 3709 1620 3740 fi
1641 3710 1695 3741 eles
1721 3710 1804 3741 nobis
1822 3711 1856 3741 ὅτ.
1872 3719 1990 3741 coronae
2007 3707 2114 3739 nostrae
2130 3706 2242 3745 Anghae
2257 3704 2363 3740 semper
2380 3702 2451 3733 huc-

1393 3748 1480 3785 usque
1499 3747 1586 3778 fuistis
1601 3771 1610 3785 ,
1634 3750 1667 3780 ὃς
1686 3748 1798 3779 dietum
1816 3747 1965 3779 Ducatum
1986 3746 2119 3778 nostrum
2144 3751 2243 3787 contra
2260 3750 2378 3784 omnes·
2400 3751 2450 3785 en-

1391 3795 1432 3816 tes
1450 3787 1523 3816 bene
1539 3787 1572 3816 &
1591 3786 1707 3818 fideliter
1724 3786 1926 3825 praeservistis,
1944 3796 1979 3816 ac
1998 3786 2064 3816 totis
2082 3781 2254 3820 temporibus
2267 3778 2390 3809 defendit
2406 3790 2427 3809 is
2438 3803 2450 3819 ,

1391 3825 1425 3855 &
1447 3825 1506 3862 jam
1530 3835 1602 3863 opus
1625 3825 1662 3856 de
1685 3826 1766 3856 vobis
1792 3826 1880 3864 majus
1902 3825 2054 3855 habeamus
2071 3830 2154 3860 quam
2171 3826 2296 3855 unquam
2314 3817 2450 3848 hastenus

1391 3862 1583 3900 habebamus)
1603 3873 1654 3894 nos
1674 3865 1776 3902 juvetis
1792 3887 1802 3902 ,
1833 3863 1866 3893 ad
1885 3863 1994 3893 dictum
2014 3861 2164 3900 Ducatum·
2176 3855 2398 3898 recuperandum
2416 3857 2450 3887 &

1392 3901 1652 3940 manutenendum,
1672 3903 1741 3932 licut
1759 3912 1808 3932 vos
1827 3903 1860 3933 &
1881 3899 2064 3931 antecessores
2082 3895 2166 3927 vestri
2181 3893 2264 3923 nobis
2282 3894 2451 3938 &enteces-

1392 3938 1499 3969 foribus
1517 3939 1617 3970 nostris
1632 3942 1714 3971 omni
1732 3941 1795 3972 vice
1812 3939 1933 3977 fecistis,
1951 3938 2080 3971 scientes,
2105 3931 2184 3971 quod
2199 3940 2248 3972 Per
2268 3931 2326 3962 Del
2342 3932 2450 3970 adjuto-

1392 3978 1467 4007 rium
1484 3978 1518 4008 &
1536 3978 1662 4009 vestrum
1677 4003 1686 4017 ,
1711 3980 1741 4008 in
1758 3979 1816 4009 hoc
1834 3976 1888 4008 tale
1906 3975 2053 4008 confilium
2070 3979 2261 4010 apponemuS,
2287 3970 2366 4009 quod
2384 3969 2451 4001 Do-

1394 4016 1475 4045 mino
1494 4016 1615 4053 placebit
1632 4017 1665 4048 &
1683 4018 1775 4047 vobis.
2138 4048 2142 4052 ·
2186 4048 2190 4052 Ι
2341 4047 2347 4054 ,
2431 4046 2437 4053 ·

1429 4052 1490 4092 Et,
1513 4055 1553 4085 ob
1573 4055 1708 4093 grandem
1726 4053 1860 4085 fiduciam
1878 4076 1888 4089 ‚
1913 4058 1998 4089 quam
2016 4048 2053 4079 de
2070 4046 2245 4078 fidelitatibus
2264 4045 2362 4079 vestris
2379 4055 2452 4116 8ῐὲτὲ

2467 3445 2568 3482 *1154

1578 3556 1716 3595 adjutorio
1748 3555 1856 3587 amodo
1872 3556 1960 3588 taliter
1975 3554 2058 3586 nobis
2073 3554 2255 3591 cavebimus,
2264 3551 2342 3595 qpod
2355 3549 2450 3588 nichil,
