2570 4261
716 174 828 215 ET
884 172 1148 216 ACTA

3 260 66 292 ann.
80 254 122 289 D.

10 302 95 336 1243.

2 342 52 389 Ψ
68 345 94 385 3ἴ
288 344 337 381 De
360 344 496 390 Beneficio
520 341 723 390 Absblutionis
742 346 812 391 Regi
831 343 1030 391 impendendo·

1 426 41 450 θ’·
66 430 111 456 ²7·
135 431 352 492 INnocentius
364 428 532 472 Episcopus,
550 429 640 471 servus
659 429 800 459 servorum
822 428 894 466 Dei,
909 429 1014 473 dilecffto
1027 428 1085 459 filio
1100 426 1188 473 Boni-

1 466 98 525 {fliu-
135 471 256 538 nel‘Za-cio
274 469 376 499 Eleeto
396 468 586 498 Cantuarienli
601 467 730 506 salutem,
748 467 781 498 &
802 466 994 505 Apostolicam
1009 467 1187 498 benedicitio-

1 545 52 573 ομ·
123 575 127 577 ,
173 543 313 575 Cariffimi
328 545 355 574 in
371 543 486 574 Christo
501 542 550 574 filii
564 541 668 581 nostri,
842 542 950 573 illustris
963 543 1051 583 Regis
1068 544 1189 582 Angliae,

132 582 242 614 devotis
259 583 388 622 precibus
408 582 552 620 inclinati,
569 581 743 620 praeientium
759 581 809 611 tibi
828 582 990 612 auctoritate
1004 583 1189 613 concedimus

131 630 179 659 ut,
198 621 217 651 fi
233 621 347 659 quando
360 621 467 660 ipsum,
485 630 536 659 pro
550 620 673 650 violenta
689 619 841 657 injectione
861 630 994 650 manuum
1017 622 1044 650 in
1060 620 1187 650 Clericos

129 659 163 689 &
178 660 302 697 personas
315 658 536 695 Ecclesiasticas,
553 658 701 697 contigerit
715 657 838 687 incidere
853 659 880 687 in
894 667 1032 689 canonem
1047 659 1187 689 sententiae

124 698 238 737 promul
260 707 328 735 atae,
344 696 484 736 impendas
497 697 522 727 ei
536 706 585 734 per
599 704 644 734 te,
662 695 707 725 vel
722 705 769 733 per
780 696 865 725 alium
879 698 942 726 vice
955 705 1018 735 tua,
1036 698 1111 734 juxra
1126 697 1185 727 for-

128 746 206 766 mam
254 737 361 767 cclefiae
376 759 386 774 ,
402 735 577 765 absolutionis
591 733 764 764 beneficium
779 757 788 772 ,
804 735 867 764 vice
887 734 998 774 nostra,
1017 736 1050 766 &
1063 737 1186 774 injungas

126 774 153 804 ei
164 774 243 811 quod
257 774 292 805 de
302 775 364 813 jure
378 774 461 804 fuerit
474 773 686 810 iniungendum.

170 813 189 832 *
211 812 320 851 Qod,
338 813 446 843 sifuerit
460 812 550 851 gravis
565 811 598 841 &
611 810 732 841 enormis
746 810 885 848 excessuS,
905 811 994 849 ipsum
1010 821 1186 849 nequaquam

132 849 255 880 absolvas
267 852 366 890 absque
381 850 448 880 sedis
470 848 644 892 Apostolicae
662 849 772 879 licentia
787 849 910 887 speciali,
928 850 1105 888 praesentibus
1123 848 1187 887 post

131 888 343 929 quadriennium
357 889 476 920 minime
489 887 618 919 valituris.

0 825 120 861 'I.418.

166 965 234 997 Dat.
250 965 376 996 Lateran.
389 965 509 1004 septimo
525 963 587 994 Kal.
600 963 672 994 Maii
681 987 690 1002 ,
704 963 888 994 Pontificatsis
901 964 986 995 nostri
1000 973 1076 994 anno
1084 963 1188 1001 primo.

464 1040 589 1072 Plambeo
603 1039 694 1079 Sigillo
700 1041 831 1079 pendente
844 1052 861 1069 a
866 1040 919 1082 filo
934 1040 1056 1070 canabeo.

249 1165 367 1196 Litterae
383 1162 420 1196 de
439 1162 589 1196 condutta
602 1171 657 1209 pro
679 1160 802 1194 Davide
819 1160 886 1205 filio
908 1160 1061 1193 Lewelini.

0 1247 61 1279 inn.
77 1248 118 1280 D.
209 1247 283 1277 Avid
303 1248 372 1279 filius
391 1246 526 1279 Lewelini
540 1271 549 1285 ,
575 1245 718 1286 quondam
741 1244 836 1275 Princi
859 1245 878 1274 is
898 1243 1066 1274 Norwalliae
1079 1268 1088 1282 ,
1105 1244 1188 1275 liabet

13 1297 94 1328 1243.
219 1287 318 1317 litteras
339 1287 462 1317 Domini
484 1286 569 1325 Regis
590 1284 625 1314 de
646 1253 945 1326 conduffitusdiredtas
953 1282 1078 1320 Jobanni
1092 1283 1188 1327 Extra-

0 1329 34 1355 [ιι.
51 1337 63 1352 2
69 1337 94 1362 7.
133 1334 206 1362 neo,
220 1324 380 1363 Justiciario
395 1323 528 1362 Cestriae,
550 1322 588 1352 R.
601 1322 636 1352 de
654 1321 773 1350 Mortuo
784 1319 873 1358 Mari,
886 1321 918 1350 &
934 1320 974 1350 H.
988 1320 1024 1351 de
1039 1321 1189 1360 Audichel‚

0 1369 18 1392 r.
41 1375 66 1401 3.
132 1362 166 1393 ad
183 1364 354 1393 veniendum
378 1362 502 1392 London
517 1383 527 1398 ,
545 1361 572 1390 in
596 1359 718 1389 crastino
731 1358 908 1401 Ascensionis
921 1357 1061 1398 Domini,
1078 1359 1190 1391 duratu-

0 1409 38 1430 ἀι,
56 1412 102 1438 27.
133 1411 173 1431 ras
189 1402 272 1440 usque
284 1401 318 1432 ad
332 1399 446 1430 Festum
461 1399 555 1430 Sancti
566 1397 702 1437 Johannis
715 1396 853 1434 Baptistae.

0 1445 10 1467 ἶ
42 1450 53 1476 3

0 1462 18 1505 z:
39 1463 66 1515 32
165 1476 254 1508 Teste
267 1476 318 1507 W.
333 1475 464 1507 Eborum
479 1473 699 1515 Archiepiscopo
712 1473 784 1514 apud
798 1473 821 1504 F
822 1473 951 1513 uleliam,
970 1484 1008 1514 29
1020 1475 1066 1507 die
1079 1475 1187 1514 Aprilis.

128 1600 216 1633 Bulla
238 1602 400 1634 Innocentii
424 1602 503 1646 Papae
523 1600 642 1647 Qarti
665 1596 700 1630 de
710 1597 975 1644 sblempnizatione
993 1595 1069 1642 Fisti
1084 1601 1188 1633 Sanni

303 1647 456 1683 Edwardt
473 1653 503 1681 in
521 1646 686 1692 universali
704 1643 833 1690 Ecclcfia
840 1645 999 1691 facienda.

0 1739 64 1770 Rnn.
77 1739 116 1770 D.
127 1733 349 1796 INnocentius
367 1734 539 1779 Episcopus,
557 1733 648 1777 servus
662 1731 807 1776 servorum
818 1730 903 1775 Dei,
920 1732 1123 1777 venerabilibus
1135 1732 1191 1764 fra-

128 1799 133 1804 .
174 1775 260 1804 tribus
286 1774 528 1818 Archiepiscopis,
547 1771 713 1815 Eprscoprs,
739 1771 771 1800 &
796 1770 902 1801 dilectis
925 1771 984 1801 filiis
1016 1772 1189 1816 Abbatibus,

0 1787 95 1852 117124237
130 1808 274 1842 Prioribus
285 1835 295 1850 ,
313 1810 437 1842 Decanis
450 1835 459 1850 ,
481 1810 696 1841 Archidiaconis
708 1832 717 1846 ,
736 1808 892 1852 Praepofitis
906 1831 916 1847 ,
932 1809 1191 1849 Archipiesbiteris,

0 1859 16 1881 r.
39 1865 63 1890 3.
132 1850 165 1879 &
187 1850 244 1881 aliis
265 1851 454 1882 Eccleliarum
466 1849 588 1880 Praelatis
601 1871 610 1885 ,
625 1847 659 1892 ad
671 1856 742 1888 quos
755 1847 852 1878 litterae
868 1847 928 1878 istae
940 1849 1134 1887 pervenerint,
1153 1849 1191 1878 sa-

132 1887 237 1926 lutem,
255 1890 288 1920 ὃς
302 1886 752 1928 ΑροίὶοΙίεεῐῐιὺεηεάἰᾶιοῃεηι.
767 1923 773 1929 .

168 1926 215 1957 Ut
229 1936 326 1957 notam
341 1927 422 1957 faciat
438 1926 496 1956 filiis
504 1925 657 1956 hominum
665 1932 820 1963 potentiam
835 1923 912 1954 suam
927 1923 1073 1955 Dominus
1085 1925 1118 1956 ὃς
1128 1925 1190 1965 glo-

130 1964 202 1995 riam
218 1965 434 2005 magnificentiae
446 1964 541 2004 Regni
557 1962 594 1994 sui
604 1985 613 2001 ‚
630 1971 834 2000 nonnunquam
855 1962 957 1993 electos
975 1963 1036 1993 suos
1050 1987 1059 2002 ,
1078 1974 1147 2004 quos
1161 1965 1189 1995 in

130 2003 183 2034 hac
205 2005 262 2034 vita
280 2003 412 2041 justificat
426 2026 436 2042 ,
454 2003 487 2034 ὅ(
507 2010 626 2033 coronat
644 2002 673 2031 in
696 2002 798 2039 patria,
816 2000 953 2039 signanter
966 2001 1101 2039 honorat,
1121 2002 1188 2032 dans

131 2042 170 2071 eis
191 2042 329 2073 miraculis
349 2043 493 2073 coruscare
507 2064 517 2080 ,
534 2041 603 2071 dum
616 2062 625 2076 ‚
644 2040 728 2069 omni
742 2038 855 2077 perfidia
868 2039 1029 2079 confutata,
1047 2041 1191 2072 roboratur

131 2078 198 2110 fides
211 2081 367 2119 catholica,
384 2080 441 2120 spes
453 2081 563 2119 erigitur
572 2102 581 2117 ,
600 2078 632 2109 &
647 2078 740 2108 caritas
754 2076 890 2107 dilatatur.

169 2118 267 2157 Qare
280 2117 387 2149 Christi
401 2118 494 2149 fideles
503 2141 512 2156 ,
526 2127 595 2156 quos
609 2116 695 2147 taliter
708 2116 761 2156 ipse
774 2115 921 2154 clarificat,
934 2117 983 2153 pio
997 2117 1192 2156 compled‘ten-

130 2164 171 2187 tes
185 2167 300 2195 amore,
315 2157 469 2188 devotione
483 2156 590 2186 debent
604 2154 706 2185 celebri
724 2155 862 2197 venerari,
877 2162 923 2192 ut,
939 2155 968 2185 in
979 2155 1076 2187 sanffls
1091 2154 1192 2187 santf'ti-

129 2194 262 2226 ficantem
280 2196 437 2237 suppliciter
457 2195 626 2225 honorantes
638 2215 648 2232 ,
665 2192 735 2223 illius
756 2193 982 2231 propitiationem
994 2216 1003 2232 ,
1020 2195 1053 2226 &
1072 2193 1191 2227 istorum

130 2233 257 2273 suffragia
268 2235 407 2265 salubriter
421 2242 585 2266 mercantum

166 2270 212 2302 Ex
227 2273 320 2304 litteris
333 2273 464 2314 siquidem
477 2273 571 2303 saelicis
587 2272 785 2303 recordationis
804 2271 938 2312 Gregorii
957 2270 1060 2312 Papae,
1078 2267 1190 2305 Praede-

129 2310 244 2342 cefforis
263 2312 374 2351 nostri,
393 2312 475 2343 nobis
497 2311 642 2350 exhibitis,
657 2312 746 2342 extitit
763 2310 947 2349 declaratum,
966 2312 1044 2351 quod
1059 2314 1114 2350 piae
1132 2323 1192 2343 me-

129 2351 231 2380 moriae
248 2350 404 2382 Alexander
417 2350 508 2389 Papa,
528 2349 716 2381 Praedeceffor
733 2349 826 2380 noster
869 2352 927 2380 tarn
943 2349 1025 2380 clarae
1041 2352 1189 2382 memoriae

128 2386 259 2420 Henrico
278 2389 437 2429 Anglorum
454 2389 536 2429 Rege
548 2413 558 2428 ,
595 2398 660 2419 uam
680 2388 814 2418 omnibus
835 2372 957 2419 f'raelatis
978 2387 1093 2426 Angliae
1110 2412 1120 2428 ,
1142 2391 1187 2423 rui

127 2433 197 2458 tunc
212 2435 306 2468 erant,
325 2429 350 2459 ei
364 2399 729 2467 supplicantibuscliumiliter
742 2426 776 2457 ὃς
790 2425 938 2465 instanter,
957 2435 986 2457 ut
1001 2428 1114 2458 beatum
1156 2428 1190 2458 d-

129 2466 275 2504 wardum,
293 2467 446 2506 gloriosum
481 2466 606 2497 uondam
620 2465 731 2504 Regem
746 2463 906 2502 Anglorum
920 2487 929 2503 ,
954 2464 1099 2496 ascriberet
1118 2466 1189 2497 San-

126 2502 242 2534 &orum
254 2504 410 2544 Cathalogo
426 2476 592 2535 iniicclefia
607 2500 753 2541 militanti,
771 2507 876 2541 quem,
894 2502 1083 2535 attestantibus
1104 2506 1189 2536 mira-

125 2542 255 2572 culorum
263 2543 375 2573 suorum
382 2544 530 2582 insignibus
537 2566 546 2580 ‚
553 2544 582 2573 in
589 2542 768 2582 triumphanti
776 2550 889 2580 regnare
896 2543 1012 2572 minime
1020 2543 1149 2573 dubitant
1157 2555 1168 2581 ε,

164 2579 224 2618 Ipse
240 2581 362 2621 diligenti
376 2592 446 2613 curn
460 2582 585 2612 fratribus
596 2580 794 2610 deliberatione
807 2580 976 2617 praehabita,
994 2579 1027 2610 ὃ(
1041 2581 1112 2611 libro
1130 2583 1185 2612 mi-

126 2619 286 2650 raculorum
306 2620 429 2659 inspeeto
440 2644 448 2657 ,
467 2615 566 2660 quibus
587 2618 675 2659 ipsum
698 2620 725 2648 in
745 2617 854 2648 mortali
872 2627 957 2649 carne
971 2619 1115 2650 viventem
1126 2643 1134 2657 ,
1150 2621 1184 2651 &

128 2666 244 2687 exutum
258 2658 293 2688 ab
307 2668 338 2689 ea
352 2657 497 2689 Dominus
510 2657 591 2688 multi
611 2656 697 2687 liciter
709 2655 866 2693 illustrarat,
885 2656 948 2687 vilis
962 2666 1075 2698 quoque
1090 2658 1184 2689 litteris

127 2692 289 2726 Innocentii
303 2696 403 2735 Pap-ae,
421 2697 467 2727 cui
479 2695 557 2727 idem
572 2696 600 2726 A
610 2693 729 2726 exander
742 2694 919 2733 successerat,
933 2693 966 2726 &
980 2697 1096 2735 receptis
1110 2696 1187 2727 testi-

129 2735 232 2765 moniis
252 2735 462 2774 supplicantium
475 2759 484 2772 ,
510 2734 637 2773 quamvis
655 2734 803 2772 negotium
828 2742 886 2763 tarn
910 2734 1026 2765 arduum
1054 2744 1113 2765 non
1133 2735 1188 2766 fre-

124 2780 247 2809 ‘quenter
261 2774 343 2804 soleat
358 2796 368 2812 ,
385 2773 434 2804 nisi
455 2774 527 2804 forte
542 2774 571 2803 in
590 2771 776 2810 solempnibus
794 2771 923 2802 conciliis
935 2772 971 2803 de
987 2782 1067 2804 more
1082 2783 1187 2805 conce-

127 2810 173 2849 di,
190 2811 227 2841 de
246 2811 363 2842 fratrum
379 2820 474 2842 tamen
490 2811 606 2841 consilio
620 2833 629 2848 ,
645 2809 722 2848 juxta
738 2816 841 2840 votum
856 2811 889 2841 &
910 2810 1075 2842 desiderium
1091 2821 1186 2851 peten-

124 2848 215 2888 tium,
233 2850 401 2889 praedi&um
422 2849 558 2880 Sanitum
576 2848 647 2879 inter
667 2849 761 2878 beatos
782 2848 951 2879 confessores
965 2850 1069 2881 censuit
1084 2860 1185 2882 nume-

123 2887 258 2926 randum,
273 2889 394 2926 dirigens
409 2888 539 2918 univerfis
558 2887 744 2918 Ecclesiarum
766 2886 889 2917 Praelatis
906 2887 1013 2927 Angliae
1029 2889 1136 2920 monita
1151 2891 1185 2921 δε

124 2926 269 2964 mandata,
288 2935 319 2956 ut
333 2927 510 2957 veneratione
523 2926 616 2956 debita
632 2925 798 2963 praedietuni
812 2926 937 2956 colerent
950 2927 1150 2958 confessorem.

163 2963 243 2994 Idem
262 2974 374 3003 quoque
400 2964 589 2995 Praedecessor
609 2964 704 2994 noster
724 2963 877 3002 Gregorius
890 2987 900 3002 ,
924 2966 1013 2996 bonae
1037 2968 1183 2998 memoriae

127 3001 211 3032 Cant.
226 3001 359 3040 Archiep.
374 3003 422 3036 sibi
436 3003 577 3034 humiliter
597 3002 769 3040 supplicante
788 3011 837 3040 ut,
851 3002 977 3042 supplens
993 3005 1068 3042 quod
1084 3015 1099 3035 a
1111 3015 1184 3045 prae-

126 3039 205 3070 dieto
230 3038 389 3071 Alexandro
414 3041 558 3071 videbatur
582 3041 734 3078 onulfum,
753 3042 894 3071 mandaret
922 3041 1037 3073 Festum
1063 3045 1183 3081 ejusdem

123 3078 286 3109 confessoris
306 3079 482 3116 solempniter
504 3080 656 3116 celebrari,
674 3089 761 3117 quern
780 3079 916 3118 gloriosus
937 3080 1015 3111 Deus
1035 3082 1063 3111 in
1086 3083 1182 3113 faustis

123 3116 175 3146 suis
195 3117 286 3147 adhuc
306 3118 444 3148 miraculis
462 3117 594 3147 clarificat
612 3117 735 3156 gloriosis
752 3141 760 3156 ,
785 3118 861 3148 dedit
880 3118 1037 3158 supradiffis
1058 3119 1181 3151 Praelatis

124 3155 176 3185 suis
190 3155 283 3185 litteris
298 3156 327 3186 in
342 3156 475 3186 mandatis
488 3164 516 3185 ut
531 3156 608 3192 ipsius
625 3155 753 3194 Festum,
771 3157 850 3195 cujus
869 3157 1018 3188 celebratio
1032 3160 1181 3199 reputanda

123 3192 163 3222 est
180 3193 208 3222 in
225 3194 436 3225 canonizatione
450 3194 530 3225 fuisse
542 3193 689 3232 concessa',
707 3195 893 3226 celebratione
906 3206 996 3227 annua
1011 3197 1103 3228 colere
1117 3208 1184 3236 pro-

122 3240 260 3263 curarent.

163 3268 307 3300 Caeterum
317 3271 393 3308 quod
406 3270 558 3301 karissimus
571 3272 599 3300 in
614 3269 733 3301 Christo
747 3271 814 3302 filius
829 3272 1001 3304 noster‘Rex
1017 3273 1178 3311 Anglorum

122 3307 232 3338 illustris
238 3332 247 3347 2
266 3309 346 3339 nobis
359 3319 446 3348 nuper
461 3309 510 3339 suis
526 3310 621 3339 litteris
632 3309 791 3347 supplicavit
803 3318 851 3348 ut,
869 3312 937 3341 sicut
951 3313 980 3341 in
991 3322 1111 3342 ornnem
1126 3322 1181 3343 ter-

123 3355 184 3376 ram
197 3347 278 3378 sonus
291 3348 489 3378 miraculorum
504 3347 622 3384 ejusdem
635 3345 746 3386 gloriosi
761 3349 922 3380 confessoris
936 3352 1037 3389 exivit,
1051 3352 1088 3381 iic
1103 3361 1180 3381 nata-

126 3384 153 3414 le
166 3385 263 3423 ipfius,
301 3386 357 3416 uod
370 3385 404 3416 N
407 3395 455 3415 on.
471 3384 608 3422 januarii,
624 3386 656 3415 &
670 3384 784 3415 Festum
796 3387 1012 3426 Transsationis,
1030 3389 1106 3427 quod
1122 3399 1178 3420 ter-

124 3424 167 3455 tio
189 3422 229 3454 Id.
248 3396 386 3454 Ogtobris
405 3423 506 3454 celebri
525 3424 702 3453 veneratione
722 3425 751 3453 in
766 3424 918 3464 Anglicana
934 3426 1057 3458 Ecclesia
1069 3437 1179 3467 praeco-

123 3462 238 3502 luntur,
253 3463 283 3493 in
298 3462 442 3493 universali
458 3461 650 3492 mandaremus
663 3461 786 3494 Ecclesia
802 3464 947 3494 celebrari:

157 3499 242 3539 Nos,
261 3501 431 3532 attendentes
444 3499 531 3542 quod·
542 3500 662 3529 humana
676 3499 835 3536 possibilitas
847 3502 933 3539 digne
947 3503 1104 3542 glorificare
1115 3515 1176 3535 non

6 3545 29 3573 1.
43 3538 224 3581 419.sufficit
235 3549 305 3579 quos
319 3541 337 3559 ²¹¹
357 3539 450 3570 divina
466 3539 572 3568 bonitas
587 3537 663 3567 tanta
675 3538 763 3568 cloria
779 3538 936 3571 sublimavit
949 3565 958 3579 ‚
976 3543 1177 3573 univeriitatem

119 3577 240 3608 vestram
256 3588 405 3608 monemus
423 3585 544 3614 attente,
563 3585 611 3613 per
623 3561 773 3618 apostolica
787 3579 866 3608 vobis
880 3580 977 3618 scripta
998 3581 1177 3619 mandantes,

117 3625 252 3653 quatenus
266 3616 332 3647 festa
346 3616 479 3654 praedicta
493 3623 581 3645 annua
596 3614 753 3644 celebritate
761 3615 901 3655 colentes,
917 3628 969 3655 pro
982 3620 1063 3649 nobis
1078 3620 1110 3650 &
1125 3630 1179 3650 vo-

119 3654 162 3684 bis
177 3654 299 3692 ejusdem
312 3654 474 3685 confessoris
487 3653 561 3691 apud
576 3652 672 3682 Deum
686 3652 809 3692 suffragia
821 3654 978 3693 suppliciter
993 3658 1156 3695 imploretis.

0 1897 22 1919 tx
38 1897 116 1921 Tran-

0 1933 49 1968 rrip⁴
65 1942 115 1959 au-

0 1968 62 1997 bem.

145 3729 225 3774 Dat.
239 3732 367 3763 Lateran.
380 3739 409 3771 4.
425 3731 489 3762 Kal.
500 3730 597 3770 junii,
611 3727 794 3760 Pontificatsis
805 3730 894 3761 nostri
909 3740 985 3762 anno
1004 3741 1028 3763 1.

0 3861 54 3881 uin.
69 3849 112 3881 D.
169 3859 342 3904 Mnficasio
357 3859 447 3905 fasta
468 3861 540 3906 Regi
564 3858 715 3889 Navarra
730 3881 739 3897 ‚
764 3851 844 3901 qnod
859 3859 961 3890 veniat
978 3860 1009 3890 in
1024 3869 1127 3891 occur-

0 3898 92 3963 ?423i·
551 3905 624 3951 ῥίνη
651 3906 746 3950 Regis.

0 3986 8 4029 l·
22 3976 53 4030 ΑΞ
103 4025 108 4030 ι
165 3990 343 4031 1gnfficatum
359 3992 400 4023 est
413 3993 488 4031 Regi
501 3991 653 4022 Navarum
666 3988 742 4032 quod
756 3988 822 4018 Rex
837 3986 878 4031 est
893 3989 920 4018 in
934 3989 1074 4020 veniendo
1085 3989 1176 4021 versus

0 4014 22 4051 'a
32 4005 59 4059 “s
66 4013 96 4039 ²7
120 3993 158 4053 S
178 4037 265 4069 partes
278 4028 364 4061 Baion
377 4053 387 4067 ,
404 4039 433 4060 ut
448 4032 477 4060 in
489 4028 638 4060 occursum
654 4035 747 4057 veniat
762 4026 894 4056 Domino
909 4025 982 4066 Regi
1013 4028 1032 4057 si
1047 4028 1176 4067 voluerit,

4 4061 79 4115 9²5
116 4067 263 4137 dieTJovi{
277 4066 440 4137 ,PPJOXima
458 4076 521 4100 ante
542 4066 742 4099 Ascenfionem
766 4063 912 4104 Domini,
935 4065 966 4096 in

185 4117 232 4137 vm.
265 4129 270 4134 .
312 4130 317 4135 .
348 4131 354 4137 ι

1022 4066 1091 4097 broe
1097 4089 1107 4105 ,
1126 4068 1174 4098 ubi
1185 4111 1190 4115 K

1232 173 1695 221 PUBLICA.
2203 191 2281 237 147

1224 259 1406 325 &pinquius
1429 260 1487 309 ficri
1509 262 1592 299 poffit
1611 266 1730 309 partibus
1750 266 1786 296 de
1807 267 1903 311 Garsie
1917 280 1926 305 3
1942 267 1987 298 vel
2000 267 2080 308 ,apud
2096 268 2198 299 Eurdas
2209 279 2278 312 cum
2293 259 2365 289 Aml-
2384 255 2425 290 D*

1280 298 1365 327 neilio
1385 297 1448 336 suo,
1466 299 1498 329 ad
1516 301 1692 332 tractandum
1712 314 1780 333 cum
1793 304 1926 335 Domino
1946 304 2028 344 Rege
2040 305 2075 335 de
2089 310 2280 338 contentioni-
2316 306 2399 336 1243-

1230 333 1282 363 bus
1294 334 1343 364 diu
1357 336 1427 365 inter
1441 347 1488 367 eos
1502 339 1575 367 orris.
2292 342 2353 365 Hm.
2375 347 2399 373 3'

1251 371 1343 440 ’cffim
1359 373 1502 417 Dominus
1518 375 1595 414 Rex,
1613 377 1766 408 secundum
1784 380 1860 417 quod
1878 380 1984 418 justum
2007 373 2103 421 suerit,
2120 385 2210 414 eidem
2222 386 2282 416 Re-

1231 418 1256 448 gi
1289 450 1293 454 ¹
1315 421 1428 442 avarum
1446 423 1678 460 interceptiones,
1697 418 1721 445 ei
1742 417 1825 460 fadtas
1839 441 1848 455 ,
1866 419 1925 449 vult
1943 420 2107 462 emendare,
2124 423 2285 455 dummodo

1230 456 1323 480 veniat
1336 459 1444 489 paratus
1459 451 1592 482 Domino
1606 452 1680 492 Regi
1696 454 1731 484 ad
1746 457 1904 485 iaciendum
1918 457 1946 487 id
1962 459 2046 488 idem.

1277 573 1326 604 De
1336 572 1498 619 gravando
1519 576 1633 608 Ducem
1652 578 1826 618 mimum,
1854 589 1884 609 eo
1900 579 1980 623 quod
1996 582 2127 628 Treugas
2145 589 2237 618 mini-1.

1662 636 1709 656 me
1727 626 1852 670 respicit.

1229 703 1291 764 R
1301 703 1324 734 E
1334 704 1364 735 X
1385 705 1513 750 Eboriirn
1529 707 1763 750 Archiepiscopo‚
1781 709 1952 742 Karleolensi
1968 712 2123 753 EpiscOPO,
2139 713 2172 747 &
2186 717 2237 748 W.
2246 716 2282 750 'de
2296 699 2373 731 Anu·
2389 699 2429 731 D*

1310 742 1462 784 Cantilupo
1473 747 1593 776 1alutem.
2318 748 2401 778 1243.

1265 779 1308 809 Ex
1328 783 1441 826 querela.
1456 785 1609 826 multorum
1629 786 1665 815 de
1686 786 1820 823 potestate
1842 787 1951 826 nostra,
1969 789 2001 819 ad
2023 801 2073 820 nos
2085 793 2257 824 venientium
2273 818 2282 833 ,
2296 782 2348 806 ‘³²¹'
2370 787 2414 813 ²7⁰

1229 827 1281 852 pro
1295 828 1374 863 certo
1387 821 1532 852 didicimus
1545 824 1621 863 quod
1636 823 1744 854 Comes
1760 825 1990 867 Britanniae‚n0n
2004 830 2149 868 respiciens
2164 832 2196 861 ad
2211 840 2282 862 treu-
2321 838 2328 868 ,⁴
2353 837 2378 851 -”

1230 864 1313 899 gam,
1331 866 1402 888 inter
1415 861 1510 903 ¹¹03.&
1526 860 1637 900 Regem
1654 862 1778 893 Franciae
1796 864 1891 893 initam
1902 888 1911 901 ,
1930 867 2061 904 quicquid
2075 868 2165 907 potest
2180 870 2280 909 damp÷
2296 854 2382 897 crans.

1230 903 1258 922 ni
1282 896 1363 937 infert
1384 897 1484 927 nostris
1505 909 1552 941 per
1572 909 1646 929 mare
1665 902 1880 940 transeuntibus,
1898 903 1995 934 Naves
2009 905 2065 935 suas
2081 908 2233 947 capiendo,
2249 891 2358 940 &faci
2370 898 2397 943 ,¹⁷⁴¹

1229 931 1310 977 bonis
1323 934 1355 963 ὃς
1369 933 1549 981 Mercandilis
1563 938 1612 967 suis
1626 948 1672 968 eos
1685 939 1842 978 spoliando,
1858 942 1890 970 δε
1906 942 1995 978 plures
2007 944 2209 975 interficiendo.
2299 930 2410 966 Vas‘ma
2424 948 2433 961 ⁹

1245 1007 1249 1012 ⁵
1267 969 1356 1013 Super
1368 982 1427 1015 quo
1442 982 1592 1018 plurimum
1608 979 1818 1014 perturbamur,
1838 987 1890 1008 nec
1905 981 1985 1011 decet
1999 981 2076 1021 quod
2092 992 2196 1013 tantam
2211 985 2284 1023 inju—
2297 977 2340 1018 ‘¹⁷5'
2357 976 2401 1002 27'

1228 1016 1297 1037 riam
1310 1010 1357 1038 iub
1369 1010 1584 1042 dissimulatione
1598 1015 1817 1050 pertranseamus.
2298 1015 2374 1042 '‘squ‘'
2389 1005 2434 1033 ²8·

1266 1045 1304 1089 Et
1319 1047 1382 1077 ideo
1397 1050 1478 1092 vobis
1493 1051 1655 1093 mandamus
1670 1054 1745 1089 quod
1759 1063 1859 1082 omnes
1875 1054 1936 1084 illos
1948 1055 1983 1085 de
1997 1058 2119 1097 quinque
2133 1059 2283 1099 portubus,-
2299 1047 2331 1068 H.

1230 1093 1279 1121 qui
1295 1083 1330 1127 de
1347 1087 1462 1116 navibus
1477 1087 1527 1117 suis
1546 1088 1686 1119 servitium
1705 1091 1785 1120 nobis
1805 1091 1925 1130 debent,
1942 1096 2094 1125 convenire
2107 1097 2208 1128 faciatis
2222 1108 2284 1128 cer·
2298 1089 2334 1107 m*

1230 1130 1264 1151 tis
1285 1121 1334 1167 die.
1353 1126 1386 1155 ὃς
1404 1125 1490 1162 loco,
1510 1136 1593 1165 quam
1615 1129 1694 1157 citius
1715 1128 1773 1158 sieri
1795 1131 1895 1167 poterit
1910 1153 1919 1168 ,
1937 1141 2003 1161 cum
2020 1135 2133 1164 navibus
2149 1136 2198 1166 suis
2213 1138 2286 1167 bene

1233 1169 1347 1191 munitis
1358 1163 1392 1193 &
1405 1165 1500 1202 paratis
1513 1187 1521 1201 ,
1537 1165 1576 1193 ire
1592 1165 1618 1194 in
1639 1166 1777 1196 servitium
1800 1166 1928 1197 nostrum
1944 1170 1977 1198 ad
1998 1172 2166 1206 praedicitum
2181 1173 2287 1204 Comi-

1231 1205 1287 1227 tem
1300 1202 1489 1244 gravandum,
1507 1203 1619 1241 quando
1636 1206 1865 1244 praeceperimus,
1881 1206 1900 1236 si
1915 1206 1991 1236 idem
2008 1207 2115 1240 Comes
2133 1212 2239 1249 injurias
2252 1214 2285 1244 δὲ

1231 1236 1352 1275 dampna
1366 1240 1500 1277 praedicsta
1513 1241 1596 1270 nobis
1611 1243 1759 1273 emendare
1773 1243 1902 1275 noluerit.

1268 1313 1358 1345 Teste
1374 1315 1457 1356 Rege
1470 1316 1542 1354 apud
1557 1317 1677 1358 Burdeg.
1697 1329 1731 1349 12
1748 1319 1793 1350 die
1803 1315 1879 1359 Julii.

2351 1052 2376 1078 3.

2351 1080 2415 1115 7.d.

1550 1445 1599 1476 De
1618 1441 1769 1490 Hornagio
1787 1444 1879 1489 fabio*
1892 1448 1976 1492 Regia

1233 1524 1294 1585 O
1307 1525 1442 1565 Mnibus,
1462 1528 1522 1559 &c
1536 1526 1653 1569 Pontius
1667 1529 1702 1559 de
1715 1528 1846 1568 Anniae,
1864 1529 1960 1560 Petrus
1973 1530 2008 1561 de
2020 1531 2122 1571 Turri,
2138 1533 2286 1565 Emericu‘s
2304 1519 2379 1551 Am·
2396 1521 2435 1552 D·

1311 1565 1346 1595 de
1360 1565 1384 1595 la
1399 1565 1539 1605 Braunde,
1557 1568 1588 1597 &
1604 1567 1674 1597 hlias
1686 1568 1721 1598 de
1737 1567 1873 1607 Burdella,
1892 1569 2014 1600 salutem.
2328 1570 2412 1600 1243-

1265 1603 1484 1634 Universitatem
1499 1606 1618 1635 vestram
1631 1605 1697 1635 scire
1710 1606 1837 1636 volumus
1857 1609 1931 1644 quod
1947 1631 1955 1646 ,
1974 1619 2041 1638 cum
2062 1608 2206 1641 Dominus
2221 1610 2286 1640 Rex
2301 1602 2354 1625 Aa.
2375 1609 2420 1634 27·

1231 1641 1342 1681 Angliae
1357 1644 1430 1680 apud
1446 1642 1610 1674 Xandionas
1626 1645 1792 1682 aliquamdiu
1814 1655 1924 1676 moram
1944 1647 2077 1684 traheret,
2093 1650 2165 1678 circa
2183 1649 2285 1679 festum
2303 1642 2336 1663 H.
2360 1647 2385 1674 3·
2396 1675 2404 1685 Ι

1232 1680 1322 1723 beatae
1346 1679 1447 1723 Mariae
1470 1681 1649 1719 Magdalenae
1663 1706 1672 1721 ,
1691 1693 1783 1720 anno,
1802 1683 1861 1713 &c.
1877 1694 1923 1722 27.
1940 1695 1992 1715 nos
2004 1686 2037 1716 ad
2053 1686 2138 1716 fidem
2153 1688 2186 1717 ἃ
2203 1687 2285 1717 servi-
2302 1679 2358 1702 Pae.
2383 1686 2417 1708 (θ’

1231 1726 1303 1748 tium
1317 1720 1397 1762 ipsius
1411 1719 1498 1759 Regis
1514 1723 1700 1758 venimus,&
1713 1722 1876 1765 homagium
1891 1724 1916 1752 ei
1930 1723 2048 1754 fecimus
2063 1734 2116 1761 pro
2131 1726 2285 1764 beneficiis,
2301 1717 2374 1741 ΟΜ·
2393 1724 2436 1749 ²7⁹

1231 1767 1295 1795 quae
1309 1758 1324 1787 a
1338 1757 1496 1789 liberalitate
1511 1759 1554 1789 sua
1567 1761 1738 1797 recepimus,
1756 1761 1788 1790 ὃ(
1803 1761 1987 1801 imposterum
2002 1764 2196 1801 reciperemus.
2300 1756 2335 1778 H.
2358 1762 2384 1788 3·

1270 1795 1307 1826 Et
1329 1798 1505 1833 praeientibus
1526 1798 1711 1835 protestamur
1735 1799 1810 1836 quod
1833 1801 1961 1829 homines
1986 1801 2042 1839 ligii
2068 1801 2106 1831 sui
2127 1803 2234 1841 sumus,
2253 1803 2287 1833 ὃς
2304 1801 2339 1819 ⁷⁷³·
2357 1790 2437 1818 ¹²·‘3'

1234 1841 1291 1864 tam
1314 1843 1366 1864 nos
1378 1857 1387 1872 ‚
1403 1845 1489 1873 quam
1511 1836 1634 1867 liaeredes
1654 1837 1744 1866 nostri
1763 1837 1854 1867 eidem
1876 1837 2009 1869 Domino
2028 1840 2125 1869 nostro
2147 1840 2236 1879 Regi,
2255 1844 2289 1871 &

1233 1872 1390 1903 haeredibus
1412 1874 1461 1904 suis
1475 1897 1485 1912 ,
1505 1875 1560 1904 sive
1578 1876 1606 1904 in
1629 1874 1725 1913 treug&
1740 1897 1749 1913 ,
1768 1875 1824 1905 sive
1840 1878 1869 1906 in
1884 1886 1996 1915 guerra,
2016 1877 2106 1908 fideles
2120 1879 2221 1908 erimus
2238 1881 2292 1909 im-·

1234 1920 1418 1953 perpetuum,
1436 1923 1488 1943 nec
1503 1923 1517 1942 a
1532 1912 1586 1943 fide
1600 1913 1632 1943 &
1646 1913 1758 1943 servitio
1766 1923 1868 1944 eorum
1881 1916 1974 1953 aliquo
1981 1923 2110 1954 tempore
2123 1917 2290 1947 recedemus

1234 1950 1327 1988 aliquo
1346 1952 1406 1980 calu
1426 1952 1621 1989 contingente,
1640 1952 1673 1982 &
1687 1954 1744 1982 tam
1759 1952 1881 1984 haeredes
1902 1953 2030 1992 nostros,
2049 1955 2135 1994 quam
2147 1963 2198 1985 nos
2216 1957 2288 1994 ipsos

1233 1988 1268 2018 ad
1280 1988 1356 2018 idem
1369 1989 1498 2019 volumus
1509 1990 1633 2029 obligari.

1270 2026 1303 2056 ln
1326 2029 1402 2066 cujus
1422 2029 1459 2058 rei
1475 2028 1669 2058 testimonium
1691 2037 1744 2067 ego
1761 2028 1910 2060 Ernericus
1930 2029 1965 2059 de
1987 2031 2010 2061 la
2026 2031 2169 2069 Braunde,
2184 2033 2218 2063 ὃς
2236 2041 2291 2071 ego

1235 2063 1308 2096 Elias
1319 2065 1354 2096 de
1373 2066 1499 2096 Burdella
1517 2076 1569 2106 pro
1584 2068 1684 2105 nobis,
1700 2069 1732 2097 ὃς
1749 2069 1833 2097 etiam
1846 2078 1898 2105 pro
1911 2070 2052 2106 praedietis
2067 2070 2175 2101 Pontio
2189 2072 2221 2102 ὅ(
2236 2070 2291 2102 Pe*

1235 2113 1295 2142 tro,
1315 2105 1444 2142 praesenti
1455 2105 1557 2143 scripto
1570 2105 1662 2145 Sigilla
1677 2106 1771 2136 nostra
1783 2107 1968 2144 apposuimus.

1273 2182 1317 2211 Et
1331 2182 1491 2212 mandatum
1504 2181 1540 2222 est
1555 2182 1745 2213 Distatoribus
1761 2186 1884 2222 Treugae,
1902 2194 1935 2214 ex
1945 2191 2028 2223 parte
2041 2187 2118 2223 Regis
2134 2186 2294 2228 constitutis,

1231 2221 1303 2261 quod
1312 2220 1376 2260 ipsos
1388 2229 1520 2262 tanquam
1527 2220 1623 2264 fideles
1636 2221 1752 2252 homines
1760 2230 1913 2261 protegant.

1233 2343 1261 2375 ’χε
1281 2351 1329 2383 De
1340 2347 1454 2394 foedere
1474 2346 1598 2382 ineundo
1620 2349 1697 2381 inter
1716 2350 1825 2395 Regem
1841 2375 1851 2391 ‚
1875 2351 1912 2387 (ᾗ-
1932 2348 2074 2396 quosdam
2091 2349 2287 2397 Piffav'enfts.
2307 2342 2323 2363 ⁴
2341 2346 2440 2383 1420.

1231 2427 1358 2489 REX
1375 2435 1524 2473 omnibus,
1542 2435 1601 2466 &c.
1618 2433 1740 2465 fiilutem.
2304 2421 2380 2454 Ann.
2397 2425 2439 2456 D„

1323 2472 1419 2503 Sciatis
1429 2473 1504 2512 quod
1519 2473 1683 2513 potestatem
1698 2473 1825 2503 dedimus
1834 2471 1990 2511 Radulpho
2003 2472 2062 2503 filio
2070 2473 2188 2504 Nicolai
2198 2497 2206 2512 ‚
2220 2473 2287 2505 Hu-
2325 2472 2410 2503 ¹243·

1230 2512 1300 2548 goni
1315 2511 1350 2541 de
1365 2511 1480 2550 Vivon,
1496 2513 1528 2542 &
1546 2511 1632 2542 Petro
1648 2511 1827 2550 Chaceport‚
1846 2511 1981 2541 rradtandi
2001 2511 2036 2541 de
2051 2511 2173 2550 foedere,
2190 2513 2223 2542 ὃ(
2240 2512 2286 2542 fir·
2301 2504 2352 2528 An.
2370 2513 2414 2539 Ζ7·

1231 2550 1325 2580 mandi
1339 2549 1431 2580 foedus
1443 2550 1513 2580 inter
1527 2560 1595 2588 nos,
1614 2551 1646 2581 ὃ(
1656 2549 1816 2580 Galfridurn
1829 2550 1865 2579 de
1880 2549 2034 2580 Moretain.
2048 2551 2080 2580 &
2094 2549 2190 2590 Elymi
2200 2550 2284 2581 Guii-
2301 2544 2329 2566 H
2359 2551 2397 2587 3·‚

1229 2588 1303 2618 band
1319 2588 1354 2618 de
1368 2587 1471 2618 Cunak
1486 2611 1496 2626 ,
1521 2589 1554 2618 &
1573 2589 1687 2625 omnia,
1703 2598 1767 2625 quae
1786 2588 1912 2628 praedicti
1935 2587 2027 2617 fideles
2043 2587 2131 2627 Regis
2152 2589 2237 2618 nostri
2256 2591 2284 2619 in
2303 2581 2357 2606 ΡΜ
2375 2589 2410 2612 (9·
2436 2620 2440 2624 ,

1227 2627 1336 2695 {cedere
1348 2626 1397 2656 illo
1412 2626 1558 2657 naifitando
1571 2626 1698 2657 duxerint
1711 2626 1837 2657 facienda
1852 2649 1861 2665 ,
1885 2636 1938 2657 nos
1957 2626 2002 2657 illa
2021 2625 2138 2658 firmiter
2160 2627 2287 2660 observa-
2303 2620 2376 2691 {3²2-
2394 2628 2439 2654 ²70

1249 2675 1329 2695 imus.
2333 2676 2338 2681 .
2379 2678 2388 2705 ⁴,

1263 2703 1297 2734 In
1311 2705 1405 2743 cujus,
1424 2705 1483 2736 ὅτε.
2302 2701 2337 2720 m.
2358 2696 2401 2723 ib.

1263 2779 1352 2811 Teste
1364 2780 1447 2821 Rege
1461 2781 1534 2820 apud
1546 2779 1664 2822 Burdeg.
1679 2780 1796 2820 septimo
1809 2778 1855 2812 die
1870 2777 2017 2812 Februarii.

1511 2907 1606 2938 Carta
1625 2908 1713 2939 Dotis
1731 2908 1864 2939 Dominae
1883 2909 2005 2953 Reginae.

1224 2988 1350 3050 REX
1370 2990 1610 3030 ArchiepiscopiS,
1628 2991 1687 3022 &c.
1703 2991 1826 3021 salutem.
2303 2984 2378 3018 Anti.
2394 2989 2435 3021 D,

1316 3031 1417 3067 Sciatis
1432 3040 1483 3059 nos
1497 3029 1680 3068 concesslsse,
1695 3030 1732 3060 ὃς.
1744 3030 1795 3060 hac
1806 3029 1891 3059 Carta
1905 3027 2000 3059 nostra
2015 3028 2211 3070 confirmasse,
2228 3042 2280 3070 pro
2325 3035 2408 3068 1243.

1223 3068 1324 3107 nobis,
1343 3070 1375 3099 &
1388 3068 1543 3098 haeredibus
1558 3067 1673 3106 nostris,
1691 3068 1800 3098 dilectae
1815 3068 1934 3106 Reginae
1948 3067 2052 3097 nostrae
2070 3069 2227 3108 Atreum-22,
2248 3071 2280 3101 fi-
2299 3068 2348 3092 Aa.
2372 3079 2416 3103 27·

1222 3105 1267 3136 liae
1283 3106 1407 3137 Comitis
1423 3106 1598 3143 Provinciae,
1616 3106 1691 3144 quod
1706 3106 1775 3144 ipsa,
1794 3108 1911 3136 nomine
1925 3106 1997 3136 dotis
2010 3129 2020 3144 ,
2046 3106 2065 3135 si
2080 3107 2115 3137 de
2130 3110 2213 3138 nobis
2228 3110 2279 3139 hu·
2295 3106 2323 3128 H
2325 3125 2328 3128 ⁴
2352 3113 2391 3150 3-Γ

1223 3146 1342 3176 manitus
1357 3147 1520 3183 contingat,
1538 3145 1638 3174 habeat
1653 3153 1714 3174 toto
1731 3154 1859 3181 tempore
1874 3146 1938 3174 vitae
1951 3144 2005 3174 suae
2018 3143 2152 3175 Casti-iim
2168 3148 2199 3177 &
2211 3148 2279 3177 Btzr-
2296 3144 2314 3166 P
2315 3149 2343 3167 Μ
2348 3163 2352 3167 ·
2370 3154 2403 3176 Θ·

1221 3192 1290 3222 gum
1306 3184 1341 3214 de
1362 3183 1543 3214 Gloucestria
1555 3207 1564 3220 ,
1588 3192 1655 3212 cum
1676 3182 1797 3213 Bertoiia
1818 3182 2005 3213 Gloucestriae
2022 3194 2026 3212 :
2055 3184 2091 3213 Et
2110 3183 2278 3215 Civitatibus
2296 3183 2369 3207 CM!-
2387 3191 2433 3219 27.

1220 3222 1380 3261 Wigorniae
1394 3223 1426 3253 &
1444 3221 1569 3259 Bathon3
1588 3222 1620 3252 &
1637 3220 1770 3251 Maneriis
1785 3221 1819 3251 de
1836 3219 1927 3260 Clyne
1943 3222 1975 3251 &
1991 3222 2026 3251 de
2041 3220 2186 3252 Chiltham
2200 3235 2209 3260 3
2234 3234 2278 3253 re-
2300 3222 2333 3243 H.
2353 3229 2380 3254 3-

1221 3262 1301 3290 tentis
1315 3261 1343 3290 in
1365 3270 1449 3290 manu
1468 3260 1613 3289 haeredum
1632 3259 1796 3289 nostrorum
1810 3260 1865 3290 aliis
1881 3259 2015 3289 Mineriis
2028 3282 2036 3296 ,
2060 3270 2123 3298 quse
2143 3263 2216 3298 prius
2235 3262 2278 3300 ei,
2297 3265 2333 3285 m·
2354 3266 2382 3293 3⁴

1222 3308 1289 3329 cum
1305 3300 1443 3337 praedistis
1461 3297 1594 3327 Maneriis
1612 3298 1645 3328 ὅ(
1663 3298 1848 3337 Civitatibus,
1867 3299 1895 3328 in
1911 3298 2008 3328 dotem
2022 3298 2215 3337 assignavimus
2229 3310 2278 3337 per

1223 3338 1347 3374 priorem
1363 3336 1478 3368 Cariam
1494 3336 1627 3366 nostram.

1259 3375 1313 3414 Et,
1332 3377 1400 3405 loco
1413 3374 1579 3405 eorumdem
1594 3370 1792 3405 Maneriorum
1802 3398 1810 3411 ⁷
1828 3374 1862 3404 ad
1877 3384 1946 3411 opus
1960 3374 2103 3404 haeredum
2117 3374 2281 3408 nostrorum

1221 3422 1411 3451 retentorum,
1428 3412 1622 3452 assignavimus
1637 3415 1663 3442 ei
1681 3422 1772 3443 toturn
1792 3413 1970 3443 Comitatum
1991 3412 2126 3450 Cestrite,
2144 3423 2211 3443 cum
2228 3425 2282 3445 no-

1220 3463 1260 3482 vo
1275 3452 1377 3482 Castro
1392 3452 1484 3482 subtus
1501 3451 1627 3481 Limam:
1648 3451 1685 3481 Et
1699 3453 1883 3481 advocatione
1898 3451 2030 3480 Abbatiae
2044 3450 2080 3480 de
2097 3451 2279 3492 Roucestria,

1221 3501 1287 3521 cum
1304 3491 1437 3520 omnibus
1458 3490 1628 3528 pertinentiis
1642 3490 1674 3519 ὃ(
1690 3490 1860 3521 libertatibus
1876 3511 1886 3526 ,
1908 3488 1943 3519 ad
1959 3488 2081 3519 cundem
2098 3487 2279 3522 Comitatum

1221 3531 1253 3560 &
1272 3530 1347 3559 idern
1362 3528 1492 3559 Castrum
1507 3529 1714 3568 pertinentibus.

1261 3567 1359 3606 Qare
1371 3568 1518 3604 volumus,
1537 3567 1597 3597 &c.

1673 3639 1819 3680 Testibus‚

1805 3718 1937 3757 Johanne
1953 3718 2093 3759 Maunftll
2098 3738 2109 3759 >¹

1806 3756 1920 3786 Paulino
1936 3759 2016 3787 Penr.

1260 3721 1291 3752 P.
1309 3720 1447 3761 Herefhrd
1457 3718 1596 3759 Epstopo,

1259 3760 1378 3799 Philippo
1400 3760 1431 3789 de
1453 3759 1585 3787 Sauband
1598 3759 1729 3787 Procura-

1298 3806 1354 3828 tore
1370 3796 1488 3835 Etclefiae
1507 3794 1604 3826 Valent
1615 3817 1625 3833 ‚

1260 3836 1392 3875 Johanne
1400 3835 1462 3877 filio
1479 3834 1620 3874 Gaffridss

1258 3873 1398 3913 Radulpho
1412 3873 1467 3913 filio
1483 3871 1619 3902 Nitholai.

1259 3913 1380 3951 Philippo
1397 3911 1508 3951 Baffir,

1258 3987 1327 4019 Dat.
1342 3996 1391 4029 per
1409 3996 1527 4017 manum
1540 3985 1665 4017 nostram
1676 3985 1750 4026 apud
1764 3984 1955 4024 Burdegaliam
1963 4009 1974 4026 ,
1995 3995 2030 4027 17
2045 3987 2090 4019 die
2106 3986 2233 4027 Augusti.

1804 3792 1920 3824 Rnberto
1934 3795 1964 3824 de
1983 3798 2135 3836 stlucegror,

1802 3832 1933 3862 N1cl7ula0
1949 3833 1980 3862 de
1994 3834 2115 3865 Bolevi'll
2122 3859 2132 3874 ,

1806 3870 1928 3901 Waltero
1943 3872 1974 3901 de
1990 3875 2103 3912 Luton,
2122 3874 2154 3905 ὃ(
2170 3874 2234 3905 aliis.

1714 4098 1783 4130 Tar
2234 4101 2278 4130 De
