2570 4261
0 276 37 297 in.
51 263 92 295 D.

2 313 67 345 309.

1 351 31 372 v.
48 351 75 370 2.

4 1621 26 1642 ⁸
39 1621 94 1649 111.

21 1668 85 1696 ¹49·

5 3481 88 3515 lAnn.
101 3479 143 3511 D.

30 3529 118 3559 1309.

13 3562 65 3587 Aa.
84 3569 108 3596 3.

37 3618 42 3625 .
58 3607 84 3624 2.

17 3640 83 3665 Rvm.
104 3643 129 3671 3.

11 3677 44 3701 E.
65 3683 91 3700 2.
109 3681 146 3699 m.

0 3720 45 3776 ῗη
57 3747 139 3776 cedu-

12 3787 57 3815 ila.

20 3823 117 3852 *III-

54 3871 117 3898 ¹50·

579 188 707 231 ET
820 190 1144 233 ACTA
1256 188 1836 243 PAUBLICA.

109 265 223 299 olivero
237 270 426 302 Panchardon.
696 275 865 313 Skirpenbek.
1248 273 1284 304 Et
1299 274 1417 306 trescher
1432 276 1490 308 Sire
1503 278 1538 309 &
1553 280 1638 319 Pete,
1655 291 1724 312 nous
1741 292 1792 314 vos
1808 284 1915 322 prioms
1934 282 1984 323 q’il
2002 292 2072 316 vous
2090 284 2173 324 pleise
2190 289 2263 317 tenir
2281 284 2356 315 Ann.
2370 285 2412 317 D:

111 307 228 354 Andreae
245 310 447 357 deSmethtoft,
659 311 725 342 Tho.
741 314 772 342 de·
785 314 893 352 Grdle,
1209 321 1278 356 nous⁴
1291 323 1342 350 por
1354 314 1470 345 excusez
1480 316 1516 346 de
1533 326 1566 347 ce
1603 329 1657 356 que
1670 319 1696 350 le
1717 320 1758 351 dit
1779 321 1905 354 Monfire
1927 321 2035 352 Mahen
2054 323 2089 354 ad
2111 324 2168 355 este
2188 333 2263 355 taunt
2300 332 2384 363 1309·

111 345 299 392 Henricofilio
312 349 450 394 lingonis,
660 351 791 381 Authero
800 352 862 392 filio
876 355 1005 391 Henrici,
1208 349 1314 380 delalels
1329 362 1365 381 en
1378 354 1518 384 attendant
1533 340 1592 386 cest
1607 356 1733 397 respons3
1750 368 1798 391 car
1812 371 1883 392 nous
1896 370 1964 392 vous
1984 360 2088 393 feroms
2101 364 2264 403 precheine-
2281 365 2349 391 Edv.
2367 372 2395 390 ²·

112 385 231 415 Henrzco
243 385 268 415 le
283 389 412 425 Mozgne,
661 388 728 418 Tho.
743 391 775 418 de
790 391 936 420 Brokenor.
1212 397 1290 418 ment
1302 389 1379 419 saver
1392 390 1424 420 le'
1439 393 1569 424 ncheson.

114 422 262 470 Humfrido
274 424 307 454 de
319 425 510 464 Baffingburn.
662 430 763 464 Rogero
781 430 812 458 de
831 432 1027 459 mortuo-Mari
1047 429 1078 458 de
1093 429 1173 469 usyg-
1246 426 1394 457 Treschire
1409 429 1512 460 Sire&
1525 430 1594 463 Pete
1599 453 1610 471 ,
1627 432 1722 465 nostre
1734 434 1853 475 Seignur
1885 447 1935 476 par
1947 437 1974 468 sa
1987 447 2072 477 grace
2109 449 2179 472 vous
2185 439 2266 472 doint

114 461 263 506 Hamfrtdo
274 461 371 492 Alana
386 464 532 504 Plugenot‚
696 477 817 505 gemere,
1210 464 1287 495 bone
1301 466 1347 496 vie
1361 467 1393 497 &
1406 467 1502 505 longe.
1858 460 1869 477 ³
2081 461 2092 478 ³

113 499 253 530 Wllielmo
266 500 364 540 Ruffel.
662 506 761 540 Rogero
775 506 807 534 de
822 509 1018 535 mortuo-Mari
1032 506 1064 535 de
1078 503 1173 541 chirk‚

113 537 256 585 Wllielmo
269 540 301 568 de
314 543 413 570 Monte
427 545 496 571 Cani
507 554 520 572 o
529 567 539 581 ,
662 543 777 572 Henrico
793 545 824 573 de
839 543 985 583 Lancastr.
1247 538 1327 571 DOss·
1346 552 1362 572 2
1376 541 1537 575 StaumeYd
1547 568 1553 579 ‚
1572 544 1598 577 le
1614 555 1659 586 30·
1673 548 1735 586 jour
1747 548 1810 589 deJ
1846 550 1866 581 l.

114 575 244 615 Johanm
266 578 299 607 de
320 580 419 609 Sam‘lo
438 580 480 619 Jo
501 592 571 612 anne
593 580 625 612 de
666 579 783 609 Roberto
791 581 853 623 filio
867 585 992 621 Pagani,
1812 560 1846 591 ΠΥ

153 615 308 646 Lakeham.
666 618 787 648 Waltero
801 620 867 650 Filio
882 621 991 650 Roberti
999 642 1009 659 ,

115 651 246 701 Johanni'
260 654 292 684 de
305 655 498 703 OQogseles,
666 655 795 694 Johanni
810 659 840 688 de
853 661 979 704 bbygeton
989 682 998 697 ,
1411 683 1445 714 D
1537 683 1565 716 H

116 690 242 727 Johanm
255 692 286 722 de
299 696 440 739 Ryparns,
666 694 805 733 Radulpho
819 696 843 726 le
857 696 989 736 Bottller,
1446 695 1461 715 ι’
1485 691 1536 715 tra
1565 683 1641 717 Δηώ
1665 697 1733 719 cum
1757 685 1880 722 R⁰b²rt⁰
1902 689 1939 723 de
1962 693 2047 726 Erus·

117 731 146 759 T
141 728 184 760 ho.
198 731 229 760 de
241 731 388 771 Scalariis,
666 733 789 771 Johanni
804 736 836 764 de
850 735 960 764 Frivill.

118 766 285 799 Alexandro
296 770 328 799 de
341 771 453 801 Frivill.
668 771 783 801 Roberto
796 774 828 802 de
842 773 1003 810 chaundos,
1217 762 1297 819 RE
1307 761 1337 793 X
1356 763 1459 796 dilefto
1473 768 1506 798 &
1521 766 1595 799 fideli
1609 769 1657 800 suo
1676 769 1803 803 Ricardo
1816 772 1853 805 de
1875 773 1970 813 Burgo
1990 774 2103 807 Comiti
2123 776 2271 817 Ultoniae‚
2290 780 2365 812 Arm.
2380 779 2422 811 D.

118 805 261 837 Wllielmo
274 808 388 845 Tuchet,
669 810 812 839 Edmundo
824 812 855 840 de
868 810 1026 850 Somervill‚
1291 802 1411 846 salutem.
2312 829 2387 858 1309

120 846 274 875 Laurentio
288 847 320 876 de
333 846 483 888 Holebech,
668 846 796 886 Johanni
804 850 835 878 de
842 849 918 879 Bello
927 855 1022 888 Campo
1031 847 1180 889 deFJfhide,
1254 839 1302 870 De
1315 842 1567 889 circumspezstione
1579 846 1613 876 &
1628 845 1755 878 fidelitate
1769 848 1860 880 vestra
1875 859 1999 888 gerentes
2014 851 2145 884 fiduciam
2164 853 2273 891 plenio-
2294 861 2335 885 An
2363 841 2397 894 3:

120 883 248 921 Johanni
259 884 291 914 de
304 885 426 924 Meriet,
670 886 800 924 Jobanni
815 890 912 928 ΗΠΒ,
1219 886 1294 920 rem,
1312 880 1445 911 tractandi
1460 891 1579 913 nomine
1593 884 1690 915 nostro
1704 895 1770 916 cum
1787 886 1915 919 Roberto
1927 889 1963 920 de
1978 890 2058 929 Brus,
2074 892 2118 921 seu
2134 892 2184 922 illis
2209 903 2277 930 quos
2296 901 2325 923 Ε.
2345 905 2371 923 2.

121 922 223 959 Rogero
235 921 263 951 [a
277 924 392 962 Wurre,
672 925 821 962 Ingelramo
837 928 868 955 de
885 930 984 968 (φης,
1220 916 1297 949 ldem
1316 916 1455 963 Robertus
1470 920 1656 961 deputaverit,
1674 924 1718 953 vel
1739 924 1917 962 affignaverit
1939 928 2005 958 loco
2028 928 2083 967 sui,
2100 930 2135 960 de
2158 915 2226 968 palte
2243 932 2276 961 &
2297 937 2354 961 Pas.
2372 944 2400 969 3-
2417 951 2421 956 ·

121 960 252 1000 Johanm‘
264 960 293 990 [a
309 966 420 1001 Warre'
672 963 786 992 [μάθω
801 964 895 1004 Beffi’
1222 955 1377 999 concordia
1391 965 1460 987 inter
1476 968 1527 1002 nos
1548 960 1581 990 &
1605 960 1772 998 praedictum
1795 963 1970 1004 Robertum,
1986 966 2063 1004 super
2086 970 2208 1007 guerris,
2222 968 2276 999 dis·
2297 976 2318 998 E
2344 981 2371 999 2.
2388 978 2423 999 m

122 997 253 1038 Johanni
263 1007 297 1037 ap
309 1001 424 1040 Adam,
673 1002 793 1032 Gerardo
811 1004 841 1032 de
858 1001 1046 1042 Wachcffham,
1223 993 1326 1037 cordiis
1346 994 1379 1024 &
1396 998 1623 1040 comentlf’nibus
1645 999 1879 1040 qffibUscumques
1896 1003 1965 1034 hinc
1987 1005 2053 1035 inde
2074 1007 2175 1037 8ΧοῑῖῘὸ
2209 1006 2278 1037 Deo
2301 1016 2345 1047 35·

123 1035 264 1067 Willielmo
280 1038 384 1078 Paynel
389 1062 401 1078 ,
672 1043 771 1076 Rogero
786 1042 817 1071 de
830 1041 908 1071 Bello
921 1045 1018 1080 Campo
1026 1064 1037 1081 ,
1222 1031 1558 1079 propino-reformandi&
2181 1029 2192 1044 ²

121 1075 237 1106 Henrico
253 1079 388 1116 Degorz,
675 1078 818 1108 Wllielmo
833 1080 865 1109 de
878 1080 1037 1118 Kirkecote,
1262 1071 1307 1100 AC
1320 1077 1403 1100 emm
1418 1072 1552 1103 feferenffl
1568 1074 1652 1105 ¹¹01)ss
1671 1085 1702 1106 ἃ
1721 1085 1786 1114 quae
1800 1087 1848 1115 pes
1862 1089 1912 1109 VOS
1926 1079 1959 1110 &
1974 1080 2139 1118 praediffilm
2165 1082 2279 1114 ROber·

123 1113 240 1144 Roberto
255 1115 286 1144 de
301 1115 411 1155 Ufford,
676 1117 817 1147 Edmundo
831 1119 862 1147 de
875 1118 1031 1157 Pageham,
1224 1116 1284 1138 tum
1293 1130 1303 1146 ²
1320 1108 1364 1152 Yel
1377 1108 1564 1154 dePU[³¹,¹d932
1580 1111 1625 1143 seu
1639 1113 1814 1151 assignandos
1828 1126 1876 1154 pel*
1890 1117 1998 1156 ipsum,
2017 1127 2046 1149 ut
2055 1120 2280 1160 praedictumest,

125 1153 194 1182 Adae
209 1153 241 1182 de
255 1154 450 1194 Overynham‚
675 1154 803 1193 Johanni
818 1158 849 1185 de
866 1156 982 1197 Hasting
1224 1146 1337 1190 naellam.
1348 1156 1500 1184 configent
1511 1159 1542 1178 m
1556 1151 1718 1191 praessfiffiss

126 1190 265 1221 Willielmo
280 1191 303 1220 l,
319 1192 434 1224 Botiller
450 1194 481 1224 de
495 1197 613 1234 an'
676 1194 809 1223 Richardo
822 1195 853 1224 de
866 1195 978 1235 Δηώ,
990 1181 1001 1196 '
1262 1184 1369 1227 Vobis,
1387 1193 1482 1216 tenore
1499 1187 1694 1228 praesentium,
1711 1193 1919 1224 committimus
1932 1193 2106 1232 potestatem.

125 1230 209 1259 Petro
224 1230 320 1260 Corbet
328 1253 339 1269 ‚
677 1231 811 1261 Willielmo
825 1233 945 1263 Viedelen
953 1255 965 1272 ,
1263 1221 1297 1252 In
1311 1233 1406 1262 (Ἄθω)
1423 1225 1484 1255 &c-

126 1267 196 1297 Adae
212 1269 244 1298 de
261 1269 368 1308 Welles,
679 1271 819 1300 Edwardo
833 1271 964 1310 Burnell,

127 1306 259 1345 Johanni
272 1307 304 1337 de
317 1307 500 1349 Crumbwell,
677 1307 783 1338 Thomae
795 1310 827 1338 de
840 1309 1007 1350 Ingalthorp.
1263 1297 1350 1329 Teste
1363 1298 1446 1338 Rege
1459 1302 1532 1339 apud
1547 1302 1688 1343 langele>
1705 1315 1723 1336 2
1735 1305 1780 1337 die
1793 1307 1923 1345 AugUffi·

129 1344 259 1384 Johanni
271 1346 302 1375 de
316 1347 463 1387 Engayne,
677 1346 805 1385 Johanni
820 1349 851 1376 de
866 1348 1032 1379 Wulverton.

129 1382 259 1423 Johanni
271 1385 303 1414 de
318 1384 421 1423 Thorp,
678 1384 805 1423 Galfrido
818 1386 962 1425 Luterell,

131 1421 274 1451 Willielmo
288 1421 313 1450 le
327 1422 504 1461 Mareschall.
679 1426 727 1453 Hu
745 1427 788 1452 om·
799 1424 831 1453 de
845 1424 946 1454 Bluna'.
1546 1450 1551 1456 .
1743 1454 1748 1459 .
1947 1454 1965 1460 ..
2029 1455 2032 1460 .
2133 1456 2137 1461 ,

129 1459 238 1490 Falconi
249 1459 433 1499 Lestraunge‚
681 1435 744 1500 JOZ
744 1466 810 1491 anni
820 1462 845 1491 le
861 1466 1012 1503 Latymer,
1228 1444 1286 1478 Ad
1307 1447 1415 1491 Regem
1440 1448 1586 1489 Franuae,
1612 1447 1649 1481 de
1664 1449 1827 1496 fhsptcione
1848 1452 1964 1483 Nuncn
1980 1452 2032 1496 sin
2045 1478 2055 1493 ‚
2073 1451 2231 1497 strabentis
2249 1455 2286 1487 li-

130 1496 265 1529 Nicholao
278 1500 310 1528 de
323 1503 459 1539 θρέψω,
682 1502 798 1530 Henrico
812 1502 844 1531 de
859 1504 1055 1531 Mortuo-mari
1062 1525 1072 1540 ²
1275 1503 1356 1526 teras
1372 1491 1493 1526 Roberto
1508 1493 1544 1527 de
1559 1498 1635 1529 Brus
1647 1524 1657 1539 ,
1683 1499 1760 1530 alias
1775 1497 1892 1544 publice
1903 1522 1913 1536 ‚
1936 1510 1970 1532 ut
1990 1502 2100 1533 Comiti
2114 1499 2151 1534 de
2163 1505 2240 1536 Car-

131 1536 240 1568 Thomae
254 1538 286 1583 de
300 1540 452 1576 Latymer,
683 1537 811 1577 Johanni
840 1539 952 1579 Giffiard
980 1542 1012 1570 de
1041 1544 1191 1582 Grymmes-
1456 1546 1500 1575 ric
1511 1569 1521 1585 ‚
1549 1544 1625 1576 alias
1633 1545 1746 1590 ficrete
1794 1558 1829 1580 ut
1843 1550 1917 1595 Regi
1934 1551 2041 1582 Scotiae.

135 1573 264 1615 Johanm
278 1575 312 1605 de
325 1577 472 1617 Lancastr.
713 1576 794 1616 feld,
1758 1573 1768 1589 ’

135 1613 254 1643 Waltero
266 1615 298 1644 de
313 1615 517 1654 Faucomberge,
686 1614 807 1645 Waltero
823 1616 855 1645 de
870 1616 1009 1656 Dosevill,
1234 1624 1289 1682 A
1307 1623 1367 1656 Roj
1378 1625 1414 1657 de
1429 1625 1534 1658 France
1568 1627 1593 1659 le
1609 1627 1659 1660 Ro
1711 1629 1782 1662 salu-Z

134 1651 291 1698 *J0haf2m'
303 1654 336 1683 ΑΒ
350 1654 452 1694 M⁰yl²⁹5
460 1676 471 1692 2
685 1655 709 1683 Ρ
710 1661 766 1683 ‘²2⁷⁰
779 1656 803 1683 Ρ
804 1653 864 1700 rjlly
871 1678 882 1694 2
1334 1665 1417 1695 Nous
1431 1651 1568 1696 enveon’is
1581 1677 1596 1698 a
1610 1677 1645 1698 ve
1670 1652 1700 1699 r’e
1715 1654 1840 1700 hautesce
1854 1667 1920 1700 deus
1933 1671 2009 1708 peire
2020 1671 2056 1702 de
2066 1670 2155 1703 lettres
2190 1673 2288 1704 enclo-
2310 1638 2391 1707 A1mo
2402 1637 2442 1707 Ι.)

135 1694 269 1738 Asnam&
289 1692 321 1721 de
334 1693 433 1739 SafflO
447 1692 595 1731 Amandoa
686 1690 716 1730 J
714 1691 816 1738 ohanne
829 1692 999 1734 Claveryng‚
1232 1701 1270 1732 ses
1291 1702 1366 1733 denz
1385 1702 1488 1741 cestes,
1512 1704 1551 1735 les
1573 1705 1664 1744 queles
1687 1705 1815 1738 Monsire
1838 1707 1950 1738 Mahen
1972 1709 2007 1739 de
2024 1695 2173 1741 varennes'
2200 1712 2289 1743 vestre
2309 1687 2368 1744 An:3
2392 1686 2409 1743 9.

134 1729 267 1761 N¹ch07a0
281 1730 313 1760 de
324 1732 348 1760 P
350 1738 446 1769 ointz,
685 1731 716 1768 J
716 1730 815 1760 ‘’ham‘'
820 1731 957 1771 ,Clynton,
1234 1740 1280 1809 {h
1302 1742 1389 1780 valer,
1429 1742 1455 1772 ui
1471 1752 1541 1773 nous
1556 1751 1636 1781 porta
1650 1754 1700 1775 vos
1714 1745 1803 1776 lettres
1816 1745 1897 1776 escrit
1909 1746 1945 1776 de
1958 1746 1983 1777 sa
1996 1749 2076 1778 mein
2089 1758 2140 1786 pro
2162 1734 2190 1780 r³e
2206 1760 2221 1780 a
2240 1750 2290 1781 sire
2311 1759 2342 1782 Ε.
2363 1726 2396 1781 2?

135 1768 322 1799 Wllielmude
336 1769 479 1808 Chauncy,
497 1771 602 1798 Barvm'
618 1765 649 1797 de
687 1768 717 1807 J
717 1768 817 1799 ohanm'
832 1773 953 1810 Spryngf·
1265 1751 1345 1810 obert
1358 1779 1393 1810 de
1407 1753 1485 1819 firm,
1504 1781 1576 1812 dont
1595 1781 1670 1813 l'une
1682 1782 1722 1813 est
1739 1784 1835 1815 escrite
1850 1795 1865 1814 a
1884 1784 1940 1822 lui,
1961 1795 2047 1816 corne
2068 1797 2102 1817 au
2151 1795 2236 1818 ounte
2255 1787 2292 1819 de
2310 1796 2380 1819 Rom.
2402 1800 2429 1827 3.

399 1855 425 1861 ..
451 1855 456 1861 ¹
565 1855 569 1860 Ι
699 1853 704 1859 ,
990 1856 995 1861 .
1132 1855 1137 1860 .
1179 1856 1184 1862 .
1235 1816 1361 1862 Carryk,
1377 1817 1410 1849 &
1430 1817 1523 1849 l'autre
1538 1820 1636 1864 auffint
1649 1843 1659 1859 ‚
1682 1831 1768 1852 come
1786 1833 1820 1853 au
1844 1821 1902 1852 Roi
1917 1823 2070 1863 d'Escoce3
2093 1825 2200 1857 sicome
2223 1827 2292 1864 piert
2314 1834 2345 1858 Ε.
2365 1840 2390 1857 2.
2408 1838 2446 1856 m.

137 1852 261 1912 REX
274 1854 427 1885 venerabili
448 1864 478 1885 in
500 1853 616 1884 Christo
631 1852 720 1891 Patri,
737 1852 791 1884 W.
808 1853 906 1884 eadem
928 1863 1027 1894 gratia,
1052 1854 1200 1893 Archiepi-
1235 1856 1294 1895 plus
1309 1855 1478 1894 pleinement
1490 1867 1538 1894 par
1553 1858 1681 1889 meismes
1694 1859 1732 1890 les
1744 1859 1846 1891 lettres:
2316 1879 2340 1905 3·
2359 1869 2384 1894 ia
2399 1870 2446 1894 ce-

211 1892 303 1937 scopo
317 1892 464 1932 Eborum,
483 1893 598 1930 Angliae
610 1891 747 1935 Primati,
766 1892 888 1936 salutem.
1275 1894 1299 1924 E
1315 1895 1374 1925 cele
1393 1894 1486 1932 lettre,
1504 1905 1538 1933 qe
1551 1895 1593 1926 est
1614 1896 1708 1928 escrite
1728 1908 1762 1928 au
1775 1899 1817 1929 dit
1835 1897 1960 1937 Robert,
1980 1909 2067 1931 come
2089 1911 2105 1931 a
2127 1899 2240 1932 Counte
2258 1900 2294 1932 de
2313 1905 2382 1934 dala.

178 1931 258 1969 Quia
272 1931 404 1968 Treuga,
421 1933 483 1963 &c.
496 1939 527 1962 ut
537 1931 632 1969 supra,
649 1930 764 1974 Viriliter
778 1931 948 1968 reprimend.
1238 1932 1354 1970 Carrssz,
1370 1932 1396 1962 le
1407 1933 1448 1963 dit
1461 1932 1570 1964 Mahen
1584 1937 1685 1966 envoia
1699 1945 1735 1966 en
1751 1947 1806 1967 une
1823 1936 1914 1967 boiste
1936 1947 2126 1969 overtement·
2146 1940 2179 1970 ὅτ,
2198 1939 2292 1971 l'autre

173 1968 266 2000 Vobis
284 1970 467 2008 mandamus,
485 1970 515 1999 in
532 1968 587 2000 fide
609 1969 643 1999 &
658 1967 810 1998 dileetione
830 1970 929 2007 quibus
951 1970 1032 2000 nobis
1052 1971 1202 2010 tenemini,
1238 1970 1281 2001 fist
1294 1971 1313 2001 il
1327 1970 1447 2002 cloustre
1461 1981 1497 2001 en
1512 1972 1587 2002 brael
1603 1972 1628 2003 le
1640 1972 1740 2005 Portur
1753 1974 1790 2005 de
1801 1974 1889 2005 lettres
1900 1976 2057 2007 avantdites.
2120 1963 2130 1978 ³

138 2006 254 2038 firmiter
270 2008 460 2046 injungentes,
478 2007 554 2046 quod
567 2007 648 2038 dieto
662 2006 708 2037 die
721 2006 838 2037 habeatis
854 2008 926 2046 apud
935 2008 1042 2039 dietam
1051 2008 1154 2039 Villam
1168 2009 1202 2039 de
1277 2010 1305 2040 A
1321 2019 1393 2048 queu
1407 2007 1508 2047 chose,
1525 2009 1603 2049 Sire,
1621 2021 1692 2042 nous
1710 2021 1824 2043 tenorns
1843 2013 2049 2052 suspecionouse
2065 2015 2185 2046 ausibien
2209 2025 2258 2053 pur
2274 2015 2299 2047 la

137 2056 217 2077 novo
230 2045 331 2077 Castro
341 2046 418 2084 super
432 2047 565 2088 Tynam,
582 2053 675 2089 totum
692 2044 857 2089 Servitium,
875 2047 951 2084 quod
975 2047 1058 2076 nobis
1078 2047 1202 2086 debetis,
1240 2056 1354 2078 manere
1368 2047 1413 2078 del
1427 2046 1536 2086 Envoi,
1554 2058 1640 2079 come
1653 2060 1704 2088 pur
1717 2051 1755 2081 les
1768 2051 1862 2082 choses
1873 2061 2028 2083 contenues
2043 2062 2079 2083 en
2092 2054 2165 2084 l'une
2179 2053 2216 2084 de
2235 2056 2294 2085 ice-

137 2085 353 2129 promptum.&
370 2093 495 2123 paratum
511 2084 545 2115 ad
559 2082 795 2123 profiCiscendum
810 2086 911 2115 exinde
925 2085 1089 2124 nobiscum,
1116 2086 1144 2115 in
1160 2086 1205 2115 di-
1241 2086 1279 2117 les
1290 2086 1397 2131 lettres,

140 2123 219 2153 ecam
238 2123 445 2167 expeditionem
463 2122 605 2160 nostram,
624 2129 720 2152 contra
743 2121 876 2152 Inimicos
895 2123 929 2154 ἃ
948 2123 1077 2155 Rebelles
1091 2123 1201 2154 nostros
1281 2123 1308 2155 A
1325 2135 1408 2163 quei,
1426 2123 1502 2163 Sire,
1516 2125 1536 2156 fi
1551 2135 1621 2157 vous
1635 2125 1723 2167 plest,
1740 2127 1842 2158 voillez
1857 2138 1920 2159 aver
1934 2128 2032 2167 regard
2046 2139 2095 2167 pur
2108 2129 2134 2160 le
2149 2129 2258 2161 honeur
2265 2130 2300 2161 de

138 2161 327 2201 supradictos,
345 2162 378 2193 &
393 2162 468 2201 hoc,
485 2161 554 2193 sicut
569 2171 638 2199 nos,
656 2161 715 2192 &c.
732 2168 763 2191 ut
775 2160 861 2198 supra.
1243 2172 1297 2193 vos
1312 2163 1345 2194 &
1360 2162 1396 2193 de
1409 2172 1488 2193 nous.

179 2199 268 2231 Teste
282 2208 311 2232 ut
324 2200 409 2239 supra.
1283 2200 1337 2240 Et,
1356 2201 1433 2239 Sire,
1451 2211 1499 2239 par
1513 2202 1571 2232 cest
1584 2202 1723 2234 encheson
1757 2203 1812 2234 sust
1830 2203 1856 2235 le
1878 2204 1920 2234 dit
1940 2204 2070 2235 Monsue
2093 2204 2202 2236 Mahen
2225 2205 2303 2247 delay

1245 2239 1281 2270 de
1303 2239 1397 2270 nostre
1420 2239 1548 2277 respouns
1570 2251 1634 2272 aver
1664 2252 1691 2273 as
1715 2226 1857 2273 d’eraneres
1873 2242 1980 2282 lettres,
2002 2253 2057 2282 que
2074 2253 2144 2275 vous
2165 2254 2235 2275 nous
2256 2254 2307 2276 en—

319 2286 431 2319 Eodem
445 2288 536 2320 modo
551 2286 676 2320 scribitur
693 2284 866 2325 subscriptis,
884 2286 1032 2327 videlicet,
1244 2278 1361 2310 VOiasteS
1376 2287 1425 2316 Par
1437 2277 1485 2309 lui·
2427 2288 2444 2292 ⁷

146 2364 182 2405 J.
196 2362 364 2406 Karl'iolenfi
373 2364 497 2407 Epifiopo
505 2387 516 2404 ,
698 2363 810 2394 Abbati
823 2364 854 2393 de
869 2365 947 2393 Hida
956 2368 1076 2394 Winton.
1283 2352 1363 2384 Don-
1378 2364 1393 2384 a
1410 2353 1572 2385 smum-ford
1581 2378 1591 2393 2
1608 2354 1634 2387 le
1651 2364 1665 2395 3
1679 2356 1745 2394 jour
1757 2355 1796 2388 du
1810 2356 1898 2397 MOYS
1910 2357 2057 2396 d’AugUst·

146 2406 190 2435 A.
205 2402 381 2445 Dunolmensi
392 2405 534 2442 Episcopo,
697 2402 812 2432 Abbati
825 2403 856 2431 de
869 2401 1050 2443 Michelneye,

146 2443 184 2482 J.
199 2441 378 2481 Lincolnienfi
393 2443 537 2481 Episcopo,
696 2440 803 2469 Abbati
815 2441 847 2470 de
861 2440 1015 2481 Ramefi’ye,

148 2481 185 2520 J‘
201 2479 371 2526 quioens'-
387 2480 529 2521 Epismpo'
697 2478 810 2525 Abbass-
824 2479 856 2508 de
868 2482 959 2515 Burgo
978 2480 1073 2509 sanffl
1087 2481 1181 2518 Pem'
1254 2498 1313 2533 Ad
1335 2500 1479 2532 Comitem
1502 2497 1670 2533 Hollandiae
1693 2498 1728 2532 de
1753 2499 1786 2534 di
1800 2500 1907 2533 cordiis
1928 2498 1980 2533 hin
2017 2499 2072 2533 ind
2110 2504 2187 2533 inter
2223 2498 2279 2533 ub-

147 2522 187 2549 H.
203 2518 303 2558 Elzenfi
317 2518 457 2558 Episcopo,
697 2516 802 2546 Abbati
816 2518 847 2546 de
861 2517 1013 2556 Thorneye,
1650 2551 1654 2556 Ι
1779 2501 1811 2546 s
1889 2553 1894 2557 ¹
1981 2511 1996 2534 ⁶
2070 2513 2085 2534 θ
2202 2500 2235 2545 s

148 2560 184 2588 R.
201 2556 383 2597 Londonienfi
397 2556 532 2598 Episcopo,
699 2555 811 2585 Abbati
826 2556 858 2585 de
874 2558 982 2593 Cortex,
1621 2546 1697 2580 ditos
1713 2548 1916 2594 pacificandis.

149 2600 190 2626 W.
208 2595 394 2636 Coventriensi
414 2593 452 2631 ό·
467 2593 664 2635 Lichefeldenfi
701 2593 810 2624 Abbati
825 2594 856 2623 de
872 2593 1079 2633 Abbotesbury‚

191 2633 283 2673 Episc'o
301 2642 333 2672 o,
402 2662 405 2664 ,
451 2675 455 2680 ι
701 2632 815 2678 Abbati
832 2632 864 2661 de
881 2631 999 2669 Perfhor.
1248 2629 1367 2690 REX
1387 2632 1484 2678 nobili
1501 2632 1592 2672 Viro,
1616 2632 1753 2678 pomino
1773 2633 1950 2678 willielmo,
1974 2632 2132 2679 Hanoniae,
2158 2633 2310 2666 Holandiae
2328 2631 2403 2663 Ann-
2421 2631 2462 2661 D-

153 2675 188 2705 R.
200 2675 274 2702 Here
288 2671 390 2712 ordenfi
401 2670 542 2711 Eptfiopo,
701 2670 813 2701 Abbati
827 2671 859 2699 de
873 2668 1029 2709 Eveffham,
1378 2673 1403 2702 ὃ
1414 2672 1512 2703 landiae
1534 2671 1661 2711 Comiti,
1679 2682 1715 2712 ac,
1735 2672 1826 2703 Friiiae
1849 2672 2004 2711 Domino,
2021 2683 2116 2704 amico
2135 2672 2184 2704 suo
2203 2672 2308 2704 cariffi-
2356 2679 2439 2710 1309-

154 2715 181 2742 S.
195 2715 292 2741 Sarum
306 2709 446 2750 Epiftopo,
702 2708 814 2739 Abbati
828 2709 922 2739 Sancii
937 2709 1078 2739 Benedidi
1094 2709 1126 2739 de
1139 2706 1213 2739 Hul-
1250 2718 1318 2748 m0,
1336 2710 1458 2741 salutem.
2336 2713 2389 2737 An.
2402 2719 2414 2745 3

155 2749 191 2790 J.
207 2749 370 2789 Cicestrienfi
383 2748 521 2788 Episcopo,
739 2759 790 2777 mo.
1286 2749 1373 2779 Cum*
1383 2759 1433 2779 vos
1445 2747 1637 2780 Christianum
1649 2748 1686 2779 de
1701 2748 1844 2790 Raphurst
1858 2749 1979 2780 militem
1993 2748 2029 2779 ad
2052 2759 2119 2787 nos,
2137 2759 2206 2780 cum
2226 2750 2309 2788 plena
2332 2752 2354 2774 Ε
2363 2770 2367 2774 ‚
2389 2757 2415 2774 2·

155 2792 196 2817 W.
210 2788 360 2830 Exonienfi
372 2787 511 2827 Episc'opo,
703 2785 816 2816 Abbati
830 2787 924 2816 Sam‘li
938 2787 1014 2815 Petri
1028 2784 1211 2827 Glaucestriae,
1251 2787 1382 2825 potestate
1396 2787 1415 2807 ²*
1431 2787 1565 2818 tradtandi
1582 2787 1648 2825 (una
1662 2797 1732 2818 cum
1748 2787 1911 2826 quibusdam
1927 2788 1984 2818 aliis
2005 2787 2041 2817 de
2064 2787 2195 2825 potestate
2209 2788 2315 2826 vestra,
2333 2783 2423 2821 Claus·
2440 2790 2469 2820 3:

153 2826 190 2866 J.
217 2825 394 2867 Bathonienfi
417 2825 456 2862 &
482 2824 603 2867 Wellenfi
624 2826 667 2855 E·
703 2825 809 2854 Abbati
822 2825 853 2854 de
868 2823 1073 2865 Malmesbury,
1253 2826 1376 2857 similiter
1390 2825 1424 2856 ad
1439 2835 1491 2855 nos
1505 2825 1601 2864 miffis)
1618 2827 1737 2856 nomine
1752 2826 1862 2863 vestro,
1887 2826 1965 2864 super
1991 2825 2102 2856 diversis
2122 2825 2268 2856 discordiis
2282 2827 2316 2857 &
2335 2827 2365 2850 E·
2386 2833 2411 2850 ²⁴
2430 2832 2467 2850 '⁷¹-

193 2863 278 2903 leelo,
705 2863 808 2893 Abbati
822 2864 853 2892 de
867 2862 1022 2893 Shireburn.
1253 2864 1496 2902 contentionibus,
1514 2864 1584 2894 inter
1596 2873 1692 2901 gentes
1705 2864 1808 2895 nostras
1823 2873 1856 2894 ex
1872 2874 1946 2902 parte
1959 2863 2032 2901 una,
2048 2864 2081 2895 &
2097 2873 2191 2901 gentes
2206 2864 2241 2895 de
2264 2874 2317 2902 po-
2338 2872 2385 2894 24·
2402 2862 2454 2888 dor.

156 2905 202 2934 W
218 2903 387 2942 Wigornienfi
402 2901 540 2942 Epifiopo,
706 2904 795 2932 Priori
815 2902 846 2931 de
860 2905 990 2931 coventr.
1255 2903 1348 2934 testate
1368 2902 1470 2940 vestra,
1492 2911 1525 2932 ex
1540 2901 1623 2933 altera
1637 2902 1779 2933 suscitatis:
1800 2903 1832 2934 &
1848 2903 1882 2932 ad
1895 2902 2043 2932 discordias
2064 2903 2098 2933 &
2117 2904 2315 2933 contentiones
2356 2898 2376 2918 ³*
2398 2899 2452 2926 111·

156 2944 196 2972 H.
214 2941 387 2982 Wintonienfi
398 2940 538 2981 Epifiopo,
707 2941 795 2970 Priori
808 2941 839 2970 de
854 2939 1016 2970 Bromholm.
1255 2942 1311 2972 illas
1333 2940 1531 2979 pacificandas,
1548 2950 1635 2978 nuper
1650 2940 1779 2971 duxeritis
1793 2940 2052 2978 transmittendum,
2378 2945 2409 2972 ¹5
2416 2945 2440 2964 ¹·

492 2991 493 2994 ¹
1294 2979 1448 3017 Tandem,
1463 2980 1492 3009 in
1514 2978 1700 3009 Parliamento
1716 2979 1831 3017 nostro,
1848 2989 1863 3009 a
1884 2979 1921 3009 ud
1943 2978 2119 3016 Staumford,
2137 2979 2234 3009 habito
2255 2977 2320 3009 dili-

157 3018 272 3049 Abbati
280 3018 374 3048 Sandi
381 3017 528 3058 Augustini
536 3022 668 3048 Cantuar.
707 3016 863 3057 Abbatiffae
876 3017 908 3046 de
925 3019 1048 3055 Wynton.
1257 3020 1334 3057 genti
1346 3018 1463 3048 tractatu
1477 3027 1544 3047 curn
1557 3017 1609 3046 illis
1624 3016 1660 3047 de
1675 3017 1855 3056 consiliono
1893 3027 1929 3055 o,
1948 3017 1981 3047 &
2003 3016 2118 3054 praefato
2133 3016 2298 3047 Christiano
2308 3039 2318 3055 ,

158 3057 271 3088 Abbati
284 3057 379 3086 Sanffl
392 3057 538 3086 Edmundi-
707 3055 861 3095 Abbattffae
883 3056 991 3085 8³⁷1&ae
1014 3058 1118 3085 Mariae
1140 3057 1220 3095 WJW-
1256 3068 1290 3089 ac
1306 3058 1413 3088 caeteris
1425 3056 1520 3086 secum
1535 3054 1638 3094 missis,
1653 3055 1731 3092 super
1744 3055 1886 3086 discordiis
1899 3056 1932 3086 &
1955 3056 2183 3085 contentionibus
2204 3064 2321 3085 merno-

158 3096 270 3126 Abbati
285 3096 317 3125 de
331 3094 553 3135 Wynchecumbe,
747 3102 804 3124 ton.
1256 3097 1333 3134 ratis,
1351 3096 1422 3125 inter
1438 3093 1508 3131 ipsos
1521 3093 1628 3124 ibidem
1643 3094 1803 3124 ordinatum
1817 3094 1849 3125 &
1864 3093 2072 3124 concordatum
2087 3094 2175 3124 eXtitit
2191 3094 2223 3123 in
2240 3093 2317 3123 hunc

159 3134 273 3165 Abbati
289 3134 320 3163 de
338 3137 438 3171 Cerne,
710 3131 865 3173 Abbattffae
877 3131 1002 3172 Shafton.
1257 3134 1397 3172 modum·⁷
1414 3132 1562 3170 videlicet,

159 3172 274 3203 Abbati
289 3173 320 3202 de
335 3170 458 3211 Glaston.
712 3171 869 3211 Abbatiffae
886 3171 1021 3208 Berking,
1295 3172 1445 3210 Praedieti,
1464 3169 1621 3200 Chistianus
1635 3170 1668 3201 &
1679 3170 1748 3200 socii
1762 3170 1801 3200 sui
1817 3169 1908 3200 statim
1918 3193 1927 3208 ,
1942 3179 2092 3208 antequam
2107 3169 2141 3200 ad
2156 3170 2206 3200 alia
2218 3178 2317 3207 proce-

160 3211 272 3241 Abbati
283 3212 314 3240 de
328 3209 475 3251 Abyndon-
711 3209 867 3250 Abbatiffie
882 3210 914 3240 de
932 3207 1074 3249 Romefi’ye-
1258 3211 1354 3249 datur,
1374 3211 1516 3240 inveniant
1538 3208 1724 3238 sufficientem
1746 3208 1918 3239 securitatem
1941 3208 1977 3238 de
1995 3208 2187 3239 stitisfacieiido
2213 3208 2262 3237 illis
2279 3207 2316 3237 de

1259 3248 1369 3287 Regno
1383 3248 1478 3279 nostro
1498 3248 1627 3314 (tkuorum
1643 3246 1764 3284 dampna
1778 3246 1848 3277 clara
1863 3247 1896 3277 &
1910 3248 2056 3284 recognita
2074 3247 2129 3277 esse
2153 3244 2314 3280 noscuntur)

1258 3290 1314 3319 viz.
1329 3287 1459 3318 Waltero
1471 3286 1496 3316 le
1543 3295 1578 3314 en
1591 3285 1628 3315 de
1644 3285 1793 3316 Lincolnia
1827 3286 1860 3315 &
1874 3285 1954 3315 sociis
1968 3285 2036 3323 suis,
2054 3285 2089 3314 de
2102 3285 2252 3319 nongentis
2283 3283 2318 3313 &

161 3353 222 3389 Ad
241 3356 351 3400 Regem
375 3354 504 3386 Francia
529 3350 565 3384 de
587 3361 697 3384 mutua
723 3352 828 3394 visione
869 3360 988 3397 propter
1014 3353 1109 3382 Scotos
1161 3353 1220 3382 im·
1257 3326 1448 3366 quadraginta,
1466 3326 1502 3377 &e
1518 3332 1631 3361 quatuor
1644 3323 1731 3366 libris:
1751 3324 1783 3354 &
1799 3307 2047 3367 hiebardowak'
2065 3322 2121 3360 &J
2143 3321 2228 3364 hanni
2242 3304 2285 3349 W
2305 3337 2318 3343 “

840 3378 850 3394 ’
1119 3376 1128 3392 ³
1258 3376 1310 3403 pe,
1328 3364 1363 3395 de
1378 3365 1517 3399 ducentis,
1535 3362 1567 3392 ὃς
1584 3361 1781 3400 quadragmta,
1798 3362 1831 3392 &
1847 3371 1954 3392 novem
1971 3361 2062 3398 libris,
2081 3367 2162 3390 certis
2182 3367 2251 3388 inter
2266 3368 2316 3389 eos

627 3398 741 3446 pedita.
1258 3404 1384 3434 terminis
1397 3400 1586 3432 concordatis:
2172 3436 2177 3441 ⁶
2193 3436 2198 3441 ο
2295 3435 2301 3441 .

1296 3441 1331 3472 Et
1345 3441 1420 3480 quod
1436 3449 1501 3476 vos,
1520 3437 1590 3468 infra
1603 3437 1767 3481 potestatem
1780 3437 1915 3474 vestram,
1934 3445 2024 3467 certos
2044 3434 2212 3479 affigriabitis
2230 3434 2317 3479 Justi—

238 3486 443 3518 Tresexcellent
457 3486 491 3517 &
506 3483 694 3524 trespuiffiiunt
710 3483 828 3521 Prince,
843 3482 891 3514 son
907 3484 1026 3516 trescher
1041 3484 1074 3514 δε
1089 3482 1221 3514 tresamez
1258 3480 1374 3518 ciarios,
1392 3479 1424 3509 ad
1446 3476 1565 3515 querelas
1588 3477 1744 3506 hominurn
1763 3475 1920 3519 nostrorum
1938 3497 1949 3518 ,
1971 3474 2006 3504 de
2025 3474 2186 3517 horninibus
2203 3473 2298 3503 vestris

241 3525 328 3564 Pere,
345 3524 399 3556 Ph.
416 3535 466 3563 par
480 3524 506 3554 la
524 3534 607 3561 grace
622 3523 657 3553 de
670 3522 763 3561 Dieu,
779 3521 865 3552 noble
880 3521 945 3562 Roy
960 3522 994 3552 de
1012 3522 1116 3552 France
1129 3544 1139 3560 ,
1163 3520 1220 3552 Ed-
1258 3519 1329 3549 infra
1350 3516 1510 3556 potestatem
1535 3513 1671 3558 vestram,
1690 3524 1823 3557 conqueri
1846 3513 2020 3556 volentium,
2040 3511 2203 3555 audiendas,
2227 3512 2260 3542 &
2280 3522 2295 3541 a

165 3564 258 3603 ward,
275 3574 322 3602 pai·
336 3564 360 3594 la
375 3562 490 3594 meisme
506 3571 606 3600 grace,
623 3563 685 3592 &o
701 3560 774 3591 saluz
787 3561 820 3591 &
833 3559 972 3590 treschiers
983 3559 1108 3590 amistez.
1257 3557 1368 3595 plenam
1392 3556 1424 3586 &
1446 3554 1563 3584 celerem
1582 3552 1721 3591 justitiam
1742 3550 1901 3590 hUJusmOdl
1926 3550 2160 3588 conquerentibus
2179 3550 2317 3579 exhiben-

205 3605 225 3625 *
239 3601 388 3633 Treschier
400 3601 458 3632 Sire
467 3624 477 3640 ,
495 3610 564 3631 nous
578 3609 675 3631 avoms
690 3600 756 3629 bien
771 3597 892 3629 entendu
906 3598 943 3628 les
956 3599 1045 3629 lettres
1058 3598 1094 3629 de
1107 3607 1220 3628 creaun-
1257 3596 1339 3626 dam:
1579 3630 1583 3634 ι
1598 3630 1603 3635 .
1706 3629 1711 3634 .
1813 3628 1819 3633 ᾗ
1971 3628 1976 3632 ¹
2126 3627 2130 3632 η
2155 3627 2159 3631 ,
2195 3626 2201 3631 .
2309 3626 2315 3632 Ι

167 3653 218 3682 ce,
234 3651 287 3679 que
301 3650 370 3671 vous
384 3649 455 3670 nous
466 3638 605 3669 enveastes
622 3648 668 3676 par
683 3636 808 3667 Monsire
822 3636 932 3667 Mahen
954 3637 990 3666 de
1004 3637 1147 3667 Varennes
1160 3635 1222 3665 vos-
1295 3634 1330 3664 Et
1356 3631 1430 3671 quod
1452 3640 1502 3675 nos
1524 3628 1646 3659 similiter
1664 3627 1820 3666 hujusmodl
1844 3626 2043 3670 assignabimus
2058 3624 2251 3670 Juspcmnos,
2268 3636 2317 3668 qui

166 3690 208 3712 tre
223 3679 389 3717 Chevalier,
408 3677 527 3708 Ponour
542 3677 579 3708 de
594 3676 696 3715 cesteS,
714 3676 747 3706 &
764 3685 799 3705 ce
814 3685 867 3713 que
882 3674 1009 3705 Monsire
1030 3674 1138 3705 Mahen
1152 3683 1222 3703 nous
1258 3671 1377 3711 querelas
1389 3672 1539 3700 hominum
1554 3667 1710 3711 vestrorum
1720 3689 1729 3704 ,
1741 3666 1782 3709 'de
1796 3665 1958 3696 horninibus
1978 3663 2094 3702 nostris,
2113 3664 2182 3694 infra
2197 3664 2315 3708 potesta-

165 3719 199 3749 ad
215 3719 256 3749 dit
269 3718 354 3756 depar
368 3726 445 3747 vouS.
1257 3720 1316 3741 tem
1333 3709 1454 3740 nostram
1465 3730 1474 3745 ,
1492 3715 1625 3743 conqueri
1642 3706 1816 3748 volentium,
1839 3702 2003 3747 potestatem
2028 3703 2147 3746 habeant
2160 3702 2317 3745 audiendi,

206 3756 231 3786 E
243 3757 278 3788 de
293 3767 327 3787 ce
361 3755 436 3793 Sire,
455 3754 501 3792 q’il
525 3763 596 3784 nous
613 3753 647 3783 ad
669 3753 710 3783 dit
746 3762 795 3790 par
813 3750 928 3781 meisme
944 3750 970 3781 la
987 3749 1149 3789 Creaunce,
1168 3759 1223 3788 que
1259 3750 1292 3780 &
1308 3748 1418 3787 plenam
1431 3756 1464 3776 ac
1477 3743 1596 3774 celerem
1608 3743 1676 3787 inde
1686 3742 1821 3786 justitiam
1834 3741 2034 3785 querelantibus
2047 3739 2183 3770 faciendi:

167 3805 237 3826 vous
249 3779 382 3826 voudr'iez
395 3793 482 3823 savoir
496 3792 515 3822 si
530 3802 600 3822 nous
615 3775 772 3822 vousiffi'ens
787 3789 921 3828 prendere
934 3797 1007 3820 autre
1015 3790 1131 3828 journee
1150 3787 1186 3818 de
1199 3787 1224 3818 la
1299 3787 1442 3826 Qiodque
1461 3781 1697 3828 ⁶vosthominibus
1717 3780 1816 3810 nostris
1835 3779 1907 3809 iufra
1930 3778 2093 3822 potestatem
2115 3777 2254 3815 vestram,
2278 3775 2315 3807 ad

167 3843 237 3865 veue
249 3833 285 3863 de
299 3843 370 3864 vous
381 3833 412 3863 &
427 3831 462 3861 de
476 3841 553 3860 nous
1259 3826 1379 3864 querelas
1392 3824 1446 3854 suas
1458 3821 1526 3851 inibi
1540 3818 1755 3857 prosequendas,
1770 3828 1866 3862 'venire
1882 3817 2051 3860 volentibus,
2067 3815 2170 3860 salvum
2193 3817 2225 3846 ὅ(
2238 3820 2315 3846 iecu-

208 3870 302 3909 Vous,
320 3872 394 3909 Sire,
412 3871 504 3907 sauez,
521 3879 568 3906 par
582 3877 632 3897 nos
647 3865 799 3905 meffiges,
818 3866 865 3904 qui
879 3864 982 3896 etoient
995 3875 1011 3895 a
1024 3875 1094 3895 vous
1101 3865 1224 3903 {plustar-
1259 3874 1322 3895 rum
1344 3859 1529 3904 Conduetum
1545 3857 1677 3901 praestare
1685 3856 1807 3893 debetis,
1822 3855 1894 3900 dum
1909 3855 2026 3890 fecerint
2037 3855 2078 3884 ibi
2087 3863 2218 3898 moram:

169 3909 218 3940 des
233 3919 286 3946 que
300 3909 409 3939 n’estoit
424 3909 449 3939 le
462 3908 502 3938 dit
519 3906 645 3936 Monsire
657 3905 783 3943 Mahen,
801 3914 855 3942 que
874 3912 931 3933 noz
945 3902 1091 3943 busoignes
1110 3902 1224 3933 d’Esco-
1299 3900 1389 3940 Quod
1404 3907 1487 3929 etiarn
1501 3906 1550 3939 nos
1569 3895 1730 3939 hominibus
1747 3894 1857 3938 vestris,
1874 3892 1993 3931 querelas
2012 3891 2068 3923 suas
2084 3892 2155 3923 infra
2174 3891 2315 3930 Regnum

171 3958 205 3978 ce
217 3946 280 3976 sont
293 3956 329 3976 en
341 3948 388 3977 tiel
402 3946 484 3984 estat,
508 3955 560 3984 que
574 3954 646 3974 nous
667 3954 702 3973 ne
722 3952 791 3973 nous
815 3951 945 3980 porroms
966 3941 1123 3972 bonement
1143 3941 1224 3971 treire
1259 3939 1389 3971 nostrum
1401 3936 1526 3975 prosequi
1538 3933 1711 3972 volentibus,
1728 3932 1870 3963 faciemus.
1929 3970 1934 3975 ι
2218 3970 2224 3975 .

169 3995 231 4017 vers
244 3993 331 4014 autres
345 3986 442 4021 parties
455 3993 513 4015 tant
528 3993 581 4021 que
595 3991 668 4013 autre
682 3981 784 4012 consail
798 3990 816 4021 y
828 3979 880 4010 soit
894 3988 970 4018 mys:
1296 3976 1446 4013 Praeterea,
1464 3971 1667 4015 concordatum
1683 3971 1723 4002 est
1756 3970 1813 4000 uod
1832 3969 2004 4000 arestationes
2036 3978 2092 4039 gg
2110 3969 2238 4013 dampnis
2255 3978 2315 4012 non

207 4022 256 4052 De
270 4023 336 4060 quoi
349 4032 417 4053 vous
430 4033 501 4053 nous
512 4031 581 4053 avez
593 4020 712 4050 mandez
730 4029 777 4057 par
791 4028 859 4049 vozr
871 4018 977 4056 lettres,
996 4027 1049 4056 que
1064 4027 1133 4048 vous
1154 4027 1224 4049 nous
1261 4016 1354 4053 claris,
1371 4014 1437 4044 hinc
1450 4011 1514 4043 inde
1525 4009 1680 4049 faciendae,
1700 4019 1734 4041 ce
1773 4017 1820 4048 nt,
1837 4009 1870 4039 &
1890 4008 1911 4039 fi
1924 4018 1988 4047 quae
2008 3992 2036 4039 sa
2114 4007 2182 4046 sint,
2197 4015 2314 4038 interim

165 4072 203 4093 en
217 4069 298 4091 tener,
312 4070 381 4099 pour
396 4061 530 4100 excusez,
548 4060 617 4091 dont
631 4068 701 4089 nous
714 4067 783 4089 vous
799 4057 953 4088 mercioms
967 4055 1137 4089 cherement.
1260 4055 1438 4086 revocentur.
1807 4082 1839 4115 T
2287 4078 2327 4112 Et

198 4102 270 4130 Tam.
290 4102 316 4130 Ι.
335 4101 370 4129 Ρ.
389 4101 440 4129 IV.
