2570 4261
223 133 274 161 20

70 225 194 306 Αἰῖῗόέ.)

70 312 123 334 Au.
140 314 185 341 30.

71 349 175 410 ιῖὶ-Λέἱη.
225 376 275 431 R
290 373 354 405 [x
377 373 484 404 <meu-{s
507 371 540 402 ὃς
563 369 690 401 fidelibus
710 369 762 401 suis
785 368 910 408 Mam,
934 367 1104 407 saxonibus,
1126 369 1160 400 &
1183 367 1293 399 Bamvis

276 428 279 429 ⁷
300 412 399 442 Portus
412 411 449 441 i'ui
460 408 712 440 Dovonzsalutem.

264 451 341 482 Cum
357 449 592 486 ordinaverimus,
610 448 643 478 &
659 445 715 477 esse
730 455 937 485 proponamuS,
955 445 1089 476 Domino
1098 444 1294 481 concedente,

227 492 258 522 in
282 488 362 519 Festo
385 485 562 518 Pentecostes
585 487 714 524 proximo
735 494 853 516 venturo
869 484 941 522 apud
957 484 1093 553 Bereka
1110 484 1186 522 super
1201 483 1294 513 Twe-

224 530 292 560 dam
303 550 311 565 ,
337 536 404 556 cum
420 526 495 561 equis
511 526 543 554 &
560 526 660 563 armis,
678 525 711 555 &
726 532 788 555 toto
803 524 930 562 servitio,
948 523 1030 553 nobis
1064 523 1160 560 ebito,
1176 520 1211 552 ad
1228 529 1293 558 pro-

227 565 337 596 ficisse-i
351 564 356 594 ¹.
370 576 405 593 ιω
442 571 519 593 ontra
531 563 647 602 Scotos,
664 562 926 599 inimicosnostros,
945 561 979 591 ad
987 571 1088 591 eorum
1096 560 1297 597 rebellionem,

229 614 297 636 curn
315 603 370 633 Du
385 602 502 640 auxilio,
518 601 725 639 reprimendam
741 601 851 632 viriliter
864 601 897 632 δε
947 608 1032 630 tenter
1042 622 1052 638 ,

269 642 314 673 Ari
347 641 421 680 quod
453 640 653 679 perficiendum
682 639 774 671 vestro
788 663 798 678 ,
831 640 865 670 &
944 638 1112 668 mbaronum
1142 635 1298 680 vestrorum

230 682 354 719 quinque
377 687 509 718 portuum
532 678 691 710 nostrorum
714 701 725 717 ,
758 677 847 709 navali
866 677 984 708 subsidio
1005 675 1161 707 necessario
1186 674 1298 714 indige-

225 729 305 758 mus,
1243 753 1249 758 ⁵

267 758 358 788 Vobis
379 757 561 796 mandamus,
585 758 616 787 in
631 755 686 786 fide
699 755 733 786 &
748 754 902 785 dilefflone
910 777 920 794 ,
938 754 1037 793 quibus
1052 754 1134 784 nobis
1145 753 1298 791 tenemini,

229 794 345 827 firmiter
368 797 560 835 injungentes,
606 794 661 824 uod
681 801 774 824 totum
795 793 936 824 servitium
960 794 1095 831 navium,
1119 792 1196 831 quod
1217 792 1299 822 nobis

229 834 353 873 debetis,
372 835 491 865 habeatis
505 832 577 871 apud
628 842 718 863 ovum
734 831 865 862 Castrum
879 831 957 870 super
971 831 1047 870 Are,
1065 832 1096 861 in
1103 830 1185 862 Festo
1193 829 1298 862 Ascen-

231 873 312 903 sionis
327 874 491 903 Dominicx:
509 872 640 909 proximo
653 879 787 909 venture,
804 870 839 901 ad
851 869 1001 909 ultimum,
1060 886 1063 891 ·

270 911 415 950 Paratum,
439 912 472 941 &
494 918 658 948 promtum,
680 920 713 940 ac
736 910 808 940 bene
827 910 983 947 munitum,
1007 908 1042 940 ad
1065 907 1299 947 proficiscendum

230 951 330 981 exinde
348 950 401 980 una
417 959 484 979 cum
500 949 558 978 aliis
573 947 800 979 Combaronibus
811 947 906 978 vestris
919 947 1075 986 praediffis,
1091 955 1190 978 contra
1204 947 1300 977 inimi-

237 998 286 1034 cos
307 988 413 1031 nostros
434 988 602 1026 praedictos,
626 995 708 1025 prout
721 987 819 1025 vobis,
836 986 870 1017 &
884 985 962 1026 aliis,
978 995 1013 1018 ex
1025 994 1100 1025 parte
1112 985 1221 1024 nostra,
1240 984 1300 1024 ple-

235 1037 296 1058 mus
309 1034 475 1064 lHJLll'lgetul'.

272 1065 323 1103 Et,
341 1066 403 1103 quia
420 1066 449 1094 in
466 1072 600 1104 quantum
614 1065 766 1102 poterimus
778 1064 858 1094 bono
872 1063 979 1103 modo,
997 1063 1078 1094 vobis
1092 1073 1202 1102 parcere
1218 1061 1300 1093 volu-

235 1114 297 1134 mus
318 1104 351 1134 δε
371 1102 497 1141 deferre,
516 1113 624 1141 gratum
639 1103 792 1141 habemus,
808 1103 842 1133 &
858 1103 942 1133 etiarn
958 1102 1046 1140 placet
1062 1103 1160 1140 nobis,
1177 1100 1253 1141 quod
1267 1102 1300 1131 il-

234 1141 282 1172 lud
305 1141 446 1172 servitium
470 1143 669 1181 quinquaginta
692 1141 725 1172 &
749 1140 857 1179 septem
879 1142 1013 1179 navium,
1031 1141 1107 1179 quod
1123 1151 1191 1183 vos,
1207 1141 1241 1172 &
1256 1140 1301 1170 alii

234 1179 431 1211 Combarones
444 1182 525 1212 vestri
542 1180 683 1219 praedicti,
699 1179 782 1210 nobis
795 1180 825 1210 in
839 1178 968 1210 universo
979 1179 1104 1219 debent,
1120 1187 1149 1210 ut
1162 1180 1220 1210 latis
1234 1189 1302 1210 cum

234 1220 338 1256 viginti
360 1220 394 1250 &
409 1221 530 1259 quinque
545 1219 658 1249 navibus
671 1218 753 1248 nobis
767 1217 813 1248 fiat
827 1217 861 1249 ad
877 1217 1010 1258 praesens,
1027 1218 1097 1249 dum
1112 1226 1205 1249 tamen
1220 1228 1304 1248 naves

235 1257 290 1288 illae
311 1258 431 1288 totidem
454 1259 504 1289 sint
525 1258 641 1288 munitae
662 1256 782 1295 personis
797 1257 839 1295 (ut
851 1257 881 1286 in
895 1257 1000 1295 nautis,
1017 1256 1051 1288 δί
1067 1257 1231 1288 hominibus
1246 1256 1305 1287 aliis

235 1295 457 1334 defensabilibus)
482 1305 550 1336 quot
574 1295 716 1334 praedieiae
739 1295 940 1334 quinquaginta
953 1296 987 1326 &
1001 1295 1107 1334 septem
1123 1305 1206 1326 naves
1218 1295 1304 1326 habe-

237 1343 315 1373 rent,
333 1335 352 1365 fi
366 1335 507 1366 servitium
522 1334 688 1373 praeditftum
703 1335 785 1364 nobis
801 1333 877 1364 fieret
892 1333 928 1364 de
943 1333 1064 1373 eisdem,
1078 1334 1212 1372 idemque
1220 1334 1304 1365 etiam

236 1375 398 1404 contineant
412 1374 643 1412 skipiamentum,
661 1381 691 1404 ut
707 1372 884 1411 praedicimr,
902 1374 931 1402 in
947 1382 1068 1403 numero
1083 1372 1266 1411 personarum.

593 288 642 320 De
658 283 758 317 eodem
778 287 924 317 Servitia.

275 1449 363 1482 Teste
379 1459 409 1481 ut
425 1449 510 1489 supra.

379 1526 546 1559 Consimiles
564 1527 662 1559 litterae
677 1527 834 1566 diriguntur
848 1526 1001 1567 subscriptis
1006 1527 1175 1567 ,videlicet,

278 1604 385 1643 Majori
394 1627 403 1644 ,
423 1604 579 1635 Baronibus
587 1628 598 1643 ,
614 1603 652 1640 ὠ·
667 1604 791 1636 Ballivis
804 1607 902 1636 Portus
917 1605 949 1635 de
961 1606 1113 1635 Sandwico.

279 1644 386 1681 Majori
394 1666 404 1682 ,
423 1644 578 1674 Baronibus
587 1666 597 1683 ,
615 1642 653 1678 ό·
671 1643 795 1673 Ballivr'r
812 1646 911 1674 Portus
922 1644 954 1674 de
968 1643 1000 1674 la
1013 1648 1077 1683 Rye.

279 1681 385 1720 Majori
393 1705 402 1721 ,
422 1682 578 1713 Baronibus
587 1705 597 1721 ,
615 1681 653 1717 ό·
667 1681 793 1712 Ballivis
808 1685 908 1712 Portus
921 1683 952 1712 de
967 1680 1134 1722 Winchelefi.

285 1722 305 1740 *⁵
324 1721 494 1760 Barom'bus,
512 1719 550 1756 ό·
567 1720 690 1751 Ballivis
704 1723 804 1751 Portus
817 1721 849 1751 de
863 1720 1033 1751 Romenhale.

282 1759 438 1790 Baronibus
453 1758 492 1795 ὠ·
507 1759 629 1790 Ballivis
645 1762 744 1790 Portus
755 1761 787 1790 de
802 1759 902 1790 Hethe.

280 1798 436 1829 Baronibus
451 1798 490 1834 ό·
501 1798 626 1829 Ballivis
640 1801 741 1829 Portus
754 1800 786 1829 de
800 1797 953 1839 Hastinges.

280 1837 434 1868 Barom‘bus
445 1836 484 1873 ό
497 1837 620 1868 Ballivis
634 1840 733 1867 Portus
748 1838 780 1868 de
797 1836 940 1877 Pevenesb.

281 1878 406 1917 Majori,
425 1876 579 1907 Baronibus
593 1875 632 1913 &
647 1876 773 1907 Ballivis
782 1878 881 1906 Portus
893 1877 926 1908 de
946 1874 1127 1917 Faverfham.

90 1717 224 1754 011.912.

245 2003 296 2038 De
317 2002 435 2036 auxilio
444 2030 456 2047 ,
489 2005 563 2051 Regi
579 2002 624 2037 ad
633 2006 869 2051 primogenitam
877 2002 983 2048 filiam
990 2002 1086 2048 fitam
1101 2000 1312 2036 maritandam

521 2052 640 2099 concefft
652 2079 662 2095 ‚
678 2051 806 2086 levando
817 2056 854 2091 (ῤ’
867 2051 1038 2099 colligendo.

94 2136 170 2168 Ann.
185 2135 225 2168 D.
245 2136 372 2193 REX
397 2138 508 2169 dileetis
522 2140 556 2170 &
571 2138 698 2170 fidelibus
712 2138 782 2178 sun,
798 2138 976 2170 Vicecomiti
992 2136 1122 2178 Kantiae,
1138 2138 1172 2170 δε
1186 2136 1312 2169 Ricardo

115 2185 198 2215 ¹302·
318 2177 356 2208 de
374 2177 513 2216 Rokesse,
529 2178 656 2209 salutem.

94 2218 147 2242 Ao·
164 2225 207 2251 30·
285 2215 382 2246 Sciatis
397 2216 476 2254 quod
492 2226 580 2255 cum,
597 2218 692 2255 primo
707 2216 753 2247 die
762 2216 855 2255 Junii,
871 2225 946 2246 anno
964 2214 1062 2253 Regni
1078 2215 1163 2246 nostri
1181 2214 1311 2247 18.Prae-

94 2256 125 2280 Ε·
151 2262 172 2281 ¹·
249 2254 311 2293 lati,
329 2253 459 2284 Comites
492 2254 626 2294 Barones,
642 2255 676 2286 ὃς
691 2256 785 2286 caeteri
798 2254 947 2291 Magnates
961 2254 998 2284 de
1006 2254 1114 2292 Regno
1120 2254 1312 2292 nostt0,con-

94 2294 152 2320 Pat.
161 2300 204 2328 30·
251 2293 371 2324 corditer
387 2303 437 2331 pro
451 2276 494 2331 (ἒ,
511 2293 545 2324 &
558 2302 615 2324 tota
629 2292 846 2324 Communitate
853 2292 976 2332 ejusdem
985 2293 1099 2332 Regni,
1116 2294 1146 2324 in
1154 2293 1238 2331 pleno
1246 2292 1311 2324 Par-

95 2333 124 2358 Ε.
137 2339 158 2359 ¹.
250 2331 389 2362 liamento
404 2330 517 2370 nostro,
533 2332 616 2362 nobis
627 2331 813 2362 concessetint
827 2332 1005 2370 quadraginta
1020 2332 1134 2370 solidos,
1151 2332 1187 2362 de
1201 2332 1313 2369 singulis

94 2377 131 2397 m.
151 2377 174 2398 1.
249 2370 338 2400 feodis
351 2369 497 2408 Militum,
513 2371 542 2400 in
549 2371 629 2401 dieto
637 2370 760 2409 Regno,
777 2371 805 2400 in
813 2370 944 2401 auxilium
953 2370 986 2400 ad
997 2372 1216 2408 primogenitam
1225 2370 1311 2400 filiam

247 2408 370 2439 nostram
390 2409 589 2450 maritandam,
613 2409 762 2448 levandos,
785 2409 854 2440 sicut
877 2408 1037 2447 hujusmodi
1054 2409 1187 2441 auxilium
1206 2409 1267 2440 ali‘as
1280 2409 1311 2439 in

247 2447 311 2479 casu
327 2447 494 2477 concessum
511 2448 596 2478 levari
611 2447 764 2478 consuevit.

258 2524 263 2529 ι
283 2486 370 2529 Cujus
382 2485 497 2524 quidem
513 2487 604 2516 auxilii
618 2486 748 2517 levationi
765 2485 919 2525 faciendae,
937 2496 992 2524 pro
1004 2486 1091 2518 dictae
1109 2485 1311 2518 communita-

244 2532 277 2556 tis
291 2526 469 2563 ainamcnto,
486 2524 626 2564 hucusque
637 2525 834 2564 supersedimus
850 2525 983 2564 gratiose,

283 2562 490 2601 Affignavimus
504 2575 555 2595 vos
569 2565 602 2595 ad
616 2564 783 2603 praedictum
799 2565 931 2594 auxilium
945 2563 1125 2602 quadraginta
1140 2564 1310 2603 solidorum,

243 2601 281 2633 de
302 2602 414 2640 singulis
431 2602 520 2635 feodis
535 2602 663 2634 Militum
696 2603 831 2641 raeditstiS,
848 2602 917 2634 infra
931 2602 1108 2636 Comitatum
1123 2603 1309 2642 praedistutn,

239 2641 273 2670 ati
282 2649 351 2678 opus
370 2640 496 2673 nostrum
510 2641 661 2672 levandum
724 2641 936 2679 colligendum

283 2678 324 2710 Ita
343 2680 421 2717 quod
444 2691 529 2712 unam
546 2680 724 2711 medietatem
738 2680 860 2718 ejusdem
874 2680 1112 2720 auxiliihabeatis,
1128 2681 1163 2712 ad
1185 2681 1307 2712 Scacca·

245 2717 319 2747 rium
338 2717 464 2750 nostrum
484 2721 514 2750 in
528 2719 647 2750 octabis
671 2718 872 2749 Purificationis
885 2720 973 2749 beatae
988 2719 1105 2758 Mariae,
1122 2720 1255 2758 proximo
1264 2719 1309 2749 fu-

244 2757 321 2786 turis:
341 2755 377 2788 Et
390 2757 471 2789 aliam
485 2758 662 2789 medietatem
678 2759 707 2787 in
723 2757 853 2788 Crastino
869 2757 1042 2788 Ascenlionis
1056 2757 1197 2796 Domini,
1214 2758 1307 2797 proxi-

246 2798 300 2824 mo
314 2795 460 2835 sequente,
476 2797 660 2828 Thesaurario
674 2797 708 2828 &
722 2795 888 2827 Camerariis
901 2795 998 2826 nostris
1013 2796 1195 2827 liberandum.

283 2833 318 2864 Et
340 2834 405 2864 ideo
423 2836 504 2866 vobis
528 2835 692 2866 mandamus
715 2834 809 2873 quod,
833 2834 868 2865 ad
888 2833 1020 2865 auxilium
1036 2834 1101 2865 illud
1115 2835 1145 2864 in
1161 2834 1308 2866 Comitatu

244 2873 381 2908 praedieto
392 2873 543 2905 levandum
557 2875 590 2905 &
603 2873 815 2912 colligendum,
831 2873 965 2903 omnibus
977 2872 1035 2903 aliis
1048 2873 1250 2913 praetermiffis,
1265 2875 1308 2904 in-

250 2910 366 2941 tendatis
382 2913 410 2942 in
423 2912 518 2943 forma
529 2911 673 2950 praedidffi.

284 2949 484 2981 Mandavimus
497 2953 576 2981 enirn
589 2951 722 2981 omnibus
736 2950 770 2981 &
782 2948 893 2987 singulis
905 2949 1059 2980 tenentibus
1073 2948 1223 2981 feodorum
1237 2960 1309 2988 prae·

245 2985 388 3018 dierorum
397 3012 407 3026 ,
429 2991 458 3019 in
474 2989 621 3021 (bmitatu
635 2987 793 3028 praedicto,
809 2988 885 3028 quod
899 2989 981 3020 vobis
991 2990 1021 3020 in
1036 2988 1181 3028 praemiffis
1195 2989 1308 3028 respon-

247 3025 330 3057 deant
347 3028 379 3057 &
396 3028 545 3059 intendant.

282 3062 317 3093 In
331 3066 423 3103 cujus,
440 3067 500 3097 &c.

282 3119 371 3151 Teste
385 3121 468 3160 Rege
481 3123 551 3161 apud
565 3124 610 3155 W
611 3123 693 3156 estm.
713 3133 741 3164 7.
757 3124 802 3156 die
815 3123 1000 3156 Novembris.

283 3243 396 3277 Eodem
413 3244 502 3275 modo
516 3244 681 3283 assignantur
691 3246 849 3316 subgceflpti,
865 3247 895 3278 in
906 3245 1093 3278 Comitatibus
1100 3245 1269 3286 subscriptis,

708 3296 736 3315 vr
792 3294 856 3324 cet,

284 3362 424 3389 νήει-ωηο)-
441 3359 542 3399 Effix,
561 3359 599 3396 (ἐν
614 3359 758 3398 Johannes
770 3361 802 3390 de
815 3360 1017 3401 Baffingbourn.
1037 3365 1067 3392 in
1080 3362 1168 3392 eodem
1182 3365 1252 3392 Com.

284 3401 425 3428 Vtcecomes
439 3398 546 3437 Suffi’x,
565 3397 603 3433 &¹
618 3399 775 3437 Radulphur
787 3403 952 3430 Saunzaver
966 3404 994 3430 in
1009 3402 1097 3431 eodem
1109 3404 1180 3431 Com.

285 3439 339 3465 Vrc.
356 3440 430 3466 Surr.
449 3438 488 3471 ὠ·
504 3437 636 3467 Robertus
652 3438 683 3466 de
696 3437 836 3467 Bokewell
849 3441 878 3467 in
891 3440 978 3468 eodem
992 3444 1063 3469 Com.

286 3477 341 3504 Vir.
361 3479 405 3504 Mi
412 3476 456 3504 dd.
475 3474 513 3510 ὠ·
530 3477 668 3510 'Johannes
683 3476 714 3504 de
728 3476 891 3506 Litelhurne
904 3480 933 3507 in
946 3478 1032 3507 eodem
1048 3481 1119 3508 Com.

286 3515 341 3541 Vic.
356 3516 445 3542 Oxou.
466 3513 504 3549 (ἐγ
516 3514 630 3543 Thomas
644 3515 676 3543 de
686 3515 824 3544 Gardinis.

286 3552 340 3578 Vic.
357 3551 450 3590 lVrltJJ
468 3550 506 3587 ἐν
519 3554 598 3589 Hugo
613 3552 643 3581 de
657 3552 782 3593 Estcote,

286 3590 342 3616 Vic.
362 3589 472 3629 Somers
490 3588 528 3624 ὠ
543 3590 673 3620 Robertus
687 3592 719 3620 de
731 3592 827 3621 SanHo
843 3590 931 3621 Claro.

288 3627 343 3654 Vic.
363 3628 469 3658 Devon.
488 3627 527 3663 ὠ
542 3628 690 3658 ΝιτΙοοΙκιιις
705 3630 736 3659 de
750 3629 888 3659 Kirkham
902 3634 930 3660 in
943 3629 1029 3659 eodem
1042 3634 1113 3661 Com.

287 3665 340 3691 Vn·
359 3665 452 3703 Hertf,
470 3666 508 3701 ὠ,
520 3667 680 3705 Ranulphus
692 3668 724 3697 de
739 3671 835 3697 Monte
850 3668 945 3707 Caniso
957 3672 986 3697 in
998 3671 1084 3698 eodem
1100 3673 1170 3699 Com.

287 3703 341 3730 hc.
360 3703 508 3742 Her-eford,
527 3703 565 3739 ὠ·
582 3705 723 3735 bValterus
737 3706 768 3734 de
788 3708 895 3744 Hopton
912 3711 940 3736 in
953 3708 1040 3736 eodem
1058 3712 1130 3738 Com.

288 3740 342 3766 Vjc.
362 3741 474 3770 Cornub.
494 3742 532 3778 &-
544 3744 674 3772 Robertus
688 3742 802 3782 Giff‘ard
811 3748 839 3773 in
854 3746 940 3774 eodem
956 3749 1027 3775 Com.

287 3777 342 3820 Vq(-
360 3777 426 3814 Suffs
444 3778 481 3812 ὠ·
502 3780 614 3810 Alanus
629 3783 661 3811 de
673 3782 852 3819 Goldingham
868 3786 896 3812 in
910 3783 996 3812 eodem
1010 3788 1081 3815 Com.

288 3816 341 3857 Vm
362 3816 393 3842 N
395 3815 452 3852 mff
471 3817 507 3852 <152⁴
522 3819 666 3857 Johanner
681 3820 705 3849 le
718 3824 827 3850 Bretun
842 3825 871 3850 in
884 3822 971 3850 eodem
984 3825 1056 3853 Com.

288 3853 342 3896 Vre.
361 3850 446 3882 Derb.
465 3853 502 3888 (ἂν
515 3859 601 3885 Henr.
622 3858 652 3887 de
671 3857 846 3898 Birayleford
856 3863 883 3888 in
899 3861 985 3888 eodem
998 3864 1068 3890 Com.

288 3891 342 3934 erc.
362 3891 441 3918 Hunt
455 3890 492 3925 ὠ·
509 3894 666 3925 lleielmus
680 3898 710 3926 de
723 3897 879 3935 Papwarth
892 3900 920 3926 in
935 3899 1021 3927 eodem
1035 3903 1105 3928 Corn.

289 3930 342 3973 l‘lf·
362 3927 502 3968 Glaucestr.
522 3931 558 3964 ἄν
571 3934 701 3964 Rirardus
715 3936 746 3965 de
760 3940 870 3973 Croupes
881 3939 909 3964 in
920 3937 1007 3964 eodem
1022 3941 1092 3967 Com.

288 3967 343 4009 lsrc.
363 3965 446 4003 Salop.
467 3967 504 4001 ὠ
517 3971 527 3996 1
531 3969 674 4000 Villielmur
687 3973 718 4002 de
731 3974 854 4003 Hodenet
868 3977 896 4002 in
909 3975 995 4003 eodem
1010 3979 1080 4004 Com.

288 4005 342 4034 Vtc.
361 4003 448 4034 Rotel.
467 4003 505 4040 ἐν
518 4006 648 4038 Rohertus
664 4011 695 4040 de
710 4011 847 4051 ththorp
867 4016 896 4044 in
910 4013 997 4043 eodem
1013 4016 1084 4043 com.

670 104 1467 155 CONVENTIONES,
1523 105 1882 149 LITERAE

1370 195 1427 222 Vic.
1445 191 1541 223 Sutht.
1560 190 1599 227 ό·
1614 193 1747 223 Robertur
1761 194 1794 224 de
1809 194 2001 231 Glommorgan
2014 195 2043 223 in
2058 194 2145 225 eodem
2159 199 2232 228 Com}

1370 233 1427 261 Vre.
1447 231 1531 260 Berk.
1547 230 1586 266 &
1600 231 1745 269 Johannes
1759 233 1792 262 de
1805 232 1934 263 Lenham
1948 235 1976 261 in
1988 233 2077 262 eodem
2089 238 2161 264 Com.

1370 272 1399 299 V
1397 273 1428 300 ic.
1450 271 1545 299 Warr.
1563 268 1602 304 (ἔγ
1616 272 1748 300 Ricardus
1759 271 1791 300 de
1806 270 1927 301 Hothull
1938 274 1967 300 in
1982 271 2069 300 eodem
2083 276 2154 304 Com.

1369 311 1426 338 Vic.
1447 309 1637 347 Notingham,
1656 308 1695 345 ῤ’
1710 311 1843 340 Ricardur
1857 310 1890 339 de
1903 307 2042 346 Bingham
2055 313 2084 340 in
2096 313 2185 342 eodem
2199 316 2270 344 Com.

1372 349 1428 376 Vic.
1449 348 1571 383 Wigorn.
1590 346 1628 382 ὠ
1641 351 1731 378 Simon
1745 348 1777 377 de
1791 352 1883 378 Crome
1895 352 1924 377 in
1938 348 2026 378 eodem
2041 352 2112 380 Com.

1372 388 1430 416 Vn.
1448 388 1527 415 Line.
1547 384 1586 420 όν
1600 389 1688 417 Henr.
1707 387 1740 417 de
1753 390 1861 417 Baiocis
1875 391 1904 417 in
1916 387 2006 417 eodem
2020 390 2090 418 c0m;
2111 387 2171 425 &c.

1508 511 1537 539 ’ἦ
1547 516 1723 560 Prorogatio
1739 515 1932 560 Treugarum
1949 514 2041 561 usque
2057 513 2103 548 ad
2117 516 2246 562 Pafihsr.

1338 602 1395 668 A
1413 597 1513 629 Toutz
1536 607 1601 629 ceus
1613 621 1624 637 ,
1646 599 1675 638 qi
1697 608 1744 630 ces
1765 598 1899 638 presentes
1918 600 2008 632 lettres
2025 608 2137 632 verront
2153 611 2193 634 ou
2209 612 2321 646 onont,

1374 678 1471 705 Amez
1491 677 1525 706 de
1546 678 1664 707 Sauvoie
1677 700 1687 714 ‚
1711 674 1751 711 ό·

1374 715 1466 744 Henri
1484 715 1518 745 de
1533 714 1628 746 Nicole
1646 718 1778 745 conates.-

1376 755 1488 794 Aymar
1512 754 1544 784 de
1571 752 1684 783 Valence
1697 777 1710 793 ‚

1375 793 1442 821 otes
1468 793 1501 822 de
1525 791 1664 832 Grantfim
1677 815 1688 831 ,

1374 833 1508 860 Amanen
1527 832 1560 861 de
1578 830 1603 860 le
1621 834 1710 869 Βνεῐ,
1730 829 1900 861 chevalm:

1376 868 1523 899 Guilliame
1534 870 1566 899 de
1581 868 1740 909 Grenefeud
1749 872 1827 900 Deen
1839 870 1871 899 de
1886 868 2013 910 Ciceflre,
2030 880 2046 900 e

1377 907 1477 938 Robert
1496 909 1528 939 de
1546 908 1681 950 Pykering
1694 907 1848 947 Chanoigne
1861 909 2054 950 d’Everwyk,

1378 983 1523 1024 Meffages
1550 986 1584 1018 &
1608 983 1775 1016 Procureurs
1798 985 1892 1017 nostre
1914 985 2051 1023 Seigneur
2086 985 2113 1018 le
2132 986 2194 1019 Roi
2213 987 2404 1029 d'Engleterre

1339 1021 1386 1053 Sei
1410 1034 1477 1055 neur
1492 1023 1612 1056 d'Irland
1620 1047 1630 1063 ,
1647 1024 1682 1055 &
1696 1023 1778 1064 Ducs
1790 1024 1992 1063 d'Aquitaigne
2006 1024 2100 1056 salutz.

1411 1073 1461 1094 ous
1476 1063 1580 1094 fesoms
1593 1066 1609 1094 a'
1623 1063 1712 1094 savoir
1744 1073 1799 1101 que
1813 1072 1900 1093 corne
1906 1071 1983 1093 entre
1995 1071 2048 1093 tres
2060 1063 2194 1095 excellent
2206 1063 2306 1097 Prince
2314 1066 2405 1106 ,Phe-

1338 1099 1433 1140 lippe,
1458 1112 1505 1141 par
1524 1101 1550 1133 la
1566 1112 1652 1141 grace
1662 1100 1699 1132 de
1715 1085 1808 1141 bien,
1826 1101 1887 1132 Roi
1902 1100 1937 1131 de
1951 1101 2072 1141 France,
2088 1102 2170 1133 d’une
2190 1112 2266 1143 part,
2284 1115 2300 1135 e
2315 1107 2408 1140 nostre

1339 1139 1476 1171 treschere
1497 1141 1635 1179 Seigneur
1655 1139 1795 1179 Fdwasd,
1817 1150 1865 1178 par
1878 1139 1940 1171 cele
1953 1138 2063 1171 mesme
2078 1150 2180 1180 grace,
2197 1142 2258 1173 Roi
2271 1143 2410 1182 d'Engle-

1341 1186 1410 1210 tetre
1428 1179 1548 1219 d’autre,
1571 1181 1608 1211 ait
1629 1178 1687 1210 este
1710 1180 1882 1218 pronuncie,
1900 1188 1948 1217 par
1962 1178 1988 1209 le
1999 1175 2094 1222 Pape,
2110 1178 2201 1211 ferme
2215 1191 2232 1212 e
2248 1181 2408 1219 pardurable

1341 1215 1409 1248 Peos
1417 1241 1428 1257 ‚
1444 1218 1488 1249 sur
1500 1218 1538 1249 les
1550 1217 1698 1249 descordec
1711 1228 1728 1249 e
1743 1227 1868 1257 guen-ts,
1886 1228 1923 1256 qe
1936 1216 2054 1249 estoient
2068 1228 2148 1249 mnes
2157 1227 2236 1250 entre
2249 1222 2325 1252 icens
2338 1221 2411 1254 Rois

1341 1254 1378 1286 de
1397 1267 1502 1301 aucuns
1522 1257 1658 1301 heritages
1668 1279 1692 1301 ,‘
1703 1266 1720 1287 e
1739 1256 1797 1288 leur
1813 1255 1997 1296 condicions,
2013 1266 2031 1287 e
2046 1266 2102 1288 ceo
2117 1258 2146 1296 qi
2159 1260 2311 1298 aper-tiene,
2328 1271 2345 1290 e
2359 1270 2409 1299 put

1343 1304 1625 1372 apffJlimdgnlxcisdust
1632 1296 1846 1373 Γεῐῐιιὲῗξῐῗὲίτῶ
1860 1332 1886 1364 le
1900 1332 2171 1379 Roid'Engleterre,
2187 1346 2257 1368 nous
2264 1338 2410 1370 eitenvoie

1344 1372 1525 1404 novelement
1545 1383 1561 1403 a
1583 1373 1743 1417 Ameyens,
1766 1382 1824 1403 ove
1842 1371 1881 1416 les
1904 1370 2047 1410 Meffagae
2061 1373 2100 1404 du
2113 1373 2154 1404 dit
2167 1374 2227 1406 Roi
2241 1375 2278 1406 de
2291 1376 2414 1416 France,

1346 1421 1398 1448 pur
1417 1419 1497 1442 treter
1511 1422 1528 1442 e
1539 1411 1656 1442 acorder
1670 1410 1707 1442 de
1717 1421 1795 1443 xceus
1808 1411 1957 1453 hentages:
1977 1410 2004 1441 E
2018 1410 2054 1441 de
2067 1411 2126 1442 leur
2139 1413 2321 1445 condicions:
2340 1415 2366 1446 E
2376 1416 2415 1448 de

1345 1459 1401 1480 ceo
1417 1450 1446 1488 qi
1459 1451 1610 1488 apertient,
1626 1460 1664 1480 ou
1677 1457 1744 1488 peut
1755 1458 1890 1487 apertenir
1904 1459 1921 1480 a
1935 1450 2011 1480 iceus
2024 1450 2175 1487 heritages:
2193 1451 2336 1485 Etdetout
2343 1463 2416 1493 σεο,

1346 1496 1384 1526 qe
1398 1487 1526 1519 demoert
1540 1499 1555 1519 a
1568 1487 1683 1519 acorder
1696 1487 1731 1518 de
1744 1487 1821 1518 iceus
1835 1487 1988 1526 heringae:
2007 1487 2034 1519 E
2045 1487 2149 1520 detout
2157 1499 2227 1530 ceo,
2244 1502 2279 1530 qe
2286 1491 2416 1525 demoett

1347 1537 1363 1558 a
1377 1527 1493 1558 acorder
1510 1535 1587 1558 entre
1601 1526 1641 1557 les
1653 1526 1713 1557 ditz
1725 1525 1812 1556 Rois:

1338 1591 1340 1593 ,
1386 1565 1490 1611 Nous,
1512 1576 1528 1596 a
1551 1575 1605 1596 ceo
1628 1574 1665 1633 <fe
1685 1564 1712 1609 le
1734 1564 1776 1595 dit
1796 1564 1894 1603 tretiz,
1910 1575 1927 1595 a
1941 1564 2031 1606 l'ayde
2043 1564 2079 1596 de
2094 1565 2167 1598 celui
2181 1567 2368 1607 qiestfesour
2378 1570 2417 1602 de

1347 1613 1430 1643 peoe,
1446 1614 1551 1643 vergne
1582 1604 1622 1634 lus
1645 1610 1820 1641 egierement
1834 1613 1851 1634 a
1864 1601 1904 1634 fin
1919 1602 2040 1643 defiree,
2056 1615 2074 1636 e
2086 1605 2163 1637 bone
2176 1606 2263 1638 acord
2277 1608 2336 1639 s'en
2343 1609 2416 1647 puis-

1348 1643 1376 1673 se
1389 1642 1510 1682 ensuite,
1526 1643 1551 1674 al
1673 1682 1677 1686 ·
1934 1641 2018 1712 plrofit
2029 1642 2067 1674 de
2080 1651 2140 1675 tote
2150 1643 2341 1687 Christiane,

1384 1682 1495 1713 Avoms
1515 1681 1599 1721 volu,
1615 1690 1713 1720 orme,
1730 1691 1747 1711 e
1765 1679 1907 1711 accorde:
1963 1681 2056 1712 olums
2101 1684 2251 1715 ottroioms
2263 1707 2274 1724 ,
2299 1695 2316 1717 e
2335 1698 2417 1720 acor.

1357 1719 1457 1759 domS,
1471 1731 1507 1751 en
1522 1731 1599 1751 noun
1612 1719 1649 1751 de
1664 1719 1757 1750 nostre
1769 1718 1907 1757 Seigneur
1920 1719 1947 1750 le
1966 1719 2028 1751 Roi
2040 1704 2247 1763 d‘kngleterre,
2263 1734 2281 1754 e
2296 1734 2348 1763 pur
2362 1727 2418 1767 lui,

1370 1769 1386 1789 e
1413 1759 1438 1790 la
1467 1759 1525 1790 dite
1550 1758 1618 1790 Pees
1631 1782 1642 1798 ,
1674 1768 1827 1797 pronuncie
1857 1768 1905 1796 par
1932 1757 1959 1789 le
1987 1757 2062 1797 Pape
2083 1768 2161 1792 entre
2181 1760 2220 1792 les
2240 1761 2300 1793 ditz
2321 1764 2392 1810 Rois
2405 1788 2418 1805 ‚

1603 1652 1674 1673 nour
1689 1641 1725 1674 de
1741 1641 1836 1680 Dieu,
1852 1651 1870 1672 e
1885 1652 1919 1672 au

1298 1832 1299 1835 Ἰ
1361 1799 1403 1828 oit
1425 1797 1596 1829 fermement
1615 1807 1698 1828 tenue
1712 1808 1728 1828 e
1741 1796 1842 1835 gardee
1852 1796 1962 1835 jusques
1975 1807 1992 1828 a
2005 1797 2031 1828 la
2043 1796 2147 1830 Pasche

1388 1835 1414 1866 E
1435 1836 1554 1876 feroms,
1573 1847 1610 1867 en
1624 1846 1702 1866 noun
1711 1835 1750 1880 'de
1761 1835 1854 1866 nostre
1868 1834 2004 1872 Seigneur
2017 1834 2043 1866 le
2058 1835 2120 1867 Roi
2133 1799 2420 1880 d‘ffiglletssrgffeffli

1350 1874 1438 1906 delaie
1470 1875 1604 1907 defendre
1615 1874 1825 1906 destroitement
1837 1884 1854 1904 e
1862 1883 2080 1914 generaument,
2097 1875 2139 1906 sur
2146 1877 2317 1915 corps&sur
2322 1881 2420 1921 avoir,

1351 1924 1388 1953 qe
1402 1925 1421 1944 n
1457 1937 1467 1954 ,
1484 1913 1520 1945 de
1531 1914 1570 1946 ses
1585 1922 1666 1945 terres
1699 1924 1715 1944 e
1729 1913 1765 1944 de
1776 1912 1803 1944 sa
1818 1912 1997 1952 Seigneurie,
2013 1923 2050 1945 ne
2065 1913 2187 1947 mefface
2221 1927 2257 1946 ne
2265 1927 2313 1954 par
2322 1928 2400 1951 mere

1351 1937 2162 2031 :essessagessemanim
2407 1943 2420 1959 '

1389 2029 1431 2070 E,
1448 2031 1467 2061 fi
1489 2016 1543 2062 l'e’n
1566 2030 1581 2061 f
1604 2031 1663 2070 oit,
1687 2028 1798 2061 dedenz
1812 2028 1837 2060 le
1851 2028 1891 2060 dit
1903 2039 2010 2069 terme,
2028 2039 2125 2063 contre
2138 2031 2163 2063 la
2179 2032 2237 2064 dite
2249 2033 2375 2074 defense,
2391 2036 2419 2068 le

1351 2068 1392 2102 dit
1413 2069 1505 2101 nostre
1525 2070 1661 2107 Seigneur
1675 2067 1702 2100 le
1723 2067 1783 2099 Roi
1792 2068 1820 2099 le
1832 2067 1889 2099 fera
1901 2067 2039 2100 redrescer
2072 2070 2205 2101 amender
2239 2082 2256 2102 e
2272 2083 2400 2106 rernener

1348 2118 1366 2139 e
1382 2118 1481 2140 mettre
1495 2120 1531 2140 en
1546 2109 1614 2139 estat
1626 2108 1700 2146 deu,
1717 2106 1920 2145 hastivement‚
1937 2117 1954 2137 e
1973 2107 2010 2152 de
2022 2092 2112 2147 psain,
2128 2109 2194 2140 sanz
2205 2094 2287 2142 delai.
2406 2097 2420 2113 ²

1388 2147 1433 2178 En
1456 2148 1519 2179 tiele
1541 2157 1654 2179 manere
1677 2157 1748 2186 que,
1772 2145 1793 2176 fi
1808 2145 1917 2177 dedenz
1931 2145 1958 2178 le
1972 2146 2012 2177 dit
2026 2155 2134 2186 terme,
2151 2148 2204 2179 l’en
2219 2148 2247 2180 se
2261 2148 2416 2191 delambit,

1349 2186 1555 2225 &desponoit
1576 2185 1615 2217 du
1636 2194 1698 2217 tout
1718 2186 1758 2216 du
1778 2184 1820 2216 dit
1839 2185 1943 2224 naitie,
1968 2194 1986 2216 e
2000 2185 2060 2217 cele
2074 2187 2163 2217 traitie
2177 2189 2319 2227 rumpoit,
2334 2189 2354 2219 li
2367 2190 2420 2221 de-

1351 2225 1458 2256 vantdit
1472 2234 1578 2264 terme,
1593 2225 1647 2256 mis
1661 2236 1677 2255 a
1692 2223 1826 2262 Pasches,
1842 2222 1933 2254 serreit
1948 2233 1984 2254 en
2001 2234 2052 2262 pur
2066 2224 2132 2267 nul,
2149 2235 2166 2256 e
2180 2225 2418 2260 durroittantsole-

1350 2272 1430 2295 ment
1439 2264 1552 2303 jusques
1562 2275 1579 2295 a
1590 2274 1630 2295 un
1643 2264 1733 2302 mois,
1747 2272 1824 2301 apres
1839 2271 1893 2293 ceo
1907 2271 1942 2300 qe
1956 2262 2032 2293 l'une
2046 2270 2131 2300 partie
2147 2266 2251 2296 averoit
2265 2275 2384 2306 rumpu,
2397 2277 2417 2299 e

1349 2302 1443 2334 l’autre
1455 2311 1648 2341 overtement,
1664 2312 1681 2333 e
1689 2311 1737 2340 par
1749 2308 1856 2332 ovettes
1871 2299 1975 2339 paroloe
1989 2300 2016 2331 le
2029 2302 2116 2332 traitie
2127 2302 2249 2334 avantdit
2257 2326 2267 2342 ,
2275 2303 2357 2343 edit,
2369 2315 2417 2343 pax

1350 2342 1484 2380 expreflee
1499 2341 1620 2381 paroles,
1637 2351 1672 2380 qe
1687 2341 1730 2372 ele
1741 2350 1778 2370 ne
1791 2338 1879 2371 vodra
1893 2338 1953 2378 plus
1967 2339 2086 2378 pursuire
2100 2340 2127 2371 le
2142 2342 2219 2373 traite
2226 2341 2418 2382 desusdit,en÷

1351 2390 1414 2412 cors
1427 2381 1485 2411 s'en
1498 2380 1657 2419 departiroit
1672 2379 1710 2410 du
1725 2387 1794 2410 tout.

1386 2419 1411 2450 E
1425 2419 1466 2450 s’il
1477 2421 1606 2458 avenoit,
1624 2428 1660 2457 qe
1673 2418 1738 2449 dieu
1751 2428 1788 2448 ne
1802 2416 1904 2456 voille,
1922 2427 1957 2456 qe
1971 2416 1998 2448 le
2012 2415 2145 2457 descord,
2161 2418 2191 2457 qi
2203 2417 2330 2451 demoert
2338 2429 2417 2453 entre

1347 2457 1386 2489 les
1401 2458 1461 2490 ditz.
1474 2457 1544 2489 Rois
1557 2457 1599 2489 sur
1613 2457 1651 2488 les
1664 2456 1726 2501 dit-z.
1739 2456 1892 2495 heritages,
1908 2465 1924 2500 e
1938 2456 1997 2486 leur
2012 2456 2176 2501 condicions
2183 2479 2195 2496 ,
2211 2467 2228 2488 e
2240 2467 2294 2489 ceo
2302 2460 2331 2497 qi
2338 2469 2417 2497 aper·-

1348 2498 1435 2536 tient,
1458 2508 1497 2528 ou
1513 2505 1578 2536 peut
1592 2504 1728 2535 apertemr
1742 2505 1759 2526 a
1773 2496 1849 2526 iceus
1863 2494 2017 2533 heritagee,
2032 2493 2145 2526 n’estoit
2160 2496 2280 2535 acorde,
2299 2497 2414 2535 parl'as-

1347 2535 1500 2567 sentement
1512 2536 1559 2566 des
1573 2536 1688 2574 parties,
1704 2544 1743 2565 ou
1757 2541 1926 2573 autrement,
1942 2533 2052 2564 dedenz
2066 2533 2093 2564 le
2105 2533 2146 2565 dit
2159 2543 2264 2574 terme,
2281 2535 2416 2574 qenostre

1348 2574 1484 2612 Seigneur
1498 2574 1524 2605 le
1542 2573 1601 2605 Roi
1616 2572 1806 2611 d’Engleterre
1819 2570 1908 2610 puiffe
1922 2572 2040 2611 pursuir,
2056 2582 2073 2603 e
2089 2572 2242 2611 purchacer
2256 2573 2306 2605 son
2321 2574 2413 2616 droit,

1347 2624 1383 2644 en
1398 2614 1422 2644 la
1435 2623 1547 2645 manere
1568 2612 1617 2652 q'il
1643 2613 1665 2644 li
1678 2611 1810 2643 semblera
1825 2612 1892 2641 bon.

1382 2652 1408 2683 E
1425 2663 1479 2684 ceo
1502 2651 1607 2690 present
1622 2652 1740 2690 ottroie,
1757 2661 1774 2681 e
1790 2648 1946 2689 promeffe,
1963 2660 1980 2680 e
1994 2649 2032 2680 les
2046 2649 2116 2681 dites
2129 2649 2268 2690 defensas,
2284 2660 2353 2683 nous
2368 2650 2412 2683 fe-

1346 2701 1422 2722 roms
1443 2702 1480 2722 en
1503 2692 1577 2721 bone
1599 2690 1641 2721 foi
1662 2688 1776 2728 ratifier,
1800 2689 1834 2720 &
1847 2698 1979 2732 aggreer‚
1997 2699 2013 2719 e
2027 2699 2062 2727 ap
2082 2699 2161 2720 rouer
2193 2691 2264 2720 tenir
2278 2700 2294 2720 e
2310 2690 2411 2728 garder

1346 2729 1520 2768 firrnernent,
1536 2739 1552 2760 e
1565 2729 1733 2767 loiaument,
1750 2727 1842 2758 nostre
1858 2727 1993 2764 Sergneur
2006 2726 2032 2757 le
2048 2699 2107 2757 ἑοὶ
2118 2712 2315 2764 d’h'ngleterre.

1385 2768 1429 2799 En
1450 2768 1660 2806 tefinoignance
1680 2767 1716 2798 de
1731 2777 1804 2805 queu
1818 2765 1902 2796 chose
1913 2775 1983 2796 nous
1997 2775 2096 2797 avoms
2115 2764 2155 2796 fet
2175 2765 2244 2797 faire
2257 2765 2343 2797 cest&
2356 2776 2410 2799 noe

1347 2806 1436 2839 lettres
1449 2815 1558 2839 evertes
1572 2806 1652 2837 selees
1665 2805 1702 2837 de
1718 2815 1770 2837 nos
1785 2804 1865 2836 senus-

1385 2884 1500 2915 Donees
1521 2895 1536 2915 a
1549 2883 1607 2915 Am
1642 2893 1689 2914 ens
1701 2882 1727 2914 le
1740 2883 1802 2914 vint
1815 2882 1848 2914 &
1864 2880 1998 2914 cinkeme
2009 2882 2074 2922 jour
2087 2880 2124 2913 de
2139 2879 2312 2913 Novembre
2325 2905 2336 2922 ,
2352 2882 2406 2915 l’an

1345 2922 1383 2955 de
1397 2934 1482 2963 grace
1495 2923 1547 2954 mil
1559 2893 1705 2955 uei-{genn
1719 2932 1736 2953 e
1750 2921 1829 2953 deus.

2178 1938 2363 1997 &finget—r,
2380 1969 2419 1991 ne

1398 3075 1447 3108 De
1471 3068 1553 3104 dista
1568 3070 1708 3116 Thaga,
1733 3070 1764 3100 in
1783 3068 1892 3114 Regnis
1906 3065 2023 3112 Angliae
2037 3068 2074 3104 ὠ·
2090 3068 2212 3108 Scotiae,
2239 3063 2362 3111 procla-¹

1678 3114 1794 3151 manda
1814 3118 1851 3153 eff
1874 3112 2072 3160 observanda.

1420 3205 1446 3238 E
1455 3205 1487 3237 X
1503 3203 1679 3236 Vicecorniti
1693 3201 1819 3233 Eborum
1832 3199 1953 3232 salutem.
2261 3236 2268 3243 ·

1345 3213 1410 3279 R
1452 3245 1531 3284 Qiia
1544 3242 1666 3279 iNuncii
1677 3239 1779 3278 nostri,
1797 3250 1865 3278 quos
1880 3249 1967 3278 nuper
1978 3237 2012 3269 ad
2027 3246 2116 3277 partes
2128 3236 2317 3268 transmarinas
2332 3235 2405 3275 apud

1346 3285 1521 3316 Ambianum
1536 3280 1748 3318 transmifimus,
1766 3278 1906 3317 quandam
1922 3276 2107 3309 suffiti-entiam
2116 3276 2186 3306 inter
2194 3299 2275 3306 ......
2293 3275 2408 3312 Regem

1344 3323 1469 3354 Franciae
1482 3322 1516 3353 &
1529 3330 1579 3351 nos
1587 3343 1597 3358 ,
1613 3319 1709 3349 nostro
1729 3319 1863 3356 nomine,
1878 3318 2014 3355 inierunt,
2029 3315 2078 3346 sub
2093 3315 2173 3346 cenis
2185 3314 2410 3352 conditionibus,

2423 200 2500 234 Ann.
2513 178 2570 240 1211

2425 250 2537 312 2332:

2423 515 2555 558 ''n-9¹3·

2423 602 2491 634 Ann
2513 605 2565 640 D:

2445 630 2533 682 13o2.

2424 684 2478 709 An.
2494 692 2540 720 3¹·

2423 760 2479 786 Rot.
2494 761 2559 790 Ales

2423 804 2494 826 man.
2510 808 2556 836 3¹·

2421 837 2556 874 ἒμπης.

2422 874 2557 913 ‘'laus-3¹·

2423 917 2454 943 E.
2471 924 2494 943 1.

2423 961 2460 980 m.
2474 962 2516 989 ¹9·
2532 953 2560 982 1.

2428 3222 2504 3254 Arm.
2519 3223 2560 3263 D.

2449 3271 2536 3303 ¹302-

2429 3304 2482 3329 An.
2497 3311 2542 3338 31.

2429 3343 2459 3368 Ε.
2476 3349 2500 3367 1.

1345 3362 1379 3393 &
1386 3360 1543 3397 firmarunt,
1552 3358 1635 3396 usque
1643 3358 1662 3376 *
1670 3356 1817 3388 adFesturn
1825 3356 1935 3387 Paschae
1943 3355 2072 3395 proximo
2079 3361 2228 3385 venturum
2234 3352 2391 3384 duraturam
2397 3374 2409 3391 ,
2426 3382 2460 3406 Ro
2460 3383 2481 3405 t.
2490 3357 2538 3406 CL*

1345 3408 1427 3439 prout
1442 3401 1472 3429 in
1486 3397 1578 3429 forma
1594 3396 1673 3435 ipsius
1687 3394 1850 3426 sufferentiae
1861 3395 1967 3433 plenius
1981 3394 2153 3424 continetur:
2256 3430 2262 3436 .

1385 3438 1466 3476 Nos,
1489 3436 1614 3468 volentes
1633 3434 1750 3465 eandem
1772 3433 1977 3472 sufferentiam,
1990 3433 2068 3471 juxta
2083 3430 2158 3475 quod
2170 3439 2219 3469 per
2233 3429 2326 3462 <heros
2337 3438 2411 3474 nunf

1344 3478 1404 3507 cios
1417 3475 1525 3506 nostros
1538 3473 1578 3504 est
1593 3474 1660 3503 inita
1677 3474 1709 3505 &
1725 3473 1885 3511 commota,
1901 3472 1988 3503 teneri
2001 3471 2033 3502 &
2048 3469 2161 3500 firtmter
2174 3468 2329 3514 observari,
2355 3469 2408 3513 t3b¹

1365 3515 1540 3552 raecipimus,
1564 3511 1678 3542 firmiter
1700 3512 1893 3549 injungentes,
1917 3509 1995 3549 quod
2017 3507 2239 3552 inhCivitanbus
2254 3530 2264 3546 ,
2289 3507 2407 3552 Burgis,

1364 3553 1373 3571 ⁷
1376 3553 1442 3590 illis,
1469 3551 1644 3582 Mercatoriis
1684 3551 1717 3581 &
1732 3551 1803 3580 locis
1817 3549 1892 3588 aliis,
1907 3548 1978 3579 infra
1992 3547 2125 3579 Banivam
2139 3554 2233 3583 tuam,
2250 3546 2350 3584 quibus
2362 3553 2407 3575 vt-

1344 3591 1416 3621 deris
1435 3590 1581 3628 expedire,
1605 3573 1715 3619 didam
1737 3587 1940 3626 sufferentiam,
1964 3586 2048 3654 usqltiie
2068 3583 2103 3616 ad
2119 3584 2288 3628 praedictum
2303 3582 2407 3614 festum

1344 3628 1471 3667 Paschae,
1489 3629 1556 3658 ficut
1572 3626 1744 3665 praedicimr,
1760 3627 1933 3664 duraturam,
1951 3625 2009 3663 pub
2029 3624 2066 3654 ce
2081 3622 2246 3667 proclamari
2258 3621 2359 3658 factas,
2370 3619 2405 3651 δε

1344 3667 1446 3705 absque
1463 3665 1702 3697 contraveniendo
1715 3666 1802 3695 teneri
1817 3664 1930 3695 firmiter
1945 3673 1978 3694 ac
1995 3662 2109 3693 servan:
2398 3695 2406 3702 ⁶

1379 3705 1414 3735 Et
1437 3706 1514 3742 hoc,
1538 3705 1605 3735 ficut
1628 3714 1696 3742 nos,
1719 3704 1752 3734 ὃ(
1774 3703 1923 3734 Honorem
1938 3700 2132 3747 nostrumbac
2145 3698 2292 3743 praefatum
2308 3694 2406 3735 Regu:

1345 3743 1431 3774 nostri
1446 3743 1541 3780 diligis
1549 3766 1559 3781 ,
1576 3752 1643 3773 cum
1658 3744 1739 3773 omni
1755 3741 1892 3772 celeritate
1904 3740 1938 3772 &
1950 3739 2098 3778 diligenna
2110 3746 2260 3776 exequaris.

1379 3818 1467 3850 Teste
1484 3819 1568 3857 Rege
1583 3818 1657 3857 apud
1669 3817 1824 3850 Hamstede
1836 3816 1958 3849 secundo
1972 3816 2019 3847 die
2033 3813 2210 3846 Decembris.

1367 3894 1548 3964 1Consimiles
1575 3895 1671 3928 litterae
1697 3895 1855 3934 diriguntur
1884 3892 1996 3932 smgUIlS
2025 3888 2252 3924 vicecomitibus
2272 3897 2322 3928 per
2342 3888 2405 3923 Arx-f

1345 3943 1366 3973 g
1378 3943 1441 3964 ram.

1381 4009 1549 4041 Confimsses
1560 4009 1656 4042 litterae
1667 4009 1823 4050 diriguntur
1835 4007 2004 4047 subscriptis,
2020 4003 2168 4044 videlicet3
2339 4040 2399 4075 Ed*

2430 3419 2517 3454 31.E.
2533 3425 2558 3443 r.

2428 3463 2464 3482 m.
2480 3455 2557 3488 19.l.

2424 3491 2557 3530 *ll-9¹3·
