2570 4261
739 229 848 271 ET
934 229 1197 270 ACTA

1286 224 1763 274 PUBLICA.
2248 245 2320 273 201

17 316 94 348 Arm.
109 312 149 346 D.
163 315 191 344 in
212 326 271 353 quo
290 316 541 355 concordaverint,
559 324 696 355 perpetuo
716 326 748 346 ac
766 315 961 346 inviolabiliter
979 316 1131 346 observari:
1151 314 1221 344 alio-
1257 309 1389 353 nifacitim
1411 311 1514 356 Papam
1538 315 1626 353 VIII,
1644 326 1774 354 tanquam
1796 319 1824 347 in
1843 321 1979 356 privatam
2002 318 2166 356 personam,
2184 318 2216 348 &
2243 317 2306 347 Do·
2323 314 2397 345 Ann.
2414 308 2455 347 D}

1257 357 1369 378 minum
1385 349 1570 382 Benedickuiii
1585 354 1695 383 Gaitan.
1714 365 1845 393 tanquam
1867 359 1894 386 iii
1904 358 2066 395 Arbitrum,
2084 356 2286 386 Arbitratoreni
2299 378 2308 394 ,
2346 356 2430 392 1298.

1254 395 1304 422 per
1325 386 1522 418 Procuratores
1544 389 1770 422 Excellentilliiiii
1793 393 1928 432 Principis
1949 394 2096 432 Edwardi,
2124 394 2178 423 Dei
2201 394 2307 430 gratia,
2327 395 2390 420 Edv·
2414 402 2438 419 1³

49 355 133 393 1298.

18 395 85 421 Ἐάν.
106 403 129 422 i.

9 798 141 849 ·1r.82'2.

0 3726 109 3764 11.823.

0 3941 77 3992 i298.

0 4002 23 4019 νι.
40 3994 85 4020 26.

0 4052 14 4093 ie
28 4071 85 4096 Au-

0 4116 34 4140 gr.

0 4144 16 4170 ῐ.
26 4148 56 4173 E.
74 4153 97 4172 ι.

166 355 234 392 quin
251 365 319 393 nos,
337 365 371 386 ex
386 355 582 394 compromissi
597 355 724 393 praedieri
738 356 857 391 virtute,
872 363 1046 393 apponemus
1061 353 1093 382 ad
1109 353 1136 382 id
1151 352 1217 381 illud

163 393 340 431 remedium,
356 394 436 432 quod
457 394 603 424 Dominus
624 392 804 430 ministrabit,
823 392 856 422 sc
879 401 912 421 ex
928 392 1026 422 tradita
1039 392 1120 421 nobis
1136 399 1217 428 pote-

165 430 189 460 st
207 431 264 460 teli
323 433 328 437 '
344 454 350 460 .

190 441 234 499 aSi
254 432 342 507 vceilg}
369 469 431 500 casu
447 469 543 507 aliquo
565 469 765 507 contingente,
788 467 846 497 hoc
866 467 957 497 facere
976 476 1035 497 non
1056 466 1216 504 possemus,

164 507 313 545 volumus,
330 507 467 546 dicimus,
484 509 518 538 ὃς
530 507 711 544 arbitramur,
730 506 809 544 quod
826 507 935 543 utrique
950 507 1018 543 parti
1032 504 1144 543 pristina
1158 506 1216 542 jura

163 545 207 575 sua
222 542 292 574 salva
305 553 466 576 remaneant
481 546 513 576 &
526 544 613 575 illaesa.

199 582 307 619 Porro,
325 593 374 620 per
386 583 545 622 hujusmodi
558 582 784 622 affignationem,
799 581 956 612 faciendam
968 582 1068 620 nobis,
1087 581 1122 611 de
1140 578 1215 610 Ter·-

162 621 217 658 ris,
235 620 376 660 Vassallis,
395 623 429 653 &
446 623 528 652 bonis
550 621 704 660 praedictis,
722 621 830 650 nullum
854 620 933 657 ipsius
957 619 1085 656 Regibus
1105 620 1149 649 vel
1163 629 1213 648 eo-

163 667 229 688 rum
246 659 339 698 alteri,
357 660 452 698 quoad
472 659 691 698 possessionem,
706 659 751 688 vel
773 660 989 696 proprietatem,
1007 658 1053 688 seu
1074 657 1214 687 detentio—

161 705 248 736 nem,
266 699 312 729 vel
325 698 419 736 aliter,
439 697 634 735 praejudicium
650 705 805 735 generetur.

198 735 306 767 Omnia
327 744 423 767 autem
442 737 477 766 &
495 735 597 774 fingula
615 735 767 772 supradicta
785 744 835 773 per
853 745 904 765 nos
923 734 1066 772 arbitrata,
1091 733 1212 776 laudata,

160 771 292 814 diffinita,
311 777 345 806 &
359 774 521 804 arbitraliter
539 774 710 811 sententiata,
729 774 762 804 &
781 774 972 812 pronuntiata,
989 773 1127 810 dicimus,
1141 772 1214 801 arbi-

159 819 283 851 namur,
299 813 332 844 &
346 813 523 850 praecipimus
535 813 554 831 *⁵
570 812 619 842 sub
642 812 749 849 poenis,
766 812 795 840 in
815 810 1036 848 Compromiffis
1056 811 1213 846 contentis,

158 850 193 881 &
206 851 280 889 aliis,
291 851 328 881 de
343 851 443 888 quibus
457 851 540 880 nobis
553 850 691 880 videbitur
704 850 830 887 (arbitrio
842 849 940 879 nostro
955 849 1153 879 nichilominus
1167 847 1213 878 fir-

156 897 209 918 mo
222 889 364 925 manente)
382 889 398 918 a
412 889 534 926 partibus
547 888 741 920 inviolabiliter
753 887 902 918 observari.

194 926 232 956 Et
253 926 364 965 insuper
383 927 552 957 reservamus
573 927 654 957 nobis
676 927 795 956 liberum
817 927 979 963 arbitrium,
1006 925 1039 955 &
1061 925 1210 962 plenariam

157 963 344 1004 potestatem,
361 974 445 1003 prout
458 975 493 995 ex
504 966 597 995 forma
607 963 888 1002 Compromissorum
912 963 1113 1002 praedictorum
1131 964 1213 993 nobis

154 1004 313 1042 competit,
332 1003 411 1040 super
421 1004 554 1034 omnibus
570 1004 603 1033 ὃς
617 1003 741 1041 singulis,
759 1013 822 1040 quae
837 1004 907 1032 inter
927 1002 1040 1031 eosdem
1062 1001 1156 1040 Reges
1175 1011 1209 1032 ex

153 1039 379 1078 Compromiffis
395 1041 549 1079 praedietis,
567 1040 737 1078 arbitranda,
755 1040 902 1078 laudanda,
919 1040 1136 1077 componenda,
1155 1040 1209 1070 dis*

153 1077 246 1117 finita,
262 1080 296 1110 &5
318 1081 494 1117 pronuntiata
514 1090 573 1110 non
594 1079 666 1116 sunt)
689 1079 855 1116 arbitrandi,
873 1078 1016 1116 laudandi,
1032 1078 1207 1116 diffiniendi,

153 1117 314 1148 arbitraliter
324 1118 522 1155 sententiandi,
540 1117 734 1158 praecipiendi,
752 1117 914 1154 ordinandi,
932 1115 1113 1154 disponendi,
1124 1124 1207 1155 atque

150 1156 428 1194 pronuntiandi3nec
442 1157 543 1187 non&
554 1165 611 1186 ram
626 1158 654 1185 in
669 1155 803 1185 omnibus
813 1155 846 1185 &
862 1155 1207 1193 finguli5,arbitratis,lau-

151 1193 235 1233 datis,
252 1194 396 1233 diffinitis,
413 1196 447 1226 &
462 1195 642 1233 pronuntiatis
662 1194 691 1222 in
707 1193 834 1231 praesenti
858 1195 991 1231 arbitrio,
1010 1201 1092 1230 atque
1112 1193 1204 1231 laudo,

152 1232 238 1269 quam
256 1234 286 1263 in
305 1233 370 1271 hiis,
388 1244 452 1272 quae
470 1232 638 1269 arbitranda,
657 1231 805 1269 laudanda,
820 1232 982 1262 arbitraliter
1001 1230 1204 1270 sententiando,

150 1270 331 1311 diffinienda,
357 1273 391 1302 &
412 1270 631 1309 pronuntianda,
656 1277 686 1299 ut
708 1271 902 1307 praemittitur,
930 1269 1050 1307 restant,
1067 1269 1204 1308 addendi,

148 1309 314 1348 minuendi,
340 1310 518 1349 corrigendi,
535 1308 732 1347 interpretandi
751 1309 785 1338 &
807 1307 962 1338 declarandi
982 1307 1066 1337 semel
1087 1308 1119 1337 &
1143 1309 1204 1345 plu-

147 1347 218 1383 ries,
237 1348 271 1378 &
285 1348 415 1385 quotiens
429 1348 511 1377 nobis
523 1346 671 1384 placuerit,
689 1355 722 1375 ac
737 1345 877 1376 videbitur
891 1346 1027 1385 expedire.

187 1385 353 1424 Caeterum,
371 1394 402 1416 ut
423 1385 536 1416 dextera
556 1384 684 1421 domini,
705 1393 769 1420 quae
782 1385 883 1413 miram
898 1384 982 1422 facit,
997 1385 1026 1412 in
1039 1384 1151 1415 suorum
1166 1394 1198 1414 o-

144 1432 248 1460 perum
259 1424 444 1461 executione,
462 1424 611 1460 virtutem,
629 1421 771 1452 efficacius
785 1422 817 1451 δε
833 1421 981 1458 perfetffius
995 1421 1061 1452 huic
1083 1424 1199 1462 negotio

144 1461 340 1499 prosperetur,
357 1462 510 1491 terminum
524 1461 746 1502 peremptorium
760 1468 794 1489 ex
808 1469 884 1489 nunc
898 1459 959 1499 ipsis
976 1460 1004 1489 R
1043 1461 1103 1491 ibus
1124 1461 1203 1498 affig-

145 1509 258 1537 namuS,
278 1508 309 1529 ut
324 1499 404 1540 super
417 1501 567 1537 omnibus,
585 1500 614 1529 in
631 1498 758 1537 praesenti
769 1498 902 1536 arbitrio,
920 1498 1002 1528 nobis
1033 1509 1098 1536 uper
1118 1500 1200 1530 dieto

143 1538 262 1574 negotio
276 1537 432 1577 reservatis,
449 1540 483 1569 &
498 1538 532 1568 ad
545 1547 576 1568 ea
589 1537 790 1575 pertinentibus
799 1559 808 1574 ,
826 1536 877 1566 illis
890 1536 935 1566 die
947 1547 980 1566 ac
996 1537 1064 1567 loco
1083 1548 1200 1575 compa-

143 1584 222 1605 reant
234 1585 331 1606 coram
348 1577 448 1615 nobis,
463 1577 499 1607 de
512 1577 611 1615 quibus
625 1577 663 1605 eis
678 1575 711 1605 ad
726 1574 755 1605 id
768 1585 816 1612 per
831 1574 936 1605 nostras
957 1574 1117 1605 duxerimus
1139 1577 1200 1606 lite-

141 1623 184 1643 ras
206 1614 410 1653 nuntiandum,
429 1625 499 1646 cum
520 1615 619 1653 quibus
640 1614 720 1651 super
739 1613 806 1651 hiis,
832 1623 884 1650 pro
906 1614 1028 1650 ipsorum
1051 1616 1144 1652 quiete
1166 1625 1198 1645 ac

142 1653 274 1692 prospero
290 1652 360 1683 statu
376 1653 491 1692 mundi,
511 1654 543 1684 &
558 1663 611 1691 pro
625 1653 738 1682 utilitate
754 1653 860 1691 negotii
873 1652 974 1682 Terrae
987 1652 1116 1691 San&ae,
1129 1663 1197 1691 proa

142 1689 238 1721 videre
252 1691 410 1729 salubriter,
424 1692 510 1722 dante
522 1691 661 1728 domino,
680 1690 827 1720 valeamus.

181 1728 274 1767 Acta,
295 1730 362 1768 lata,
387 1731 420 1761 δε
442 1730 620 1768 pronuntiata
641 1728 771 1765 fuerunt,
795 1729 957 1766 arbitrium,
976 1728 1107 1766 laudum,
1125 1729 1198 1759 arbi-

141 1766 215 1797 tralis
235 1768 365 1798 sententia
379 1791 388 1806 ,
414 1768 576 1798 mandatum
590 1792 600 1806 ,
624 1765 775 1804 diffinitio,
801 1767 956 1804 ordinatio,
980 1767 1139 1805 dispositio,
1164 1769 1198 1798 &

142 1806 240 1835 omnia
252 1805 403 1843 supradicta
418 1816 468 1843 per
483 1806 605 1837 eundem
619 1805 782 1836 Dominum
797 1804 919 1843 Papam,
936 1814 966 1835 ut
978 1805 1100 1845 superius
1119 1816 1198 1836 enar-

141 1852 251 1881 rantur,
278 1843 572 1883 Ann0,⁷Indi6tione,
590 1843 705 1881 Mense,
729 1853 762 1873 ac
782 1843 828 1874 die
849 1843 1005 1881 praedietis,
1024 1843 1148 1882 Romae,
1166 1855 1195 1874 a-

144 1881 203 1919 pud
222 1882 359 1913 Sanitum
383 1882 516 1920 Petrum,
534 1884 563 1912 in
584 1882 690 1912 Palatio
709 1881 820 1919 Papali,
838 1883 867 1911 in
880 1881 1046 1912 consistorio
1062 1883 1195 1921 publico,

143 1920 220 1950 fadio
232 1921 260 1950 in
275 1921 326 1951 fiala
342 1921 465 1959 Majori,
482 1921 615 1958 praesente
628 1921 667 1951 ibi
680 1922 807 1959 gentium
821 1919 1000 1950 multitudine
1014 1921 1146 1959 copiosa,
1160 1922 1194 1953 &

141 1958 321 1996 praesentibus
334 1959 506 1991 Reverendis
520 1959 646 1990 Patribus
662 1959 816 1997 Domum,
835 1958 893 1989 Dei
907 1958 992 1999 gratia
1000 1980 1011 1997 ,

178 2037 300 2066 Gerardo
311 2037 435 2067 Sabinen.
454 2040 553 2066 Fratre
569 2035 684 2066 Matheo

178 2077 306 2105 Portuen.
325 2073 363 2110 (θ’
377 2078 483 2106 SanHae
497 2075 602 2117 Rufinae
611 2098 620 2114 ,
636 2086 667 2105 ac

176 2112 309 2151 Johanne
320 2114 456 2153 Tufiulan.
477 2114 606 2155 Episcopis
615 2125 624 2142 .-

174 2150 308 2189 Johanne
323 2159 358 2181 tt.
375 2154 533 2182 Sanft'orum
550 2151 706 2182 Marcellini
717 2151 754 2186 ό
769 2153 864 2190 Petri,

177 2189 291 2219 Nicolao
308 2197 343 2219 tt.
356 2189 450 2228 fitnc‘ii
465 2193 612 2220 Laurentii
626 2194 655 2220 in
670 2190 814 2230 Damaffii,

176 2227 277 2257 Fratre
288 2227 395 2266 Jacobo
408 2236 444 2258 tt.
455 2228 547 2268 sanffl
561 2228 702 2258 Clementis
710 2252 720 2268 ,

177 2265 280 2294 Thoma
295 2273 332 2295 tt.
352 2269 459 2296 Sandlae
474 2267 592 2306 Ceciliae,
610 2278 642 2296 ac

176 2303 291 2334 Roberto
305 2311 340 2334 tt.
361 2306 469 2337 Sanft'ae
482 2308 669 2343 Potentiam,
685 2305 858 2335 Presbiteris:

171 2380 290 2411 vMatheo
301 2382 408 2412 sanate
422 2384 526 2411 Mariae
539 2385 569 2412 in
582 2384 691 2411 Portica
705 2379 848 2419 Nepolione
863 2380 956 2411 sancti
970 2379 1110 2419 Adriani,

173 2418 326 2449 Guillielmo
337 2422 434 2450 Sanao
447 2419 556 2449 Nicolai
568 2423 597 2449 in
610 2423 721 2449 Carcere
734 2418 876 2457 Tulliano,

174 2456 309 2496 Francifto
322 2459 428 2488 Sanc‘lae
443 2461 544 2487 Mariae
558 2460 587 2487 in
597 2457 747 2496 cosmedin,

175 2496 258 2524 Petro
273 2498 379 2525 Sanbhe
394 2499 496 2525 Mariae
510 2506 604 2533 novae,
623 2507 654 2525 ac

174 2531 280 2570 Jacobo
292 2535 386 2564 Sanc‘li
398 2537 501 2572 Georgii
514 2535 555 2564 ad
564 2533 655 2563 velum
669 2543 778 2563 aureum
789 2532 954 2563 Diaconibus
961 2553 972 2571 ‚

171 2573 281 2601 Sanc‘lae
293 2574 421 2602 Romame
436 2572 556 2609 Ecclefiae
570 2571 775 2607 Cardinalibm,
796 2569 833 2605 &-

173 2609 373 2640 Venerabilibus
386 2614 477 2650 Viris,
494 2613 617 2641 Dominis
625 2633 635 2650 ,
651 2609 783 2649 Johanne
794 2608 910 2648 Judice,

171 2648 289 2677 Matheo
303 2649 440 2679 Carazulo
447 2672 458 2687 ,

172 2687 291 2716 Gm'a'one
306 2688 338 2717 de
350 2690 502 2726 Anagnia,
521 2685 559 2722 ῤ’

171 2724 286 2755 Adenul
300 2724 333 2754 ho
348 2726 379 2755 de
393 2729 504 2764 Supino,
523 2728 634 2756 Domini
648 2727 690 2755 Pa
707 2736 730 2755 ae
745 2725 890 2759 Notariis;

170 2765 217 2792 Ac
231 2765 276 2792 No
294 2762 372 2794 ilibus
385 2767 478 2804 Viris,
496 2767 619 2794 Dominis
633 2767 672 2793 Ur
685 2775 698 2793 o
712 2762 750 2799 ᾤ’
774 2762 903 2792 Bertuldo
923 2762 956 2792 de
974 2760 1053 2792 Giliis
1074 2762 1137 2804 Ursi
1153 2762 1185 2792 de

170 2801 357 2870 Egihgliimeo
372 2841 404 2870 de
420 2843 512 2879 Capua
526 2843 609 2878 Regni
621 2839 717 2870 Siciliae
731 2843 773 2870 Lo
790 2838 883 2868 otheta
892 2862 902 2878 ,
919 2836 956 2874 ὠ·
970 2838 1078 2878 Jacobo
1092 2839 1123 2869 de
1136 2841 1184 2869 Pi-

198 2877 236 2918 fis
243 2877 388 2918 familiare
401 2879 476 2919 ipstus
489 2882 600 2908 Domini
613 2881 694 2917 Papae
703 2902 713 2917 ,
730 2851 866 2917 Tefiibuss

169 2919 218 2946 Ac
230 2919 344 2946 Domino
356 2918 481 2947 Deoa'ato
493 2919 525 2947 de
537 2917 622 2957 Urbe,
640 2916 716 2959 ipfius
728 2919 838 2947 Domini
850 2918 931 2955 Papae
947 2914 1106 2955 Capellam,

169 2992 231 3031 Qii
253 2993 396 3023 arbitrium
412 3017 423 3031 ,
445 2993 560 3024 laudum
574 3017 584 3032 ,
607 2993 766 3025 arbitralem
787 2992 950 3023 sententiam
963 3014 973 3030 ,
996 2991 1160 3023 mandatum
1175 3016 1185 3031 ,

132 3029 332 3061 diffinitionem
346 3055 356 3069 ,
382 3031 607 3069 ordinationem,
632 3033 665 3063 &
686 3033 783 3061 omnia
801 3030 972 3069 supradieta,
997 3030 1033 3061 de
1051 3032 1183 3062 mandato

133 3069 259 3113 praediciti
272 3069 395 3114 Domini
408 3068 508 3108 Papae,
527 3069 634 3100 ibidem
646 3070 761 3108 publice
772 3069 859 3108 legit,
877 3069 911 3100 &
924 3078 999 3100 voce
1019 3069 1094 3108 quasi
1113 3079 1184 3107 prae-

134 3117 218 3138 coma
233 3116 368 3139 recitaVit.

166 3183 206 3215 Et
217 3193 271 3225 ego
285 3184 446 3223 Nicolaus,
463 3183 553 3214 distus
566 3184 707 3215 Novellus
720 3184 757 3216 de
769 3182 863 3223 Vico,
880 3183 1046 3222 Apostolica
1066 3184 1100 3215 &
1121 3183 1181 3213 Im-

130 3223 226 3261 periali
240 3223 404 3254 auctoritate
419 3223 570 3260 Notarius,
588 3223 728 3260 praedietis
741 3224 853 3254 interfui
868 3223 901 3253 &
915 3232 946 3253 ea
960 3223 1073 3259 omnia,
1088 3229 1118 3252 ut
1137 3222 1181 3252 su-

130 3270 181 3298 pra
202 3261 316 3300 legitur,
335 3262 371 3292 de
391 3261 523 3291 mandato
541 3261 646 3298 praefati
661 3261 784 3292 Domini
796 3261 897 3300 Papae,
913 3260 1022 3299 scripsi,
1039 3261 1073 3291 &
1088 3260 1180 3298 publi-

129 3299 211 3337 cavi,
228 3309 261 3330 ac
274 3309 341 3330 meo
355 3300 434 3339 signo
451 3299 587 3330 consueto
599 3299 711 3337 signavi.

166 3374 251 3405 Nulli
268 3386 297 3406 er
316 3385 336 3405 0
356 3377 476 3406 omnino
495 3375 647 3406 hominum
667 3375 749 3406 liceat
758 3375 832 3407 hanc
847 3377 976 3415 paginam
989 3374 1094 3407 nostrae
1107 3384 1179 3406 con-

129 3411 279 3444 stitutionis
340 3415 525 3444 annotationis
542 3414 710 3453 infringere,
726 3414 787 3445 &c.

166 3487 232 3519 Dat.
250 3489 358 3519 Romae
379 3489 452 3526 apud
474 3489 609 3520 Sandtum
623 3489 759 3529 Petrum,
775 3490 899 3522 secundo
915 3491 981 3523 Kal.
995 3490 1079 3531 Julii,
1096 3490 1175 3522 Pon-

129 3526 247 3559 tificatfis
262 3527 351 3558 nostri
362 3527 451 3558 Anno
469 3536 577 3566 quarto.

837 3586 927 3625 sigillo
943 3587 1047 3630 avulso.

127 3712 154 3740 *ξ
174 3713 412 3760 Compromiffum
425 3725 480 3760 per
499 3717 633 3746 Nuncios
652 3716 740 3760 Regis
758 3714 872 3760 Angliae
888 3715 938 3756 (de
957 3716 1108 3762 disc'ordiis
1126 3722 1173 3750 in-

171 3772 216 3795 ter
235 3763 329 3808 ipsum
344 3765 380 3800 &⁴
401 3765 508 3809 Regem
528 3765 672 3803 Franciae)
692 3760 737 3794 ad
752 3764 865 3808 Papam
890 3765 1099 3809 Bonifacium,
1123 3779 1172 3800 or-

171 3809 284 3843 dinatio
297 3814 379 3856 Papae
389 3811 484 3857 supra
497 3809 612 3855 iisdem.

149 3895 342 3942 Tranfiripta
361 3894 421 3941 sub
447 3907 541 3929 manu
551 3893 714 3977 ACq'orbolani
728 3894 764 3928 de
784 3898 869 3930 Luca
890 3898 1016 3932 Notarii
1032 3898 1149 3934 Publici

586 3957 616 3977 n.
646 3955 742 3986 ¹299·

122 4025 335 4094 INl—leiomine
351 4028 474 4074 Domini
487 4028 591 4074 Amen.
857 4068 863 4075 ⁸
949 4069 955 4076 ,
976 4070 982 4077 ι

223 4074 266 4095 aec
279 4066 339 4096 sunt
355 4069 512 4106 transcripta
527 4066 667 4112 cujusdam
682 4065 865 4099 Instrumenti
879 4067 1082 4111 publici,super
1095 4079 1169 4110 quo-

121 4101 439 4174 dangJgrnIperiIffIo,
456 4107 534 4138 ξειᾶο
549 4117 577 4138 in
592 4105 802 4138 Sanetiffimum
815 4106 928 4139 Patrem
942 4107 1104 4141 Dominum
1113 4110 1169 4141 Bo-

1255 423 1345 468 Regis·
1358 424 1605 470 Angli-,eillustrig
1624 429 1701 467 super
1715 433 1848 461 omnibus
1864 435 1896 464 ὃς
1915 433 2024 470 singulis
2044 432 2204 468 discordiis,
2223 440 2306 468 atque

1254 464 1490 505 guerrisphdbitls
1506 467 1575 495 inter
1592 467 1703 506 Regem
1721 470 1882 505 praeditffturn
1904 471 1935 501 δε
1959 472 2020 501 sios
2041 470 2252 501 confoederatos
2272 472 2307 499 eii

1252 510 1329 537 parte
1343 511 1413 546 una,
1431 504 1463 532 ὅ(
1479 502 1669 540 Magnificum
1691 505 1851 543 Principem
1874 509 2039 538 Dominum
2061 508 2240 546 Philippum,
2259 517 2304 537 ea-

1252 537 1433 606 dlemsgratia,
1452 541 1566 578 Regem
1587 542 1713 573 Franci-3:
1735 544 1866 574 illustrem
1886 550 1918 576 ac
1938 546 2150 576 confoederatos
2170 546 2250 583 ipsius
2271 547 2305 575 ex·

1251 586 1266 605 a
1278 587 1353 613 tera,

1278 615 1323 658 'N
1328 625 1360 644 ec
1376 625 1433 645 non
1450 617 1483 647 δε
1496 618 1637 655 cujusdam
1649 618 1747 648 litterae
1763 618 1955 658 Apostolicae,
1974 622 2115 652 confestae
2133 622 2213 659 super
2233 621 2305 651 arbi-

1251 659 1305 682 trio
1320 654 1352 682 &
1369 654 1545 685 arbitratione
1558 657 1663 693 praefati
1677 656 1802 686 Domini
1816 656 1900 694 Papae
1913 659 2024 696 prolatis
2036 662 2066 689 in
2080 660 2132 690 hac
2147 666 2243 698 parte,
2261 662 2304 689 iii-

1249 699 1290 721 ter
1325 700 1395 720 artes
1412 694 1561 728 praedictas.

1319 731 1376 766 ujus
1389 727 1572 761 Iiistrumenti
1587 732 1708 770 publici,
1726 742 1780 762 nec
1795 741 1855 762 non
1872 733 1904 763 δὲ
1919 733 2016 763 litterae
2031 733 2206 772 Apostolicae
2221 745 2303 767 teno-

1251 776 1293 796 res
1309 766 1371 797 sunt
1385 768 1448 798 tales
1462 770 1618 808 cujusmodi
1631 781 1680 807 per
1695 770 1827 801 ordinem
1840 772 1885 802 hic
1898 772 2042 802 secuntur:

1248 837 1316 900 IN
1333 844 1450 874 nominc
1464 843 1585 875 Domini
1600 845 1704 875 Arnen.

1271 917 1275 922 .
1318 880 1405 922 ᾼηηο
1421 881 1545 913 Domini
1565 884 1647 922 1298.
1666 883 1826 914 Indictione
1844 894 1888 915 11.
1906 885 2088 916 pontificatus
2101 885 2225 917 Domini
2245 887 2301 918 130-

1247 917 1343 946 nifacu
1366 918 1459 963 Papae·
1472 922 1496 963 8:
1520 918 1606 951 Anno
1626 931 1743 959 quarto,
1763 922 1820 951 Die
1847 932 1892 962 14.
1911 923 2017 959 Mensis
2028 924 2132 993 lgumi,
2156 925 2302 956 constituti

1247 964 1346 999 coram
1367 956 1546 1002 Santstiflimo
1568 959 1649 989 Patre
1662 969 1694 989 ac
1711 959 1862 998 Domino,
1881 961 2013 992 Domino
2051 963 2190 1001 onifacio,
2208 963 2302 995 divina

1248 994 1441 1033 providentii,
1460 995 1534 1034 Papa
1548 998 1653 1028 octavo
1668 997 1820 1035 praeditsto,
1838 1000 2005 1030 venerabiles
2020 1000 2130 1039 Patres,

1283 1070 1414 1099 Dominus
1429 1073 1464 1109 G.
1485 1071 1699 1111 Archiepifiopus
1712 1071 1901 1113 Dublinenfis,
1918 1072 1955 1107 ὠ·

1282 1109 1414 1175 Βοίζιίῐὲπς
1434 1110 1467 1138 Ρ.
1491 1108 1629 1149 Epifiopus
1651 1111 1856 1150 Wi71c302atenfis
1873 1123 1881 1140 :
1908 1114 1950 1141 Et
1968 1112 2078 1143 Nobiles
2098 1125 2130 1144 ac
2152 1114 2296 1158 Magnffici

1284 1169 1415 1213 Domintis
1429 1185 1569 1215 Amadeus
1583 1188 1652 1216 Com.
1670 1186 1829 1217 Sabaudiae:

1286 1224 1414 1251 Dominus
1430 1226 1498 1253 otto
1512 1225 1543 1253 de
1560 1226 1668 1254 Grandi
1678 1224 1744 1262 ono,
1762 1224 1800 1260 (ὥν

1280 1261 1410 1290 Dominus
1427 1264 1481 1299 Ugo
1495 1263 1525 1291 de
1539 1265 1590 1292 Ver
1607 1265 1651 1292 M
1664 1267 1714 1292 ites
1723 1288 1732 1301 ,

1242 1374 1247 1379 .
1279 1335 1392 1368 Nuncii
1414 1338 1447 1368 &
1472 1337 1667 1369 Procuratores
1689 1338 1839 1377 Magnifici
1858 1340 1996 1378 Principis
2017 1339 2050 1370 E.
2080 1340 2167 1380 Regis
2190 1343 2299 1382 Angliae

1239 1373 1363 1408 illustris,
1386 1376 1417 1407 &
1437 1376 1567 1406 habentes
1587 1377 1754 1414 potestatem
1776 1379 1853 1416 super
1874 1379 2040 1416 infrascripta
2061 1384 2300 1417 compromitten-

1240 1411 1286 1450 di,
1306 1423 1358 1451 pro
1372 1413 1474 1443 eodeni
1491 1414 1624 1445 Domino
1641 1417 1674 1446 ὃς
1690 1416 1787 1455 Rege,
1806 1417 1855 1447 sub
1871 1418 1961 1447 modis
1974 1419 2006 1448 &
2021 1418 2117 1447 formis
2140 1419 2177 1448 de
2197 1421 2297 1458 quibus

1240 1451 1371 1488 expedire
1392 1452 1526 1490 viderint,
1544 1462 1626 1490 prout
1646 1455 1674 1483 in
1697 1456 1851 1493 patentibus
1875 1454 2077 1485 Procuratoriis
2099 1454 2193 1487 litteris
2217 1459 2298 1496 ipfius

1240 1487 1362 1532 Domini
1382 1489 1489 1532 Regis,
1510 1491 1584 1521 Cera
1598 1493 1631 1523 &
1648 1492 1746 1531 Sigillo
1768 1494 1900 1532 munitis,
1918 1493 2080 1531 infrascripti
2101 1497 2220 1534 tenoris,
2240 1497 2302 1536 ple-¹

1239 1537 1299 1557 nius
1316 1538 1493 1567 continetur,

1275 1565 1560 1605 Compromiserunt,
1579 1569 1697 1598 nomine
1709 1570 1904 1606 procuratorio
1920 1569 2025 1607 praefati
2048 1569 2169 1601 Domini
2190 1570 2297 1612 Regis,

1239 1603 1294 1634 alte
1307 1606 1340 1635 &
1355 1605 1448 1642 basse,
1467 1605 1590 1635 absolute
1603 1608 1635 1637 ὃς
1649 1607 1753 1644 libere,
1773 1609 1801 1637 in
1819 1616 1954 1645 quantum
1976 1617 2122 1647 poterant,
2139 1618 2173 1639 ex
2194 1613 2296 1642 virtute

1237 1652 1270 1672 ac
1285 1642 1378 1673 forma
1395 1644 1518 1674 mandati
1532 1644 1576 1674 ieu
1591 1646 1774 1681 procuratorii
1787 1646 1913 1683 praedieti
1923 1669 1932 1683 ,
1951 1646 2028 1684 quod
2044 1647 2183 1684 habebant
2198 1648 2232 1678 ab
2246 1659 2298 1679 eo-

1238 1680 1303 1710 dem
1318 1681 1451 1712 Domino
1468 1681 1565 1721 Rege,
1584 1684 1611 1711 in
1627 1683 1836 1713 Sanetiffimum
1854 1683 1965 1714 Patrem
1980 1685 2012 1715 &
2028 1684 2209 1725 Dominum,
2228 1686 2295 1717 Do-

1237 1720 1349 1749 minum
1371 1719 1567 1758 Bonifacium,
1589 1721 1683 1751 divina
1705 1721 1875 1759 providentia
1883 1745 1893 1760 ‚
1920 1722 2023 1759 Papam
2043 1723 2180 1754 octavum
2195 1748 2203 1763 ,
2235 1735 2295 1756 tana

1239 1767 1324 1794 quarn
1339 1760 1368 1788 in
1383 1759 1520 1795 privatam
1535 1759 1696 1797 personam,
1713 1760 1747 1790 &
1770 1761 1798 1789 in
1821 1760 1983 1790 Dominum
2008 1760 2192 1792 Benedicftum
2213 1762 2295 1801 Gay-

1237 1804 1334 1826 tanum
1356 1806 1486 1834 tanquam
1508 1798 1536 1826 in
1559 1797 1724 1836 Arbitrum,
1741 1798 1960 1837 Arbitratorem,
1980 1798 2186 1838 Laudatorem,
2204 1801 2293 1832 Diffi-

1235 1834 1355 1865 nitorem
1370 1857 1379 1872 ,
1403 1835 1555 1866 arbitralem
1571 1835 1820 1875 Sententiatorem,
1846 1837 1879 1866 δι’.
1901 1837 2080 1867 amicabilem
2104 1837 2291 1876 Composito-

1236 1882 1313 1910 rem,
1339 1872 1566 1911 Praeceptorem,
1583 1873 1785 1905 Ordinatorem
1794 1897 1806 1913 ,
1825 1874 2046 1913 Dispolitorem,
2065 1877 2098 1907 &
2119 1876 2292 1910 pronuncia-

1238 1918 1349 1949 torem,

1271 1948 1360 1986 Super
1376 1949 1554 1981 reformanda
1566 1950 1681 1988 pacifici
1695 1950 1850 1982 concordii
1865 1952 1936 1981 inter
1948 1951 2037 1990 ipsum
2052 1950 2215 1984 Dominum
2230 1954 2292 1985 Re⁴

1234 1996 1301 2026 gem
1320 1997 1353 2018 ex
1373 1996 1450 2028 parte
1473 1989 1544 2026 unci,
1561 1990 1595 2020 &
1613 1989 1794 2019 excellentem
1816 1989 1977 2027 Principem
2000 1990 2164 2022 Dominum
2183 1992 2290 2033 Philip-

1235 2036 1305 2063 pum
1325 2026 1438 2066 Regem
1462 2027 1561 2058 Franc.
1579 2027 1713 2057 illustrem
1734 2037 1768 2058 ex
1783 2027 1883 2066 altera,
1901 2028 1979 2065 super
1994 2028 2044 2059 hiis
2059 2039 2123 2068 quae
2139 2029 2172 2059 ad
2188 2035 2288 2068 pacem

1237 2065 1392 2103 pertinent,
1409 2065 1442 2096 &
1455 2065 1482 2095 su
1505 2075 1534 2096 er
1548 2066 1681 2096 omnibus
1697 2066 1730 2096 &
1747 2066 1855 2105 singulis
1868 2066 2028 2105 discordiis,
2044 2068 2168 2106 guerris,
2186 2069 2291 2109 litibus,

1235 2103 1448 2141 controversiis,
1500 2104 1584 2142 ausis,
1609 2103 1838 2143 Quaestionibus,
1857 2103 1995 2144 Dampnis
2017 2106 2050 2136 δε
2074 2105 2198 2145 Injuriis,
2214 2107 2290 2138 Pen-

1235 2140 1375 2181 sionibus,
1397 2141 1574 2180 actionibus,
1601 2144 1734 2180 realibus,
1760 2142 1947 2182 personalibus
1990 2151 2072 2181 atque
2093 2146 2204 2183 mirttis,
2224 2148 2289 2184 quae

1236 2178 1364 2218 fuerunt,
1380 2180 1414 2211 δε
1428 2180 1505 2219 sunt,
1523 2180 1568 2212 vel
1582 2180 1639 2211 eise
1652 2181 1766 2218 posiunt
1779 2183 1849 2211 inter
1864 2181 1935 2218 ipsos
1950 2166 2095 2212 Dominos
2110 2182 2223 2222 Reges,
2235 2194 2289 2215 oc-·

1233 2217 1345 2248 cafione
1367 2227 1554 2257 quacunque,
1580 2227 1610 2250 ut
1630 2219 1686 2256 ipse
1707 2219 1851 2249 Dominus
1870 2219 1963 2258 Papa,
1991 2227 2123 2258 tanquam
2142 2221 2289 2253 Dominus

1234 2254 1401 2287 Benedictus
1422 2255 1582 2295 Gaytanus,
1598 2258 1703 2295 privata
1724 2257 1856 2295 persona,
1874 2257 1927 2287 alte
1952 2258 1986 2288 &
1999 2258 2090 2296 basse,
2108 2259 2232 2290 absolute
2252 2261 2286 2292 &'

1234 2293 1340 2333 libere,
1355 2305 1424 2325 cum
1438 2297 1618 2334 cognitione,
1635 2296 1681 2326 vel
1695 2295 1751 2325 sme
1764 2296 1930 2333 cognitione
1943 2295 2047 2335 causae,
2061 2297 2118 2326 sive
2133 2298 2288 2338 causarum,

1232 2341 1265 2362 ac
1286 2332 1322 2363 de
1343 2333 1444 2372 plano,
1460 2343 1493 2363 ac
1512 2333 1662 2364 summarie
1698 2333 1754 2364 sine
1774 2333 1888 2371 strepitu
1910 2334 1943 2365 &
1955 2333 2042 2371 figura
2053 2335 2169 2374 judicii,
2188 2336 2287 2376 poffit,

1232 2371 1304 2401 infra
1315 2371 1417 2402 instans
1431 2368 1533 2402 festum
1549 2373 1620 2402 beati
1635 2357 1802 2410 Nsichaelis,
1819 2373 1890 2402 inter
1901 2372 1992 2402 dictos
2009 2372 2154 2403 Dominos
2171 2374 2283 2414 Renes,

1232 2409 1317 2440 semel
1338 2411 1371 2440 &
1393 2410 1508 2447 pluries,
1533 2411 1661 2448 quotiens
1684 2410 1739 2447 ipse
1757 2410 1904 2448 placuerit,
1923 2407 1956 2441 &
1977 2410 2117 2441 videbitur
2137 2421 2206 2449 expe
2228 2414 2285 2452 ire,

1234 2449 1314 2484 super
1333 2449 1466 2478 omnibus
1484 2448 1627 2486 praemiffis
1650 2449 1683 2479 &
1705 2448 1834 2486 singulis,
1851 2449 1988 2486 arbitrari,
2005 2448 2128 2487 laudare,
2145 2449 2286 2490 diffinire,

1230 2486 1391 2516 arbitraliter
1410 2486 1590 2524 sententiare,
1615 2487 1783 2524 praecipere,
1807 2485 1952 2525 ordinare,
1976 2486 2137 2526 disponere,
2161 2498 2192 2518 ac
2215 2499 2282 2526 pro-

1231 2525 1378 2563 nunciare,
1402 2524 1516 2563 addere,
1543 2527 1687 2563 minuere,
1712 2526 1872 2563 corrigere,
1887 2526 2071 2561 interpretari:
2088 2526 2122 2557 δὲ
2143 2525 2283 2558 declarare

1231 2562 1261 2591 in
1276 2562 1396 2601 scriptis,
1415 2563 1460 2594 vel
1477 2563 1534 2593 fine
1546 2563 1668 2601 scriptis,
1686 2563 1782 2593 diebus
1796 2562 1895 2593 feriatis
1909 2563 1941 2593 &
1955 2572 2014 2593 non
2028 2563 2143 2602 feriatis,
2160 2566 2283 2602 partibus

1229 2598 1408 2638 praesentibus
1423 2601 1468 2632 vel
1483 2602 1655 2640 absentibus,
1673 2602 1778 2631 vocatis
1792 2602 1837 2632 vel
1850 2610 1910 2631 non
1932 2602 2055 2639 vocatis,
2073 2602 2107 2632 &
2127 2602 2183 2633 uni
2205 2612 2282 2640 parte

1228 2639 1379 2678 praesente,
1396 2640 1429 2670 ὃ(
1443 2639 1526 2670 altera
1537 2639 1665 2678 absente,
1679 2639 1752 2678 Juris
1766 2638 1865 2669 ordine
1880 2640 1909 2669 in
1923 2638 1984 2670 tota
1998 2639 2044 2670 vel
2058 2640 2087 2669 in
2101 2649 2178 2678 parte
2190 2642 2282 2680 aliqua

1228 2677 1336 2708 servato
1350 2677 1395 2709 vel
1411 2687 1469 2707 non
1482 2678 1599 2709 servato.

1267 2715 1466 2747 Promittentes
1482 2716 1566 2746 iidem
1582 2716 1781 2747 Procuratores
1795 2716 1828 2746 &
1843 2716 1956 2747 Nuncii
1992 2717 2110 2747 nomine
2123 2727 2182 2755 quo
2194 2718 2284 2758 supra,

1226 2762 1280 2793 pro
1293 2754 1372 2785 dieto
1387 2754 1520 2785 Domino
1531 2755 1613 2794 Rege
1630 2755 1762 2793 Angliae,
1780 2754 1829 2785 sub
1844 2764 1929 2793 poena
1944 2739 2073 2785 dentum
2089 2755 2181 2786 Millia
2201 2757 2281 2787 Mar-

1226 2802 1321 2823 carum
1344 2793 1479 2836 Argenti,
1497 2794 1531 2824 &
1551 2794 1723 2833 obligatione
1737 2794 1868 2823 omnium
1890 2794 1923 2823 ὅ(
1947 2793 2121 2831 singulorum
2134 2793 2278 2825 bonorum

1225 2830 1306 2868 ipsius
1318 2830 1407 2870 Regis
1424 2831 1554 2869 Angliae,
1573 2840 1626 2862 rata
1640 2832 1673 2861 &
1689 2831 1769 2861 firma
1784 2831 1803 2850 *³
1817 2831 1922 2869 semper
1935 2831 2036 2861 habere
2055 2832 2088 2861 &
2109 2840 2218 2870 tenere,
2237 2841 2278 2863 at-

1226 2868 1357 2907 tendere,
1374 2869 1526 2908 adimplere
1541 2871 1573 2901 &
1588 2869 1783 2901 inviolabiliter
1796 2869 1960 2906 observare,
1979 2880 2011 2900 ac
2026 2870 2056 2898 in
2069 2870 2163 2909 nullo,
2179 2881 2229 2909 per
2242 2872 2279 2911 se,

1227 2907 1270 2938 vel
1286 2917 1335 2945 per
1348 2908 1449 2945 alium,
1464 2909 1509 2939 seu
1525 2909 1610 2945 alios,
1624 2916 1722 2938 contra
1734 2908 1826 2938 facere
1836 2907 1880 2938 vel
1891 2909 1993 2943 venire.

1262 2945 1299 2976 Et
1312 2946 1391 2984 quod
1405 2947 1460 2984 ipse
1473 2946 1616 2976 Dominus
1629 2945 1693 2976 Rex
1710 2946 1819 2985 Angliae
1833 2953 1886 2975 rata
1899 2947 1932 2976 ὅ(
1945 2945 2024 2975 firma
2037 2945 2145 2983 semper
2161 2945 2277 2979 habebit

1222 2992 1306 3022 atque
1327 2985 1449 3022 tenebit,
1466 2983 1588 3014 attendet
1609 2984 1642 3015 &
1665 2984 1843 3022 adimplebit,
1863 2984 2105 3015 &inviolabiliter
2118 2985 2275 3017 observabit

1225 3023 1322 3053 omnia
1343 3023 1376 3053 &
1395 3022 1514 3061 singula,
1533 3031 1598 3059 quae
1612 3022 1667 3060 ipse
1681 3021 1828 3052 Dominus
1843 3021 1933 3063 Papa,
1949 3031 2081 3061 tanquam
2114 3024 2198 3053 rivata
2212 3034 2275 3062 per-

1224 3061 1307 3099 sona,
1322 3071 1371 3099 per
1392 3060 1472 3090 suum
1491 3060 1654 3098 arbitrium,
1671 3059 1802 3099 laudum,
1819 3061 1997 3098 arbitratum,
2020 3069 2083 3090 man
2105 3069 2182 3091 atum
2203 3063 2275 3092 arbi-

1223 3099 1308 3137 trale,
1325 3098 1487 3130 sententiam
1496 3097 1670 3136 arbitralem,
1687 3098 1909 3136 ordinationem,
1927 3098 2144 3137 diffinitionem,
2161 3099 2274 3138 disposi-

1223 3138 1350 3176 tionem,
1365 3137 1620 3175 compositionem,
1638 3137 1671 3167 &
1686 3138 1942 3176 pronuntiationem
1978 3137 2149 3175 arbitranda,
2161 3137 2274 3168 laudan-

1222 3175 1274 3213 da,
1292 3175 1495 3213 sententianda,
1513 3174 1602 3205 modo
1624 3184 1683 3212 quo
1699 3175 1793 3214 supra,
1810 3159 1990 3212 diffinienda,
2008 3176 2179 3214 mandanda,
2196 3176 2274 3206 ordi-1

1221 3213 1327 3252 nanda,
1345 3213 1543 3251 componenda
1555 3215 1587 3243 ὃς
1601 3212 1788 3251 disponenda,
1806 3223 1838 3243 ac
1854 3215 1936 3244 etiam
1950 3213 2091 3251 addenda,
2109 3214 2270 3252 minuenda,

1223 3252 1404 3291 corrigenda,
1428 3250 1631 3289 interpretanda
1652 3252 1685 3282 &
1703 3251 1881 3290 declaranda,
1900 3261 2105 3290 quaecumque,
2123 3252 2194 3282 infra
2217 3261 2272 3292 ter-

1222 3291 1333 3321 minum
1348 3290 1554 3329 supradiCtum,
1571 3289 1679 3319 duxerit
1692 3290 1722 3319 in
1736 3289 1896 3328 praemiffis,
1913 3291 1946 3322 &
1969 3290 2096 3328 quolibet
2114 3290 2271 3327 praemisso⁴

1221 3339 1299 3359 rum·

1257 3354 1302 3399 Et⁷
1316 3368 1343 3397 in
1365 3367 1443 3398 nullo
1464 3374 1560 3397 contra
1582 3376 1614 3396 ea
1626 3365 1671 3397 vel
1685 3375 1785 3396 eorum
1797 3365 1909 3405 aliquod
1919 3388 1929 3404 ,
1947 3376 1996 3406 per
2008 3366 2035 3396 se
2048 3365 2206 3408 vellalium,
2222 3364 2269 3408 seu

1219 3405 1302 3445 alios,
1319 3406 1402 3436 faciet
1424 3406 1480 3435 sive
1499 3405 1609 3442 veniet,
1627 3404 1685 3434 ullo
1707 3414 1831 3442 unquam
1853 3413 1997 3442 tempore,
2015 3413 2114 3441 quows
2136 3404 2269 3442 ingenio,

1219 3445 1276 3476 five
1290 3445 1367 3475 causa
1381 3446 1414 3476 &
1428 3453 1512 3481 poena
1527 3442 1613 3473 soluta
1627 3442 1672 3473 vel
1686 3452 1746 3473 non
1761 3442 1862 3480 soluta,

1255 3483 1429 3519 Arbitrium,
1452 3481 1580 3518 laudum,
1598 3481 1774 3518 arbitratum,
1790 3479 1953 3511 mandatum
1968 3479 2140 3517 hujusmodi,
2157 3478 2266 3509 senten-

1216 3521 1254 3552 tia
1270 3544 1280 3560 ,
1304 3521 1461 3558 ordinatio,
1484 3518 1637 3557 diffinitio,
1662 3517 1819 3557 dispositio,
1846 3518 2034 3555 compositio,
2077 3518 2267 3560 ronuntiatio,

1215 3559 1338 3596 additio,
1362 3560 1395 3591 &
1417 3558 1583 3596 diminutio,
1604 3557 1760 3594 correcstio,
1779 3557 1967 3594 interpretatio
1988 3556 2021 3586 ὃς
2062 3556 2206 3594 eclaratio,
2224 3555 2267 3586 fe-

1216 3597 1299 3628 renda
1320 3598 1354 3628 &
1374 3595 1517 3633 facienda,
1532 3605 1580 3633 per
1602 3595 1692 3633 ipsum
1708 3595 1870 3624 Dominum
1886 3594 2009 3631 Papam,
2028 3592 2117 3623 modo
2139 3602 2196 3631 quo
2217 3593 2261 3624 su-

1215 3647 1263 3674 pra
1272 3659 1282 3675 ,
1301 3636 1333 3667 &
1347 3636 1442 3666 omnia
1455 3635 1488 3665 &
1503 3633 1605 3672 singula
1618 3633 1772 3671 supradiCta
1785 3641 1839 3664 rata
1853 3632 1959 3669 semper
1971 3640 2098 3661 maneant
2110 3639 2193 3669 atque
2216 3631 2264 3662 fir·-

1214 3685 1333 3743 rn‘ssum
1354 3720 1446 3742 tamen
1468 3709 1504 3740 de
1525 3709 1663 3747 praedietis
1682 3707 1908 3746 Confoedemtis,
1925 3707 2066 3750 Vassallis,
2083 3707 2117 3737 &
2137 3706 2262 3738 Subditis

1214 3751 1304 3788 Regis
1326 3751 1452 3790 Angliae,
1470 3756 1522 3786 pax
1542 3747 1606 3786 fiat,
1625 3756 1655 3778 ut
1674 3747 1784 3777 dietum
1806 3746 1865 3784 est,
1883 3745 1953 3776 infra
1974 3753 2127 3776 terminum
2142 3745 2262 3783 supradi-

1212 3790 1322 3858 ἃιίἶὶῃοέε
1335 3827 1398 3857 a<Sio
1411 3822 1533 3862 expresse
1543 3846 1552 3861 ,
1569 3823 1645 3861 quod
1658 3822 1795 3861 potestas,
1812 3831 1845 3853 ex
1861 3820 2017 3864 hujusmodi
2036 3822 2262 3861 compromisso,

1213 3876 1267 3897 nec
1290 3867 1319 3896 in
1335 3864 1394 3898 viti.
1412 3863 1509 3902 ipsius,
1533 3871 1586 3894 nec
1610 3863 1638 3892 in
1660 3870 1771 3899 morte,
1795 3863 1824 3891 in
1845 3862 1993 3899 personam
2013 3859 2093 3890 aliam
2114 3860 2257 3891 transfera-

1214 3913 1267 3936 tul·-

1710 4139 1740 4174 C
1746 4149 1764 4173 c
2177 4141 2261 4171 Tener

2298 2843 2314 2861 ⁹
2323 2838 2430 2880 115324.
