2570 4261
579 217 707 259 ET
791 217 1113 260 ACTA
1194 217 1779 264 PUBLICAs

0 316 27 338 n.
42 304 82 337 D.
142 305 321 339 Celsitudinis
333 304 388 338 ruae'
407 303 601 344 conditiones,
623 314 656 335 ac
668 303 780 342 merita,
798 303 831 334 &
844 303 1000 334 devotionis
1014 301 1168 342 affeetum,

0 354 58 386 301.
105 355 191 384 quem
207 346 240 378 ad
255 346 370 383 Deum,
388 345 421 375 &
433 344 615 382 apostolicam
628 342 740 380 sedem,
756 352 789 372 ac
810 350 910 372 terram
929 342 1051 372 sanetam
1074 343 1168 372 hacCte-

0 395 20 414 ν.
43 393 66 411 1·
105 395 155 415 nus
175 384 307 422 habuisti,
332 393 366 413 ac
387 391 413 413 te
434 383 534 413 habere
554 382 690 419 speramus
704 403 714 418 ,
738 381 771 410 &
792 379 960 410 confidimus
979 382 1007 410 in
1027 380 1168 423 futurum,

105 423 228 458 benigna
250 422 467 452 consideratione
493 419 652 457 pensantes:
686 419 731 449 Ac
754 418 922 448 attendentes
940 418 1020 455 quod
1039 419 1169 448 moderni

106 458 211 492 malitia
227 461 360 498 temporis
375 467 402 489 te
415 456 568 496 sumptibus
575 457 713 495 plurimis,
731 465 764 486 ac
771 455 923 494 laboribus,
936 455 1106 493 &angustiis
1117 466 1168 493 ag-

106 498 250 537 gravavit·
270 499 316 536 pia
330 497 509 527 meditatione
523 495 694 533 providimus
708 494 741 524 ad
757 502 783 524 te
797 493 874 531 super
887 494 942 524 hoc
951 496 1077 525 animum
1084 505 1168 525 com-

105 523 419 606 Ρείἑῖιοηξζεκτξὲᾀῗῐε,
436 532 832 603 afiffssdffi'rlgidess‘tissffilss'ti’
849 531 1009 570 apostolicae
1022 533 1088 563 sedis
1103 543 1167 563 mu-

106 586 128 607 n
157 584 211 605 cen
251 583 281 604 rn
308 584 316 603 ι
338 584 347 603 ι
370 584 386 603 u
407 583 436 603 er
471 583 489 602 u
644 581 663 608 g
793 594 800 600 .

140 613 188 644 Ut
202 613 286 649 igitur
297 583 406 642 nostraeP
414 611 588 647 benignitatis
600 607 736 640 affetffmm
748 608 882 647 percipias
894 610 923 639 in
937 607 1041 640 effeetu

105 652 141 682 &
157 649 307 689 quicquid,
324 650 360 680 de
374 648 593 691 quibuscumque
604 647 738 684 decimis,
761 647 792 676 in
806 647 1026 687 quibuscumque
1043 632 1168 685 Regnis,

107 689 194 727 locis,
212 689 245 719 &
261 689 398 726 partibus,
415 688 448 719 &
462 686 627 724 quibuscum
648 695 682 715 ue
697 693 755 715 tem
808 688 884 723 ibus,
909 685 980 716 olim
996 697 1044 724 per
1056 686 1167 723 aposto-

105 727 195 758 licam
209 727 318 764 sedem,
336 728 365 757 in
381 724 524 763 praedietae
537 732 615 755 terrae
640 723 730 753 anCtae
754 723 893 755 ubsidium
902 724 1052 762 deputatis,
1070 732 1167 762 perte,

107 766 153 796 vel
173 766 275 803 alium,
296 765 340 796 seu
358 763 442 800 alios,
466 761 549 800 usque
569 763 599 792 in
621 762 789 792 hodiernum
803 763 881 793 diem
894 762 1058 801 percepisti,
1075 762 1119 792 vel
1131 763 1166 792 ad

108 813 137 834 te
156 805 298 842 pervenit,
315 803 384 840 tibi,
401 801 561 831 auctoritate
573 799 726 838 apostolica
737 799 774 830 de
789 800 866 831 mera
883 801 970 839 gratia
984 802 1167 838 remittimus,

108 842 144 874 &
159 842 304 873 donamus.

145 879 292 911 Caeterum
313 880 379 916 quia
396 877 544 909 occasione
565 886 724 915 guerrarum
759 878 966 916 turbationum,
982 878 1015 908 δε
1027 876 1166 907 scandalo-

109 928 191 956 rum,
209 926 273 956 quae
288 917 384 948 tibi&
398 916 504 953 Regno
517 925 566 947 tuo
580 915 707 946 insurrexi
730 915 918 955 enoscuntur,
935 924 983 954 tu,
1008 915 1167 953 compulsus

107 956 282 994 indigentia,
305 955 339 985 δε
361 955 518 986 necessitate
539 954 670 992 coaetus,
686 954 812 985 ecclesias
823 955 857 986 &
869 955 993 993 personas
1005 953 1168 984 ecclesiasti-

110 1004 158 1026 cas
177 994 249 1062 (1ίᾶὶὶ
274 992 370 1031 Regni
387 1003 436 1032 per
449 993 639 1032 impositiones
655 992 690 1023 &
703 993 861 1024 exactiones
872 992 981 1023 illicitas
994 991 1104 1022 forsitan
1118 1002 1169 1030 ag-

136 1043 201 1063 rava
228 1042 251 1062 i:

112 1043 135 1072 g
150 1071 232 1109 Nos,
249 1070 419 1101 attendentes
434 1069 509 1108 quod
518 1077 548 1100 tu
559 1069 620 1107 jam
632 1068 753 1100 declinas
764 1069 799 1100 ad
821 1068 929 1100 senium
945 1091 955 1107 ,
980 1070 1014 1100 &
1028 1076 1170 1106 propterea

109 1107 187 1141 saluti
201 1118 257 1140 tuae
269 1108 345 1147 super
359 1109 412 1138 hiis
426 1107 571 1146 providere
586 1107 721 1138 salubriter
735 1107 921 1147 intendentes,
937 1115 1030 1138 totum
1043 1107 1077 1137 &
1089 1108 1170 1150 quic-

132 1147 199 1186 uid,
216 1157 264 1186 per
286 1147 477 1184 impositiones
490 1147 523 1178 δε
549 1146 705 1176 exac‘tiones
727 1145 886 1184 hujusmodi
902 1169 911 1184 ,
935 1155 984 1184 per
1003 1144 1048 1175 vel
1067 1145 1170 1183 aliurn,

108 1156 157 1217 ficu
178 1186 245 1217 alios
259 1184 424 1224 percepisti,
442 1184 486 1215 vel
502 1183 537 1215 ad
549 1192 577 1214 te
592 1184 657 1214 inde
669 1185 811 1222 pervenit,
828 1184 926 1215 eadem
941 1184 995 1214 tibi
1010 1183 1172 1214 auetorimte

111 1224 149 1255 de
171 1224 260 1262 gratia
282 1224 450 1254 remittimus
469 1224 502 1254 ὃς
521 1221 707 1253 concedimus
719 1222 867 1261 ampliori,
882 1222 1051 1253 absolventes
1063 1229 1108 1259 te,
1125 1231 1173 1252 au-

112 1264 241 1294 &oritate
258 1261 427 1329 praesatafifia
449 1261 570 1300 qualibet
583 1261 888 1292 excommunicationis
900 1259 1050 1296 sententia,
1066 1260 1172 1298 siquam

138 1312 169 1332 ro
189 1310 261 1332 terea
276 1311 371 1331 incurr
419 1323 425 1329 .

116 1312 137 1340 p
154 1312 205 1372 Tssu
224 1340 330 1378 itaque,
354 1338 411 1375 fili,
428 1335 632 1372 benignitatem
646 1335 770 1367 nostram
785 1336 889 1368 devota
903 1344 997 1367 mente
1011 1335 1174 1375 respiciens,

114 1387 150 1409 ac
172 1386 299 1410 mentem
320 1377 354 1407 &
365 1374 464 1405 oculos
482 1374 592 1410 erigens
605 1382 757 1404 reverenter
770 1375 805 1405 ad
820 1375 917 1405 Deum
926 1397 935 1413 ‚
952 1385 1019 1411 erga
1031 1374 1175 1413 praefatam

116 1425 218 1448 terram
237 1414 361 1447 sanctam
374 1412 453 1451 super
471 1412 525 1442 hiis
538 1411 577 1442 fic
590 1419 618 1442 te
633 1411 775 1443 liberalem
790 1414 935 1451 exhibeas,
953 1413 1046 1450 sicque
1062 1412 1128 1444 Deo
1141 1415 1175 1444 ὃς

118 1454 261 1492 ecclefiae,
287 1452 369 1483 matri
387 1459 460 1490 tuae,
477 1458 505 1481 te
518 1458 629 1493 gratum
641 1451 675 1481 &
688 1450 825 1482 devotum
841 1452 951 1482 intentis
966 1450 1061 1482 studiis
1075 1461 1176 1490 reprae-

119 1494 220 1530 senteS,
237 1490 317 1529 quod
332 1489 426 1527 dignis
440 1487 527 1520 attolli
541 1487 666 1519 laudibus
681 1489 817 1520 merearis.

154 1530 222 1563 Dat.
239 1530 364 1562 lateran.
381 1537 410 1568 4.
428 1527 469 1560 Id.
487 1526 602 1565 Martii,
618 1526 800 1560 Pontificatfis
814 1527 902 1559 nostri
915 1535 990 1560 anno
1005 1527 1133 1567 septimo.

1074 616 1167 640 totum

810 1609 865 1640 Sub
871 1608 925 1652 filo
942 1609 1064 1639 canabeo.

166 1746 219 1780 De
242 1756 339 1777 annno
358 1744 469 1789 Censu‚
504 1746 534 1775 in
553 1743 638 1786 cujus
647 1740 792 1786 sblutione
803 1743 875 1787 jam
886 1742 995 1786 fuerat
1009 1754 1063 1790 per
1076 1755 1134 1775 un-

399 1792 495 1825 decim
512 1802 603 1823 annos
617 1789 755 1835 ceffiztnm
767 1815 778 1833 ,
795 1789 950 1835 fiilvendo.

0 1901 50 1925 nn.
63 1889 103 1922 D.
124 1882 175 1945 B

0 1940 88 2004 §30²3
124 1970 191 1991 cam
205 1960 445 1991 benedifflonem.

0 2028 5 2034 ,
28 2018 50 2034 1,
67 2012 106 2034 Ex
162 1999 279 2037 Qanto
298 2008 365 2035 erga
381 1998 544 2028 Romanam
559 1995 714 2027 Ecclesiam
729 2004 848 2027 matrem
862 2004 942 2027 tuam
956 1996 1077 2028 uberiori
1090 1995 1179 2027 devo-

0 2049 84 2084 utogr.
123 2037 202 2068 tione
219 2037 352 2067 novimus
371 2045 399 2067 te
413 2035 533 2074 fervere,
551 2044 627 2066 tanto
643 2035 825 2065 sinceritatem
836 2042 914 2066 tuam
926 2035 960 2066 ad
971 2046 1020 2075 ea,
1037 2036 1067 2065 in
1081 2035 1180 2073 quibus

123 2075 221 2107 eidem
241 2074 368 2106 ecclesiae
389 2075 488 2106 teneris
500 2083 534 2104 ex
546 2073 659 2111 debito,
676 2071 848 2104 fiducialibus
860 2073 959 2104 nostris
971 2074 1065 2104 litteris
1075 2074 1180 2104 excita-

125 2124 205 2153 mus,
221 2113 354 2152 sperantes
367 2122 397 2144 ut
412 2123 448 2143 eo
460 2112 589 2143 libentius
604 2112 637 2143 &
652 2111 764 2142 liberius
775 2111 901 2143 debitum
916 2111 1180 2151 ipsumsolvas,quo

115 2162 158 2195 §ex
172 2153 229 2182 hoc
246 2152 373 2188 Regium
385 2152 523 2182 honorem
537 2150 680 2181 studiosius
693 2149 835 2189 prosequi,
852 2150 1112 2183 &benivolentiam
1118 2149 1181 2181 nos·

123 2199 196 2224 tram
210 2191 320 2220 uberius
335 2189 454 2221 nosceris
467 2190 627 2228 promereri.

164 2228 244 2259 Cum
259 2229 344 2265 igitur
357 2228 450 2258 census
462 2237 567 2259 annuus
582 2227 660 2258 mille
674 2225 858 2258 Marcharum
872 2227 1095 2267 sterlingorum,
1109 2228 1125 2258 a
1137 2234 1183 2266 te,

123 2267 195 2299 ficut
212 2266 305 2305 nosti,
323 2266 467 2305 praedietae
487 2266 617 2297 debeatur
634 2264 774 2296 ecclesiae:
795 2265 940 2305 Fueritque
953 2267 1014 2305 jam
1029 2276 1077 2305 per
1095 2265 1182 2297 unde-

125 2308 190 2337 cim
217 2305 313 2336 Annos
324 2328 335 2344 ‚
369 2306 499 2343 proxime
522 2304 673 2343 praeten'tos
685 2326 695 2342 ,
727 2305 757 2333 in
780 2304 860 2341 ipsius
877 2304 1013 2336 solutione
1032 2303 1184 2343 cessatum,

125 2345 162 2376 &
175 2345 261 2375 etiam
275 2353 327 2382 pro
341 2353 415 2374 anno
427 2342 568 2381 praesenti,
581 2341 759 2373 terminando
771 2342 800 2373 in
814 2344 945 2381 proximo
955 2342 1027 2375 festo
1039 2343 1113 2374 beati
1122 2341 1184 2374 Mi-

125 2382 229 2414 chaelis
242 2382 279 2413 de
291 2382 466 2420 Septembri,
481 2381 620 2412 debeatur.

165 2421 346 2452 Serenitatem
361 2419 487 2457 Regiam
499 2420 664 2458 requirimus
682 2419 716 2450 &
731 2427 865 2456 rogamus
876 2421 997 2459 attente,
1013 2429 1062 2458 per
1075 2419 1187 2458 aposto-

126 2458 183 2490 lica
196 2460 249 2490 tibi
262 2458 360 2496 scripta
372 2458 549 2496 mandantes,
566 2459 691 2496 quatinus
702 2457 824 2488 eundem
840 2459 954 2489 censum
962 2481 972 2497 ,
987 2468 1038 2496 pro
1050 2458 1187 2489 undecim

163 2497 285 2535 aedietis,
307 2497 340 2527 ὅς
354 2495 408 2526 isto
423 2495 563 2534 praesenti,
581 2495 688 2533 Annis,
704 2494 810 2526 dilecto
826 2495 900 2534 filio,
918 2495 1061 2533 Magistro
1075 2496 1189 2527 Bartho-

74 2555 78 2559 ·
139 2546 227 2568 omeo
245 2535 281 2566 de
303 2534 447 2573 Ferentin,
465 2533 616 2565 Canonico
637 2532 867 2573 Londoniarum,
884 2534 980 2565 Latori
994 2534 1190 2573 praesentium,

128 2574 226 2606 nostro
244 2574 278 2604 &
294 2572 438 2611 praedietae
453 2572 579 2604 ecclesiae
593 2573 729 2610 nomine,
745 2571 850 2602 sublato
864 2573 1001 2604 dilationis
1014 2573 1047 2605 &
1060 2572 1185 2604 difficul-

130 2615 193 2645 tatis
207 2613 292 2642 obice
301 2634 311 2649 ,
326 2611 410 2642 facias
425 2613 532 2649 integre
546 2620 581 2642 ac
594 2610 739 2641 liberaliter
748 2609 898 2650 affignari3

167 2651 208 2682 Ita
230 2650 324 2689 quod,
347 2649 376 2679 id
399 2658 508 2686 gratum
532 2650 682 2688 habentes,
704 2647 951 2688 Magnificentiam
964 2658 1041 2682 tuam
1057 2649 1191 2688 poffimus

128 2690 198 2721 inde
209 2689 315 2719 merito
331 2688 543 2720 commendare.

176 1881 326 1914 Onisacius
340 1881 512 1921 Episcopus,
527 1880 617 1912 servus
628 1880 770 1912 servorum
784 1877 859 1917 Dei,
875 1879 1055 1912 cariffimoin
1064 1879 1182 1911 Christo

194 1921 252 1952 filio
271 1920 367 1952 nostro
525 1919 604 1958 Regi
619 1919 734 1958 Angliae
748 1916 860 1956 illustri,
875 1918 989 1950 salutem
1002 1920 1035 1951 &
1048 1919 1180 1958 apostoli-

142 2743 145 2748 *
165 2770 233 2803 Dat.
252 2769 376 2801 Lateran.
397 2778 441 2810 15.
460 2768 524 2801 Kal.
542 2768 662 2809 Aprilis,
679 2767 862 2802 Pontificatsis
875 2770 963 2802 nostri
974 2779 1050 2803 anno
1063 2769 1193 2810 septimo.

0 2901 114 2939 ¹11·383·
156 2905 178 2927 ’⁶
201 2903 260 2940 Ad
273 2902 467 2937 traffandnm
484 2916 553 2938 cum
574 2905 704 2937 Nunciis
720 2907 807 2952 Regis
824 2906 955 2938 Franciae
975 2903 1064 2950 fhper
1084 2905 1161 2935 Pace

573 2964 643 2986 cnm
665 2957 770 2987 Scotis.

0 3055 60 3087 mn·
73 3053 114 3085 D,
134 3041 261 3100 REX
276 3042 428 3087 omnibus,
443 3041 479 3085 ad
493 3050 579 3081 quos,
595 3042 657 3074 &e
674 3042 796 3074 salutem.
814 3083 818 3088 ,

3 3103 88 3134 1301,
175 3120 215 3151 bil
227 3081 352 3150 Noyggit
365 3083 520 3113 universitas
531 3079 620 3113 vestra
633 3081 711 3120 quod
725 3092 777 3114 nos
791 3080 909 3113 dileetos
923 3081 957 3112 &
972 3079 1064 3111 fideles
1076 3080 1194 3120 nostros,

0 3136 37 3161 ln.
54 3143 98 3167 29.
136 3131 175 3152 ΠΟ
216 3130 244 3152 &⁶
257 3130 300 3151 Vlr
337 3141 348 3158 2

0 3176 117 3237 ''i'zeirlfff‘

0 3252 76 3282 9213.
95 3256 119 3275 i.

0 3293 22 3312 υ.
44 3294 70 3319 7.

175 3201 336 3241 Johannem
351 3203 480 3231 Comitem
499 3201 661 3239 Wiirennae‚

176 3241 325 3270 Guidonem
346 3241 376 3270 de
387 3237 464 3268 Bello
479 3241 576 3277 Campo
588 3243 658 3268 Com.
666 3241 756 3269 Warr.

176 3278 360 3317 Judomarum
378 3278 409 3307 de
432 3276 561 3306 Valentia
576 3297 587 3314 ,

176 3316 335 3354 Johannem
348 3317 379 3345 de
391 3316 489 3344 Sanan
508 3315 653 3353 Johanne,
671 3312 709 3349 ὦ·

178 3357 318 3393 Hugonem
331 3355 363 3385 de
376 3356 456 3391 Veer,
470 3353 592 3392 Milites,

176 3433 300 3465 Nostros
318 3433 452 3465 Nuncios
468 3433 596 3472 speciales
614 3432 792 3471 ordinamus,
816 3433 999 3479 affignamtis,
1023 3436 1064 3480 &¹
1080 3435 1197 3467 facimus

141 3483 191 3512 ¹³⁶¹
213 3472 437 3542 Ριξῗὲἳῖἑῗὲὖξὲὶ
450 3470 675 3546 ἱξῗυῗὲῗὲᾛὲ
722 3480 863 3547 Εὲἕῐῗὲῗέ
871 3473 1198 3544 ἓῗὲἒὲωῆῖὲέξὲῗὲἰ

141 3521 335 3592 ἓῗὲὒὶυίὶήξ,
351 3547 386 3578 ad
400 3548 571 3592 quindenam
578 3532 647 3585 'post
660 3547 760 3579 instms
773 3546 877 3579 festum
890 3523 1026 3590 Paschgs:
1036 3551 1108 3590 apud
1122 3550 1199 3583 Can-

140 3597 208 3620 tuar.
224 3587 329 3618 duxerit
337 3585 520 3617 destinandos.

179 3627 226 3658 Ac
240 3627 324 3657 etiam
338 3624 544 3663 ordinandum,
560 3623 804 3667 conveniendum,
819 3625 854 3656 δε
867 3626 1114 3666 consentiendum,
1130 3637 1200 3660 cum

143 3665 249 3696 eisdem
272 3664 436 3695 hominibus
453 3663 486 3694 &
499 3662 624 3694 Nunciis
634 3662 706 3693 dieti
720 3662 826 3702 Regis,
842 3663 918 3702 super
928 3666 1123 3698 emendatione
1137 3668 1200 3697 ino-

142 3703 362 3739 bedientiarum,
386 3701 587 3739 rebellionum,
605 3709 838 3740 contemptuum,
854 3703 1111 3744 transgressionum,
1128 3705 1200 3744 inju-

146 3743 249 3773 riarum
257 3764 266 3780 ,
283 3738 444 3771 excessuum
459 3740 493 3770 &
505 3739 693 3782 dampnorum
727 3741 808 3770 nobis
820 3741 956 3772 &nostris
964 3743 1122 3780 perdidtam
1131 3753 1201 3780 gen-

146 3788 204 3810 tem
226 3780 332 3811 Scotiae
349 3778 504 3815 illatorum,
527 3787 561 3808 ac
583 3784 669 3808 etiam
691 3762 769 3816 super
783 3779 840 3810 aliis
853 3781 1080 3818 contingentibus
1092 3781 1200 3813 diuam

143 3828 290 3887 paRantlim
311 3856 430 3887 habituri
450 3855 483 3886 &
499 3838 617 3885 ¹firmum
637 3855 772 3892 quicquid
791 3864 892 3887 omnes
907 3856 1052 3896 praediffl,
1065 3858 1203 3897 Johannes

148 3892 265 3932 Guido,
287 3894 479 3932 Audornarus,
500 3892 638 3932 johannes
651 3892 687 3923 de
698 3892 1002 3939 SanctolohanneQ&
1013 3896 1120 3941 Hugo,
1136 3907 1203 3936 qua-
1221 3908 1223 3910 ·

147 3940 211 3974 tuor
255 3932 302 3963 vel
321 3940 372 3963 tres
393 3931 533 3971 ipsorum,
555 3929 651 3962 nostro
670 3933 804 3972 nomine,
820 3942 852 3964 in
863 3932 1011 3973 praemiffis
1023 3934 1150 3968 duxennt
1161 3935 1202 3968 fa-

148 3979 213 4000 Cless
233 3978 291 4000 Um.

187 4007 220 4037 In
234 4008 327 4047 cujus,
342 4009 402 4040 &c.

188 4086 248 4117 Dat
259 4088 332 4125 apud
345 4088 476 4120 Lincoln.
495 4099 520 4120 1.
537 4087 585 4120 die
598 4087 703 4120 Martii.

189 4127 261 4156 Tom.
280 4129 304 4156 I.
325 4129 356 4157 P.
375 4131 421 4158 IV.

2234 241 2264 277 9

2285 337 2361 367 Ann.
2375 335 2416 367 DJ

2324 385 2389 415 30¹·

2322 425 2350 441 U.
2372 418 2395 441 1·

1206 415 1264 449 Ad
1286 418 1405 451 Literas
1428 423 1510 467 Papae
1529 421 1694 455 antedifbas
1713 424 1877 469 Responsio,
1906 423 2108 459 declaratoria
2124 427 2160 460 de
2177 429 2263 477 Jure
2284 385 2321 441 ΕΞ

1525 473 1613 517 Regis
1629 470 1672 502 ad
1685 474 1819 518 Regnum
1836 476 1944 506 „scotiae

1206 563 1240 613 ς
1252 563 1424 595 Αηᾶἰίῖῐῐηο
1443 567 1473 597 in
1494 565 1610 597 Christo
1632 566 1721 610 Patri,
1747 568 1880 600 Domino
1894 569 1924 601 Β.
1942 571 2051 603 Divina
2064 572 2241 606 Providentifi
2294 587 2314 617 A
2375 587 2415 617 Ι)

1206 604 1234 618 a„
1259 602 1371 633 Sanstae
1392 603 1549 646 Romanae,
1575 615 1608 636 ac
1631 605 1801 636 Universalis
1822 607 1954 639 Ecclesiae
1975 610 2096 642 Summo
2112 598 2260 644 Pontifici²
2289 612 2298 617 “
2317 597 2363 642 Γὶη
2407 611 2414 617 ’

1204 637 1373 684 Edwardus,
1394 642 1521 685 ejusdem
1541 643 1644 682 gratia,
1661 643 1724 673 Rex
1739 644 1870 683 Angliae,
1890 645 2032 678 Dominus
2045 650 2189 682 l-liberniae
2225 636 2259 683 &⁷
2280 636 2320 692 At
2331 635 2393 684 ³?1‘

1204 676 1273 707 Dux
1286 678 1461 722 Aquitaniae,
1477 680 1578 712 devota
1591 681 1700 712 Pedum
1714 682 1806 712 oscula
1818 684 1970 715 beatorum.
2198 675 2207 689 ²
2307 676 2332 692 '²'
2347 676 2392 723 ’νζ

1242 715 1430 760 Infrascripta,
1459 729 1517 749 non
1531 720 1560 749 in
1573 719 1667 750 forma
1681 730 1735 750 nec
1750 721 1779 750 in
1792 720 1881 757 figura
1891 722 2007 760 judicii,
2026 723 2063 754 set
2073 728 2196 757 omnino
2209 737 2257 758 ex-
2283 708 2315 769 ἔν’]
2332 708 2416 766 [Δΐ

1203 758 1242 781 Ua
1263 753 1418 799 judicium,
1436 766 1499 800 *pro
1512 757 1655 801 serenanda
1668 758 1779 789 San&ae
1794 758 1962 790 Paternitatis
1973 760 2071 791 vestrae
2086 764 2258 797 conscientia
2286 789 2293 806 χ
2306 750 2417 804 ”-Ῐ,9’ω’

1204 792 1286 821 vobis
1297 792 1674 826 transimttimusexhibenda.
2302 802 2307 806 '
2321 793 2356 805 '⁴'
2412 798 2417 803 ”

1238 829 1398 874 ,ΑΙιίΠῑῐῃυῖς
1420 833 1558 877 inspecstor
1577 834 1708 864 cordium
1729 834 1831 865 nostrae
1844 834 1947 866 scrinio
1960 839 2109 868 memoriae
2122 839 2257 873 indelibili
2282 817 2315 851 (J
2329 827 2346 852 9
2353 817 2404 844 ’ἄρ’

1203 866 1274 898 Stilo
1288 876 1369 912 novit
1382 869 1510 913 inscribi,
1528 871 1604 909 quod
1617 872 1810 903 Anteceffores
1823 874 1856 904 &
1871 873 2064 911 progenitores
2079 877 2181 915 nostri,
2200 879 2258 910 Re-

1204 915 1255 943 ges
1274 904 1412 951 Angliae,
1424 917 1485 946 Jure
1500 909 1652 947 Superioris
1670 911 1704 940 &
1723 910 1823 941 direeti
1846 911 1997 950 Dominii,
2015 915 2051 944 ab
2066 916 2259 954 antiquissimis

1205 945 1280 974 retro
1293 946 1482 989 temporibus,
1500 947 1606 984 Regno
1617 947 1745 987 Scotiae,
1756 949 1789 978 δε
1802 949 1881 987 ipsius
1896 950 2039 991 Regibus,
2056 953 2087 983 in
2099 956 2261 993 temporali-

1204 983 1256 1013 bus
1291 982 1325 1012 &
1338 992 1448 1014 annexis
1457 984 1580 1023 eisdem,
1597 985 1777 1023 praefuerunt:

1241 1004 1278 1051 Ejt
1298 1020 1335 1064 ab
1354 1020 1459 1052 eisdem
1480 1022 1625 1061 Regibus,
1649 1034 1701 1061 pro
1723 1023 1829 1061 Regno
1844 1024 1966 1064 Scotiae,
1984 1029 2017 1058 &
2029 1029 2152 1066 ejusdem
2166 1029 2265 1069 Regni

1206 1059 1386 1102 proceribus,
1409 1060 1425 1089 a
1447 1061 1547 1098 quibus
1570 1061 1671 1093 habere
1689 1062 1837 1101 volebant,
1856 1063 1924 1100 ligia
1937 1064 2070 1103 homagia
2084 1068 2116 1098 &
2130 1067 2266 1101 fidelitatis

1203 1105 1358 1136 juramenta
1373 1106 1549 1135 receperunt:

1245 1133 1282 1166 Et
1302 1144 1371 1173 nos,
1390 1136 1458 1174 juris
1473 1136 1507 1167 δε
1526 1137 1663 1168 Dominii
1680 1137 1878 1177 possessionem
1891 1141 2080 1173 continuantes
2091 1145 2269 1185 hujusmodi,

1207 1182 1261 1243 go
1281 1180 1410 1217 tempore
1424 1173 1542 1218 nostro,
1564 1176 1664 1220 eadem
1685 1186 1744 1208 tarn
1767 1178 1783 1208 a
1803 1177 1888 1216 Rege
1900 1178 2022 1218 Scotiae,
2040 1182 2125 1218 quarn
2138 1184 2173 1214 ab
2188 1185 2268 1222 ipsius

1239 1221 1308 1249 egni
1322 1212 1483 1250 proceribus
1495 1223 1661 1252 recepimus.

1245 1250 1518 1294 Qiinimmopnta
1538 1253 1607 1291 juris
1625 1253 1660 1284 &
1680 1251 1814 1284 Dominii
1835 1256 2021 1293 praerogativa
2042 1256 2119 1295 super
2132 1257 2269 1296 Regnum

1209 1287 1332 1332 Scotiae,
1357 1289 1392 1318 &
1410 1299 1427 1319 e
1438 1288 1533 1320 usdem
1551 1290 1662 1332 Reges,
1681 1292 1854 1332 gaudebant,
1872 1294 1947 1332 quod
1963 1293 2100 1332 Regnum
2114 1296 2205 1334 ipsum
2219 1298 2271 1328 suis

1210 1326 1337 1370 fidehbus
1357 1336 1414 1357 con
1428 1328 1554 1360 erebant:
1580 1329 1676 1367 Reges
1695 1331 1781 1361 etiam
1795 1341 1829 1362 ex
1845 1332 1929 1363 causis
1940 1331 2019 1372 justis
2032 1335 2219 1373 amoveban13
2235 1336 2269 1368 ὃς

1211 1365 1411 1397 constituerunt
1424 1365 1473 1396 sub
1486 1365 1530 1406 se,
1546 1367 1614 1403 loeo
1627 1368 1769 1407 ipsorum,
1785 1370 1852 1401 alios
1868 1378 2036 1407 regnaturos.

1241 1403 1330 1448 'Qae
1349 1404 1536 1449 proculdubio
1554 1407 1592 1450 ab
1608 1408 1722 1445 antiquo
1740 1409 1847 1439 notoria
1867 1408 1992 1446 fuerunt,
2007 1410 2040 1441 ὃς
2054 1410 2189 1450 existunt,
2205 1411 2272 1444 licet

1212 1441 1286 1486 aliud
1308 1441 1511 1485 forte-patemis
1524 1445 1633 1475 auribus
1638 1467 1649 1483 ,
1685 1455 1714 1475 er
1727 1447 1802 1484 pacis
1816 1447 1952 1486 aemulos,
1968 1448 2002 1478 &
2016 1449 2171 1480 rebellionis
2184 1449 2275 1489 filios,

1213 1479 1296 1524 fuerit
1306 1477 1371 1510 falsa
1383 1480 1564 1514 insinuatione
1575 1483 1647 1527 sugg
1665 1522 1669 1527 ἡ
1708 1493 1756 1521 m,-
1776 1494 1897 1523 quorum
1912 1486 2072 1518 machinosa
2084 1488 2117 1518 ὃ(
2132 1490 2271 1526 imagina-

1214 1528 1254 1549 ria
1267 1517 1403 1555 figmenta
1413 1518 1502 1550 vestra
1514 1521 1687 1559 provrdentia
1698 1522 1854 1559 quaesumus
1865 1523 2025 1562 aspernetur.

1253 1556 1314 1588 Sub
1330 1558 1501 1596 temporibus
1521 1560 1555 1590 ita
1576 1570 1610 1590 ue
1627 1559 1679 1601 Ely
1702 1560 1735 1591 δε
1752 1560 1887 1592 Samuelis
1905 1562 2067 1601 Prophetae,
2092 1565 2135 1595 vir
2155 1565 2270 1604 quidam

1217 1594 1338 1640 strenuus
1358 1596 1392 1627 ὃς
1411 1596 1541 1640 insignis,
1581 1606 1654 1630 rutus
1666 1599 1800 1638 nomine,
1817 1599 1853 1630 de
1866 1610 1967 1637 genere
1982 1601 2187 1641 Trojanorum,
2209 1604 2271 1641 post

1215 1634 1360 1678 excidium
1372 1635 1446 1666 urbis
1452 1634 1551 1674 Trojae
1561 1659 1572 1675 ,
1584 1646 1653 1668 cum
1668 1636 1761 1668 multis
1773 1638 1912 1670 nobilibus
1918 1639 2108 1677 Troianorum
2117 1665 2127 1680 ,
2141 1642 2276 1680 applicuit

1216 1683 1247 1703 in
1261 1672 1401 1711 quandam
1413 1672 1549 1714 Insulam,
1566 1683 1634 1706 tunc
1648 1675 1754 1706 Albion
1767 1685 1913 1715 vocatam,
1933 1678 1949 1707 a
1964 1679 2125 1716 gigantibus
2138 1681 2276 1711 inhabita-

1219 1718 1291 1755 tam:
1314 1711 1427 1751 Qiibus
1441 1711 1535 1754 sua&
1548 1713 1661 1744 suorum
1673 1713 1790 1745 devietis
1803 1716 1925 1752 potentia
1933 1738 1944 1754 ,
1962 1716 1995 1747 δε
2009 1717 2126 1756 occisis,
2140 1729 2203 1749 earn
2220 1722 2279 1748 υθέ

1216 1758 1296 1793 mine
1314 1749 1566 1794 suo-Britanniam,
1584 1751 1727 1790 sociosque
1744 1753 1804 1783 suos
1818 1753 1941 1784 Britones
1952 1755 2114 1795 appellavit3
2140 1757 2173 1788 &
2187 1756 2275 1787 aedifi-

1217 1796 1292 1831 cavit
1307 1787 1462 1833 CiVitatem
1481 1798 1569 1827 quam
1582 1790 1792 1823 Trinovantum
1812 1794 2001 1832 nuncupavit,
2017 1803 2082 1832 quae
2095 1796 2187 1826 modo
2197 1795 2276 1826 Lon-

1215 1825 1302 1857 donia
1315 1836 1482 1859 nominatur.

1254 1864 1290 1895 Et
1302 1864 1396 1909 postea
1410 1866 1547 1910 Regnum
1560 1866 1639 1899 suum
1651 1868 1736 1900 tribus
1750 1868 1811 1900 filiis
1823 1868 1875 1900 suis
1887 1868 1993 1901 divisit:
2012 1870 2147 1910 Scilicet,

1237 1902 1383 1972 1·L{³19¹¹·”⁰
1403 1908 1612 1946 primogenito,
1629 1906 1706 1939 illam
1727 1915 1835 1946 partem
1857 1908 2021 1949 Britanni-x,
2039 1920 2104 1949 quae
2118 1920 2194 1941 nunc
2215 1910 2275 1942 An-

1215 1950 1272 1979 gia
1307 1951 1402 1973 icitur:

1251 1979 1296 2024 Et*
1310 1979 1467 2014 Albanae'to
1481 1983 1604 2016 secundo
1621 1992 1704 2023 natu,
1723 1985 1801 2017 illam
1814 1995 1922 2024 pmem
1944 1995 2008 2025 quae
2022 1993 2089 2017 tunc
2100 1986 2237 2026 Albania,
2256 1988 2272 2018 a

1215 2027 1335 2050 nomine
1350 2020 1512 2062 Albanaeti,
1531 2033 1607 2054 nunc
1620 2026 1691 2054 vero
1698 2024 1792 2055 Scotia
1800 2031 1983 2063 nuncupatur:

1252 2057 1290 2101 Et
1310 2056 1438 2091 Cambro
1452 2060 1511 2092 filio
1532 2062 1637 2092 minori
1673 2071 1779 2099 partem
1802 2064 1895 2102 illam,
1914 2064 2031 2094 nomine
2042 2062 2091 2094 suo
2103 2070 2170 2094 tunc
2186 2062 2276 2095 Carn-

1217 2095 1276 2127 bria
1291 2106 1422 2129 vocatam
1457 2109 1521 2136 quae
1534 2110 1609 2131 nunc
1625 2084 1729 2131 Wauia
1742 2103 1895 2141 vocitatur,

1254 2135 1274 2155 ’¹‘
1293 2132 1442 2169 Reservata
1464 2137 1591 2168 [nerino
1603 2138 1713 2169 Seniori
1726 2138 1822 2177 Regia
1835 2140 1979 2177 dignitate.

1254 2172 1368 2213 Iraque,
1386 2175 1502 2207 biennio
1516 2176 1578 2215 post
1591 2185 1715 2208 mortem
1728 2177 1822 2216 Bruti,
1841 2179 1973 2217 applicuit
1986 2179 2016 2209 iri
2030 2178 2149 2210 Albania
2163 2179 2278 2218 quidam

1220 2210 1285 2257 Rex
1297 2212 1465 2256 Hunorum,
1484 2216 1603 2246 nomine
1614 2215 1764 2255 Humber,
1782 2217 1817 2247 &
1831 2217 2019 2248 Albanan
2033 2217 2146 2249 fratrem
2163 2219 2280 2249 Locrini

1219 2250 1345 2295 occidit,
1364 2262 1422 2290 quo
1434 2253 1528 2284 audito
1541 2253 1696 2292 Locrinus,
1715 2253 1779 2285 Rex
1792 2255 1956 2294 Britonum,
1973 2254 2127 2293 persecutus
2141 2256 2182 2287 est
2197 2267 2282 2288 eum:

1220 2288 1428 2360 &353¹ss
1433 2291 1854 2364 asffiffissaffleffiffir
1860 2292 2182 2362 Ziffisseffic‘ssiilffmsm
2188 2295 2285 2326 Hum‘

1255 2366 1330 2399 Item
1343 2390 1354 2406 ,
1378 2352 1531 2400 D⁹unwallo
1543 2392 1553 2408 ,
1571 2369 1634 2399 Rex
1656 2368 1802 2400 Britonum
1815 2393 1825 2408 ,
1845 2370 2008 2408 Staterium,
2027 2358 2284 2410 RegemScotiaeJ

1224 2403 1276 2436 sibi
1288 2405 1421 2437 rebellem
1433 2407 1559 2445 occidit,
1573 2408 1606 2438 &
1620 2415 1720 2438 terram
1733 2409 1792 2446 ejus
1803 2409 1833 2438 in
1845 2407 2018 2438 deditionem
2033 2409 2146 2446 recepit.

1259 2443 1350 2482 Item,
1366 2444 1424 2476 duo
1436 2444 1487 2475 filii
1502 2444 1710 2483 Dunwallonis,
1726 2445 1850 2486 scilicet,
1866 2445 1975 2477 Belinus
1987 2446 2022 2477 &
2036 2446 2168 2478 Brennius
2181 2469 2192 2485 ,
2210 2448 2283 2478 inter

1223 2480 1252 2512 se
1265 2481 1402 2520 Regnum
1420 2482 1504 2514 Patris
1516 2483 1556 2514 sui
1568 2483 1726 2514 diviserunt.

1260 2519 1302 2550 Ita
1315 2520 1516 2564 quodsseiinus
1529 2521 1629 2552 Senior
1641 2521 1782 2553 Diadema
1794 2520 1907 2561 Insulae,
1915 2532 1983 2554 cum
1997 2522 2286 2564 Britannia,Wania,

1226 2558 1261 2589 &
1275 2557 1423 2589 Comubia
1435 2559 1596 2597 possideret:

1263 2596 1396 2641 Brennius
1420 2600 1505 2637 vero,
1539 2597 1590 2629 sub
1607 2608 1643 2629 eo
1662 2606 1835 2638 regnaturus,
1859 2598 1986 2631 Scotiam
2001 2602 2152 2638 acciperet:
2171 2599 2286 2632 Petebat

1227 2644 1307 2679 enim
1319 2635 1443 2674 TroJana
1458 2635 1645 2676 consuetudo,
1663 2644 1693 2668 ut
1703 2637 1823 2675 dignitas
1834 2638 2008 2669 Haereditatis
2021 2640 2213 2677 primogenito
2221 2648 2285 2677 pro*

1229 2683 1307 2704 venir
1336 2697 1344 2705 .

1266 2681 1358 2757 stein,
1385 2712 1581 2758 ArturussRex
1597 2713 1763 2754 Britonum,
1782 2713 1914 2754 Princeps
1927 2714 2137 2755 famosissimus,
2156 2715 2284 2746 Scotiam

1231 2750 1283 2782 sibi
1303 2751 1435 2783 rebellem
1454 2752 1588 2792 subjecit,
1614 2754 1647 2784 &
1704 2763 1738 2784 ne
1755 2762 1844 2784 totam
1865 2761 1980 2791 gentem
2000 2754 2116 2785 delevit:
2144 2753 2180 2785 Et
2193 2753 2288 2793 postea

1231 2789 1401 2829 quemdam,
1417 2791 1536 2822 nomine
1551 2790 1663 2829 Anguse
1693 2802 1741 2830 m,
1760 2793 1790 2822 in
1802 2792 1916 2829 Regem
1933 2792 2037 2824 Scotiae
2050 2793 2186 2831 praefecit.

1269 2827 1306 2860 Et
1326 2828 1397 2859 cum
1411 2829 1505 2867 postea
1519 2829 1598 2861 idem
1610 2829 1673 2860 Rex
1686 2829 1799 2861 Arturus
1811 2830 1882 2868 apud
1899 2829 2054 2861 Civitatem
2066 2831 2231 2868 Legionum
2244 2830 2287 2862 fe-

1234 2865 1309 2898 stum
1328 2866 1432 2899 faceret
1449 2867 1652 2899 celeberimum
1692 2868 1870 2899 interfuerunt
1889 2868 1997 2899 ibidem
2009 2878 2108 2899 omnes
2120 2879 2214 2906 reges,
2234 2869 2286 2900 sibi

1232 2904 1368 2949 subjedfi,
1390 2907 1462 2936 inter
1477 2916 1546 2945 quos
1563 2890 1734 2944 Anguselus,
1753 2906 1815 2937 Rex
1827 2906 1947 2945 Scotiae,
1963 2906 2103 2938 servitium
2117 2916 2167 2945 pro
2182 2907 2290 2944 Regno

1233 2943 1339 2974 Scotiae
1352 2944 1484 2975 exhibens
1497 2944 1641 2983 debitum,
1661 2944 1786 2981 gladium
1799 2944 1888 2982 Regis
1903 2945 1997 2975 Amiri
2009 2944 2105 2975 detulit
2111 2954 2174 2977 ante
2181 2945 2290 2985 ipsum,

1233 2981 1428 3051 fcbsucsseffive
1443 2992 1546 3013 ornnes
1558 2981 1654 3020 Reges
1665 2982 1771 3015 Scotiae
1784 2983 1915 3014 omnibus
1928 2983 2055 3022 Regibus
2062 2983 2208 3015 Britonum
2214 2983 2291 3016 fuere

1245 3031 1261 3051 u
1292 3031 1325 3051 ec
1340 3031 1359 3051 i.

1293 3058 1491 3090 uccedentibus
1503 3066 1598 3090 autem
1612 3058 1742 3097 Regibus
1756 3059 1870 3097 Angliae
1884 3060 1913 3089 in
1926 3059 2061 3098 praedicta
2074 3059 2180 3099 Insula,
2197 3061 2230 3092 &
2246 3061 2291 3099 ip-

1234 3096 1285 3128 fius
1302 3097 1502 3129 Monarchiarn
1521 3098 1554 3129 &
1567 3097 1742 3128 Dominium
1752 3099 1939 3136 optinentibus
1951 3097 2155 3138 subsequenter,
2174 3098 2290 3130 Edwar-

1234 3136 1302 3174 dus,
1321 3136 1412 3167 dietus
1433 3136 1547 3174 Senior,
1570 3135 1639 3166 filius
1653 3135 1763 3167 Eluredi
1776 3136 1865 3174 Regis
1872 3136 2003 3175 Angliae,
2020 3136 2292 3176 Scotorum,Cum-

1234 3175 1369 3213 brorum,
1393 3175 1426 3205 &
1446 3174 1535 3212 Streg.
1560 3173 1720 3205 Wallorum
1740 3174 1834 3212 Reges
1847 3175 1914 3213 sibi,
1932 3183 2064 3214 tanquam
2081 3175 2212 3215 superiori
2227 3174 2291 3205 Do-

1236 3214 1334 3252 mino,
1352 3212 1488 3252 subjeetos
1502 3213 1596 3243 habuit
1610 3213 1644 3242 &
1661 3211 1817 3243 submissos.

1273 3251 1436 3283 Adelstanus
1441 3251 1503 3282 Rex
1510 3250 1623 3288 Angliae
1629 3249 1846 3282 Constantinum
1858 3251 2010 3283 Scotorum
2023 3252 2073 3284 sub
2079 3251 2105 3283 se
2112 3259 2290 3289 regnaturum

1235 3289 1403 3358 esquilinum
1429 3289 1525 3321 dicens
1537 3311 1548 3328 ,
1577 3288 1719 3327 gloriosius
1739 3289 1780 3320 est
1801 3289 1916 3329 Regem
1934 3290 2025 3322 facere
2039 3313 2049 3329 ,
2075 3291 2160 3330 quam
2174 3289 2290 3327 Regem

1235 3337 1252 3358 e
1276 3339 1299 3359 e.

1274 3366 1311 3398 Et
1329 3367 1370 3398 est
1391 3367 1510 3406 dignum
1530 3366 1688 3405 memoria,
1713 3367 1788 3405 quod
1807 3366 1885 3397 idem
1908 3366 2084 3404 Adelstanus,
2103 3366 2291 3398 intercedente

1235 3404 1341 3436 saneto
1361 3406 1487 3446 Johanne
1506 3406 1540 3436 de
1563 3404 1712 3436 Beverlaco
1724 3428 1734 3444 ‚
1758 3405 1900 3444 quondam
1914 3405 2133 3443 Archiepiscopo
2140 3404 2288 3443 Eborum,

1236 3443 1337 3475 Scotos
1357 3444 1512 3476 rebellantes
1533 3444 1558 3474 ei
1579 3443 1743 3482 dimicavit,
1767 3445 1832 3482 qui,
1852 3444 1949 3481 gratias
1960 3443 2062 3473 devote
2074 3452 2173 3481 agens,
2192 3442 2291 3473 Deum

1237 3482 1377 3522 exoravit,
1395 3491 1489 3521 petens
1501 3482 1641 3521 quatinus,
1658 3482 1858 3513 interveniente
1872 3481 2096 3520 boetoJohanne,
2115 3480 2166 3511 sibi
2179 3480 2291 3519 aliquod

1237 3519 1352 3559 fignum
1370 3521 1483 3552 evidens
1503 3519 1675 3558 ostenderet,
1700 3522 1824 3558 quatinus
1842 3528 1900 3551 tarn
1914 3519 2106 3557 succedentes,
2122 3519 2207 3556 quam
2220 3529 2293 3557 prae-

1238 3558 1323 3591 sentes
1336 3560 1507 3597 cognoscere
1522 3557 1645 3597 possent,
1665 3558 1765 3589 Scotos
1778 3558 1937 3596 Anglorum
1951 3557 2058 3595 Regno
2068 3558 2129 3595 jure
2140 3556 2293 3595 subjugari:

1239 3596 1283 3628 Ed
1298 3597 1394 3629 videns
1407 3597 1538 3636 quosdam
1552 3597 1679 3635 scopulos
1711 3598 1786 3635 juxm
1799 3596 1938 3635 quendam
1944 3595 2039 3639 locum
2046 3605 2097 3633 pro
2117 3604 2146 3638 re
2152 3594 2293 3639 Dumbar.

1238 3635 1392 3675 in-Scotici,
1410 3637 1582 3674 prominere,
1600 3619 1833 3679 extragtogladio
1844 3634 1879 3665 dc
1886 3605 2291 3678 vaginapercussitinsilicem:

1242 3674 1338 3713 Qiila
1360 3676 1380 3704 is
1416 3674 1546 3705 adi&um
1556 3673 1658 3710 gladn,
1678 3673 1736 3703 Dei
1744 3680 1967 3710 Virtuteagente,
1985 3680 2021 3702 ita
2029 3679 2152 3710 cavatur,
2172 3679 2202 3702 ut
2210 3681 2292 3702 men-

1238 3712 1297 3744 sura
1346 3698 1397 3743 na:²
1410 3711 1580 3754 longitudini
1634 3711 1676 3741 ffit
1691 3721 1743 3741 coa
1803 3712 1826 3740 i:
1845 3710 1881 3741 Et
1892 3710 1968 3777 cuius
1983 3710 2021 3740 rei
2033 3709 2166 3753 hadienus
2178 3709 2292 3754 evidens

1241 3751 1352 3788 signum
1365 3759 1487 3789 apparet,
1505 3751 1538 3780 δε
1551 3759 1580 3779 in
1616 3749 1731 3780 everlac.
1794 3749 1874 3779 clesia
1882 3750 1910 3778 in
1934 3748 2042 3784 egenda
2056 3748 2290 3787 SanetiJohannis

1241 3790 1313 3827 quasi
1327 3790 1437 3826 singulis
1448 3787 1611 3818 ebdomadis
1625 3798 1673 3825 per
1685 3787 1819 3825 Annum,
1839 3787 1872 3817 ad
1885 3786 1993 3816 laudem
2008 3785 2186 3817 &honorem
2194 3786 2290 3817 Saneti

1238 3828 1371 3867 Johannis
1391 3850 1401 3866 ,
1439 3836 1489 3864 pro
1519 3827 1656 3856 miraculo
1683 3827 1810 3857 recitatur
1825 3835 1830 3854 :
1864 3824 1899 3856 Et
1923 3824 1958 3854 de
1984 3824 2041 3854 hoc
2065 3824 2150 3855 exstat
2177 3824 2294 3855 celebris

1242 3867 1395 3904 memoria,
1418 3873 1475 3899 tam
1496 3865 1526 3894 in
1547 3863 1670 3904 Anglii,
1695 3864 1781 3903 quam
1801 3864 1830 3893 in
1852 3862 1967 3901 Semta,
1984 3863 2066 3901 usque
2080 3863 2114 3894 ad
2129 3863 2292 3901 praesentem

1242 3904 1354 3973 dlesigni
1367 3964 1378 3981 ,
1403 3940 1601 3972 Constantinus
1622 3939 1686 3970 Rex
1705 3939 1867 3982 Scottorum
1881 3961 1891 3976 ‚
1913 3939 1947 3969 ὃ(
1967 3937 2109 3976 Eugenius
2123 3938 2187 3969 Rex
2200 3938 2294 3970 Cum-

1241 3982 1373 4018 brorum,
1390 3979 1424 4010 ad
1443 3978 1609 4017 praedidtum
1631 3977 1745 4014 Regem
1768 3977 1881 4015 Angliae
1896 3976 2076 4007 Adelstanum
2089 4000 2099 4016 ,
2115 3977 2178 4016 post
2191 3978 2293 4020 aliqua-

1242 4020 1301 4050 lem
1314 4018 1510 4049 dissentionem
1525 4018 1595 4047 inter
1607 4026 1654 4047 eos
1666 4016 1805 4054 habitam,
1825 4017 1966 4046 venientes
1998 4014 2025 4045 se
2037 4026 2106 4046 cum
2120 4016 2171 4047 suis
2184 4015 2294 4052 Regius

1242 4058 1337 4088 eidem
1353 4055 1502 4088 Adelstano
1518 4053 1667 4092 dedidere,
1686 4054 1761 4084 cu'us
1772 4054 1840 4098 ξαᾶὶ
1854 4053 1943 4094 gratia
1955 4037 2045 4086 filium
2059 4053 2235 4087 Constantini
2249 4053 2293 4090 ip-

1246 4096 1273 4127 se
1287 4094 1447 4127 Adelstanus
1457 4093 1493 4126 de
1504 4092 1582 4127 sacro
1596 4091 1674 4125 fonte
1683 4091 1701 4125 s
1724 4100 1807 4161 cepki3t.
2205 4127 2219 4160 I
2248 4135 2277 4157 m
2291 4130 2294 4134 ι

2219 4137 2246 4159 te
2281 4148 2294 4164 2

2298 2143 2432 2181 *11.884.
