2570 4261
719 232 830 282 ET
913 239 1179 282 ACTA

0 348 76 386 Ann.
92 344 134 384 D.

0 401 115 460 2232?ss-
196 417 224 444 δὲ
249 415 386 451 Amedeo
406 419 515 450 Comici
529 414 684 449 Sabaudiae
702 416 738 449 de
758 414 929 450 intendendo
949 411 1162 449 Cardinalibus

2 469 135 505 ‘11.687.
606 467 747 498 Nunciis.

2 560 56 594 3An.
72 567 117 595 23·
153 544 267 610 REX
284 552 391 583 dile-{ro
403 551 658 597 consanguineo&
669 552 744 595 fideli
758 554 824 590 suo,
833 535 965 583 Amade⁸o
978 551 1089 582 Comiti
1103 552 1209 583 Sabau-

1 600 33 623 E.
57 605 79 622 i.
226 592 297 630 diae,
315 591 432 621 salutem
445 600 514 621 cum
527 591 680 622 diletstione
696 595 810 622 iincera.

192 628 275 660 Ciim
292 629 463 661 venerabiles
485 629 595 666 Patres,
614 628 739 658 Domini
762 630 792 660 B.
814 628 993 666 Albanenfis,
1010 629 1045 660 &
1067 628 1095 658 S.
1117 628 1208 659 Pene-

153 664 262 698 strenfis
275 692 285 706 ,
300 667 445 705 Episcopi
459 691 469 705 ,
494 667 685 698 Sacrosanetae
710 668 852 697 Romanae
876 667 1009 697 Ecclesiae
1030 666 1207 705 Cardinales,

153 707 287 751 quaedam
301 706 421 736 habeant
433 707 545 744 neg0tia
561 706 743 744 pertradtare,
760 706 794 736 ad
809 715 872 743 quse
886 706 976 737 vestra
989 705 1132 743 praesentia
1146 705 1207 735 fore

153 752 259 781 Poterit
272 752 433 782 opportuna
441 767 451 781 ,

191 782 332 813 Volumus
347 783 381 813 ὃς
396 789 546 819 rogamus,
564 783 692 820 quatinus
706 781 740 812 ad
752 781 828 812 diem
844 783 878 812 &
892 781 1006 818 locum,
1025 791 1096 819 quos
1118 779 1204 810 iidem

153 820 314 852 Cardinales
334 821 418 850 vobis
437 818 568 850 duxerint
588 820 776 858 intimandos,
795 820 888 850 modis
908 821 1042 849 omnibus
1053 819 1207 857 accedatis,

155 860 255 904 fasturi
269 858 347 904 quod
360 858 443 889 vobis
456 858 618 896 injundium
633 859 717 889 fuerit
730 869 778 896 per
792 858 923 889 eosdem:
944 857 1043 888 Ethoc
1052 857 1207 888 nullatenus

154 906 298 929 omittatiS.

4 634 108 662 ibidem.

192 976 283 1008 Teste
298 977 381 1017 Rege
393 978 466 1016 apud
481 976 606 1008 Westm.
628 986 672 1016 14.
687 976 733 1007 die
747 976 874 1017 Augusti.

417 1113 564 1146 Similiter
584 1108 697 1145 Othoni
714 1109 750 1143 de
768 1110 949 1155 Grandeson.

11 1195 86 1233 Ann.
100 1197 144 1231 D.

33 1245 118 1278 1295.

11 1284 64 1308 Aa.
81 1288 125 1315 ²3·

10 1322 40 1346 E.
68 1327 92 1343 i.

13 1356 116 1384 ibidem.

160 1201 273 1258 REX
289 1201 396 1232 dileeto
408 1202 441 1233 &
458 1201 531 1246 fideli
543 1202 591 1232 suo
606 1199 770 1244 Othoni'de
785 1198 984 1242 Grandisono,
1001 1198 1124 1230 salutem.

251 1241 333 1271 Cum
347 1240 514 1271 venerabiles
529 1240 622 1270 Patres
636 1239 758 1268 Domini
773 1238 804 1268 B.
818 1237 995 1276 Albaneniis,
1015 1238 1048 1268 δε
1062 1238 1092 1268 8.
1117 1237 1208 1269 Pene-

162 1278 268 1310 strenfis
282 1278 432 1317 Episcopi,
451 1276 510 1313 (ἐκ.
530 1286 559 1307 ut
575 1277 667 1317 fhpra.

197 1358 286 1390 Teste
303 1367 334 1390 ut
350 1359 437 1397 supra.

165 1493 214 1524 De
228 1486 434 1521 deliberatione
451 1485 579 1532 obsidum
590 1486 742 1533 prisonum
753 1512 761 1526 ,
784 1496 849 1518 tam
868 1486 1003 1531 Angliae,
1028 1498 1120 1531 quam
1138 1490 1214 1518 Vas-

209 1542 292 1570 coniae
304 1564 313 1579 ,
338 1537 522 1569 traditorum
547 1539 578 1567 in
607 1538 768 1581 captionem
790 1538 877 1580 Regis
892 1537 1022 1567 Francia
1034 1545 1088 1580 per
1102 1546 1215 1567 memo-

211 1596 315 1618 ratum
326 1585 476 1630 secretum
496 1584 688 1617 Traeiatum.

20 1676 97 1711 Ann.
106 1676 147 1708 D.

39 1725 124 1757 1295.

16 1761 70 1785 An.
87 1766 132 1792 23.

18 1800 50 1824 13.
73 1805 97 1824 1.

15 1834 152 1871 Claus.23.

22 1877 54 1899 Ε.
76 1881 99 1899 ι.
115 1881 151 1899 m.

180 1671 184 1674 ’
242 1673 384 1705 Enerabili
398 1673 474 1704 Patri
489 1674 518 1702 in
534 1672 671 1710 Christo,
689 1671 825 1702 Domino
840 1671 870 1701 B.
889 1670 1039 1701 Albanenfi
1058 1669 1220 1713 Episcopo,

253 1714 351 1744 amico
369 1712 420 1743 suo
442 1710 599 1749 karissimo,
617 1709 789 1748 Edwardus,
806 1709 906 1740 eadem
929 1710 1033 1749 gratia,
1050 1710 1164 1741 salutem
1186 1712 1220 1742 &

168 1751 284 1782 fincerae
295 1751 456 1782 dileetionis
469 1749 618 1781 affectum.

204 1789 323 1821 Interest
335 1787 446 1826 nostra,
463 1790 497 1820 &
511 1789 595 1819 etiarn
611 1787 693 1818 multi
715 1787 803 1817 liciter
818 1786 946 1818 nostrum
968 1787 1110 1824 contingit
1125 1786 1221 1818 hono-

169 1837 248 1866 rem,
265 1837 296 1859 ut
317 1827 512 1858 liberationem
530 1826 662 1856 obsidum
685 1797 718 1857 ἔς
761 1825 882 1855 risonurn
897 1849 906 1863 ,
932 1833 989 1855 tam
1011 1825 1220 1864 Anglicorum,

169 1867 255 1905 qu‘ain
273 1865 453 1904 Vasconum,
471 1864 601 1903 potestati
620 1864 709 1902 Regis
755 1865 858 1894 tanciae
877 1863 1042 1894 traditorum
1057 1887 1067 1903 ,
1084 1865 1220 1895 omnibus

169 1907 221 1937 viis
234 1907 268 1938 &
284 1904 393 1944 modis,
410 1904 510 1943 quibus
523 1903 656 1934 decenter
668 1903 838 1941 poterimus,
856 1911 1052 1940 procuremus.

203 1943 391 1974 Confidentoe
403 1944 484 1982 igitur
518 1952 568 1980 per
583 1943 658 1973 viam
671 1941 792 1980 aliquam
828 1941 970 1979 rariosam,
986 1941 1067 1979 posse
1081 1941 1224 1972 liberatio-

169 1991 238 2013 nem
253 1982 376 2020 ipsorum
389 1991 438 2020 per
449 1967 638 2011 sollicitudinis
648 1980 749 2011 vestrae
763 1950 922 2010 inigntiam
937 1980 1074 2018 obtineri,

209 2020 406 2051 Pater-nitatem
419 2019 543 2051 vestram
553 2018 705 2050 affectuose
718 2019 884 2056 requirimus
906 2019 940 2049 δε
961 2027 1093 2057 rogamus
1102 2042 1111 2055 ,
1127 2025 1224 2056 quate-

172 2068 241 2097 nuS,
260 2060 330 2090 cum
343 2058 380 2089 de
393 2057 551 2088 sufferentia
563 2058 610 2088 vel
624 2058 742 2097 treugiS,
759 2059 830 2087 inter
843 2055 1093 2093 Regem-Francia
1115 2056 1149 2087 &
1168 2066 1221 2086 nos

173 2097 318 2136 ineundis,
335 2097 499 2135 tradiabitis‚
515 2096 588 2136 apud
603 2096 693 2134 ipsum
710 2095 755 2125 Re
776 2105 822 2125 em
836 2095 941 2133 velitis,
958 2094 1047 2129 nostri
1061 2097 1164 2125 amoris
1179 2096 1223 2124 in-

172 2137 261 2174 tuitu,
277 2136 398 2167 insistere
418 2135 580 2175 diligenter,
597 2134 675 2173 quod
692 2133 754 2164 obsi
775 2143 802 2164 es
821 2133 892 2172 ipsos
905 2133 954 2164 sub
968 2133 1225 2164 recredentizilibe-

173 2183 215 2205 ret
249 2175 296 2206 vel
309 2175 366 2205 alio
382 2175 473 2205 modo
486 2174 615 2214 gratioso.

211 2199 248 2243 Et
265 2214 323 2244 hoc
342 2212 498 2251 quesumus
517 2214 554 2243 eo
570 2212 601 2242 (it
620 2211 703 2241 vobis
721 2210 802 2240 cordi
819 2210 945 2240 intimius
968 2219 1119 2250 procurare
1131 2232 1141 2247 ,
1152 2219 1226 2253 ¹quo

177 2250 263 2321 affin
274 2276 284 2290 ‚
312 2262 377 2291 quae
394 2251 455 2281 fieri
472 2250 577 2289 petistis
595 2251 611 2280 a
628 2250 712 2281 nobis
725 2274 735 2287 ,
755 2258 806 2279 nos
824 2257 974 2289 promptos
992 2249 1025 2280 ὃς
1042 2247 1136 2279 faciles
1151 2257 1230 2279 inve-

174 2298 194 2319 n
253 2313 260 2320 .

212 2369 280 2401 Dat.
293 2370 367 2408 apud
381 2368 589 2401 Westrnonast.
605 2369 651 2399 16.
664 2369 710 2400 die
725 2366 854 2407 Augusti.

210 2450 378 2482 Consimilis
399 2451 502 2487 littera,
520 2448 556 2479 de
578 2449 668 2480 verbo
687 2448 722 2479 ad
742 2448 881 2486 verbum,
898 2448 1025 2487 dirigitur
1048 2446 1186 2477 Domino
1201 2445 1232 2477 S.

177 2489 344 2521 Penestrino
356 2488 517 2527 Episcopo,
535 2488 595 2518 &c-

216 2528 286 2559 Dat.
297 2536 329 2558 ut
342 2528 429 2565 supra.

181 2663 305 2703 Litora,
329 2670 391 2706 qna
408 2661 475 2692 Rex
487 2662 608 2706 gratias
625 2662 689 2706 agit
706 2660 838 2691 Henrico
854 2655 890 2689 de
901 2653 1044 2698 Castella,
1062 2654 1165 2699 fratri
1177 2657 1234 2687 Re-

438 2711 514 2754 ginae
530 2707 644 2753 Affliae
657 2718 712 2754 pro
731 2706 847 2738 anxilio
865 2702 974 2736 oblato.

35 2793 110 2824 Ann-
120 2792 162 2823 D·
183 2796 297 2854 REX
315 2796 428 2836 egregio
440 2795 512 2827 Viro
522 2795 728 2834 ,Domino'H.
743 2793 853 2825 illustris
867 2793 1012 2832 quondam
1027 2792 1115 2832 Regis
1129 2789 1240 2822 Castel-

254 2836 290 2866 1ae
301 2835 379 2874 filio,
398 2833 508 2865 sororio
524 2834 573 2865 suo
585 2834 744 2872 katisfimo,
761 2833 875 2864 salutem
888 2833 921 2864 ὃς
935 2831 1079 2870 prosperos
1086 2831 1194 2868 semper
1201 2828 1237 2859 ad

145 2891 150 2897 ·
186 2882 253 2904 vota
265 2874 413 2905 successus.

188 2911 410 2981 sissdvenemnt
427 2912 528 2951 nobis,
545 2912 574 2942 in
588 2910 768 2942 exultationis
786 2916 986 2950 augmentum,
999 2908 1099 2940 litterae
1111 2916 1178 2946 quas
1185 2906 1241 2936 mi-

196 2962 208 2980 i
243 2961 264 2981 s.

225 2989 298 3020 Sane
319 2990 398 3027 super
418 2999 471 3027 eo,
486 2988 569 3027 quod
584 2988 667 3019 nobis
680 2996 737 3018 tam
751 2986 871 3025 grande,
889 2987 1006 3023 tii-mque
1020 2992 1118 3023 potens
1129 2983 1240 3026 adjuto-

188 3029 262 3058 rium
276 3026 415 3058 obtulistis
449 3028 506 3057 viz.
522 3026 557 3057 de
568 3026 708 3057 mittendo
723 3028 908 3064 quingentos,
925 3024 1020 3061 mille,
1038 3023 1084 3054 vel
1097 3022 1156 3052 duo
1166 3022 1242 3051 milia

190 3065 321 3097 Militum
335 3090 345 3103 ,
362 3064 399 3095 de
419 3050 526 3104 Regno
541 3063 696 3102 Castellae',
715 3066 744 3094 in
764 3063 894 3094 nostrum
914 3062 1063 3093 subsidium
1076 3085 1087 3100 .,
1103 3061 1136 3091 ad
1157 3069 1244 3103 partes

191 3103 342 3134 Vasconiae
357 3128 367 3141 ,
394 3112 448 3141 pro
466 3102 566 3133 nostro
590 3103 671 3134 libito
727 3103 796 3133 sicut
815 3101 900 3132 dic'tae
916 3101 1017 3132 vestrae
1033 3100 1132 3130 litterae
1150 3107 1243 3128 conti-

191 3142 312 3211 ηςῖῗπιῑ,
329 3143 406 3182 grate
425 3141 624 3172 benivolentiae
639 3127 738 3172 vestr-x
754 3149 844 3180 grates
863 3142 895 3172 δε
913 3141 1011 3179 gratias
1028 3138 1171 3170 referimus
1184 3136 1245 3174 spe-

191 3191 236 3212 cia
246 3191 289 3211 es:

229 3220 373 3251 Tenentes
385 3227 439 3257 pro
453 3217 538 3248 firmo
551 3216 647 3256 quod,
663 3218 802 3249 affinitatis
815 3216 922 3249 vinculi
935 3217 968 3248 δε
990 3217 1113 3254 antiquae
1135 3213 1246 3254 gratitu-

194 3258 265 3289 dinis
282 3267 344 3288 non
363 3257 383 3277 *
400 3258 584 3288 immemores
603 3255 765 3294 existentes,
783 3256 892 3294 semper
915 3266 946 3285 ea
964 3264 1032 3285 cum
1044 3252 1247 3292 promptitudi-

193 3306 231 3327 rie
240 3297 362 3334 facietis,
381 3302 446 3334 quae
458 3293 546 3325 nostri
560 3294 675 3324 honoris
688 3294 721 3324 ὃς
733 3294 885 3325 commodi
898 3294 1048 3332 respiciunt
1065 3294 1247 3322 incrementa.

228 3333 311 3365 Cum
326 3335 410 3373 igitur
423 3333 530 3364 dilectis
544 3333 576 3364 &
591 3332 717 3362 fidelibus
732 3331 847 3371 nostris,
861 3332 985 3370 johanni
995 3332 1031 3362 de
1042 3330 1249 3367 Britannia,te-

195 3374 275 3404 nenti
291 3373 391 3402 locum
411 3371 541 3401 nostrum
563 3372 592 3400 iti
606 3370 722 3400 Ducatu
736 3370 836 3401 nostro
850 3371 1048 3409 Aquitanniae,
1065 3368 1179 3409 Nepoti
1195 3377 1249 3397 no-

197 3411 257 3442 stro
271 3435 281 3448 ,
298 3410 468 3449 &johanni
488 3409 525 3439 de
547 3408 654 3439 Sani-io
673 3408 804 3447 Jolianne
819 3433 829 3447 ,
854 3408 1010 3440 Senescallo
1030 3407 1131 3438 nostro
1152 3406 1252 3436 Duca—

197 3449 242 3480 tfis
258 3448 398 3487 ejusdem,
413 3448 491 3486 super
505 3446 666 3485 praemissis,
683 3447 790 3477 nostrae
805 3446 957 3478 voluntatis
965 3446 1172 3487 beneplacitum
1186 3445 1254 3474 inti-

199 3497 325 3518 memus·

235 3510 427 3556 Nobiiitatem
447 3523 587 3560 vestram,
601 3522 640 3553 de
662 3522 717 3561 quii
734 3522 909 3554 confidimus
920 3546 931 3561 ‚
948 3522 1100 3554 affeffiuose
1118 3529 1253 3558 rogamus

197 3572 333 3603 quatenus
347 3572 396 3600 ea,
414 3572 477 3600 quae
490 3561 555 3599 ipfi,
573 3562 650 3600 super
663 3561 732 3598 hiis,
750 3561 972 3592 benivolentiam
987 3562 1108 3592 vestram
1121 3569 1154 3590 ex
1176 3567 1254 3597 parte

200 3601 298 3633 nostra
311 3601 471 3639 requirent,
487 3600 592 3637 velitis,
611 3599 630 3629 fi
643 3599 751 3638 placet,
767 3601 906 3638 promptis
921 3599 1069 3632 affectibus
1087 3600 1203 3636 exequi,
1221 3598 1255 3628 δε

201 3642 332 3681 operibus
345 3638 507 3677 adimplere.

39 2914 70 2937 E.
96 2919 119 2936 i.

36 2947 171 2984 Claus23.

39 2990 69 3013 E.
93 2995 115 3013 1.
134 2996 170 3013 m.

41 3033 67 3060 7.
84 3024 145 3062 dors.

45 3251 62 3268 ‘
71 3250 177 3280 li.688.

240 3716 310 3749 Dat.
322 3715 396 3755 apud
406 3714 533 3747 Westm.
545 3713 682 3746 vicesimo
694 3712 816 3745 secundo
830 3713 876 3745 die
889 3713 1018 3754 Augusti.

61 3895 88 3927 Α
152 3893 183 3925 D
373 3854 479 3886 Litora
497 3849 533 3883 de
549 3849 705 3884 Credentia
716 3876 725 3892 ‚
750 3847 864 3882 direfia
885 3848 959 3896 Regi
977 3853 1087 3884 Scotiae.

89 3905 138 3926 nn.
185 3915 193 3923 .

63 3942 178 4010 2152?

65 4017 94 4040 Ε.
119 4023 142 4040 ι.

65 4051 200 4087 Clausa-3.

211 3937 348 3999 REX,
365 3938 399 3969 ὃς
412 3937 535 3975 superior
551 3935 698 3966 Dominus
715 3934 808 3974 Regni
822 3933 944 3973 Scotiae,
959 3934 1066 3965 dilecto
1079 3936 1113 3967 δε
1127 3934 1260 3966 fidelisuo

305 3977 426 4013 ohanni,
441 3975 542 4006 eadem
563 3974 667 4015 gratia,
685 3973 760 4013 Regi
780 3972 936 4003 Scotorum
958 3972 1071 4012 illustri,
1089 3973 1203 4004 salutem
1226 3976 1259 4006 &

217 4013 257 4043 dil
306 4014 555 4045 ionemfinceratn.

252 4051 422 4082 >Audivimus
438 4062 487 4092 ea,
505 4062 571 4090 quae
589 4050 733 4082 Henricus
748 4048 783 4079 de
799 4047 944 4086 Abirden,
961 4047 1089 4080 Clericus
1102 4049 1209 4089 vester,
1226 4050 1265 4081 la-

71 4139 98 4166 7.
111 4130 137 4159 d.
215 4129 249 4161 δε
266 4128 445 4160 monstravit:

1260 228 1733 281 PUssLicA.
2222 249 2301 289 149

2313 303 2389 335 Ann.
2399 304 2440 335 D,

2339 352 2422 381 1295,

2313 383 2379 410 ἱόν.
2403 392 2429 409 i.

1285 322 1375 360 Super
1389 324 1506 362 quibus,
1522 324 1638 355 oraculo
1652 324 1734 363 ipfius
1747 323 1856 356 Clerici
1873 323 1974 363 vestri,
1991 323 2152 362 responsum
2170 321 2298 353 nostrum

1243 359 1380 400 fecimus,
1398 362 1475 400 quod
1490 364 1571 394 vobis
1584 372 1618 393 ex
1630 373 1708 401 parte
1720 363 1816 394 nostra
1829 372 1968 402 exponere
1983 364 2086 401 poterit
2099 362 2208 401 plenius
2229 361 2295 393 viva

1245 409 1329 429 voce.

1280 474 1370 505 Teste
1382 475 1464 515 Rege
1479 476 1551 514 apud
1567 475 1692 509 Westm.
1707 477 1842 509 vicesimo
1855 479 1938 510 tertio
1952 478 1997 508 die
2010 477 2136 518 Augusti.

1244 604 1292 635 De
1311 600 1440 648 paffitgio
1459 600 1617 635 Edmundi
1639 604 1759 635 Fratris
1775 605 1861 649 Regis
1881 605 1917 640 ὠ·
1936 603 2066 635 aliorum
2090 604 2295 649 Magnatum.

1244 683 1364 745 REX
1383 684 1488 716 dilecto
1502 687 1536 718 <Sc
1548 686 1622 716 fideli
1638 686 1706 724 suo,
1723 685 1878 723 Radulpho
1892 686 1998 724 Basset,
2015 687 2137 717 salutem.
2312 694 2381 725 Αῃῃ
2401 695 2432 725 D

1344 723 1419 766 Qua
1442 724 1594 761 paisagium
1617 724 1762 755 Edmundi
1782 725 1869 754 fratris
1890 725 1977 754 nostri
1998 724 2128 755 kariffimi
2149 724 2183 754 ad
2205 731 2294 762 partes
2334 719 2417 773 129‘5⁴
2434 718 2440 725 ’

1243 759 1407 803 Vaseoniae,
1420 762 1493 799 apud
1510 763 1702 801 Plimmoutb,
1714 764 1742 792 in
1757 762 1841 793 Festo
1854 761 2000 793 Omnium
2015 762 2202 801 Sanctorum,
2228 772 2297 800 pro·
2312 775 2363 800 An.
2382 783 2395 798 2
2401 783 2426 808 3,

1244 806 1323 827 ximo
1337 799 1450 838 futuro,
1469 800 1598 832 duximus
1613 800 1790 831 faciendum:
2311 815 2342 837 E.
2364 820 2387 836 i.

1279 836 1305 866 V
1307 837 1380 880 Pbss.
1392 838 1572 880 mandamus,
1590 840 1618 868 in
1639 838 1693 869 fide
1713 840 1748 870 &
1762 840 1915 878 homagio,
1931 839 2033 878 quibus
2046 838 2130 868 nobis
2145 838 2294 876 tenemini,
2311 847 2446 884 claus.23.

1241 873 1358 906 firmiter
1372 885 1562 916 injungentes,
1580 877 1662 915 quod
1675 878 1757 907 dictis
1770 877 1817 907 die
1828 878 1861 908 &
1875 878 1962 914 loco,
1980 887 2048 908 curn
2065 877 2142 914 equis
2157 877 2190 907 ὃ(
2204 877 2297 914 armis,
2314 891 2341 914 E.
2362 896 2386 913 ι,
2399 895 2438 913 m,

1242 912 1314 942 adeo
1320 922 1458 981 ‘potenter
1471 925 1530 953 quo
1543 915 1666 953 poteritis
1678 915 1759 945 bono
1774 915 1882 953 mod0,
1900 915 2075 953 personaliter
2090 914 2231 951 intersitis,
2247 924 2295 952 pa·
2316 933 2341 962 3,
2359 923 2385 952 d,

1243 952 1293 980 rati
1304 961 1318 980 a
1354 951 1559 988 proficiendum
1571 954 1600 982 in
1613 953 1778 991 obsequium
1790 953 1935 992 nostrum,
1955 963 2023 984 cum
2035 953 2140 983 eodem
2153 953 2235 983 fratre
2243 962 2298 982 no—

1245 988 1320 1027 stro,
1335 989 1369 1019 ad
1383 999 1470 1027 partes
1483 990 1630 1021 Vasconiae
1644 991 1824 1028 supradictas:

1281 1026 1319 1058 Et
1333 1028 1391 1071 hoc
1405 1028 1474 1072 ficut
1486 1029 1676 1060 commodum
1691 1031 1725 1061 &
1739 1030 1883 1061 honorem
1898 1029 2028 1060 nostrum
2042 1029 2156 1069 diligitis
2180 1028 2298 1059 nullate—

1246 1075 1296 1096 nus
1308 1075 1450 1096 omittatis.

1284 1102 1415 1134 Misimus
1435 1112 1529 1135 autem
1549 1105 1583 1135 ad
1602 1105 1700 1136 locum
1720 1105 1803 1135 illum
1822 1104 1960 1135 dileEtum
1982 1106 2015 1136 &
2038 1105 2151 1135 fidelem
2168 1105 2300 1135 nostrum

1246 1142 1416 1186 Walterum·
1428 1142 1465 1173 de
1485 1142 1564 1173 Bello
1582 1143 1656 1174 Cam
1704 1167 1714 1181 ,
1731 1143 1919 1173 Senescallum
1930 1142 2054 1180 Hospitii
2069 1143 2171 1180 nostri,
2189 1146 2222 1174 &
2234 1143 2306 1173 dile-

1245 1180 1327 1211 ctum
1340 1179 1487 1224 Clericum
1500 1181 1630 1212 nostrum
1644 1153 1808 1219 ffllippum
1820 1181 1857 1211 de
1868 1180 2004 1224 Everdon
2012 1204 2022 1218 ,
2040 1180 2074 1210 ad
2087 1191 2174 1218 equos
2192 1181 2301 1212 vestros

1245 1219 1463 1262 appreCiendos,
1481 1220 1522 1263 &.
1535 1219 1569 1250 ad
1589 1220 1757 1264 solvendum
1778 1220 1860 1250 vobis
1880 1219 1959 1263 Yadffl
1977 1217 2085 1256 vestra,
2106 1221 2138 1250 &
2153 1218 2187 1250 ad
2200 1220 2250 1250 alia
2260 1219 2300 1250 fa-

1247 1256 1363 1295 cienda,
1370 1267 1434 1295 quie
1444 1266 1613 1297 contingunt
1626 1259 1778 1298 paffagium
1792 1257 1990 1295 supraditfitum.

1285 1333 1375 1364 Teste
1390 1333 1474 1372 Rege
1485 1333 1558 1372 apud
1569 1334 1702 1367 Cantuar.
1716 1335 1800 1366 tertio
1814 1333 1861 1364 die
1876 1333 2024 1364 Oetobris.

1459 1409 1571 1442 Eodem
1585 1411 1676 1442 modo
1689 1411 1853 1443 mandatum
1869 1410 1910 1441 est
1924 1409 2095 1446 subscriptis,
2149 1413 2152 1417 '

1253 1485 1385 1516 Nicholao
1401 1487 1432 1516 de
1443 1490 1577 1526 Segrave,
1797 1489 1914 1517 Henrico
1925 1486 1958 1515 de
1969 1488 2053 1526 Grey,

1252 1525 1367 1555 Roberto
1381 1525 1499 1563 deVeer,
1799 1524 1946 1556 Willielmo
1961 1528 2092 1564 Martyn,

1252 1563 1366 1593 Ricardo
1380 1563 1411 1592 de
1426 1562 1556 1603 Meynill,
1798 1563 1919 1602 Philippo
1932 1563 1964 1592 de
1975 1566 2076 1602 Kyme,

1254 1602 1396 1632 Edmundo
1410 1601 1442 1631 de
1455 1605 1482 1631 E
1477 1609 1576 1642 yncurt
1584 1624 1594 1640 ,
1800 1601 1921 1631 Waltero
1935 1602 1968 1630 de
1982 1598 2179 1630 Huntercumbe
2186 1612 2196 1638 ‚¹

1256 1643 1337 1670 Petro
1353 1640 1450 1670 Corbet
1457 1663 1468 1678 ,
1803 1640 1917 1669 Ricardo
1921 1639 1983 1681 filio
1990 1638 2132 1677 Johannis
2139 1661 2149 1676 ,

1257 1681 1298 1708 W
1298 1677 1404 1708 illielmo
1418 1679 1449 1708 de
1467 1678 1589 1717 Morlee,
1804 1680 1847 1707 W
1846 1677 1952 1707 illielmo
1965 1678 1996 1707 de
2009 1680 2080 1715 Ros,

1255 1716 1384 1755 Johanni
1399 1717 1429 1746 de
1443 1716 1553 1755 Infiala,

1255 1758 1354 1784 Comiti
1367 1755 1508 1785 Arundell
1513 1779 1524 1793 ,

1258 1796 1361 1831 Ragero
1373 1793 1404 1823 de
1418 1797 1515 1823 Monte
1527 1792 1600 1823 Alto
1608 1815 1619 1831 ,

1804 1718 1885 1745 Petro
1896 1717 1928 1746 de
1942 1715 2082 1745 Malolacu
2089 1738 2099 1752 ,

1805 1756 1849 1783 W
1847 1754 1952 1784 illielmo
1965 1755 1996 1784 de
2011 1753 2149 1790 Ebroicis,

1805 1795 1849 1823 W
1846 1792 1953 1823 illielmo
1965 1792 1989 1822 le
2004 1794 2138 1832 Latymer
2151 1789 2274 1828 Juniori.

1259 1919 1318 1950 Pro
1341 1913 1514 1949 hominibus.
1531 1913 1699 1948 Hellandiae
1718 1942 1728 1957 ‚
1754 1913 1906 1947 Zelandiae
1922 1941 1934 1957 ,
1957 1916 1994 1952 &⁴
2020 1911 2189 1958 Frtssandiae
2203 1940 2214 1956 ‚
2238 1911 2319 1959 quod

1510 1964 1624 2010 piscari
1637 1961 1736 2010 P‘fflm
1751 1974 1839 2009 prope
1852 1961 2051 2009 Jernemuth.

1261 2047 1396 2109 REX
1414 2047 1520 2078 ἀίΙεὲὶο
1543 2045 1576 2078 &
1598 2046 1674 2077 fideli
1695 2047 1744 2078 suo
1759 2071 1769 2085 ,
1785 2047 1909 2086 Johanni
1929 2046 2073 2078 Buteturte
2086 2071 2096 2084 ,
2115 2045 2236 2078 Custodi
2256 2054 2317 2076 rna-
2336 2052 2462 2084 AnstD,

1343 2087 1445 2117 ritimae
1467 2086 1522 2116 suae
1538 2085 1728 2125 Jernemuth,
1745 2087 1778 2118 &
1802 2086 1912 2117 Ballivis
1932 2085 1983 2116 suis
1998 2085 2033 2115 de
2045 2085 2233 2123 Jernemuth,
2249 2084 2316 2114 salu·
2363 2099 2448 2130 1295,

1263 2133 1332 2154 tem·
1357 2164 1362 2169 ,
1405 2163 1411 2169 ,
1518 2163 1523 2169 ,
1895 2163 1900 2168 .
2117 2162 2122 2167 ⁵
2334 2134 2385 2158 An.
2401 2140 2445 2167 23.

1301 2164 1379 2202 Qua
1403 2162 1587 2193 intellexunus
1613 2163 1692 2201 quod
1717 2162 1802 2194 multi
1820 2163 1952 2193 homines
1966 2185 1976 2201 ,
2000 2161 2037 2192 de
2054 2161 2177 2200 partibus
2196 2160 2319 2191 Hollan-
2335 2174 2364 2197 E.
2391 2179 2414 2195 ι,

1263 2200 1335 2240 diae,
1353 2201 1518 2240 Zelandiae,
1535 2203 1568 2233 ὃς
1587 2202 1671 2231 etiam
1690 2200 1864 2239 Frissandiae,
1883 2202 1931 2238 qui
1949 2201 2011 2231 sunt
2027 2199 2063 2230 de
2074 2199 2197 2230 amicitiai
2212 2199 2319 2237 nostra,
2335 2212 2391 2235 pas,
2402 2215 2446 2242 23,

1264 2239 1300 2269 ad
1318 2240 1479 2285 piscandum
1500 2241 1530 2269 in
1551 2241 1621 2270 mari
1641 2240 1755 2278 nostro,
1774 2249 1864 2278 prope
1881 2239 2065 2277 jernemuth,
2084 2239 2135 2268 hiis
2148 2238 2246 2268 diebus
2260 2237 2321 2268 sunt
2335 2250 2365 2273 E.
2382 2254 2449 2272 hm.

1265 2288 1391 2309 venturi:
2361 2303 2368 2310 ,

1306 2317 1326 2336 *
1345 2317 1436 2348 Vobis
1450 2316 1615 2347 mandamus
1629 2316 1708 2355 quod
1722 2316 1837 2357 publice
1850 2315 2016 2354 proclamari
2034 2315 2157 2353 faciatis,
2175 2313 2261 2345 semel
2280 2314 2326 2345 vel
2340 2285 2470 2355 f11.6S9.v

1269 2355 1312 2386 bis
1320 2379 1335 2395 a.
1348 2356 1379 2385 in
1394 2355 1519 2393 qualibet
1531 2355 1700 2394 septimana,
1716 2365 1754 2385 ne
1766 2355 1852 2393 aliqui
1860 2377 1870 2393 ,
1887 2354 1938 2385 sub
1949 2355 2030 2385 omni
2041 2363 2077 2383 eo
2090 2353 2169 2391 quod
2182 2354 2266 2384 nobis
2278 2353 2325 2383 fo-

1273 2394 1401 2424 risfacere
1413 2402 1546 2431 poterunt
1579 2394 1681 2424 eisdem
1696 2394 1798 2423 inferre
1814 2393 1980 2430 praesumant
1987 2393 2131 2430 injuriam,
2146 2391 2325 2430 molestiam,

1268 2432 1444 2470 dampnum,
1463 2418 1701 2471 impedimentum
1722 2431 1854 2469 aliquod,
1870 2440 1917 2461 aut
1937 2439 2089 2470 gravamen
2105 2440 2112 2459 τ
2130 2430 2170 2460 set
2190 2429 2252 2467 ipsis
2271 2439 2325 2467 po-

1271 2471 1341 2509 tius,
1359 2481 1428 2501 cum
1438 2471 1626 2510 indiguerint,
1642 2470 1818 2501 consulentes
1832 2470 1884 2499 sint
1896 2470 1929 2500 &
1943 2469 2162 2506 auxiliante531ta
2175 2467 2253 2505 quod
2265 2468 2329 2498 abs-

1273 2519 1330 2548 que
1343 2509 1549 2546 impedimento
1563 2509 1714 2547 piscari,&
1729 2507 1920 2539 commodum
1932 2507 2013 2538 suurn
2028 2507 2120 2538 facere
2133 2505 2328 2546 possint,pro-

1274 2556 1305 2578 ut
1319 2548 1357 2577 eis
1369 2547 1467 2578 melius
1483 2547 1624 2578 videbitur
1640 2547 1777 2584 expedire.

1310 2585 1347 2616 In
1368 2587 1465 2623 cujuS,
1484 2587 1543 2617 &c.
1565 2587 1613 2617 has
1631 2586 1735 2616 litteras
1753 2584 1860 2615 nostras
1879 2584 1941 2614 fieri
1953 2584 2073 2615 fecimus
2086 2591 2226 2622 patentes,
2244 2582 2329 2621 usque

1274 2623 1310 2656 ad
1324 2623 1439 2655 Festum
1450 2624 1547 2654 Sansti
1561 2624 1677 2655 Martini
1689 2625 1823 2662 proximo
1839 2623 1965 2653 futurum
1978 2623 2129 2653 duraturas.

1310 2699 1400 2731 Teste
1414 2699 1497 2738 Rege
1509 2699 1583 2738 apud
1595 2699 1780 2738 Wengeham
1794 2701 1841 2731 28.
1856 2698 1901 2729 die
1914 2698 2094 2744 Septembris.

1276 2842 1415 2892 Adolpho
1440 2849 1514 2892 Regi
1534 2848 1738 2879 Romanorum
1759 2844 1852 2891 fitper
1865 2844 1990 2890 Treugis
2006 2854 2075 2876 cum
2092 2844 2223 2877 Francia
2240 2842 2334 2888 Rege}

1278 2929 1495 2991 MAgnifico
1517 2930 1613 2961 Princi
1634 2931 1642 2960 i
1661 2931 1695 2962 &
1715 2930 1812 2961 amico
1833 2928 1883 2959 suo
1897 2927 2053 2965 carissimo,
2071 2927 2206 2958 Domino
2219 2926 2255 2957 A.
2274 2925 2334 2956 Dei
2350 2930 2426 2962 Αῃῃ,
2439 2930 2481 2961 D,

1370 2969 1456 3009 gratia
1470 2993 1480 3008 ,
1505 2969 1582 3007 Regi
1601 2941 1805 2999 {omanorum
1826 2967 1943 3005 illustri,
1970 2966 2078 3004 semper
2101 2964 2234 3004 Augusto
2247 2988 2258 3003 ,
2275 2963 2336 2995 Ed·
2375 2978 2458 3008 1295·

1280 3007 1406 3046 wardus,
1424 3009 1483 3039 &c.
1497 3007 1629 3045 salutem,
1648 3008 1681 3038 ὃς
1695 3007 1842 3045 prosperos
1857 3006 1891 3049 ad
1903 3014 1971 3036 vota
1985 3003 2145 3048 successus..
2250 3042 2256 3047 .
2353 3013 2404 3037 An.
2422 3018 2466 3045 23-

1317 3046 1410 3085 Qod
1430 3045 1519 3076 vestra
1540 3045 1756 3082 Magnificentia
1775 3044 1870 3075 nostra
1884 3042 2082 3074 incredibiliter
2097 3043 2148 3072 libi
2159 3041 2270 3072 affumit
2284 3051 2335 3072 ne-
2353 3052 2382 3075 E.
2406 3057 2429 3075 1,

1279 3087 1357 3123 gotia
1370 3109 1380 3123 ,
1405 3085 1438 3116 δε
1459 3084 1561 3115 nostris
1580 3083 1607 3113 se
1626 3082 1714 3114 offert
1753 3083 1857 3121 absque
1877 3083 2035 3113 retentione
2055 3080 2148 3119 aliqua
2162 3104 2172 3118 ,
2195 3079 2335 3110 desideriis
2352 3090 2406 3113 Rot.
2422 3084 2483 3112 Ale-

1281 3125 1475 3161 complacere:
1514 3121 1653 3159 Majestati
1673 3106 1774 3154 veiim
1795 3129 1882 3160 grates
1901 3120 2007 3151 debitas
2027 3119 2169 3150 exsolvere
2188 3128 2251 3149 non
2260 3118 2336 3150 vale-
2352 3134 2420 3151 man.
2440 3126 2486 3159 23:

1282 3172 1366 3200 mus3
1390 3171 1485 3206 tamen
1506 3170 1541 3191 ex
1562 3162 1619 3191 hoc
1640 3159 1675 3190 ad
1697 3159 1786 3191 vestra
1807 3159 1980 3197 beneplacita
2002 3158 2110 3196 semper
2128 3157 2261 3190 volumus
2281 3156 2337 3187 effe
2354 3167 2383 3190 E.
2408 3172 2429 3190 1.
2449 3170 2486 3197 ηι.Α

1302 3211 1365 3231 rom
1387 3208 1417 3230 ti.
2360 3210 2368 3227 1
2394 3220 2401 3227 ,

1282 3211 1301 3239 P
1321 3210 1395 3270 Sari}
1407 3238 1452 3269 die
1468 3237 1582 3276 Martis,
1599 3245 1664 3267 ante
1678 3235 1795 3267 Festum
1808 3236 1905 3266 Sanffi
1920 3234 2069 3266 Michaelis
2086 3233 2199 3265 Arclian
2220 3233 2272 3271 eli,
2287 3243 2337 3271 per
2375 3210 2388 3236 7

1284 3287 1382 3308 manus
1397 3277 1568 3307 dilectorum
1584 3276 1616 3306 &
1630 3274 1754 3305 fidelium
1773 3275 1940 3305 nostrorum
1977 3273 2127 3304 willielmi
2141 3273 2178 3303 de
2227 3272 2340 3311 rmesby

1285 3315 1405 3354 Militis,
1423 3317 1456 3347 &
1479 3314 1593 3344 Gerlaci
1614 3313 1651 3344 de
1673 3313 1804 3344 Gasdinis
1823 3312 1928 3343 Clerici
1943 3298 2027 3350 (quos
2041 3311 2075 3342 ad
2089 3310 2209 3341 vestram
2224 3310 2341 3352 praeseri-

1286 3356 1354 3384 tiam
1370 3354 1546 3389 miseramus)
1566 3352 1722 3382 Serenitatis
1737 3351 1838 3383 vestrae
1849 3351 1950 3383 litteras
1965 3360 2017 3381 uos
2032 3350 2093 3380 laeta
2105 3358 2191 3379 manu
2205 3356 2342 3378 noveritis

1289 3392 1483 3470 reitiiplffiibus
1502 3428 1616 3473 quidem
1631 3428 1829 3459 continebatur
1845 3428 1959 3472 littei-is,
1977 3425 2057 3470 quod
2071 3434 2130 3468 vos⁵
2138 3423 2172 3454 ad
2186 3423 2341 3455 Civitatem

1289 3469 1536 3505 Cameracensem,
1552 3467 1622 3497 infra
1635 3467 1761 3498 octabas
1773 3466 1870 3497 Santfih
1883 3465 2032 3496 Michaelis
2051 3472 2182 3502 proximo
2199 3470 2344 3506 venturas,

1289 3509 1398 3540 vestros
1413 3508 1568 3544 solempnes
1587 3505 1723 3536 Nuncios
1737 3528 1748 3544 ,
1777 3515 1846 3535 cum
1867 3503 1985 3543 plenaria
2007 3501 2142 3541 potestate
2163 3500 2246 3544 dandi
2265 3499 2343 3540 Regi

1292 3548 1418 3577 Franciae
1437 3545 1623 3577 sufferentiam
1644 3544 1688 3575 vel
1711 3543 1888 3581 respectum,
1903 3545 1936 3575 &
1957 3540 2092 3572 tractandi
2113 3539 2193 3576 super
2215 3540 2343 3569 ineundis

1290 3586 1392 3625 treugis
1406 3587 1475 3616 inter
1491 3593 1543 3615 vos
1558 3583 1591 3613 &
1607 3592 1659 3613 nos
1671 3591 1705 3612 ex
1721 3592 1797 3621 parte
1811 3581 1884 3620 uua,
1903 3583 1935 3612 δε
1952 3580 2065 3620 Regem
2075 3578 2200 3608 Franciae
2216 3586 2251 3607 ex
2261 3578 2343 3608 altera

1293 3633 1445 3655 mitteretis.

1332 3663 1443 3693 Verum
1467 3661 1529 3699 quia
1547 3658 1726 3697 Cardinales,
1744 3657 1895 3696 postquam
1914 3658 1929 3687 a
1948 3657 2030 3686 nobis
2052 3653 2210 3697 deNAnglia
2224 3653 2342 3685 recesse-

1294 3710 1370 3739 rant,
1388 3702 1421 3732 &
1435 3709 1501 3730 cum
1516 3697 1618 3728 eodem
1635 3697 1714 3736 Rege
1729 3697 1855 3727 Francia:
1874 3696 1953 3734 super
1976 3694 2119 3732 praemissis
2137 3694 2342 3730 tractaverant,

1294 3741 1377 3770 nobis
1398 3749 1446 3777 per
1466 3736 1578 3767 nostros
1597 3735 1630 3766 N
1635 3737 1732 3766 uncios
1754 3734 1937 3771 intimarunt,
1955 3732 2036 3774 quod
2049 3731 2127 3761 idem
2141 3730 2206 3761 Rex
2221 3731 2346 3762 Francia:

1295 3779 1453 3810 consentire
1472 3775 1586 3806 nolebat
1604 3774 1638 3804 ad
1659 3773 1785 3804 dandum
1807 3773 1982 3810 respectum,
1998 3774 2043 3801 ieu
2057 3778 2184 3809 treugam
2195 3769 2347 3800 ineundam

1294 3816 1442 3855 quousque
1458 3824 1507 3852 per
1527 3812 1618 3843 dictos
1638 3811 1817 3849 Cardinaloe,
1834 3812 1883 3849 qui
1895 3810 1973 3850 super
1988 3809 2045 3839 lioc
2060 3808 2094 3851 ad
2109 3807 2231 3839 vestram
2244 3807 2347 3838 Excel-

1294 3856 1408 3885 lentiam
1428 3853 1490 3883 suos
1510 3850 1646 3881 Nuncios
1665 3850 1883 3886 transmiserant,
1900 3848 1936 3878 de
1955 3847 2148 3886 responsione,
2168 3856 2255 3885 quain
2268 3847 2347 3884 super

1295 3894 1345 3924 hiis
1360 3892 1483 3922 faceretis
1497 3889 1598 3920 eisdem
1607 3914 1617 3928 ,
1634 3890 1747 3919 haberet
1762 3887 1957 3919 certitudinem
1970 3886 2138 3923 pleniorem.
2280 3923 2284 3927 Ι

1335 3931 1480 3961 Addentes
1499 3927 1578 3966 quod
1596 3928 1645 3966 ipli
1663 3927 1823 3957 Cardinales
1837 3950 1847 3964 ,
1871 3935 1940 3956 cum
1964 3926 2000 3954 de
2016 3924 2098 3955 vobis
2115 3923 2155 3954 sui
2172 3922 2286 3954 Nuncii
2304 3931 2347 3951 re-

1297 3970 1427 4007 diissent,
1444 3968 1479 3998 de
1496 3967 1642 3998 voluntate
1658 3965 1721 4004 sua,
1735 3975 1785 4006 per
1804 3962 1971 3995 corumdem
1989 3962 2144 4001 Nuncios,
2162 3971 2215 3992 nos
2226 3961 2349 3992 facerent

1392 4017 1422 4037 er
1454 4017 1476 4037 s.

1299 4009 1459 4084 effi'rgpttgi
1470 4042 1548 4082 quod
1560 4042 1672 4075 videtur
1687 4042 1770 4073 nobis
1786 4040 1867 4080 quod
1879 4039 1954 4078 dies,
1970 4039 2005 4071 ad
2018 4039 2076 4070 hoc
2089 4038 2231 4077 provisus,
2246 4046 2307 4067 non
2313 4042 2355 4066 te-

69 4094 178 4118 13.i.m.
214 4098 262 4121 tor
278 4090 475 4130 praesentium,
489 4091 570 4132 super
589 4088 754 4130 quibusdam
775 4088 894 4127 negotiis
915 4086 1030 4127 vestris,
1046 4088 1130 4120 nobis
1141 4089 1268 4128 exposuit
1303 4086 1434 4122 uehitur,
1452 4093 1506 4113 nec
1525 4081 1637 4120 expedit
1647 4081 1808 4152 Xraediews
1828 4079 1937 4111 vestros
1957 4078 2093 4109 Nuncios
2104 4078 2139 4108 ad
2152 4075 2265 4107 eosdem
2278 4074 2356 4104 diem

1304 4126 1338 4157 ὃς
1359 4123 1457 4155 locum
1478 4121 1631 4160 accedere,
1668 4129 1743 4152 onec
1765 4128 1815 4157 per
1829 4117 1943 4150 eosdem
1957 4116 2133 4154 cardinales,
2149 4113 2303 4147 secundum
2315 4121 2359 4140 rea

1777 4157 1844 4195 T3
2280 4150 2363 4186 spon?
