2570 4261
0 266 53 289 tnn.
63 254 104 286 D.

0 299 81 333 1225.

0 340 40 364 len.
61 343 87 370 3.

8 908 32 936 1.
47 904 111 943 283.

5 3268 83 3300 Ann.
92 3267 133 3298 D.

26 3316 111 3345 1225.

5 3350 57 3373 An.
77 3356 120 3373 io.

7 3427 66 3450 ΡΜ.
88 3432 129 3450 1¹.

6 3466 137 3498 H.3.p.1.

6 3508 43 3528 m.
63 3508 104 3526 11.

5 3536 81 3574 dorso.

10 3658 27 3675 ·
43 3658 140 3694 1.284.

679 156 789 206 ET
870 166 1133 208 ACTA

159 254 239 293 Qi,
257 253 292 284 ad
314 263 366 284 cor
384 252 497 283 tandem
519 251 657 291 reversus,
675 253 709 284 &
724 253 842 290 majores
857 260 938 281 terrae
951 252 1006 282 suae
1016 252 1176 290 juramento

123 292 283 331 firmamur,
310 291 387 330 quod
407 291 542 329 pmediEto
561 291 654 329 Regi,
679 299 813 328 tanquam
835 289 987 328 Domino,
1012 289 1176 326 obedirent:,

124 333 163 362 set
174 331 265 362 dictus
279 330 379 362 nobilis
387 354 396 367 ,
409 338 508 360 contra
523 329 676 366 praestituni
688 330 802 359 veniens
810 329 1000 366 juramentum
1009 350 1018 366 ,
1029 328 1176 367 praefatum

123 370 170 400 Re
191 379 238 400 em
250 371 283 401 &
298 370 433 407 Regnum
448 367 587 397 infestavit
600 367 689 404 ipsius.

195 417 293 438 emum
314 416 384 436 vero
398 428 408 444 ,
433 404 573 434 mediante
593 405 698 435 diledlo
718 403 777 434 filio
798 402 896 433 nostro
911 428 920 441 ,
953 403 1086 434 Gualone
1105 402 1177 432 tituli

124 447 222 477 Saneli
235 445 352 475 Martini
366 443 534 482 Presbytero
548 442 711 480 Cardinale,
730 451 798 472 tunc
812 443 840 471 in
855 442 975 479 partibus
988 442 1037 472 illis
1052 441 1177 478 Aposto-

125 486 187 515 licae
200 483 267 514 sedis
280 483 406 519 Legato,
424 482 639 518 praenominatus
651 481 770 518 nobilis,
787 490 802 509 a
814 488 893 510 tanto
915 490 1061 510 revocatus
1084 489 1177 509 exces-

126 524 173 561 su,
190 521 263 552 faeta
284 521 401 560 praefato
421 519 498 556 Regi
518 518 648 550 fidelitate
666 520 699 550 &
720 519 873 556 homagio,
889 518 1013 548 secundo
1030 518 1133 557 juravit
1150 518 1178 546 se

127 562 243 597 Regem
258 560 291 591 &
304 558 442 596 Regnum
456 557 609 588 nullatenus
622 557 657 587 de
672 566 777 587 czetero
792 556 975 587 turbaturum.

168 599 269 637 Qiem
282 596 357 627 idem
373 596 453 634 Rex,
471 604 502 626 ut
515 595 614 625 fortius
631 595 680 625 sibi
695 595 832 633 alligaret,
849 595 906 632 ejus
920 594 1063 624 commisit
1083 593 1179 624 custo-

127 636 182 668 diae
201 635 330 674 quaedam
350 634 463 673 Castra,
482 644 546 672 quae
565 634 611 664 ille
629 634 656 664 se
675 633 793 663 fideliter
813 633 985 663 servaturum
1006 634 1088 663 tertio
1104 633 1179 670 jura-

127 683 226 705 mento
240 673 370 705 firmavit.

165 713 287 751 Recepit
298 713 382 743 etiam
397 710 432 741 de
451 720 536 741 manu
548 709 636 755 Regis
656 709 735 747 ipsius
756 708 855 753 Castra
873 708 1017 747 quaedam,
1031 708 1064 738 ad
1079 708 1180 751 Haere-

127 751 176 782 des
191 750 331 790 cujusdam
343 749 444 780 nobilis
458 749 638 787 pertinentia,
658 758 722 786 quae
737 748 763 779 se
776 747 947 779 redditurum
967 748 1029 786 ipsis
1049 746 1180 777 Haeredi-

127 790 180 821 bus
193 797 292 828 quarto
304 788 426 827 praestito
434 788 594 826 juramento
608 787 743 824 promisit.
1112 818 1113 821 Ἰ

165 828 246 859 Cum
266 836 360 858 autem
394 833 523 863 tempore
545 825 706 864 Legationis
722 823 885 855 venerabilis
903 824 991 854 fratris
1003 823 1092 854 nostri
1107 822 1182 853 Pan-

129 866 244 905 dulphi,
262 875 338 896 nunc
354 851 504 902 ldpiscopi,
519 872 588 894 tunc
602 865 674 894 vero
695 862 786 893 Eleffl
807 862 1021 900 Norwicenlis,
1038 861 1127 904 multa
1145 860 1182 889 de

130 905 181 935 hiis
201 905 289 935 rursus
311 903 468 942 infregerit,
487 901 521 931 ad
545 903 564 921 ³⁶
585 901 734 939 ultimum,
751 910 849 931 coram
863 900 983 938 eodem,
1001 902 1034 932 &
1048 898 1182 930 omnibus

130 943 190 974 fere
203 943 344 980 Praeiatis,
363 942 396 971 &
408 940 584 978 Principibus
597 940 723 979 Anglize,
742 949 810 969 cum
823 939 882 978 ipso
897 939 979 978 Rege
994 946 1183 979 componens,

130 983 227 1020 quinta
242 981 306 1011 vice
316 979 418 1019 juravit
431 979 457 1009 se
470 978 602 1016 deinceps
616 987 714 1009 contra
729 978 888 1008 fidelitatem
900 978 993 1008 eidem
1007 977 1093 1018 Regi·
1104 974 1184 1004 debi-

130 1029 190 1051 tam
211 1029 272 1049 non
292 1026 463 1055 venturum,
480 1018 514 1048 &
532 1027 581 1055 per
602 1027 654 1048 nos
674 1017 787 1047 tandem
809 1017 932 1047 obtinuit
945 1016 1184 1052 compoiinonem

131 1056 291 1089 hu'usmodi
303 1056 471 1088 confirmari.

207 1106 263 1127 unc
283 1098 354 1126 vero
377 1094 468 1133 idem,
486 1102 619 1133 tanquam
641 1094 733 1124 homo
751 1092 972 1136 praevaricationi
991 1089 1109 1120 assuetus
1150 1089 1184 1120 ὃ(

132 1135 218 1165 facilis
230 1133 264 1164 ad
277 1133 447 1171 fallendum,
465 1133 491 1163 se
506 1133 601 1171 fimul,
619 1134 652 1164 &
667 1133 788 1170 famam,
806 1133 839 1163 &
852 1129 984 1173 promissa
997 1129 1106 1173 confun
1127 1137 1186 1164 ens,

133 1173 211 1212 Regi
231 1172 348 1203 obedire
370 1172 491 1210 recusat,
510 1173 544 1202 δε
568 1171 680 1209 Castra,
699 1172 748 1200 sibi
769 1171 804 1200 ab
820 1167 1039 1212 eoncommissa,
1057 1166 1185 1208 diruens,

132 1221 210 1242 arma
223 1220 322 1242 contra
332 1210 422 1248 ipsum
430 1210 547 1249 Regem
561 1210 714 1247 erexitq&
735 1208 777 1246 ei,
793 1208 827 1238 &
847 1217 908 1249 ejus
926 1206 1069 1250 fidelibus,
1087 1213 1187 1248 praeei-

132 1251 190 1288 pue
209 1249 299 1280 nobili
318 1250 380 1280 viro
400 1249 559 1279 Willielnio
578 1248 689 1278 Comiti
708 1246 927 1283 Pembrocenii,
945 1244 1051 1286 Ballivo
1072 1242 1187 1285 Regio,

173 1295 263 1319 er'ram
278 1293 401 1318 ''movett
419 1297 435 1317 a
454 1287 567 1324 quibus,
588 1287 622 1316 &
643 1285 698 1314 aliis
720 1284 849 1321 nequitiis
871 1282 922 1312 suis
936 1280 1065 1311 deiistere
1077 1281 1186 1317 noluit,

145 1328 201 1357 icet
219 1327 255 1356 ab
276 1327 285 1356 i
306 1326 335 1356 so
356 1326 438 1364 Rege
458 1325 540 1354 fuerit
553 1333 568 1352 a
582 1322 732 1353 venerabili
745 1322 826 1351 fratre
839 1320 938 1350 nostro
952 1320 1096 1358 Stephano
1110 1318 1187 1348 Cari-

133 1365 261 1396 tuariensi
274 1337 511 1401 Krchiepiscopffi
523 1361 634 1391 8211&ae
649 1360 793 1390 Romanae
807 1358 940 1402 Ecclesiae
955 1356 1188 1402 C'ardinali,Me-

132 1403 306 1444 tropolitano
325 1403 396 1439 loci,
414 1402 447 1432 ὃ(
464 1399 597 1430 omnibus
620 1399 680 1429 fere
700 1398 821 1429 Praelatis
840 1398 874 1429 ὃς
893 1397 1070 1435 Principibus
1089 1405 1188 1428 vicinis

133 1443 239 1473 attente
252 1441 374 1471 monitus
390 1441 423 1471 ὃ(
437 1448 555 1479 rogatus.

127 1498 130 1500 >
154 1518 160 1524 ι
175 1480 289 1518 Qare,
306 1486 350 1509 tot
368 1479 401 1509 &
422 1478 503 1508 tantis
520 1469 695 1514 exigentibus
716 1475 807 1516 culpis¹
822 1475 958 1515 notoriis,
980 1475 1016 1506 ’δὲ
1039 1473 1189 1505 manifestis

133 1528 192 1556 ejus
213 1516 344 1554 offenfis,
362 1515 419 1547 una
440 1519 508 1547 eum
528 1514 730 1553 Complicibus
744 1516 777 1546 ὃς
791 1514 955 1555 Fautoribus
968 1512 1035 1552 suis,
1054 1523 1103 1552 per
1118 1523 1190 1551 prae—

134 1557 225 1586 fatum
238 1555 453 1593 Metropolitan.
471 1555 506 1585 &
521 1553 654 1592 quosdam
668 1554 724 1592 ejus
743 1551 958 1592 Suffraganeos,
976 1553 1077 1590 quibus
1099 1553 1191 1595 injur-1·-

134 1602 262 1625 xeramus
275 1601 307 1625 ut
319 1598 421 1624 o'mnes
439 1593 645 1631 perturbatores
660 1591 786 1630 praedicti
801 1591 890 1628 Regis
905 1592 938 1622 ὃς
962 1590 1058 1630 Regni
1078 1589 1118 1620 sui
1138 1590 1191 1628 spi-

135 1633 268 1663 ritualiter
289 1633 323 1664 &
341 1631 530 1669 temporaliter
549 1631 750 1667 cohercerent,
775 1630 942 1660 auetoritate
961 1629 1127 1668 Apostolica
1142 1629 1193 1658 de-

135 1672 276 1701 nuntiatus
293 1671 381 1701 extitit
401 1670 702 1701 excommunicationis
723 1669 865 1699 sententiae
887 1669 1042 1707 subjacere,
1060 1677 1093 1698 ac
1112 1676 1192 1697 terrae

136 1709 261 1748 ipsorum
273 1708 470 1740 Ecclesiastico
484 1708 587 1739 fuerint
597 1707 747 1738 interdicto
767 1706 921 1737 conclusce:
941 1706 1033 1737 Unde
1054 1706 1120 1736 Rex
1138 1705 1194 1744 ipse

133 1748 280 1778 humiliter
299 1746 464 1785 postulavit,
486 1754 532 1785 ut,
552 1747 631 1785 juxta
649 1745 878 1784 supplicationem
898 1754 931 1775 ex
952 1750 1028 1784 parte
1045 1745 1090 1775 sua
1111 1745 1194 1775 nobis

135 1786 307 1824 exhibitam,
325 1786 441 1816 obviare
459 1793 543 1815 tantae
562 1784 632 1815 illius
651 1784 820 1822 insolentiae,
838 1794 871 1814 ac
893 1784 943 1814 sibi
957 1785 990 1816 ὃς
1005 1783 1112 1823 Regno
1125 1783 1193 1821 suo,

136 1824 217 1862 super
230 1825 287 1855 hoc
297 1845 307 1862 ,
324 1824 470 1860 consulere
482 1824 667 1863 dignaremur.

173 1862 242 1894 Nos
263 1864 362 1902 igitur,
380 1862 468 1902 Regis
490 1864 524 1894 &
537 1862 633 1902 Regni
644 1861 860 1906 tranquilitatem
874 1861 1011 1900 zelantes,
1030 1860 1063 1893 δὲ
1075 1865 1194 1900 pacem,

137 1901 172 1932 &
197 1901 383 1939 multiplicem
403 1900 644 1938 transgreffionem
665 1900 730 1930 fidei
750 1900 851 1930 nobilis
866 1900 1016 1939 supradicta
1029 1901 1132 1931 merito
1146 1899 1196 1930 de-

139 1939 286 1979 testantes,
304 1949 372 1971 cum
391 1940 422 1969 in
440 1939 671 1974 consuetudinem
693 1938 801 1969 duxiffe
813 1939 941 1969 noscatur
954 1939 1040 1970 fidem
1052 1939 1196 1976 frangere,

140 1978 224 2016 seque
238 1978 271 2008 ad
283 1977 437 2008 fallendum
448 1977 560 2008 facilem
573 1978 717 2016 exhibere,
735 1977 896 2008 fraternitati
911 1977 1026 2016 vestrae,
1037 1986 1089 2015 per
1101 1977 1196 2014 Apos-

142 2017 226 2047 tolica
247 2017 345 2055 scripta
361 2016 567 2056 praecipiendo,
592 2015 755 2047 mandamus
797 2016 904 2046 uatinus
926 2015 1070 2047 sententias
1095 2015 1196 2054 quibus

132 2055 271 2093 praefatus
284 2056 386 2086 nobilis
398 2055 431 2086 &
445 2055 564 2086 fautores
582 2055 622 2086 sui
642 2065 691 2093 per
709 2063 772 2084 ante
792 2054 864 2084 idios
884 2054 1142 2093 Metropolitanum
1162 2054 1196 2085 &

139 2093 339 2134 Suffraganeos
355 2094 411 2124 e'us
423 2094 540 2124 nuntiati
555 2093 617 2125 sunt
630 2094 796 2124 arnstoritate
808 2092 974 2131 Apostoilca
988 2094 1141 2132 subjacere,
1149 2099 1198 2131 per

139 2141 242 2162 omnes
262 2131 354 2162 Cathe
374 2132 462 2170 tales,
486 2133 520 2163 &
543 2131 604 2162 alias
626 2131 782 2163 Civitatum
804 2132 838 2162 &
859 2131 1023 2163 Diocaesum
1045 2131 1199 2166 vestrarum

141 2169 295 2209 Ecclefias,
313 2170 421 2211 pulsatis
442 2171 600 2208 campanis,
618 2171 652 2201 &
672 2169 792 2201 accensis
812 2169 949 2209 candelis,
969 2171 1078 2211 singulis
1100 2169 1198 2201 diebus

140 2208 305 2239 Dominicis
327 2209 361 2240 &
380 2208 512 2247 Festivis‚
530 2208 637 2240 sublato
657 2208 802 2247 cujussibet
820 2208 1009 2246 appellationis
1030 2210 1064 2241 δε
1087 2217 1200 2244 contra-

140 2246 272 2277 dictionis
291 2247 408 2285 objestu
426 2271 435 2285 ,
460 2247 640 2285 solempniter
660 2249 846 2285 innovantes,
868 2255 951 2278 terras
972 2248 1095 2286 ipsorum
1114 2249 1200 2279 inter-

141 2284 222 2316 dieto
242 2285 376 2316 artisfimo
395 2285 587 2325 concludatis3
606 2287 642 2316 ita
665 2285 759 2324 quod,
776 2294 876 2325 praeter
895 2286 1045 2326 Baptisma,
1063 2289 1200 2325 paeniten-

141 2325 210 2354 tiam
231 2325 265 2356 &
286 2325 420 2356 viaticum
441 2325 475 2354 in'
491 2325 634 2362 extremis,
652 2325 749 2355 omnia
768 2324 809 2354 ibi
827 2324 994 2356 sacramenta
1008 2325 1201 2356 Ecclesiastica

141 2361 331 2431 deigegentur,
356 2371 387 2393 ut
404 2373 458 2394 nec
478 2373 599 2401 corpora
617 2362 815 2394 decedentium
835 2362 1038 2395 Eccleiiasticae
1055 2364 1201 2403 sepulturae

141 2409 183 2431 tra
204 2410 292 2432 antur.

181 2437 327 2472 Praeiatos2
338 2449 452 2478 quoque
469 2443 505 2470 “ac
524 2439 670 2478 Clericos,
688 2441 737 2478 qui
758 2439 866 2470 easdem
885 2441 1029 2472 sententias
1042 2452 1102 2473 non
1114 2442 1203 2473 serva-

144 2478 255 2517 verint,
273 2478 307 2508 ad
321 2477 446 2520 nostram
461 2479 563 2508 faciatis
575 2479 765 2516 praeseiitiam‚
782 2478 885 2509 officiis
900 2481 933 2511 &
957 2480 1116 2520 beneficiis,
1134 2492 1203 2512 cum

145 2514 242 2546 vestris
257 2516 490 2547 testimonialibus
504 2517 597 2546 litteris
608 2518 704 2547 venire
716 2516 862 2555 suspensps.

186 2554 278 2592 Qiod
293 2555 313 2584 si
327 2556 437 2585 vexatio
448 2554 539 2585 adhuc
554 2554 645 2585 eidem
655 2565 720 2585 non
734 2556 860 2586 tribuerit
875 2556 1048 2588 intellectum
1056 2581 1066 2596 ,
1084 2565 1115 2588 ut
1128 2557 1203 2598 Regi

147 2592 229 2630 super
248 2593 298 2623 hiis
319 2593 534 2632 satisfactionem
556 2603 613 2623 con
634 2603 713 2623 ruam
732 2604 792 2623 non
811 2595 970 2633 impendat,
987 2606 1057 2634 vos,
1076 2596 1142 2634 post
1160 2597 1204 2626 sex

148 2629 254 2660 menses
272 2640 287 2660 a
303 2639 433 2668 tempore
454 2631 513 2661 talis
536 2631 607 2662 inter
628 2631 692 2670 iffi,
709 2632 938 2663 &innovatione
953 2634 1148 2664 sententiarum
1164 2636 1205 2672 ip-

148 2668 238 2698 sarum
247 2692 257 2707 ,
274 2669 310 2698 ab
322 2668 458 2707 homagio
470 2670 503 2699 ὃ(
517 2668 646 2701 fidelitate
658 2670 739 2708 ipsius
750 2669 923 2701 denuncietis
938 2672 997 2710 ejus
1014 2672 1136 2703 subditos
1148 2674 1205 2703 -ab-

150 2706 272 2745 solutos,
283 2707 461 2745 'exponendis
474 2708 556 2737 bonis
571 2707 620 2738 suis
633 2709 666 2739 &
679 2709 814 2746 suorum,
827 2708 860 2739 &
874 2717 958 2740 tantae
968 2710 1117 2749 iniquitatis
1138 2722 1205 2742 auc—

150 2745 264 2813 }olribus1
269 2755 356 2789 non,
370 2745 420 2776 nifi
441 2745 618 2792 personaliter
636 2745 670 2776 ad
690 2746 996 2785 sedemApostolicam
1008 2750 1140 2789 veniant,
1157 2751 1205 2780 ab-

161 2793 246 2814 oven
266 2794 296 2813 is.
316 2792 319 2793 ⁷

151 2872 153 2874 ·
171 2857 257 2929 ὀξεῖ.
286 2858 419 2901 Anagniae
439 2862 523 2895 tertio
539 2861 624 2893 Non.
649 2862 805 2902 ottonis,
823 2862 1004 2896 pontificatus
1022 2863 1111 2895 nostri
1132 2874 1207 2895 anno

148 2908 169 2929 o
216 2908 263 2930 vo.

487 2978 576 3016 Sigillo
585 2978 709 3018 plumbeo
717 2979 850 3019 pendente
862 2991 880 3008 a
885 2977 939 3019 filo
952 2978 1076 3011 canabeo.

153 3112 203 3144 De
226 3112 419 3142 matrimonio
447 3112 532 3157 Regis
559 3123 628 3144 cum
642 3112 713 3158 filia
731 3116 828 3147 Ducis
845 3114 1021 3157 Britannia,
1045 3116 1082 3152 (ῤ’
1101 3115 1208 3160 confoe-

501 3158 650 3193 deratione
667 3161 733 3195 inde
742 3163 844 3207 fasta.

152 3241 266 3299 REX
282 3244 429 3287 omnibus,
446 3244 481 3274 ad
496 3254 566 3282 quos
579 3244 694 3282 praesens
708 3246 841 3285 scriptum
857 3247 1030 3286 pervenerit,
1048 3247 1170 3279 salutem.

204 3320 209 3325 .
246 3280 292 3312 Ad
305 3282 484 3314 universitatis
497 3282 597 3313 vestrae
610 3285 738 3315 notitiam
750 3286 882 3316 volumus
898 3288 1044 3323 pervenire
1065 3288 1143 3325 quod
1161 3289 1208 3326 ju-

153 3328 291 3357 ravimus,
308 3329 393 3350 manu
405 3321 533 3359 propria,
551 3321 630 3352 raetis
644 3322 833 3363 sacrosanffis,
852 3325 928 3362 quod
944 3325 1080 3355 ducemus
1092 3327 1120 3355 iri
1135 3336 1208 3356 uxo-

154 3367 216 3388 rem
225 3358 387 3396 Jolentam,
405 3357 490 3401 filiam
503 3359 593 3397 Petri,
612 3360 702 3390 Ducis
716 3360 879 3401 Britanni-ae,
897 3364 930 3394 ὃς
953 3363 1077 3393 Comitis
1099 3363 1208 3394 Riche-

154 3396 295 3435 mundiae,
312 3404 457 3434 quamcito
471 3399 624 3433 poterimus
636 3397 863 3436 dispensationem
878 3402 1025 3438 impetrare
1036 3412 1051 3431 a
1074 3401 1209 3433 Domino

155 3433 246 3478 ¹Papa,
265 3436 298 3466 &
313 3434 390 3473 quod
405 3434 490 3473 legale
501 3435 580 3472 poffe
592 3435 722 3467 nostrum
735 3447 908 3476 apponemus
921 3440 955 3470 ad
977 3440 1209 3478 dispensationem

156 3472 229 3503 illam
247 3473 457 3511 impetrandam.
606 3506 607 3509 Ἰ

191 3510 392 3542 Concesfirnus
407 3513 491 3542 etiam
503 3510 595 3541 eidem
607 3510 710 3551 Petro,
726 3513 805 3545 Duci
820 3514 982 3555 Britannice,
1000 3516 1049 3547 sub
1070 3517 1209 3555 praedifto

151 3549 312 3588 juramento
326 3574 336 3589 ,
361 3549 439 3589 quod
453 3574 463 3588 ,
487 3550 507 3580 fi
528 3549 692 3587 praedietam
707 3551 866 3592 Jolentam,
891 3554 977 3584 filiam
999 3555 1080 3593 ipsius
1100 3555 1209 3595 Ducis,

154 3587 315 3619 duxerimus
329 3590 358 3619 in
371 3598 508 3627 uxorem,
526 3589 627 3618 erimus
641 3588 733 3619 eidem
746 3590 824 3622 Duci
837 3592 1011 3624 consulentes
1024 3595 1059 3625 ὃ(
1077 3593 1209 3632 adjuvan-

156 3635 211 3666 tes,
229 3637 297 3657 cum
318 3626 399 3665 posse
422 3626 537 3666 nostro,
553 3626 655 3665 adjura
667 3627 712 3658 sua
723 3627 895 3660 defendenda
907 3632 941 3661 &
955 3630 1155 3671 perquirenda,
1173 3634 1207 3664 &

156 3665 234 3703 quod
247 3666 266 3686 *²
281 3675 348 3696 cum
361 3665 441 3696 nullo
455 3665 491 3695 de
505 3665 624 3695 inimicis
638 3665 754 3704 nostris,
770 3667 803 3697 &
817 3668 896 3705 ipsius
910 3669 1019 3708 Ducis,
1038 3671 1066 3700 in
1087 3670 1208 3708 partibus

153 3704 336 3772 {ransssiari—nis
346 3714 450 3742 pacem
462 3704 612 3742 faciemus,
630 3703 675 3734 vel
685 3711 792 3741 treugas
806 3707 948 3744 capiemus
965 3708 1022 3740 fine
1043 3709 1148 3740 assensu
1167 3710 1209 3747 ip-

166 3752 207 3772 ius
253 3752 320 3773 ucis.

193 3779 411 3819 Manucapimus
424 3781 508 3812 etiam
542 3792 575 3812 ro
588 3779 734 3811 Richardo
746 3780 830 3811 fratre
844 3781 943 3813 nostro
954 3808 964 3822 ,
981 3784 1101 3816 Comite
1114 3785 1209 3816 Piera-

155 3818 227 3857 viae,
245 3819 323 3858 quod
337 3829 405 3850 curn
419 3819 498 3850 nullo
533 3830 549 3850 e
561 3820 683 3850 inimicis
698 3818 816 3856 nostris,
834 3820 867 3850 &
882 3821 963 3858 ipsius
977 3822 1088 3862 Ducis,
1098 3822 1133 3853 'in
1149 3834 1210 3862 par-

158 3855 232 3886 tibus
246 3857 446 3896 transmarinis,
463 3867 564 3896 pacem
578 3859 676 3895 faciet,
692 3857 738 3888 vel
752 3864 858 3896 treugas
873 3860 963 3897 capiet
975 3860 1034 3892 fine
1047 3861 1154 3892 affensu
1167 3864 1211 3900 ip-

159 3893 212 3923 fius
226 3893 331 3926 Ducis:
352 3897 386 3927 &
402 3897 480 3934 quod
499 3896 575 3926 idem
598 3895 771 3932 Richardus,
789 3894 873 3925 frater
894 3896 1006 3937 noster,
1022 3899 1072 3931 erit
1093 3901 1119 3930 ei
1139 3910 1212 3931 con-

160 3931 248 3998 sulegis
265 3934 299 3964 &
318 3933 466 3973 adjuvans,
481 3935 558 3965 bona
579 3934 651 3972 fide,
668 3934 702 3964 ad
720 3934 782 3972 jura
799 3933 845 3964 sua
859 3933 1033 3967 defendenda
1046 3938 1079 3969 ὃς
1099 3940 1213 3977 perqui-

157 3978 208 3999 ren
229 3979 252 3999 a.

197 4005 395 4040 Concessimus
410 4011 511 4049 etiam,
528 4009 577 4041 sub
593 4008 729 4048 praediero
744 4010 922 4050 juramento,
940 4011 1018 4051 quod
1053 4022 1122 4045 cum
1141 4015 1214 4045 facta

160 4045 525 4117 ἱυεγιῖῑγέίὶῖεὲἷιὶῗάετπὶο
533 4073 543 4088 ,
558 4049 628 4080 sicut
643 4048 812 4087 praediemm
825 4048 883 4088 est,
891 4049 911 4080 fi
922 4049 1013 4082 dietus
1062 4061 1099 4083 ux
1112 4060 1216 4085 terram

1214 164 1687 214 PUBLICA.
2212 191 2268 231 97

1217 249 1293 297 suam
1307 251 1441 293 amiserit,
1453 263 1546 296 'quam
1562 255 1644 286 habet
1658 258 1686 286 in
1706 256 1837 295 Francia,
1855 258 2005 298 occasione
2018 259 2094 291 istius
2107 259 2269 292 Confoede-
2289 261 2364 292 Auri.
2374 259 2415 290 D·

1216 293 1342 326 rationu,
1358 297 1410 319 nos
1433 300 1459 320 ei
1476 299 1570 322 totum
1593 293 1735 324 honorem
1754 296 1790 326 de
1810 296 2003 329 Richmundia
2024 299 2055 328 iri
2067 297 2187 337 Anglii,
2206 302 2267 337 qui·
2309 307 2392 336 1225.

1216 335 1341 363 cumque
1353 336 1436 357 terras
1450 338 1558 368 teneat,
1576 329 1678 362 habere
1691 333 1832 364 faciemus.

1255 363 1453 408 Conceffimus
1469 368 1551 397 etiam
1568 368 1660 398 eidem
1674 370 1769 409 Duci,
1786 372 1835 402 sub
1849 373 1985 413 praedieto
1995 372 2268 414 juramento,quod‚

1218 401 1237 430 si
1251 402 1415 445 praedietam
1423 405 1568 443 Jolentam
1583 406 1743 438 duxerimus
1758 411 1787 438 in
1802 419 1918 441 uxorem
1931 436 1941 449 ,
1957 423 2008 443 nos
2024 414 2097 443 bona
2112 413 2167 443 fide
2185 421 2269 445 cotn-

1218 449 1360 486 mittemus
1381 452 1432 473 nos
1452 443 1526 473 fideli
1547 445 1665 475 consilio
1680 446 1759 483 ipsius
1773 446 1881 486 Ducis,
1899 451 1957 480 tam
1970 451 2006 481 de
2015 462 2137 490 corpore
2151 451 2250 482 nostro
2259 472 2270 491 ,

1217 488 1304 516 quam
1317 479 1353 509 de
1365 487 1436 511 terra
1448 481 1557 520 nostra,
1575 483 1608 513 &
1621 485 1739 520 pecunia
1751 484 1853 515 nostra.

1256 516 1456 561 Conceffimus
1471 521 1554 550 etiam
1569 521 1661 551 eidem
1676 521 1772 559 Duci,
1790 523 1839 552 sub
1855 525 1989 564 praedieto
1998 526 2272 570 juramento,quod3

1219 553 1238 584 fi
1253 555 1385 592 praedit‘ia
1396 557 1509 595 Jolerita
1521 559 1699 596 supervixerit
1729 560 1871 590 ohannem
1885 562 1996 593 fratrem
2010 565 2089 595 suum
2098 589 2107 603 ,
2121 567 2272 604 postquam

1219 602 1281 622 eam
1303 593 1463 626 duxerimus
1485 598 1515 626 iri
1535 607 1671 634 uxorem,
1689 598 1697 626 i
1718 607 1763 627 em
1779 598 1865 637 Dux,
1884 600 1944 630 tota
1957 602 2014 631 vita
2029 602 2090 640 sua,
2109 605 2271 635 nichilomi-

1220 641 1270 661 nus
1285 632 1418 669 possideat
1432 642 1521 664 totam
1535 643 1636 665 terram
1652 636 1685 666 &
1698 635 1888 667 haereditatem
1897 662 1907 675 ,
1925 648 1988 675 quae
2001 639 2035 668 ad
2050 640 2155 671 dictam
2169 643 2268 680 Jolen-

1220 678 1278 699 tam
1292 669 1376 701 debet
1390 671 1558 703 descendere
1574 674 1696 712 ubique,
1714 675 1750 704 ita
1762 683 1856 705 tamen
1871 676 1948 713 quod
1964 676 1998 705 ad
2020 687 2072 707 nos
2093 681 2126 709 ὃς
2148 680 2271 711 haeredes

1219 707 1346 776 nostrttss,
1362 712 1555 747 provenientes
1576 712 1612 742 de
1630 711 1685 749 ipsa
1702 712 1831 751 Jolenta‚
1849 713 1912 751 post
1933 723 2057 745 mortem
2071 717 2151 753 ipsius
2164 717 2273 756 Ducis,

1220 756 1301 776 rever
1314 756 1382 777 atur.

1256 783 1454 829 Concessimus
1470 788 1553 817 etiam
1569 787 1661 818 eidem
1676 787 1770 826 Duci,
1788 789 1838 818 sub
1853 789 1988 826 praedic'to
2005 792 2181 832 juramento,
2197 792 2276 832 quod

1220 823 1354 866 omnibus
1369 823 1527 855 Britonibus
1540 827 1572 856 ὅ(
1587 827 1700 863 inpriliis
1713 826 1781 865 suis,
1801 827 1847 865 qui
1863 839 1930 858 cum
1946 839 1998 867 eo,
2016 831 2061 860 vel
2076 841 2123 868 per
2135 833 2225 869 ipsum
2239 833 2274 862 ad

1221 860 1363 891 servulum
1383 862 1513 893 nostrum
1535 866 1678 902 venerint,
1695 866 1728 896 &
1747 875 1798 895 nos
1821 866 1896 895 bona
1917 866 1971 897 fide
1988 869 2146 906 juvaverint
2167 870 2200 900 ad
2212 872 2274 908 jura

1223 898 1317 929 nostra
1337 902 1538 939 perquirenda,
1553 911 1623 940 nos,
1640 902 1675 932 de
1696 903 1900 934 haereditatibus
1918 904 1968 935 suis
1993 907 2030 936 eis
2045 906 2207 946 reddendis,
2225 918 2275 948 pet

1222 935 1303 966 fidele
1319 939 1467 968 consilium
1482 940 1562 977 ipsius
1580 940 1669 971 Ducis
1682 942 1870 980 operabimur.

1260 974 1459 1019 Conceffimus
1474 979 1558 1007 etiam
1571 977 1664 1008 eidem
1679 978 1776 1017 Duci,
1794 979 1843 1009 sub
1879 981 1995 1011 raedicsio
2006 982 2183 1022 juramento,
2199 985 2277 1022 quod

1224 1021 1466 1052 conventionem,
1483 1014 1592 1045 dudum
1614 1017 1685 1046 inter
1706 1027 1775 1053 nos,
1795 1018 1828 1048 &
1849 991 2000 1049 gomitem
2023 1021 2162 1051 Marchiae
2184 1023 2280 1059 prolo-

1224 1058 1319 1080 cutam
1353 1052 1667 1095 antequam-recederet
1684 1064 1700 1083 a
1721 1055 1803 1085 nobis
1824 1055 1858 1085 ad
1880 1056 2021 1087 servitium
2036 1058 2123 1098 Regis
2138 1059 2280 1098 Franciae,

1226 1089 1303 1118 bona
1317 1074 1372 1119 side
1386 1099 1412 1119 ei
1422 1090 1589 1120 tenebimus.

1263 1126 1463 1158 Conceffimus
1479 1129 1562 1172 etiarn
1578 1128 1670 1158 eidem
1685 1128 1765 1173 Duci
1782 1131 1875 1168 quod,
1893 1131 1942 1161 sub
1958 1133 2093 1169 praediero
2103 1135 2261 1173 juramento
2268 1141 2281 1174 ‚s

1226 1165 1381 1196 secundum
1395 1166 1472 1210 quod
1488 1166 1564 1196 idem
1580 1166 1649 1197 Dux
1665 1167 1766 1198 Viderit
1781 1177 1892 1212 tempus
1916 1179 2091 1210 oportunum
2110 1175 2143 1205 δε
2165 1174 2281 1213 locum,

1228 1213 1296 1242 nOS,
1313 1204 1347 1234 ad
1361 1204 1510 1235 consilium
1525 1204 1623 1243 suum,
1638 1204 1885 1237 transfretabimus.

1265 1241 1299 1272 In
1315 1243 1410 1282 cujus,
1427 1243 1487 1274 &c.
1507 1242 1566 1273 fieri
1578 1243 1703 1274 fecimus.

1229 1317 1462 1389 &ffegl’tei'tlssege
1480 1318 1554 1357 apud
1571 1319 1876 1358 Westmonasterium,
1905 1331 1940 1360 19
1962 1321 2007 1353 die
2028 1323 2183 1363 Odiobris,
2208 1336 2285 1361 anno

1283 1381 1289 1387 .
1365 1368 1372 1387 i
1406 1368 1435 1388 0.
1950 1370 1952 1372 ’

1267 1435 1390 1465 Redditae
1400 1433 1527 1474 fuerunt.

1231 1558 1352 1591 Littera
1369 1560 1452 1604 Papae
1469 1556 1675 1605 objurgatoria
1694 1558 1837 1604 Galfrido
1857 1559 1893 1593 a'e
1920 1562 2080 1594 Liziniaco
2091 1580 2101 1604 5
2128 1561 2165 1594 de
2183 1560 2287 1606 fideli=

1486 1618 1549 1640 tate
1569 1619 1630 1654 qna
1648 1618 1764 1641 tenetur
1782 1611 1876 1655 Regi,
1903 1610 2031 1643 violata.

2284 344 2348 367 Hm.
2369 347 2395 373 3⁶

1235 1681 1441 1751 HOnorius
1462 1692 1635 1739 Episcopus,
1652 1693 1745 1738 servus
1759 1691 1910 1738 'servorum
1930 1693 2006 1733 Dei,
2023 1694 2129 1725 dilecsto
2142 1694 2201 1739 filio
2218 1695 2253 1726 N
2255 1703 2289 1726 ο·-
2311 1700 2385 1731 Ann,
2401 1699 2443 1729 D.

1325 1731 1373 1760 bili
1387 1730 1459 1761 Viro
1473 1731 1604 1762 (Jalfrido
1620 1732 1657 1761 de
1671 1732 1837 1771 Liziniaco,
1855 1733 1968 1764 salutem
1983 1735 2017 1764 &
2032 1733 2230 1774 Apostolicam
2238 1734 2290 1764 Be-
2333 1739 2417 1769 1226.

1234 1766 1435 1799 nedictionem.

1273 1804 1420 1837 Fidelitatis
1440 1807 1606 1845 vinculum,
1625 1818 1684 1846 quo
1704 1808 1838 1839 Vaffallus
1860 1817 1969 1840 tenetur
1990 1809 2140 1849 Domino,
2159 1811 2200 1841 est
2221 1810 2292 1841 adeo
2310 1783 2361 1844 ff
2382 1784 2422 1805 ¹0⁵

2368 1827 2392 1852 3,

1235 1843 1348 1875 celebre
1360 1844 1433 1882 apud
1446 1856 1564 1888 omnes,
1582 1856 1612 1876 ut
1627 1848 1711 1877 etiarn
1726 1848 1859 1887 religione
1880 1850 2047 1888 juramenti,
2067 1859 2121 1887 qua
2141 1850 2232 1879 vallari
2253 1859 2293 1879 as·
2315 1860 2353 1882 Ex
2373 1855 2443 1890 Origw

1237 1882 1323 1922 solet,
1336 1885 1561 1924 circumscripta,
1575 1885 1664 1922 ipsum
1679 1896 1727 1923 per
1741 1886 1768 1915 se
1780 1886 1928 1916 vinculum
1945 1887 2018 1924 quali
2030 1898 2084 1924 pro
2095 1888 2174 1917 sacro
2189 1888 2294 1925 ubique
2314 1896 2339 1921 in
2354 1897 2378 1920 T
2375 1903 2432 1920 um

1236 1928 1371 1952 terrarum
1381 1924 1415 1953 ὃς
1429 1925 1558 1961 gentium
1573 1923 1723 1962 habeatur,
1741 1933 1795 1953 nec
1810 1923 1962 1954 aestimetur
1980 1925 2073 1955 levem
2087 1935 2185 1956 notam
2201 1927 2295 1956 incur·
2315 1934 2392 1960 Lond-

1237 1968 1298 1989 rere
1311 1962 1484 1998 quicumque
1497 1961 1567 1990 illius
1581 1963 1703 1992 extiterit
1716 1963 1836 1993 violator
1845 1986 1854 1999 ,
1874 1962 1964 2001 unde,
1983 1964 2032 2000 qui
2046 1972 2152 1998 veteres
2166 1964 2297 1995 revolve-

1237 2006 1268 2027 re
1289 2000 1366 2029 volet
1387 1998 1671 2037 historias,‚inveniet
1692 2001 1813 2038 multos,
1831 2011 1883 2038 pro
1906 2001 1956 2031 illo
1968 2001 2119 2040 servando,
2138 2003 2296 2033 inhumanis

1239 2034 1325 2075 cibis,
1344 2041 1461 2078 urgente
1479 2037 1632 2068 obsidionis
1651 2039 1790 2078 angustia,
1808 2039 1865 2069 esse
1889 2039 1967 2077 usos;
1986 2040 2081 2071 &illis
2096 2050 2213 2078 quoque
2227 2041 2297 2071 defi-

1239 2076 1377 2106 cientibus
1398 2076 1511 2116 elegiffe
1531 2077 1625 2114 potius
1645 2077 1720 2108 fame
1732 2077 1867 2116 deficere,
1884 2087 1970 2116 quam
1983 2079 2073 2116 ipsum
2085 2078 2219 2109 fidelitatis
2234 2081 2296 2110 vin-

1239 2114 1338 2145 culum
1351 2114 1465 2145 violare.
1501 2131 1504 2134 >

1276 2153 1326 2184 Tu
1339 2163 1427 2192 vero,
1446 2153 1545 2192 (sicut,
1562 2153 1722 2187 charissimo
1735 2155 1765 2184 in
1782 2154 1914 2185 Christro
1929 2154 1987 2186 filio
2004 2155 2102 2186 nostro
2119 2155 2251 2187 Henrico
2266 2157 2300 2187 il-

1240 2190 1317 2221 lustri
1337 2191 1422 2229 Rege
1443 2192 1605 2232 Anglorum
1631 2202 1839 2232 conquerente,
1853 2193 2012 2232 didicimus)
2026 2195 2089 2224 haec
2103 2203 2301 2234 nequaquam,

1239 2239 1325 2270 prout
1338 2239 1366 2261 te
1378 2231 1532 2270 decuisset,
1551 2231 1712 2271 attendens,
1730 2232 1908 2270 fidelitatem,
1929 2243 1982 2271 qua
1996 2233 2052 2271 ipse
2072 2232 2148 2272 Regi
2166 2234 2301 2264 tenebaris

1240 2268 1382 2308 afflictu&
1400 2271 1434 2301 ὃς
1447 2270 1539 2300 adhuc
1555 2280 1671 2308 quoque
1684 2273 1784 2301 teneris
1800 2271 1879 2309 (cum
1893 2271 1928 2301 ab
1943 2281 1973 2301 ea
1982 2295 1991 2308 ‚
2007 2279 2038 2301 ut
2051 2271 2173 2301 creditur
2182 2296 2192 2310 ,
2211 2280 2239 2302 te
2250 2282 2299 2302 ne-

1243 2315 1384 2346 quaquam
1397 2308 1563 2346 absolveret)
1579 2309 1653 2339 nulla
1668 2309 1763 2349 famis,
1780 2310 1892 2340 nullave
1906 2310 2058 2340 obsidionis
2071 2310 2187 2340 coaetus
2201 2318 2300 2349 angus-

1241 2349 1278 2376 tia
1294 2347 1419 2385 violasti,
1436 2356 1535 2378 contra
1545 2348 1754 2387 juramentum,
1772 2355 1873 2387 quote
1887 2347 1921 2378 ad
1941 2349 2017 2378 illam
2040 2347 2202 2380 servandam
2224 2349 2301 2379 astri-

1244 2394 1338 2424 xeras,
1356 2385 1440 2416 famae
1450 2396 1483 2417 ac
1498 2385 1587 2416 salutis
1600 2394 1657 2416 tuce
1675 2386 1825 2427 prodigus,
1844 2386 1995 2417 veniendo.

1281 2423 1361 2455 Cuni
1380 2425 1462 2465 igitur
1480 2425 1582 2455 totiens
1599 2435 1700 2462 pecces
1757 2426 1887 2464 quotiens
1905 2426 1971 2455 facis
1989 2431 2089 2456 contra
2107 2424 2242 2456 fidelitatis
2256 2426 2303 2464 ju-

1245 2471 1405 2495 ramentum
1431 2462 1587 2501 praestitum
1612 2463 1693 2494 dieto
1742 2465 1787 2503 egi
1799 2487 1810 2502 ,
1834 2473 1886 2494 nos
1899 2487 1909 2501 ,
1931 2464 1979 2502 qui
1997 2473 2031 2493 ex
2047 2463 2145 2495 debito
2163 2464 2304 2501 pastoralis

1234 2501 1336 2531 officii
1352 2508 1483 2532 tenemur
1500 2501 1570 2531 Deo
1587 2500 1624 2531 de
1640 2502 1733 2532 anima
1749 2510 1796 2532 tua
1813 2501 1929 2532 reddere
1946 2503 2083 2533 rationem
2135 2511 2194 2533 tarn
2212 2503 2303 2533 mani-

1245 2539 1348 2569 festum
1373 2540 1453 2577 ipsius
1478 2541 1581 2570 animae
1606 2547 1662 2570 tuae
1680 2541 1838 2578 periculum
1855 2540 1911 2570 fine
1926 2539 2025 2571 nostro
2044 2526 2212 2571 diflfmulare
2229 2541 2303 2578 peri-

1245 2578 1311 2608 culo
1329 2588 1389 2608 non
1404 2578 1544 2616 valentes,
1562 2578 1737 2617 prudentiam
1750 2587 1827 2609 tuam
1841 2578 2039 2608 sollicitandam
2051 2578 2181 2609 duximus
2194 2580 2227 2610 &
2240 2589 2305 2609 mo-

1245 2616 1386 2655 nendam,
1404 2626 1453 2654 per
1474 2615 1640 2654 Apostolica
1657 2617 1709 2647 tibi
1728 2617 1825 2658 scripta
1841 2616 1958 2647 firmiter
1977 2619 2053 2656 injun
2074 2616 2150 2647 endo
2168 2617 2304 2647 mandan-

1246 2663 1304 2692 tes,
1315 2675 1317 2679 .
1329 2663 1461 2693 quatenus
1478 2654 1563 2685 farnae
1580 2663 1637 2686 tuae
1654 2654 1806 2693 providens
1825 2656 1859 2686 &
1876 2655 1970 2694 saluti,
1993 2656 2027 2685 ad
2063 2654 2204 2686 delitatem
2222 2656 2304 2693 ipsius

1247 2693 1355 2734 Regis,
1376 2693 1526 2724 occafione
1544 2702 1577 2723 ac
1595 2694 1772 2725 excusatione
1789 2693 1974 2732 cessantibus,
2000 2693 2093 2724 redeas
2106 2718 2116 2732 ,
2140 2702 2172 2724 ut
2189 2695 2306 2732 teneris,

1234 2731 1388 2770 >servesque
1403 2732 1453 2762 fibi
1464 2732 1659 2763 inviolabiliter
1672 2733 1828 2771 praestitum
1837 2733 2043 2771 juramentum,
2058 2734 2220 2771 juramento
2233 2742 2306 2763 cori-

1247 2771 1332 2800 trario
1350 2780 1410 2800 non
1427 2769 1574 2808 obstante,
1597 2770 1618 2800 si
1636 2771 1714 2810 quod
1731 2771 1844 2802 forsitan
1862 2770 2026 2809 praestitisti,
2051 2779 2120 2801 cuni
2140 2773 2153 2788 ²*
2174 2770 2306 2802 illicitum

1247 2808 1346 2847 fuerit,
1363 2810 1395 2839 &
1416 2809 1481 2839 ideo
1507 2819 1568 2839 non
1579 2808 1761 2848 servandum,
1778 2809 1895 2839 salubres
1911 2811 2082 2840 monitiones
2097 2808 2204 2839 nostras
2217 2809 2307 2839 taliter

1247 2847 1403 2886 auditurus,
1422 2846 1519 2886 quod,
1536 2849 1728 2878 reconciliatus
1745 2857 1874 2885 terreno,
1901 2846 2017 2878 Caelesti
2039 2857 2154 2887 quoque
2176 2849 2307 2878 reconci-

1247 2886 1306 2915 liari
1321 2885 1454 2916 Domino
1469 2886 1605 2916 merearis.

1284 2924 1380 2954 Sciens
1397 2934 1448 2954 nos
1462 2924 1666 2955 venerabilibus
1680 2924 1808 2955 fratribus
1826 2923 1925 2954 nostris
1943 2923 2056 2962 Aquen.
2076 2925 2110 2955 &
2122 2924 2249 2955 Vasaten.
2268 2923 2309 2954 E-

1249 2962 1383 3001 piscopis,
1408 2964 1441 2993 &
1460 2961 1565 2992 dilee‘to
1583 2961 1641 2994 filio
1662 2962 1820 2993 Archidiac
1844 2960 1970 2992 Vasaten.
1999 2972 2048 2999 per
2066 2961 2172 2992 nostras
2190 2963 2310 2993 Litteras

1250 3001 1442 3039 mandavisle,
1465 3007 1518 3038 ut,
1540 3001 1590 3031 nisi
1608 3002 1744 3032 curaveris
1764 3001 1835 3031 infra
1853 3000 1979 3030 mensem
1993 3024 2003 3038 ,
2027 3000 2093 3038 post
2112 3002 2308 3039 receptionem

1250 3040 1446 3077 praesentium,
1471 3039 1600 3069 nostrum
1619 3041 1648 3070 in
1666 3040 1725 3070 hoc
1742 3039 1893 3075 adimplere
1910 3038 2090 3077 mandatum,
2114 3039 2165 3080 ipsi
2180 3047 2209 3069 te
2225 3040 2259 3070 ad
2278 3039 2308 3069 id

1248 3087 1297 3115 per
1313 3078 1457 3146 ceihsuram
1475 3076 1698 3109 Eccleiiasticam
1719 3100 1729 3116 ,
1752 3077 1861 3107 sublato
1878 3077 2068 3116 appellationis
2085 3077 2308 3115 impedimento,

1249 3126 1318 3146 com
1339 3126 1355 3146 e
1375 3125 1430 3145 ant.

1283 3126 1338 3184 ΤΕ
1349 3163 1435 3193 ergo,
1453 3153 1521 3184 sicut
1533 3155 1576 3184 vir
1589 3152 1740 3192 providus,
1758 3154 1850 3191 potius
1865 3153 1947 3193 eligas
1961 3162 2088 3184 errorem
2099 3162 2180 3185 tuum
2195 3153 2307 3183 humili-

1249 3200 1290 3223 ter
1304 3192 1486 3223 satisficiendo
1498 3194 1654 3231 corrigere,
1673 3200 1775 3230 quam,
1794 3192 1831 3222 illi
1846 3193 2020 3230 pertinaciter
2039 3192 2208 3229 infistendo,
2225 3191 2307 3221 indu-

1250 3241 1315 3299 ctedre
1330 3231 1507 3299 temetipsum
1521 3232 1550 3260 in
1564 3232 1620 3269 ejus
1635 3230 1799 3262 necessitatis
1812 3231 1975 3269 articulum,
1988 3230 2024 3261 de
2037 3241 2096 3269 quo
2111 3240 2170 3260 non
2183 3229 2263 3259 facile
2279 3237 2307 3259 te

1249 3280 1269 3301 v
1295 3279 1337 3299 eas
1353 3278 1424 3307 expe
1444 3279 1491 3299 ire.

1271 3345 1355 3389 ‘Dat
1374 3345 1457 3376 Reat.
1477 3344 1578 3384 Quint.
1604 3343 1670 3376 Idus
1685 3342 1825 3384 januarii,
1850 3345 2032 3377 Pontificatus
2053 3343 2141 3375 nostri
2161 3352 2238 3373 anno
2258 3343 2307 3374 de-

1250 3391 1337 3414 Cimo.

1428 3510 1478 3542 De
1496 3511 1623 3554 pecunia
1637 3518 1691 3554 pro
1711 3506 1834 3553 expenfis
1851 3509 1936 3551 Regis
1955 3504 2126 3551 colligenda.

2325 2790 2339 2806 *ε
2355 2790 2377 2816 1.
2394 2788 2457 2824 235.

1252 3592 1460 3653 HOnorius
1474 3592 1651 3637 Episcopus,
1664 3592 1756 3622 servus
1768 3590 1912 3634 servorum
1928 3589 2001 3635 Dei,
2018 3590 2223 3635 venerabilibus
2240 3590 2306 3636 Fra·
2326 3598 2401 3629 Anu,
2410 3598 2452 3630 D,

1342 3632 1428 3662 tribus
1443 3632 1665 3668 Archiepiicopis
1679 3631 1712 3661 &
1732 3629 1892 3669 Episcopis,
1911 3629 1945 3658 ὃς
1964 3629 2072 3658 ἀιὶεόὶιε
2090 3628 2168 3668 filus,
2187 3629 2306 3661 Abbatl-
2348 3639 2432 3667 1226,

1250 3671 1320 3708 bus,
1338 3669 1496 3707 Prioribus,
1512 3670 1545 3699 &
1567 3669 1622 3698 aliis
1639 3668 1780 3704 Praelatis,
1797 3676 1831 3697 ac
1852 3667 2029 3697 Reetonbus
2044 3666 2251 3706 Ecclefiarum,
2277 3670 2306 3698 in
2324 3681 2375 3704 Aa.
2395 3686 2437 3705 10,

1251 3707 1391 3738 Hibernia
1403 3707 1574 3744 constitutis,
1592 3705 1706 3736 salutem
1718 3706 1751 3736 &
1765 3704 1962 3749 Apostolicam
1975 3705 2213 3737 benedictionem.

2327 3720 2355 3741 H

1290 3746 1366 3776 Non
1381 3747 1490 3776 laeditur
1500 3745 1611 3774 libertas
1624 3742 1833 3781 Ecclesiastica,
1850 3743 1888 3786 set
1903 3742 2066 3774 defenditur.
2096 3745 2115 3775 fi
2129 3744 2195 3775 inde
2209 3744 2306 3775 defen—
2327 3725 2441 3780 pani&

1252 3784 1306 3814 sori
1320 3785 1394 3822 ejus,
1413 3785 1484 3813 statu
1496 3791 1591 3812 rerum
1604 3782 1637 3812 ὃς
1652 3791 1816 3819 temporum
1831 3789 1972 3820 exigente,
1989 3767 2139 3814 subfidium
2160 3783 2307 3813 liberaliter
2329 3795 2362 3818 H.
2381 3800 2403 3826 3,
2418 3800 2454 3819 m,

1252 3823 1383 3891 exlgblessu
1386 3832 1467 3899 igitur
1478 3856 1621 3888 kariffimo
1636 3858 1665 3888 in
1680 3857 1797 3888 Christo
1813 3857 1870 3888 filio
1884 3858 2000 3896 nostro,
2013 3858 2144 3890 Heni-ico
2157 3859 2232 3898 Regi
2249 3859 2310 3889 Aii—

1254 3900 1319 3936 gliae
1334 3898 1445 3935 illustri,
1462 3896 1548 3927 multa
1562 3897 1727 3927 immineant
1738 3896 1949 3927 necessariarum
1964 3907 2050 3928 onera
2063 3898 2258 3936 expensarum,
2276 3906 2309 3926 ac

1255 3944 1369 3975 propter
1384 3936 1441 3966 hoc
1457 3935 1507 3964 sibi
1523 3934 1746 3965 mandaverimus
1760 3945 1775 3964 a
1785 3933 1879 3978 ‚Clero
1893 3935 2004 3975 Angliae
2025 3936 2175 3967 subsidium
2194 3936 2307 3965 exhibe-

1256 3975 1302 4012 ri,
1326 3973 1548 4004 Universitatem
1566 3972 1689 4004 vestram
1704 3973 1903 4003 sollicitandam
1919 3973 2047 4005 duximus
2065 3976 2099 4005 ὅ(
2117 3972 2283 4003 hortandam
2299 3997 2308 4010 ‚

1277 4022 1306 4056 er
1327 4011 1481 4055 apostolica
1501 4011 1583 4041 vobis
1603 4012 1701 4055 scripta
1720 4011 1880 4041 mandantes
1900 4021 2033 4050 quatenus
2046 4035 2056 4051 ,
2079 4021 2148 4055 cum
2168 4011 2310 4055 Regnum

1255 4023 1406 4081 {libermae
1420 4049 1454 4080 ad
1468 4049 1557 4088 ipsum
1571 4058 1709 4088 pertinere
1722 4049 1848 4118 noscffiur
1856 4074 1865 4088 ,
1883 4059 1916 4081 ac
1927 4060 1977 4089 per
1989 4051 2046 4081 hoc
2060 4049 2153 4081 eidem
2165 4049 2313 4116 incumlgsst

2332 3839 2357 3865 3.
2377 3830 2403 3856 d.
