2570 4261
112 225 191 262 Ann.
204 228 244 260 D.

136 277 220 308 12¹3·

118 505 244 541 {1.¹77.

136 3557 267 3596 ’1.i78.

266 146 318 211 53

263 230 398 262 Domino
408 229 508 261 nostro
520 229 605 266 Papae
616 226 802 264 innocentio,
820 235 870 264 per
883 234 981 256 manus
994 223 1120 263 praediffl
1140 223 1256 268 Legati,
1272 221 1316 251 lo-

265 280 303 301 co
318 270 351 300 &
365 271 428 300 vice
441 269 521 307 ipsius
535 267 657 297 Domini
671 265 755 303 Papae
768 265 941 303 recipientis,
959 263 1071 301 publice
1091 263 1225 298 fecimus3
1245 260 1316 303 Suc-

265 308 386 339 cessores
404 309 436 339 &
457 305 593 337 Haeredes
613 303 725 334 nostros
746 303 783 335 de
802 313 890 344 uxore
912 302 1006 334 nostra
1020 303 1048 332 in
1065 309 1229 340 perpetuum
1242 298 1316 342 obli-

267 356 377 386 ganeas,
395 355 425 376 ut
438 344 517 375 simili
530 342 620 374 modo
635 343 758 374 Summo
773 341 925 379 Pontifici,
944 342 993 380 qui
1006 350 1058 379 pro
1073 347 1203 377 ternpore
1217 336 1317 374 fuerit,

267 387 302 418 ὃς
322 384 454 415 Ecclesiae
474 382 615 413 Romanae
629 406 639 421 ,
674 381 731 412 sine
753 380 979 413 contraditstione
1005 380 1126 414 debeant
1155 375 1332 407 fidelitatem.

267 423 410 464 praestare,
427 422 461 452 ὃ(
475 422 640 461 homagium
653 421 864 461 recognoscere.
1058 457 1063 462 ¹
1113 455 1118 460 ⁵
1163 454 1169 460 ,

303 461 349 492 Ad
370 461 507 492 indicium
527 470 622 494 autem
643 460 724 491 hu'us
737 459 841 491 nostrae
854 466 994 497 perpetuae
1006 456 1182 494 obligationis
1197 452 1230 497 ὃς
1246 461 1319 497 con-

267 499 411 538 ceffionis,
429 499 560 530 volumus
581 497 614 530 &
634 498 677 536 sta-
694 499 785 529 ilimus
807 506 855 536 ut,
873 497 909 527 de
930 496 1046 534 propriis
1068 495 1101 525 ὃς
1123 492 1142 511 *
1158 491 1318 535 specialibus

265 537 416 569 redditibus
430 537 633 575 pnaedi&orurn
652 537 824 576 Regnorum
838 535 1018 571 nostrorum,
1036 542 1088 571 pro
1104 539 1186 574 omni
1206 530 1319 572 serv1tio

264 577 298 607 &
319 575 536 615 consuetudine,
574 575 632 607 uod
655 586 708 614 pro
730 575 791 614 ipsis
803 574 896 604 facere
907 573 1042 602 debemus
1057 569 1145 638 §salvs
1159 577 1208 606 per
1222 576 1319 610 omnia

263 614 381 645 denariis
396 609 484 652 Petri)
499 614 560 646 Ecc
571 614 623 644 esia
636 614 769 645 Romana
782 610 985 655 mille⁴Marcas
1001 609 1061 653 Ster
1073 616 1208 652 ingorum
1229 614 1320 644 perci-

264 654 321 692 piat
332 654 492 691 annuatim,
511 653 628 689 scilicet,
645 653 675 682 in
689 650 762 681 festo
778 650 873 680 Sansti
887 647 1035 679 Michaelis
1055 652 1217 684 quingentas
1238 643 1321 688 Mar-

265 701 328 730 caS,
345 692 380 723 &
402 693 431 722 in
453 691 554 721 Pascha
576 692 737 729 quingentas
752 688 880 718 Marcas:
898 678 1234 728 SeptingentasuMarcas,
1250 682 1322 726 scili-

265 737 329 767 cet,
348 741 399 769 pro
414 730 519 768 Regno
535 728 645 765 Angliae
654 751 662 764 ,
681 728 715 757 &
727 735 863 756 trecentas
878 734 931 762 pro
946 724 1052 763 Regno
1064 722 1227 766 Hiberniae3
1244 721 1322 751 salv1s

265 767 348 799 nobis
361 769 394 800 &
407 766 574 798 Haeredibus
590 764 692 796 nostris
700 763 827 804 justitiis,
841 763 1029 794 Libertatibus
1044 761 1078 793 &
1091 760 1242 801 Regahbus
1255 769 1322 790 nos·

266 815 323 838 HIS.

306 845 383 883 Quae
401 843 513 879 omnia,
532 841 602 872 ficut
621 840 772 880 supradicta
793 840 855 871 sunt
890 847 946 870 rata
965 838 1022 869 effe
1039 838 1166 868 volentes
1186 845 1323 875 perpetuo

265 876 353 927 atque'
366 882 459 921 firma,
477 880 633 920 obligamus
648 890 701 910 nos
714 880 748 910 &
762 864 940 910 Succesi'ores
952 876 1064 908 nostros
1078 885 1177 908 contra
1190 886 1252 907 non
1273 886 1324 907 ve-

261 931 329 953 nire.

303 958 342 990 Et
364 958 384 989 si
403 968 472 996 nOS,
490 956 535 988 vel
558 956 654 994 aliquis
676 955 876 986 Successorum
894 953 1060 985 nostrorum
1080 953 1138 984 hoc
1159 961 1325 991 attemptare

266 997 482 1037 praesumpserit,
501 996 662 1033 quicunque
674 994 756 1025 fuerit
771 994 832 1030 ille,
851 994 899 1025 nili
915 995 965 1023 rite
989 993 1185 1023 commonitus
1206 992 1324 1030 resipue-

265 1037 316 1073 rit,
337 1035 414 1066 cadat
433 1044 449 1064 a
463 1034 525 1072 J'ure
546 1033 658 1072 Regni,
676 1033 710 1065 ὃ(
722 1033 787 1064 haec
800 1032 886 1064 Carta
898 1032 1078 1070 obligationis
1089 1031 1124 1064 &.
1137 1029 1325 1063 concessionis

265 1074 369 1112 nostrie
381 1073 486 1110 semper
501 1072 579 1103 firma
595 1081 764 1111 permaneat.

263 1155 376 1188 forma
403 1148 589 1197 Juramenti
604 1160 661 1197 per
686 1147 862 1196 Johannem
877 1152 987 1196 Regem
1004 1147 1041 1182 de
1049 1146 1235 1195 shpradiflis
1250 1159 1323 1196 prae-

749 1196 828 1242 stiti.

266 1285 394 1349 EGO
410 1285 568 1324 Joliannes,
587 1283 645 1316 Dei
661 1284 761 1325 gratia,
779 1282 845 1314 Rex
859 1281 988 1324 Angliae,
1006 1282 1152 1314 Dominus
1166 1281 1326 1321 Hiberniae,

301 1335 304 1336 ⁷
342 1325 377 1354 ab
399 1324 450 1354 hac
470 1323 540 1354 hora
555 1324 583 1354 in
597 1332 692 1361 antea,
711 1322 797 1353 fidelis
810 1331 860 1352 ero
874 1320 943 1352 Deo
956 1322 990 1353 &
1003 1322 1101 1353 beatro
1116 1321 1202 1351 Petro
1218 1322 1251 1352 &
1267 1321 1326 1352 Ec-

264 1364 353 1395 cleliae
368 1363 526 1399 Romame,
543 1373 575 1393 ac
592 1362 727 1393 Domino
742 1371 809 1392 meo
823 1360 910 1398 Papae
924 1360 1060 1391 Domino
1081 1359 1252 1392 Innocentio
1274 1359 1326 1392 111.

264 1402 375 1441 ejusque
388 1401 589 1432 succefforibus
604 1400 744 1431 catholice
758 1400 933 1431 intrantibus.

302 1440 377 1471 Non
390 1450 439 1470 ero
453 1441 482 1470 in
496 1439 590 1478 faCto,
607 1440 636 1469 in
656 1438 753 1477 dieto,
771 1437 906 1469 consensu
919 1437 964 1468 vel
981 1437 1099 1469 consilio
1113 1445 1144 1468 ut
1159 1438 1246 1468 vitam
1262 1447 1327 1476 per-

263 1478 344 1517 dant,
362 1478 407 1509 vel
420 1479 600 1517 membrum,
618 1478 664 1508 vel
677 1476 747 1508 mala
761 1478 892 1515 captione
905 1477 1057 1515 capiantur.

301 1516 411 1548 Eorum
430 1516 586 1554 dampnum
610 1516 628 1546 fi
650 1515 776 1554 scivero,
794 1514 964 1553 impediam,
982 1515 1016 1547 δε
1031 1524 1181 1546 removere
1193 1514 1293 1545 faciam
1307 1515 1327 1546 si

266 1564 382 1595 porcrog
401 1555 524 1594 alioquin
537 1556 591 1594 eis,
610 1564 695 1594 quam
717 1555 797 1585 citius
814 1563 934 1592 potero,
957 1554 1114 1592 intimabo,
1132 1553 1179 1584 vel
1198 1554 1244 1584 tali
1263 1564 1327 1592 per-

265 1595 341 1626 soriae
359 1594 452 1624 dicam
473 1603 558 1632 quam
581 1594 617 1624 eis
641 1592 756 1624 credam
775 1603 828 1630 pro
850 1601 930 1624 certo
956 1592 1119 1623 dicturam:
1156 1592 1327 1631 consilium,

287 1633 345 1664 uod
361 1633 431 1663 mihi
446 1632 613 1663 crediderint
647 1641 676 1662 er
695 1631 737 1670 se,
755 1631 800 1663 vel
824 1641 874 1669 per
894 1629 1049 1671 Nuncios,
1066 1630 1112 1661 seu
1130 1630 1231 1661 litteras
1253 1631 1327 1670 suas,

279 1680 405 1703 ecretum
418 1672 539 1709 tenebo,
557 1671 590 1703 ὃς
605 1642 645 1702 ad)
655 1680 757 1702 eonim
777 1669 936 1708 dampnum
955 1669 1024 1700 nulli
1039 1668 1162 1708 pandam
1176 1679 1225 1700 me
1238 1669 1327 1701 scien-

267 1719 303 1742 te.

306 1748 511 1780 Patrimonium
533 1749 608 1780 beati
627 1748 727 1786 Petri,
753 1747 787 1779 &
809 1746 959 1787 specialiter
979 1746 1117 1786 Regnum
1141 1746 1268 1785 Angliae,
1295 1747 1329 1778 &

268 1787 405 1827 Regnum
418 1787 565 1818 Hiberniae
576 1787 685 1826 adjutor
699 1788 736 1817 eis
758 1796 808 1816 ero
831 1785 865 1816 ad
882 1784 1037 1816 tenendum
1061 1786 1095 1817 &
1119 1783 1329 1816 defendendum

267 1836 366 1857 contra
385 1835 484 1856 omnes
504 1826 653 1863 homines,
671 1835 725 1862 pro
745 1823 826 1863 posse
841 1834 926 1862 me03
945 1823 982 1855 sic
1001 1823 1082 1854 Deus
1104 1833 1152 1854 me
1163 1824 1273 1863 adjuvet
1294 1825 1328 1855 δί

269 1865 332 1896 haec
347 1863 447 1895 saneta
461 1863 520 1893 Dei
536 1863 696 1900 Evangelia.

305 1903 355 1933 De
377 1903 494 1940 quibus,
517 1912 554 1932 ne
573 1900 657 1939 poslit
677 1901 707 1930 in
728 1899 875 1937 posterum
895 1900 999 1939 aliquid
1021 1900 1158 1939 dubitari,
1185 1900 1220 1931 ad
1241 1902 1330 1940 majo-

268 1951 330 1972 rem
342 1941 515 1971 securitatem
529 1939 670 1976 praedietae
682 1939 862 1975 obligationis
874 1939 906 1970 &
921 1939 1109 1970 concessionis
1123 1939 1228 1971 nostiae
1236 1964 1246 1979 ,
1258 1950 1330 1980 prae-

269 1979 376 2012 sentem
394 1977 509 2008 Castam
527 1977 585 2008 fieri
603 1977 722 2008 fecimus
736 1999 746 2015 ‚
771 1977 805 2008 &
823 1987 901 2007 aurea
918 1977 993 2008 bulla
1011 1977 1106 2008 nostra
1128 1978 1248 2018 signaii;
1273 1989 1306 2010 ac
1321 2003 1331 2018 ‚

270 2028 324 2057 pro
348 2016 443 2047 Censu
466 2016 545 2055 hujus
564 2016 703 2055 praesentis
720 2016 754 2046 &
772 2016 856 2053 primi
873 2017 961 2052 anni,
991 2016 1069 2046 mille
1089 2016 1204 2048 Marcas
1222 2016 1331 2047 sterlin-

268 2066 390 2097 gorum,
409 2065 459 2094 per
476 2064 593 2086 manum
610 2053 737 2094 praediffi
754 2053 868 2094 Legati,
886 2053 1021 2086 Ecclesiae
1037 2053 1181 2086 Romanoe
1198 2055 1332 2094 persolvi-

269 2105 340 2127 mus.

267 2162 404 2198 'restibus
410 2186 421 2203 ‚

270 2236 385 2274 Domino
408 2243 436 2272 S.
454 2239 643 2284 CantuarIenfi
661 2239 782 2272 Archie-
819 2242 854 2275 R.
875 2242 976 2272 Comite
986 2243 1032 2283 ,σε
1056 2241 1122 2278 m‘ae,

272 2279 514 2359 fflissossisonimfi
819 2281 968 2349 Zbglrlssre
980 2291 1017 2348 c}
1018 2290 1067 2356 off
1062 2281 1163 2309 comite
1175 2278 1303 2310 Penbroe.

272 2344 315 2390 13.⁸
325 2360 367 2388 W
365 2355 504 2399 intonienfi
510 2343 529 2395 ,³
821 2351 866 2388 W
883 2360 983 2386 comite
997 2355 1029 2386 de
1040 2342 1191 2396 Fe’rrariis,

272 2398 309 2431 Ε.
329 2395 432 2436 Elienfi
438 2420 448 2434 ‚
819 2398 846 2425 S.
866 2398 967 2425 comite
981 2397 1024 2425 W
1022 2398 1116 2433 intem,

819 2432 970 2467 Guillielmo
985 2437 1128 2472 Briwere,

398 2507 399 2510 Ἴ
483 2508 485 2511 Ι
821 2474 902 2502 Petro
911 2471 972 2513 filio
988 2471 1148 2510 Hereberti,

272 2511 317 2542 W
334 2511 366 2542 de
380 2513 454 2552 Gray
469 2508 636 2542 Cancellario
649 2508 752 2550 noslro,
821 2510 947 2540 Mathaeo
952 2509 1016 2551 filio
1030 2509 1193 2549 Hereberti,

271 2552 316 2581 W.
334 2550 366 2580 de
384 2552 480 2586 Longa
502 2549 592 2588 spada
611 2552 710 2578 comite
731 2551 783 2578 Sa·
821 2552 926 2579 Brinno
940 2552 973 2579 de
988 2548 1104 2589 Infitla,
1122 2551 1197 2589 Dapi
1211 2557 1255 2579 ero
1274 2557 1335 2578 nos-

309 2588 459 2631 resberienfi
466 2587 562 2629 fratre
576 2586 678 2629 nostro,
859 2594 912 2618 tro.

558 2318 588 2468 }
616 2373 754 2417 Epifiopir.

272 2435 312 2467 H.
331 2433 506 2476 lincolniensi
515 2458 525 2473 ,

311 2664 420 2696 Datum
441 2669 492 2703 pe'r
511 2667 609 2694 manus
625 2661 756 2703 Magistri
769 2662 902 2695 Riceardi
923 2664 959 2695 de
973 2663 1114 2702 Mai-isco,
1134 2663 1336 2694 Archidiaconi

275 2702 476 2734 Richmundiae
496 2704 529 2734 ὃς
552 2701 747 2733 Northumbr.
764 2702 837 2740 apud
865 2703 1000 2732 Sanctum
1014 2701 1134 2732 Paulum
1149 2701 1337 2732 Londonien-

276 2742 351 2780 sem,
369 2742 446 2771 tertia
461 2741 506 2771 die
520 2740 658 2771 Oe‘iobris
667 2764 676 2778 ,
695 2739 782 2770 Anno
797 2741 833 2770 ab
848 2739 1043 2771 Incarnatione
1056 2738 1242 2772 MCCXHI.
1257 2739 1338 2779 Reg-

274 2781 305 2811 ni
317 2789 386 2812 vero
399 2778 488 2810 nostri
506 2779 593 2810 Anno
610 2778 738 2809 Decimo
755 2779 863 2817 quinto.

275 2906 394 2938 Littera
411 2907 574 2937 Innocentii
592 2906 673 2949 Papae
683 2915 691 2940 ,·
709 2916 744 2937 ne
760 2907 828 2951 qm's
843 2914 915 2950 pace
928 2931 937 2947 ‚
954 2908 1031 2937 inter
1045 2903 1205 2949 Ecclesiam
1220 2905 1256 2940 ώ-
1276 2901 1338 2947 Jo-

321 2950 448 2985 hannem
478 2956 586 3001 Regem
608 2953 699 2997 fasta
718 2979 729 2995 ,
769 2950 919 2986 abutatur
950 2952 994 2986 ad
1008 2955 1184 3000 gravamen
1207 2950 1338 2997 ejusdem

322 3003 418 3048 Regis.

354 3084 505 3116 Ublinensi
528 3085 774 3126 Archiepiscop03
805 3087 839 3119 &
859 3086 1042 3119 Norwicenfi
1055 3111 1065 3125 ,
1091 3087 1125 3119 &
1147 3084 1341 3117 wintoniensi

365 3122 527 3161 Episcopis,
545 3125 579 3154 δὲ
600 3124 755 3155 Nobilibus
778 3126 843 3156 viris
867 3125 1026 3157 Guillelmo
1043 3124 1251 3162 Saresberiensi,
1269 3123 1340 3154 Gal-

229 3170 234 3175 '
279 3161 355 3192 frido
374 3161 432 3192 filio
453 3161 529 3192 Petri
548 3161 684 3202 Effexi-Je,
709 3162 746 3193 R.
772 3163 918 3203 Boloniae,
944 3164 1100 3203 Ranulpho
1122 3162 1260 3200 Cestriae,
1284 3162 1339 3192 W.

234 3207 240 3213 ·
279 3200 444 3230 Waranniae
459 3224 469 3239 ,
501 3200 544 3230 W
547 3200 662 3230 illielmo
684 3200 849 3232 Marescallo
872 3203 1054 3235 Pembrociae
1067 3227 1078 3241 ,
1107 3201 1228 3246 Rogero
1258 3200 1288 3231 B·
1309 3208 1341 3232 ot

280 3238 462 3276 Norfolciae,
479 3238 639 3268 Willielmo
663 3238 826 3277 Arundelli,
844 3239 1004 3272 Guillelmo
1026 3241 1063 3272 de
1084 3240 1223 3278 Ferraria,
1241 3239 1275 3270 &
1312 3250 1340 3270 a-

279 3277 350 3307 hero
364 3276 525 3307 Wintoniae
541 3275 719 3315 Coniitibus,
735 3276 768 3307 &
783 3277 821 3307 R.
840 3277 898 3307 filio
926 3279 1035 3319 Rogeri
1070 3279 1123 3309 W.
1143 3279 1265 3310 Briwere
1300 3277 1340 3308 R.

280 3314 316 3344 de
339 3315 418 3359 Ros,
437 3314 478 3345 G.
498 3314 555 3359 fiiio
570 3314 729 3359 umfredi,
745 3314 785 3344 R.
803 3315 839 3346 <ie
860 3315 984 3348 Mortuo
1009 3302 1103 3357 Mari,
1121 3316 1154 3348 P.
1174 3316 1232 3347 fiiio
1246 3302 1342 3347 Here-

281 3353 368 3391 berti,
386 3353 438 3383 W.
457 3353 494 3384 de
511 3353 668 3383 Albimaco.

318 3390 351 3421 In
373 3392 466 3422 forma
488 3391 670 3429 concordiae,
688 3390 760 3430 qua,
778 3400 846 3421 cum
867 3392 954 3423 multa
975 3393 1190 3431 deliberatione,
1214 3391 1341 3431 providi-

283 3436 344 3458 mus
357 3439 409 3467 pro
423 3429 599 3460 reformanda
615 3439 683 3467 pace
695 3431 765 3460 inter
781 3429 952 3461 carissimum
974 3433 1004 3462 in
1025 3431 1142 3462 Christo
1164 3431 1254 3462 filium
1273 3440 1341 3461 nos-

283 3474 359 3497 trum
368 3468 529 3506 Johannem
544 3467 704 3507 Angiorum
717 3466 831 3507 Regem
844 3467 998 3506 illustrem,
1016 3470 1049 3500 &
1063 3469 1219 3500 Ecclesiam
1241 3469 1342 3508 Angli-

284 3513 399 3544 canam,
416 3507 474 3537 hoc
495 3508 567 3536 inter
589 3515 688 3547 caetera
706 3507 869 3551 continetur
889 3507 1066 3546 expressum,
1085 3508 1163 3546 quod
1178 3507 1255 3537 idem
1274 3507 1341 3538 Rex

285 3545 542 3623 {satagas
551 3544 1341 3622 dfflmssihmsstfflwfflmbfflta

284 3618 386 3661 niensi,
402 3619 553 3650 Eustachio
565 3619 683 3657 Eliensi,
703 3620 822 3661 AEgidio
837 3620 1058 3660 Herefordenfi,
1071 3621 1216 3660 Joscelino
1235 3621 1341 3653 Batho-

284 3655 387 3699 mensi,
402 3658 434 3686 &
449 3658 582 3688 Huberto
602 3658 792 3689 Lincolniensi
807 3659 968 3698 Episcopis,
986 3659 1079 3690 Priori
1093 3669 1207 3698 quoque
1218 3669 1251 3691 ac
1266 3659 1339 3690 Mo-

286 3693 380 3736 nachis
396 3693 649 3734 Canruariensibu53
668 3697 702 3727 &
718 3696 851 3728 Roberto
866 3697 924 3729 filio
938 3698 1075 3736 Walteri,
1089 3708 1121 3728 ac
1134 3697 1289 3728 Eustachio
1303 3698 1340 3729 de

284 3731 385 3774 Vesc13
404 3741 516 3762 necnon
527 3736 633 3764 caeteris
648 3733 766 3765 Clericis
781 3736 815 3765 &
830 3736 920 3768 Laicis
935 3736 992 3767 hoc
1005 3737 1152 3776 negotium
1172 3741 1229 3766 con
1245 3737 1261 3742 ''
1290 3741 1340 3766 e'n·

284 3770 375 3813 3¹b¹¹⁵⁷
394 3769 551 3806 praestando
565 3772 644 3802 simui
658 3782 756 3803 coram
771 3772 879 3813 Legato
892 3774 938 3805 vel
953 3774 1094 3815 Delegato
1107 3773 1207 3805 nostro
1226 3784 1265 3812 pu
1285 3774 1340 3805 lice

281 3814 473 3852 juramentum
489 3808 563 3845 quod
578 3810 665 3853 ipsos,
682 3821 751 3841 cum
765 3810 903 3854 suin—nec
917 3813 1016 3852 laedet,
1035 3823 1089 3843 nec
1102 3812 1167 3843 laedi
1190 3812 1273 3843 faciet
1293 3812 1340 3843 vel

285 3852 429 3889 permittet
444 3854 474 3890 m.
488 3846 622 3891 personiS,
640 3848 685 3878 vel
701 3849 801 3886 rebus,
821 3850 911 3888 eisque
925 3861 1044 3883 omnem
1056 3850 1277 3891 indignationem
1296 3849 1340 3880 di-

286 3891 396 3921 mittet,
414 3883 448 3914 &
467 3893 495 3927 in
516 3892 626 3921 gratiam
647 3887 722 3916 stiam
745 3887 858 3917 eosdem
878 3890 934 3919 reci
957 3891 993 3920 iet
1013 3900 1046 3921 ac
1058 3889 1134 3920 bona
1147 3888 1203 3919 fide
1214 3888 1340 3928 tenebit;

285 3921 418 3965 quodque
438 3921 565 3958 praefatos
587 3922 853 3969 Archiepiscopum,
877 3924 911 3956 &
931 3899 1086 3966 §piscopos
1107 3931 1168 3958 non
1188 3926 1341 3966 impediet,

286 3969 339 3990 nec
354 3960 494 4004 facietbaut
506 3962 825 4005 permittet-aliquatenus
839 3964 967 4001 impediri
986 3976 1044 4004 quo
1067 3967 1160 3997 minus
1181 3965 1231 4003 ipsi
1250 3965 1339 3996 libere

286 3997 365 4027 suum
387 4001 556 4035 exequantur
576 3997 724 4039 officium,
740 3999 775 4031 &
791 4002 872 4041 plena
883 4002 939 4033 suae
949 4004 1145 4042 Jurisdic‘ltioi'ais
1155 4003 1341 4044 auctoritate,

287 4041 372 4074 prout
384 4035 505 4074 debent,
523 4043 640 4067 utantur.

691 125 1498 182 CONVENTIONES,
1552 130 1941 183 LITERAE,

1393 218 1431 262 Et
1451 218 1531 256 super
1553 218 1605 249 hiis
1626 219 1687 250 tam
1701 220 1801 258 nobis,
1820 221 1908 258 quarn
1921 219 1971 258 ipsi
1987 218 2211 259 Archiepiscopo
2246 221 2282 253 &
2302 222 2414 261 singulis

1355 256 1518 300 Episcopis,
1535 257 1592 287 suas
1606 266 1729 302 patentes
1744 259 1846 289 litteras
1861 259 2024 298 exbibebit3
2041 260 2144 291 faciens
2159 260 2195 289 ab
2210 243 2355 299 &piscopis
2379 264 2414 294 &

1356 294 1520 326 Comitibus
1534 305 1568 326 ac
1583 295 1737 326 Barombus
1752 297 1821 335 suis,
1840 306 1912 335 quot
1926 298 1959 328 &
1975 308 2046 336 quos
2062 298 2168 337 praefati
2180 297 2417 339 Archiepiscopus

1356 334 1389 364 ὃ(
1412 333 1544 378 Episcopi
1592 333 1764 378 ⁴stulaverint
1779 360 1787 373 ,
1809 336 1966 374 juramenta
1988 338 2022 368 &
2044 347 2146 368 eorum
2168 345 2292 374 patentes
2315 337 2417 370 litteras

1357 372 1481 402 exhiberi
1497 382 1555 410 quo
1590 372 1656 411 ipsi,
1673 374 1751 404 bona
1765 373 1837 412 fide,
1855 373 2007 406 studebunt
2022 383 2053 406 ut
2075 376 2139 406 hcec
2159 384 2211 413 pax
2233 376 2267 407 &
2290 375 2418 408 securitas

1345 409 1473 448 ⁴firmiter
1488 411 1670 449 observetur3
1688 413 1738 451 ὃς,
1757 413 1777 443 fi
1797 413 1888 451 forte,
1901 413 1985 457 *quod
2008 413 2089 445 Deus
2109 422 2232 453 avertat,
2251 413 2329 444 idem
2350 414 2418 447 Rex

1357 458 1407 486 per
1422 448 1557 487 seipsum,
1571 449 1618 479 vel
1630 449 1697 480 alios
1711 459 1937 490 contravenerit,
1956 452 2004 489 ipsi
2019 462 2072 490 pro
2098 452 2212 483 ecclesia
2233 461 2334 484 contra
2353 455 2419 485 vio-

1355 486 1456 517 latores
1472 487 1619 519 securitatis
1634 489 1668 520 &
1683 491 1757 527 pacis
1772 489 1907 520 mandatis
1921 490 2080 528 apostolicis
2095 491 2288 530 inhaerebunt,
2305 501 2339 524 ac
2353 492 2415 525 dic-

1358 534 1402 555 tus
1417 525 1483 556 Rex
1497 535 1635 564 perpetuo
1650 527 1808 558 custodiam
1821 529 1983 559 vacantium
1999 529 2180 559 ecclesiarum
2193 530 2310 562 amittat.

1393 563 1467 594 Sane
1486 565 1672 596 intelleximus
1688 577 1740 597 vos
1760 577 1812 604 pro
1834 567 1993 606 praescripta
2012 567 2155 598 securitate
2169 577 2202 607 ac
2237 577 2287 598 ace
2297 567 2417 607 jurasse,

1357 601 1516 646 vestrasque
1536 613 1660 641 patentes
1681 605 1783 636 litteras
1805 605 1963 644 tradidisse,
1988 606 2064 636 unde
2088 617 2138 645 per
2159 615 2214 644 apo
2240 605 2314 637 olica
2334 608 2420 639 vobis

1358 639 1457 678 scripta
1471 641 1635 685 mandamus
1651 652 1803 681 quatenus,
1821 643 1855 673 ad
1870 643 2121 674 consummandam
2137 645 2170 676 &
2198 644 2420 677 conservandam

1360 678 1485 709 formam
1498 680 1619 718 ejusdem
1631 681 1779 713 securitatis
1794 683 1828 714 &
1842 684 1916 720 pacis
1931 682 2050 721 diligens
2065 683 2190 715 studium
2203 684 2369 721 impendatis
2383 685 2419 717 ὃς

1359 726 1477 755 operam
1492 718 1648 749 efficacem.
2194 748 2197 750 v

1398 754 1452 787 Ne
1470 757 1531 794 quis
1551 765 1647 788 autem
1669 766 1704 788 ex
1724 757 1805 797 hujus
1826 759 1943 790 vinculo
1958 760 2094 791 cautionis
2106 759 2287 792 occasionem
2301 760 2423 794 assumat

1360 803 1460 825 contra
1474 795 1626 833 praefatum
1641 796 1754 840 Regem
1771 797 1892 835 aliquam
1907 798 2071 830 turbationis
2087 800 2233 830 materiam
2255 799 2419 839 suscitandi,

1361 843 1431 863 cum
1444 844 1494 871 per
1509 843 1571 864 eam
1588 834 1625 865 sic
1640 833 1689 864 illis
1704 834 1738 864 ad
1753 836 1934 867 necessariam
1947 837 2123 869 securitatem
2137 838 2171 870 &
2186 847 2286 876 pacem
2299 838 2421 869 velimus

1362 871 1419 902 effe
1442 872 1604 911 provisum,
1623 873 1699 910 quod
1722 872 1759 903 illi
1781 873 1816 904 ad
1836 884 1988 912 gravamen
2011 875 2168 907 indebitum
2190 876 2236 907 vel
2254 877 2421 907 incommo-

1363 909 1435 941 dum
1450 921 1510 941 non
1525 911 1677 948 redundet,
1693 912 1870 949 praesentium
1885 915 1967 944 vobis
1979 914 2145 945 auctoritate
2159 915 2339 953 praecipimus
2353 925 2422 954 qua-

1361 957 1460 988 tenus,
1478 949 1498 979 si
1521 949 1587 988 quid
1610 950 1702 981 forsan
1724 950 1882 989 emerserit,
1901 952 1979 991 quod
2002 962 2102 984 contra
2117 954 2307 992 praescriptam
2320 954 2422 984 securi-

1362 995 1449 1019 tatem
1469 989 1502 1019 &
1524 998 1625 1026 pacem
1646 989 1738 1019 facere
1752 999 1942 1029 proponatur,
1960 1001 2020 1023 non
2033 1000 2113 1031 ante,
2140 991 2303 1031 cujusquam
2321 992 2422 1022 instin-

1360 1027 1428 1065 ἆυ,
1444 1026 1571 1059 adversus
1583 1027 1705 1058 eundern
1722 1026 1835 1067 Regem
1848 1029 2016 1066 aliquatenus
2029 1031 2222 1069 moveamini,
2236 1041 2421 1070 quam,con-

1363 1066 1435 1097 fulto
1450 1062 1588 1097 Romano
1603 1066 1760 1105 Pontifice,
1774 1065 1854 1104 ipsius
1868 1068 2001 1104 recipiatis
2016 1079 2084 1100 cum
2100 1069 2230 1108 responso
2245 1070 2422 1108 mandatum,

1363 1106 1412 1144 qui
1426 1106 1523 1135 omnia
1538 1105 1683 1136 consuevit
1698 1115 1783 1144 aequo
1799 1106 1945 1136 libramine
1959 1107 2115 1146 moderari3
2133 1118 2202 1139 cum
2218 1108 2276 1139 hoc
2290 1109 2379 1146 ipsum
2391 1110 2421 1139 in

1364 1140 1496 1182 praedieta
1510 1145 1602 1174 forma
1617 1145 1793 1175 contineatur
1808 1144 1985 1188 expressum,
1994 1145 2073 1183 quod
2087 1157 2140 1177 vos
2155 1157 2208 1184 pro
2222 1147 2336 1178 ecclesia
2351 1157 2422 1178 con-

1362 1191 1404 1213 tra
1418 1182 1569 1214 violatores
1582 1182 1732 1214 securitatis
1744 1183 1778 1215 &
1792 1184 1866 1221 pacis
1881 1182 1987 1214 debetis
2000 1183 2136 1216 mandatis
2149 1184 2310 1223 apostolicis
2333 1186 2424 1216 inhae-

1362 1231 1432 1253 rere.

1363 1337 1382 1368 d
1399 1297 1510 1369 Datunsi
1528 1299 1656 1331 Laterani
1673 1307 1706 1330 ιι
1729 1297 1795 1330 Kal.
1813 1297 2013 1338 Novembris,
2031 1299 2215 1332 pontificatus
2236 1299 2328 1332 nostri
2348 1310 2425 1333 anno

1384 1347 1480 1370 eclmo
1505 1348 1578 1370 exto.

1430 1465 1550 1497 Littera
1567 1465 1731 1497 Innocentii
1751 1466 1834 1510 Papae
1844 1475 1854 1501 ;
1878 1461 1914 1496 de
1923 1462 2075 1508 fidelitate
2093 1466 2168 1511 Regi
2184 1462 2359 1510 praestanda.

1367 1547 1639 1612 ARchiepiscopo
1654 1549 1688 1580 &
1702 1548 1846 1587 Episcopis
1861 1548 1895 1580 &
1910 1548 2052 1579 nobilibus
2067 1549 2133 1579 viris
2155 1547 2309 1580 Batonibus
2347 1549 2429 1581 Mili-

1425 1588 1536 1657 sttibus,
1551 1596 1666 1618 necnon
1681 1588 1715 1620 &
1728 1587 1859 1619 universis
1879 1587 1990 1626 populis
2010 1596 2060 1625 per
2083 1586 2217 1626 Angliam
2239 1588 2273 1620 ὅ(
2292 1574 2428 1619 walliam

1365 1636 1422 1658 con
1451 1635 1531 1657 ituris.

1404 1664 1485 1696 Cum
1499 1675 1549 1703 pei·
1564 1664 1645 1703 ipsius
1659 1665 1794 1706 gratiam,
1812 1665 1860 1703 qui
1875 1663 2062 1695 discordantes
2079 1665 2194 1702 parietes
2209 1665 2237 1694 in
2259 1664 2287 1695 se
2308 1665 2430 1706 angulari

1366 1703 1457 1742 lapide
1476 1704 1637 1742 copulavit,
1659 1714 1725 1735 vera
1748 1713 1799 1741 pax
1822 1704 1855 1735 &
1876 1703 1958 1741 plena
1979 1703 2133 1734 concordia
2157 1703 2188 1734 sit
2202 1704 2275 1734 inter
2288 1703 2429 1740 Regnum

1367 1743 1400 1773 &
1415 1742 1613 1774 Sacerdotium
1628 1744 1656 1773 in
1673 1742 1776 1780 Anglia
1807 1743 1958 1773 reformata
1972 1765 1982 1780 ,
2007 1752 2060 1772 nos
2108 1743 2156 1780 qui
2178 1750 2308 1772 tenemur
2329 1753 2347 1774 c
2362 1753 2429 1775 iam

1367 1783 1401 1813 &
1424 1781 1638 1812 sollicitudinem
1661 1791 1759 1818 gerere
1781 1780 1928 1818 specialem
1951 1780 1987 1811 de
2009 1764 2150 1811 carislimo
2171 1781 2200 1810 in
2224 1780 2341 1811 Christo
2370 1782 2431 1814 filio

1367 1819 1468 1852 nostro
1480 1820 1612 1858 johanne
1627 1819 1725 1850 illustri
1740 1819 1822 1859 Rege
1838 1819 1998 1859 Anglorum
2021 1829 2054 1850 ac
2073 1820 2129 1858 ejus
2154 1817 2277 1859 Regno,
2295 1820 2374 1858 quod
2394 1820 2430 1854 ad

1368 1857 1535 1890 Romanam
1558 1858 1713 1890 Ecclesiam
1734 1867 1783 1897 pei·
1802 1858 1913 1889 donum
1933 1858 2014 1896 ipsius
2036 1857 2146 1897 speciali
2155 1858 2218 1896 jure
2233 1859 2355 1889 noscitur
2367 1868 2432 1897 per-

1368 1899 1475 1935 tinere,
1494 1898 1542 1928 sibi
1566 1899 1599 1929 δε
1622 1897 1779 1928 haeredibus
1802 1896 1853 1928 suis
1876 1896 2026 1936 providere
2048 1897 2193 1936 volentes,
2209 1907 2258 1935 per
2278 1897 2432 1935 apostolica

1368 1937 1451 1967 vobis
1466 1936 1565 1974 scripta
1580 1936 1744 1967 mandamus
1759 1945 1843 1974 atque
1856 1937 2034 1975 praecipimus
2050 1944 2183 1974 quatenus
2199 1936 2228 1965 in
2243 1935 2374 1967 fidelitate
2389 1938 2432 1974 ip-

1369 1974 1421 2005 sius
1434 1974 1539 2014 Regis,
1557 1985 1591 2006 ac
1605 1975 1750 2006 haeredum
1765 1975 1880 2006 suorum
1895 1983 2032 2013 prompto
2046 1975 2146 2005 animo
2159 1975 2193 2005 &
2209 1974 2297 2005 corde
2319 1975 2431 2007 sincero

1368 2013 1542 2051 perseverare
1556 2015 1675 2052 curetis3
1693 2014 1760 2044 tales
1775 2023 1845 2052 vos,
1864 2015 1939 2044 circa
1954 2012 2140 2043 devotionem
2155 2012 2252 2052 ipsius,
2270 2023 2319 2052 per
2333 2015 2432 2045 omnia

1367 2052 1540 2090 exhibentes,
1547 2052 1625 2091 quod
1640 2053 1699 2083 tam
1713 2062 1729 2082 a
1742 2053 1825 2082 nobis
1853 2052 1938 2090 quam
1955 2051 2015 2090 ipso
2029 2050 2151 2082 debeatis
2163 2052 2265 2082 merito
2280 2061 2433 2083 commen-

1368 2089 1444 2130 dari,
1463 2091 1582 2135 scientes
1596 2101 1649 2129 pro
1662 2099 1743 2135 certo
1758 2075 1840 2130 quod
1851 2100 1904 2122 nos
1918 2090 1953 2121 ad
1967 2090 2049 2129 ipsius
2065 2088 2259 2121 commodum
2283 2091 2316 2122 &
2336 2091 2433 2122 hono-

1370 2139 1434 2161 rem
1447 2129 1600 2161 efficaciter
1614 2130 1770 2168 aspiramus.

1406 2205 1519 2239 Datum
1541 2207 1667 2238 Lateran.
1686 2214 1702 2246 ς
1728 2205 1794 2238 Kal.
1811 2205 2012 2246 Novembris,
2038 2203 2223 2238 Pontificatus
2244 2204 2335 2238 nostri
2356 2215 2434 2239 anno

1368 2244 1486 2277 decimo
1500 2246 1585 2277 sexto.

1406 2322 1441 2354 In
1464 2323 1585 2354 eundem
1606 2322 1728 2353 modum
1750 2321 1912 2354 Willielmo
1933 2320 2031 2354 illustri
2052 2320 2130 2361 Regi
2145 2320 2270 2361 Scotiae,
2288 2321 2322 2354 δε
2343 2321 2434 2354 nobili

1369 2363 1433 2394 viro
1448 2361 1609 2393 Alexandro
1625 2361 1683 2392 filio
1697 2363 1761 2401 ejus.

1371 2485 1400 2513 *ε
1424 2486 1514 2520 Balla
1537 2485 1618 2534 quod
1637 2484 1757 2519 Praelati
1771 2512 1780 2528 ,
1816 2483 1924 2519 nobiles
1947 2487 1984 2524 (ῥ’
2006 2486 2130 2533 populus
2155 2482 2336 2519 Hibernicus
2363 2496 2435 2532 per-

1384 2536 1525 2583 fiverent
1549 2540 1581 2569 in
1595 2534 1747 2581 fidelitate
1771 2537 1858 2582 Regis
1882 2535 1999 2581 Angliae
2021 2538 2058 2574 ὠ·
2083 2533 2248 2568 Haeredum
2265 2534 2405 2581 sitorum.

1373 2622 1596 2683 INnocentius
1609 2620 1784 2660 Episcopus,
1799 2620 1892 2651 servus
1907 2619 2054 2651 servorum
2068 2618 2127 2650 Dei
2162 2619 2368 2650 venerabilibus
2383 2619 2438 2651 fra-

1422 2661 1527 2699 tribus,
1547 2659 1772 2697 Archiepiscopis
1785 2660 1819 2690 &
1835 2658 1996 2702 Episcopis,
2014 2659 2048 2690 &
2063 2643 2174 2702 diletis
2186 2658 2246 2688 filiis
2261 2657 2437 2702 Abbatibus,

1375 2698 1409 2729 &
1431 2700 1538 2729 caeteris
1558 2698 1739 2729 ecclesiarum
1761 2696 1900 2734 Praelans,
1925 2698 1958 2727 &
1981 2695 2124 2726 nobilibus
2146 2697 2212 2726 viris
2234 2696 2412 2734 Principibus
2428 2720 2439 2737 ‚

1377 2735 1561 2774 Comidbus,
1579 2735 1751 2773 Baronibus,
1769 2735 1803 2765 &
1818 2734 1950 2765 universis
1974 2733 2116 2765 Militibus
2135 2735 2169 2765 &
2190 2734 2301 2773 populis
2321 2745 2371 2774 per
2393 2735 2439 2766 Y-

1373 2773 1503 2805 berniam
1518 2773 1676 2805 constitutis
1689 2773 1804 2804 salutem
1819 2773 1853 2804 &
1869 2771 2069 2810 Apostolicam
2082 2771 2325 2803 benediffionem.

1412 2812 1494 2844 Cum
1503 2836 1512 2852 ,
1527 2823 1576 2851 per
1591 2812 1672 2850 ipsius
1687 2812 1821 2851 gratiam,
1834 2811 1884 2849 qui
1897 2810 2085 2841 discordantes
2099 2811 2214 2848 parietes
2229 2812 2258 2842 in
2273 2812 2300 2842 se
2313 2813 2438 2850 angulari

1377 2851 1468 2890 lapide
1490 2851 1652 2889 copulavit,
1667 2860 1735 2882 vera
1758 2859 1811 2887 pax
1824 2850 1857 2881 &
1871 2849 1954 2887 plena
1967 2848 2122 2881 concordia
2135 2849 2167 2879 fit
2180 2850 2254 2881 inter
2267 2853 2386 2888 Regnum
2399 2850 2440 2887 &-

1377 2891 1560 2921 Sacerdotium
1573 2891 1602 2920 in
1613 2888 1715 2929 Anglii
1726 2889 1895 2927 reformata,
1910 2898 1980 2924 nos,
1999 2889 2048 2926 qui
2062 2896 2192 2918 tenemur
2207 2897 2306 2919 curam
2329 2890 2362 2921 ὃς
2383 2889 2439 2921 sol-

1376 2928 1553 2960 licitudinem
1575 2938 1673 2966 gerere
1694 2927 1841 2965 specialem
1862 2925 1899 2957 de
1917 2926 2058 2958 carissimo
2079 2927 2109 2956 in
2132 2925 2251 2957 Christo
2266 2926 2325 2958 filio
2339 2927 2441 2960 nostro

1372 2967 1505 3007 Johanne
1517 2967 1615 2998 illustri
1636 2966 1798 3006 Anglorum
1811 2964 1910 3009 Rege,
1927 2975 1961 2996 ac
1975 2966 2032 3004 ejus
2045 2965 2170 3005 Regno,
2209 2965 2267 3003 uod
2279 2965 2314 2996 ad
2327 2965 2440 2997 Roma-

2436 221 2512 253 Anii.
2522 223 2565 255 D.

2454 269 2539 301 1213.

2447 1547 2523 1578 Ann.
2534 1547 2570 1578 D.

2466 1596 2550 1627 ¹2¹3·

2447 1630 2499 1655 An.
2517 1635 2560 1663 ¹5·

2447 1665 2510 1704 φοι).

2455 2492 2504 2520 Ἰ.
2522 2499 2570 2529 ¹79

2455 2625 2531 2657 Ann.
2544 2623 2570 2657 D

2482 2673 2568 2705 1213.

2457 2707 2508 2732 An.
2525 2713 2568 2739 15.

2455 2742 2518 2780 Joh.

2456 2785 2496 2809 Ex
2516 2780 2570 2819 Ort]

1375 3016 1445 3037 nam
1460 3005 1634 3043 Ecclesiam,
1651 3015 1701 3043 per
1715 3004 1826 3036 donum
1837 3005 1936 3043 ipsius,
1953 3004 2061 3042 speciali
2071 3005 2135 3042 jure
2148 3013 2188 3034 no
2199 3005 2273 3034 citur
2289 3005 2441 3047 pertinere,
2450 3007 2458 3016 ⁸

1377 3045 1428 3076 sibi
1448 3046 1481 3077 ὃς
1503 3044 1660 3075 haeredibus
1679 3043 1731 3074 suis
1751 3043 1903 3081 providere
1922 3043 2049 3074 volentes
2063 3065 2074 3082 ,
2106 3052 2155 3090 per
2179 3041 2334 3082 apostolica
2355 3043 2442 3074 vobis

1377 3083 1476 3121 scripta
1497 3083 1662 3114 mandamus
1681 3090 1766 3120 atque
1785 3082 1983 3121 praecipimus,
2001 3083 2131 3120 quatinus
2152 3082 2182 3111 in
2205 3080 2337 3111 fidelitate
2356 3081 2439 3120 ipsius

1378 3122 1468 3160 Regis
1483 3131 1515 3153 ac
1530 3121 1690 3153 Haeredum
1705 3121 1820 3151 suorum
1834 3129 1972 3158 prompto
1986 3121 2083 3150 animo
2097 3120 2131 3151 δε
2148 3118 2236 3150 corde
2251 3119 2362 3150 sincero
2375 3129 2439 3160 perf

1377 3161 1500 3192 severare
1519 3162 1638 3199 curetis,
1663 3159 1730 3190 tales
1752 3169 1821 3198 vos,
1838 3160 1913 3189 circa
1935 3158 2122 3189 devotionem
2143 3157 2242 3197 ipsius,
2267 3167 2318 3196 per
2341 3160 2439 3190 omnia

1380 3199 1558 3238 exhibentes,
1577 3198 1658 3238 quod
1677 3198 1736 3229 tam
1758 3207 1775 3227 a
1797 3198 1880 3228 nobis
1902 3198 1989 3236 quam
2012 3196 2071 3235 ipso
2091 3195 2213 3226 debeatis
2236 3198 2340 3227 merito
2353 3206 2438 3227 com-

1378 3237 1521 3275 mendam
1546 3238 1662 3268 scientes
1684 3246 1738 3274 pro
1759 3244 1839 3267 certo
1861 3235 1942 3274 quod
1959 3245 2012 3266 nos
2032 3235 2067 3266 ad
2085 3235 2167 3274 ipsius
2187 3233 2380 3266 commodum
2402 3235 2437 3267 &

1378 3277 1522 3307 honorem
1536 3276 1688 3307 efficaciter
1701 3274 1859 3313 aspiramus.

1416 3351 1485 3382 Dat.
1505 3351 1632 3384 Lateran.

1378 3390 1398 3421 d
1435 3391 1495 3421 *mo
1652 3360 1667 3391 5
1686 3350 1752 3383 Kal.
1769 3350 1936 3384 Novembr.
1955 3349 2139 3383 Pontificatus
2150 3334 2240 3381 nostri
2252 3357 2328 3380 anno
2347 3347 2439 3382 sexto·

1398 3401 1442 3422 eci
1497 3414 1501 3419 .
1741 3406 1744 3411 -

1843 3466 1935 3506 Sigillo
1947 3455 2082 3508 pendente
2091 3452 2307 3507 afila'canabeo.

1377 3605 1496 3637 Littera
1518 3604 1681 3636 Innocentii
1699 3605 1779 3648 Papae
1793 3603 1876 3650 mzffe
1896 3601 2038 3649 Johanm'
2055 3601 2127 3646 Regi
2141 3597 2276 3646 Angla,
2300 3593 2337 3630 de
2355 3596 2433 3643 βιό-

1414 3734 1531 3765 Ohanr'ii
1544 3734 1641 3766 illustri
1656 3735 1818 3776 Anglorum
1830 3735 1914 3774 Regi.

1661 3650 1785 3694 mtffione
1804 3653 1855 3685 vel
1871 3652 2059 3698 resignatione
2071 3647 2146 3692 βα.

1373 3737 1404 3808 J
1443 3773 1522 3804 Sicut
1544 3775 1573 3804 in
1595 3773 1673 3805 Arca
1692 3774 1807 3807 foederis
1826 3772 1949 3805 Domini
1970 3780 2039 3802 cum
2061 3768 2160 3802 tabulis
2173 3768 2333 3814 testamenti
2355 3769 2434 3814 virga

1377 3812 1576 3843 continebatur
1588 3813 1621 3844 &
1637 3823 1738 3845 manna
1746 3813 1802 3852 ,fic
1814 3813 1844 3842 in
1858 3810 1975 3849 pedrore
1988 3810 2090 3841 summi
2103 3806 2249 3838 pontificis
2263 3818 2332 3838 curn
2347 3807 2435 3838 scien-

1377 3851 1415 3881 tia
1436 3850 1503 3890 legis
1524 3849 1627 3881 divinae
1648 3853 1724 3891 rigor
1742 3850 1928 3882 distinffionis
1945 3849 1979 3880 &
2000 3848 2082 3878 favor
2095 3845 2249 3876 dulcedinis
2263 3846 2433 3877 continetur.

1377 3888 1470 3920 Unde
1483 3888 1592 3926 semper
1605 3890 1678 3920 hanc
1692 3889 1838 3921 consuevit
1857 3886 2063 3918 moderantiam
2084 3883 2246 3928 observare,
2264 3893 2296 3916 ut
2318 3885 2436 3916 verbera

1377 3928 1459 3964 patris
1474 3928 1508 3959 &
1523 3927 1608 3959 ubera
1620 3931 1716 3960 matris
1729 3928 1851 3964 habens,
1870 3925 1908 3956 fic
1922 3926 1953 3955 in
1969 3923 2082 3955 rebelles
2094 3922 2128 3953 &
2140 3921 2283 3953 induratos
2306 3923 2435 3954 severitas·

1377 3974 1438 3996 tem
1450 3966 1594 4006 exerceat,
1634 3967 1691 3998 uod
1705 3966 1906 4004 benignitatem
1920 3962 2048 3993 exhibeat
2063 3969 2128 4030 er?
2142 3961 2262 3992 humiles
2275 3961 2310 3993 δε
2320 3970 2437 3992 correc-

1376 4011 1443 4047 tos,⁴
1454 4004 1511 4043 ejus
1526 4006 1628 4044 exemp
1637 4015 1658 4037 ο
1672 4005 1721 4045 qui
1735 4004 1838 4037 vinum
1849 3999 2031 4040 superinfudit
2044 3999 2078 4031 &
2091 4009 2111 4031 ο
2123 4008 2191 4031 eum
2203 3999 2366 4033 vulneribus
2377 3998 2437 4030 lau*

1380 4050 1452 4074 ciati.

2329 4087 2338 4094 ¹
2358 4073 2441 4107 Gnu-

2457 3747 2570 3785 Annn

2477 3800 2562 3832 1213.

2457 3835 2509 3860 An.
2523 3838 2567 3866 15.

2455 3869 2518 3909 Joh.
