2570 4261
130 187 209 224 Anu.
223 193 264 224 D.
283 194 341 225 cius
362 193 476 233 Egregii
496 189 652 228 Principis,
669 188 792 219 Domini
815 188 911 227 Erici,
931 187 1020 228 Regis
1034 187 1202 228 Norwagiae
1215 186 1343 225 illustris,

153 232 238 262 1286.
284 243 318 263 ex
337 242 412 270 parte
433 231 513 268 ipiius
533 230 620 267 Regis
640 237 693 258 nos
713 229 870 267 rogaverit,
888 236 920 257 ut
934 227 970 257 de
985 234 1088 257 mutuo
1103 227 1233 265 pecuniae
1247 225 1341 256 eidem

131 274 198 299 Edv.
220 281 243 300 1.
281 270 418 302 Domino
430 270 505 308 Regi
517 267 709 298 Curialitatem
723 265 844 304 aliquam
859 266 1030 296 faceremus:

320 309 405 345 Nos,
424 306 554 345 precibus
573 304 696 342 ejusdem
705 303 830 335 Comitis
846 304 985 342 (habentis
997 329 1006 342 ‚
1032 314 1083 341 per
1097 303 1200 334 litteras
1212 302 1342 332 Patentes

281 346 350 377 dieti
366 346 470 384 Regis,
488 343 656 381 potestatem
669 342 832 380 hujusmodi
844 351 978 373 mutuum
992 342 1157 380 recipiendi)
1171 349 1342 379 annuenteS,

280 385 339 415 duo
353 385 427 414 milia
442 383 607 413 Marcarum
621 380 714 411 eidem
730 380 860 419 Comiti,
877 380 912 410 ad
924 391 996 420 opus
1009 381 1135 411 Domini
1145 380 1184 410 sui
1196 379 1343 417 praedicti,

278 421 469 453 coiiceffimus
484 429 629 459 mutuare,

320 460 357 490 Et
379 460 445 490 ideo
466 461 548 490 vobis
569 458 755 496 mandamus,
781 457 860 496 quod
881 458 910 488 in
923 457 1064 496 quindena
1079 455 1155 487 Festi
1167 456 1266 486 Saneti
1278 455 1341 486 Mi-

280 499 400 536 chaelis,
418 500 552 536 proximo
568 498 669 535 futuri,
687 496 821 535 praedicfta
833 496 893 526 duo
906 497 983 526 milia
990 496 1155 526 Marcarum
1171 494 1264 524 eidem
1278 494 1342 524 Co-

282 539 345 568 miti
359 538 498 575 libereti53
516 538 637 574 receptis
649 545 745 567 tamen
781 536 835 565 rius
855 535 950 565 litteris
963 534 1125 565 Patentibus
1141 532 1267 570 praedic‘ii
1279 533 1341 564 Re-

279 577 321 615 gis
342 576 510 615 Norwagiae
523 599 532 613 ,
558 585 625 613 quas
645 574 722 604 idem
796 583 856 603 mes
876 573 959 603 habet
974 572 1011 603 de
1032 571 1169 615 potestate
1181 571 1231 600 sibi
1244 572 1343 614 tradita

281 616 362 652 super
383 616 502 652 pecunia
521 613 695 644 mutuanda:
723 612 761 642 Et
780 612 873 642 litteris
892 612 1054 642 Patentibus
1070 610 1150 648 ipsius
1166 608 1290 640 Comitis
1304 610 1340 641 de

282 653 357 683 dicta
377 655 497 690 pecunia
515 652 565 682 sibi
587 652 715 688 liberata,
734 650 877 681 &litteris
891 650 1014 680 similiter
1026 649 1188 679 Patentibus
1199 648 1340 688 obligato-

281 693 325 721 riis
346 692 469 729 ejusdem
486 691 610 721 Comitis
631 690 668 719 de
690 689 810 727 pecunia
829 688 962 726 piaedidta
977 713 987 726 ,
1001 689 1079 727 juxta
1091 687 1233 725 formam,
1253 698 1340 725 quam

280 730 399 760 dilectus
412 731 445 761 ὃ(
459 729 597 760 familiaris
611 727 742 758 Clericus
754 727 865 764 noster,
884 727 1022 766 Magister
1034 725 1207 756 willielmus
1229 726 1266 756 de
1279 726 1340 756 Lu-

279 768 329 807 da,
348 768 454 812 Custos
477 765 778 812 Garderobaenostrae
793 790 802 804 ,
828 766 911 797 vobis
933 766 1026 810 mittet
1039 764 1089 795 sub
1109 763 1206 804 Sigillo
1221 765 1289 803 suo,
1307 765 1342 796 &

278 818 367 876 11011]ρ
368 816 505 883 {cdirdsaildi
511 804 901 874 iitigffhggplizrfnacffignligoeariig
903 814 1016 873 Cridiltras
1032 840 1092 872 fieri
1105 841 1225 873 fecimus
1238 842 1342 873 Paten-

277 894 327 917 tes.

313 961 404 1031 'Ic'leste
420 961 528 1000 meipso
539 959 612 999 apud
627 959 709 991 Paris.
729 959 775 990 26.
795 959 840 990 die
848 959 945 998 Junii,
963 968 1037 989 anno
1053 959 1150 999 Regni
1163 958 1252 989 nostri
1262 966 1344 997 quar-

279 1010 312 1033 tO
348 1011 450 1032 eClmO.

275 1132 384 1164 Litera
407 1129 492 1173 Regis
510 1126 626 1173 Angliae
643 1126 812 1172 responfizlis
833 1125 967 1158 Praelatis
982 1127 1018 1162 (3²⁶
1042 1121 1246 1169 lmagnatibus
1265 1128 1342 1158 Pro—

348 1181 429 1210 vinc.
455 1179 491 1214 (ῤ’
517 1179 603 1209 fore.
622 1175 713 1222 fhper
730 1173 902 1207 liberatione
922 1176 1069 1219 Principis
1084 1171 1280 1207 salernitani.

339 1262 480 1295 Dwardus
488 1286 497 1300 ,
518 1261 576 1292 Dei
589 1261 692 1299 oraria,
710 1260 776 1291 Rex
790 1259 901 1299 Angliae
911 1258 1057 1289 Dominus
1065 1256 1215 1287 Hibemiae
1228 1259 1261 1290 &
1271 1258 1341 1290 Dux

125 1274 201 1305 Ann.
213 1273 252 1304 D.
428 1304 431 1307 ,
505 1302 509 1306 ,
711 1301 715 1305 ,
730 1300 734 1304 .
865 1299 869 1303 .
1162 1297 1166 1301 .
1304 1299 1309 1304 .

144 1314 230 1344 1235·
357 1303 555 1343 Aquitanniae,
575 1286 790 1330 &enerabihbus
802 1298 923 1342 patribus
938 1297 976 1327 R.
986 1297 1085 1341 eadem
1100 1305 1201 1335 gratia,
1220 1298 1341 1328 Archie-

122 1356 157 1381 A.
180 1363 221 1389 ¹4-
279 1341 395 1378 piscopo
419 1340 556 1378 Aqueniis
570 1339 721 1375 Ecclesiae,
738 1339 772 1368 &
785 1346 893 1367 caeterls
908 1337 1042 1366 Provinc.
1064 1335 1175 1372 Aquen.
1196 1336 1338 1366 Arelaten.

277 1380 310 1409 ὅ(
332 1379 508 1409 Ebrudinen.
528 1377 652 1408 Praelatis
665 1402 674 1416 ,
699 1387 732 1407 ac
756 1375 830 1406 Viris
850 1375 1008 1405 Nobilibus
1024 1374 1118 1411 Philip
1139 1384 1159 1403 ο
1179 1374 1215 1405 de
1231 1375 1339 1406 Lauen.

275 1416 475 1448 Comitatiium
487 1417 623 1447 Provinc.
643 1418 677 1447 ὃς
693 1416 778 1446 Fore.
795 1413 971 1452 Senescallo,
988 1422 1104 1443 necnon
1143 1435 1149 1441 .
1169 1413 1282 1444 Comiti
1299 1413 1339 1443 A-

276 1457 388 1494 vellini,
407 1458 441 1487 &
461 1455 593 1486 univeriis
613 1465 646 1485 ac
669 1454 778 1494 lingulis
799 1452 970 1491 Basonibus,
987 1451 1166 1489 Castellanis,
1185 1454 1218 1484 &
1235 1452 1338 1483 Militi-

275 1495 325 1525 bus
340 1495 476 1525 Provinc'.
495 1496 529 1526 &
543 1494 627 1524 Fore.
646 1492 848 1523 Comitatuum
862 1491 1081 1529 praedietorum,
1098 1490 1214 1521 salutem
1227 1492 1260 1522 ὃς
1283 1492 1337 1522 sin—

272 1543 347 1564 cerae
359 1534 518 1564 dilectionis
530 1534 704 1563 continuum
717 1533 937 1568 incrementum,

310 1571 360 1603 llla
381 1572 435 1603 sola
455 1572 649 1609 circumligata
668 1571 785 1607 finibus,
805 1579 864 1599 non
879 1567 1057 1606 rumpendis,
1076 1568 1214 1606 obligatio
1224 1568 1332 1608 judica-

269 1619 329 1651 tur,
348 1621 434 1650 quam
445 1621 506 1641 non
518 1610 608 1640 solum
620 1611 664 1649 jus
675 1609 829 1648 sanguiniS,
845 1607 883 1637 set
897 1616 1004 1637 mutuae
1019 1606 1179 1637 dileffitionis
1193 1609 1334 1646 conjunc*—

268 1651 309 1681 tio
330 1651 477 1680 fabricavit
492 1662 502 1688 3
528 1650 595 1680 hinc
618 1648 660 1679 est.
677 1647 754 1686 quod
769 1646 803 1677 ad
823 1645 1056 1676 deliberationem
1070 1645 1203 1676 karissimi
1217 1647 1335 1677 consan—

290 1690 362 1719 uinei
384 1688 490 1727 nostri,
510 1688 635 1719 Domini
658 1686 758 1717 Karoli
771 1710 781 1724 ,
799 1685 939 1722 Principis
955 1683 1060 1714 Salern.
1080 1693 1159 1715 tanto
1173 1684 1334 1716 aestuantius

271 1732 281 1758 i
298 1728 445 1758 udebimus
466 1728 592 1758 laborare
605 1751 614 1763 ,
640 1735 746 1764 quanto
768 1734 820 1754 nos
835 1725 877 1762 ei,
893 1733 927 1752 ex
941 1722 1027 1753 causis
1042 1722 1206 1762 praemiffis,
1224 1724 1333 1764 obliga-

269 1768 353 1797 tiores
367 1777 420 1797 nos
435 1766 492 1797 esse
505 1766 694 1803 conspicimus
703 1788 712 1801 ,
727 1765 760 1795 &
776 1763 876 1793 fortius
888 1762 1035 1801 obligatos.

306 1805 530 1836 Benivolentiani
550 1804 659 1841 insuper
679 1802 801 1833 vestram
820 1800 956 1841 grandem
969 1824 978 1838 ,
1002 1810 1088 1839 quam
1104 1802 1197 1840 geritis
1216 1801 1250 1832 ad
1265 1812 1335 1832 eun-

269 1843 355 1882 dein,
371 1845 496 1874 interiori
508 1844 597 1874 oculo
613 1845 769 1878 intuentes,
788 1842 821 1871 &
837 1839 1013 1877 affectuose,
1031 1849 1095 1881 quae
1110 1840 1193 1869 nobis
1208 1850 1261 1877 pro
1274 1842 1332 1879 ipso

268 1882 445 1921 infuiidistis,
465 1883 624 1921 precamina
645 1879 830 1920 ponderantes
843 1901 853 1917 ,
870 1877 995 1908 vestrum
1008 1878 1147 1908 aflectum
1160 1878 1265 1909 ducere
1281 1890 1333 1910 co-

268 1922 399 1952 nabimur
418 1922 452 1952 ad
472 1922 635 1959 effectuum
659 1918 762 1951 vestrae
781 1918 864 1948 clarae
882 1916 1028 1948 dilectioni
1042 1939 1052 1956 ,
1075 1926 1140 1955 quae
1160 1926 1238 1955 grata
1252 1918 1332 1958 sunt,

267 1961 378 1990 cunetis
391 1960 567 1999 temporibus
581 1959 675 1991 facere
689 1957 847 1998 gestientes.

305 1997 404 2030 Valete
418 1999 466 2030 diu
481 1999 514 2030 &
530 1999 612 2029 bene.

121 1395 152 1418 Ε.
174 1401 195 1419 i.

122 1434 177 1457 Rot.
197 1431 225 1457 de

120 1471 219 1505 Trsuga
227 1489 234 1499 ,

121 1507 236 1543 (Sy-214.

120 1551 149 1575 E.
163 1555 228 1574 Lm.

306 2074 366 2107 Dat
379 2076 460 2107 Paris.
481 2076 640 2115 penultimo
656 2074 702 2105 die
713 2073 799 2113 Junii.

269 2201 296 2227 ³1<
315 2205 422 2235 Lirem
443 2204 589 2234 continens
609 2199 691 2247 quod
707 2198 861 2233 Amedeus
883 2200 985 2231 Comes
1009 2195 1167 2230 Sabaudiae
1189 2201 1295 2244 recepit
1312 2210 1332 2231 a

315 2254 393 2298 Rege
421 2261 551 2297 quatuor
579 2252 705 2282 Centum
734 2251 925 2281 Marcarnm
945 2274 955 2289 ,
987 2249 1018 2277 in
1037 2244 1144 2292 quibus
1166 2244 1245 2279 idem
1266 2249 1333 2280 Rex

311 2298 468 2333 tenebatur
485 2297 617 2345 Phillppo
632 2301 746 2330 Patrue
764 2294 896 2342 ejusdem
913 2293 1053 2329 Amedei.

116 2198 250 2237 ⁸11.325.

111 2390 192 2423 Ann.
208 2390 248 2421 D.

175 2431 210 2460 86
267 2384 408 2447 NOS
425 2384 567 2416 Amadeus
582 2409 592 2423 ,
617 2384 727 2415 Comes
747 2380 908 2418 Sabaudiae,
927 2388 1030 2411 notum
1045 2379 1163 2410 facimus
1177 2380 1310 2411 universis
1316 2404 1326 2419 ,

136 2441 171 2461 12
214 2454 219 2458 .

360 2424 507 2464 praesentes
520 2425 611 2454 literas
623 2423 802 2461 inspecturis,
820 2419 898 2459 quod
915 2430 967 2450 nos
982 2420 1141 2457 recepimus
1155 2419 1172 2448 a
1185 2419 1331 2449 Sereniffi-

268 2474 319 2495 mo
338 2464 471 2500 Principe
484 2487 494 2501 ,
519 2462 653 2493 Domino
674 2461 819 2492 Edwardo
833 2484 842 2497 ,
869 2459 927 2489 Dei
941 2459 1040 2497 gratia,
1057 2456 1155 2487 illustri
1171 2456 1200 2487 R
1238 2468 1254 2488 e
1266 2457 1329 2487 An-

267 2503 329 2543 glise
342 2526 351 2542 ,
369 2502 511 2532 kariflimo
526 2502 660 2532 Domino
673 2500 772 2531 nostro
787 2523 797 2537 ,
819 2507 939 2535 quatuor
955 2504 1072 2527 centum
1086 2496 1200 2526 Marcas
1234 2496 1331 2527 terlin-

267 2550 370 2580 gotum
389 2542 533 2571 bonorum
548 2563 558 2578 ,
582 2541 610 2569 in
627 2541 728 2577 quibus
743 2538 799 2576 ipsc
814 2537 958 2566 Dominus
974 2535 1040 2565 Rex
1056 2535 1219 2573 tenebatur,
1238 2535 1326 2566 bonae

264 2581 428 2618 memoriae,
445 2579 580 2610 Domino
601 2578 751 2616 Philippo,
769 2576 881 2606 Comiti
894 2573 1056 2611 Sabaudiae,
1074 2573 1278 2604 Praedeceffori
1291 2575 1326 2605 &

262 2618 368 2649 Patruo
387 2618 486 2648 nostro
506 2616 651 2648 karissimo
665 2640 674 2655 ,
693 2627 745 2653 pro
761 2614 849 2645 feodo
863 2613 912 2643 suo
925 2612 962 2642 de
974 2611 1086 2655 duobus
1099 2613 1177 2642 annis
1191 2613 1325 2649 proximo

283 2656 485 2688 raecedentibus
498 2682 508 2695 ,
533 2658 567 2687 &
580 2656 662 2686 sinitis
676 2656 705 2685 in
720 2653 806 2684 Festo
818 2653 892 2683 beati
907 2651 1073 2688 Michaelis,
1092 2650 1170 2688 quod
1184 2651 1237 2682 fuit
1248 2661 1325 2681 anno

299 2697 389 2726 omini
411 2697 463 2726 128
487 2719 492 2724 .

302 2735 401 2774 Qiam
415 2704 564 2772 peciin'iam
578 2733 727 2763 habuimus
743 2729 845 2761 Mense
859 2729 1015 2771 O&obri5‚
1034 2726 1138 2771 eodem
1154 2727 1261 2766 Anno,
1275 2738 1326 2767 per

266 2783 382 2803 manum
401 2773 478 2804 Petri
499 2773 535 2803 de
555 2772 662 2803 Monte
682 2769 813 2801 Meliano
825 2793 835 2806 ,
861 2767 967 2798 Clerici
988 2765 1092 2804 nostri,
1110 2768 1143 2798 ὃ(
1157 2766 1193 2796 de
1207 2767 1260 2804 ipsa
1273 2777 1327 2798 nos

264 2820 392 2842 tenemus
412 2813 519 2851 integre
540 2821 594 2849 pro
616 2810 716 2848 pacatis
730 2821 735 2826 ·
763 2808 892 2838 volentes
907 2805 973 2835 inde
986 2807 1129 2843 quietare,
1146 2805 1210 2835 vice
1225 2805 1258 2836 δε
1273 2816 1328 2836 no-

264 2852 343 2880 mine
362 2850 431 2881 dicti
450 2850 575 2881 Domini
588 2849 711 2886 Philippi
722 2833 818 2877 f'atrui
837 2845 943 2882 nostri,
959 2844 1070 2874 dictum
1085 2843 1251 2874 Dominum
1264 2844 1327 2875 Re-

262 2898 348 2927 gem,
366 2889 503 2920 Haeredes
517 2899 550 2919 ac
565 2887 744 2918 Succeii'ores
759 2885 820 2916 suos
835 2884 1038 2922 quoscumque.

283 2966 288 2970 .
302 2926 336 2956 In
348 2929 425 2965 cujus
440 2929 480 2957 rei
494 2927 691 2958 testimonium
705 2924 883 2963 praesentibus
897 2923 981 2953 literis
995 2921 1124 2961 Sigillum
1138 2920 1270 2952 nostrum
1285 2921 1328 2952 fe-

262 2974 353 2995 cimus
364 2976 477 3005 apponi.

115 2475 167 2498 An.
185 2479 225 2504 ¹4·

114 2514 143 2536 E.
168 2519 193 2535 i.

114 2552 145 2575 L.
158 2551 188 2574 B.
199 2547 225 2584 f.

117 2586 198 2620 17.b.

112 2627 242 2661 penesCa·

111 2671 204 2691 merar.

302 3041 370 3072 Dat.
389 3042 472 3073 Paris.
490 3043 536 3073 die
554 3042 671 3072 Veneris
696 3040 762 3080 post
789 3038 894 3070 Oitab.
914 3037 1078 3069 Nativitatis
1098 3038 1174 3068 beati
1189 3037 1328 3076 Johannis

265 3080 410 3119 Baptistae,
428 3091 503 3111 anno
516 3081 641 3112 Domini
662 3081 744 3119 1286.

263 3210 354 3241 Bulla
368 3220 422 3255 per
440 3220 534 3254 quam
550 3212 632 3254 Papa
643 3207 827 3253 fiepplicavit
849 3209 942 3253 Regi,
969 3204 1050 3253 quod
1066 3203 1229 3247 restitueret
1246 3203 1329 3237 Tho-

309 3271 360 3290 mae
383 3258 420 3290 de
443 3257 550 3290 Sanflo
575 3256 700 3302 Leodeg.
727 3256 811 3288 eletio
838 3254 1003 3298 Affiddenfis
1028 3253 1156 3296 Ecclesiae
1173 3280 1183 3296 ,
1214 3265 1250 3286 ea
1267 3265 1328 3300 quae

302 3318 358 3353 per
377 3307 492 3353 ipsizm,
519 3309 687 3338 vacationis
704 3315 851 3350 tempore,
875 3302 1097 3336 detinebantur.

115 3393 190 3426 Ann.
204 3393 246 3424 D.

137 3434 220 3464 1286.

115 3476 168 3501 An.
187 3482 228 3507 14.

115 3515 146 3538 E.
166 3519 189 3536 i.

115 3552 156 3575 Ex
172 3550 231 3574 Au-

114 3592 179 3622 togr.

266 3391 474 3452 HOnorius
486 3392 659 3430 Episcopus,
679 3390 772 3420 servus
786 3389 931 3419 servorum
941 3387 1018 3426 Dei,
1037 3387 1178 3419 carissimo
1192 3387 1329 3419 inChris—

358 3441 389 3462 to
411 3432 469 3461 filio
488 3430 632 3461 Edwardo
655 3429 730 3469 Regi
746 3428 855 3468 Angli-ae
868 3428 981 3466 illustri,
1001 3427 1117 3458 salutem
1131 3428 1165 3458 &
1181 3426 1329 3468 Apostoli-

266 3479 328 3500 cam
341 3471 580 3500 benediffionem.

305 3508 386 3539 Licet
400 3510 562 3539 continuata
576 3507 830 3545 supervenientium
846 3506 1029 3543 negotiorum
1044 3503 1171 3535 instantia
1185 3515 1253 3542 nos,
1263 3505 1328 3542 qui,

266 3543 429 3582 disponente
448 3547 605 3584 Domino,
628 3545 771 3575 universali
798 3544 948 3582 regimini,
974 3552 1147 3581 quamquam
1168 3543 1328 3580 immeriti,

265 3585 458 3622 prtesidemus,
476 3585 620 3616 insultibus
641 3585 758 3621 impetat
779 3581 950 3619 successivis,
969 3580 1127 3612 sollicitudo
1146 3588 1242 3611 tamen
1260 3589 1327 3611 om-

268 3622 346 3650 nium
362 3624 538 3653 ecclefiarum
557 3622 660 3653 nostris
675 3621 844 3652 incumbens
859 3620 1000 3658 humeris,
1018 3629 1098 3650 tanto
1111 3620 1193 3649 artius
1210 3629 1262 3649 nos
1274 3628 1327 3648 co-

266 3658 366 3701 tidiana
380 3660 558 3692 meditatione
574 3669 720 3700 perurget,
736 3668 842 3698 quanto
856 3658 889 3688 ad
903 3658 931 3688 id
944 3658 1037 3689 sumus
1051 3657 1192 3696 specialius
1204 3680 1215 3696 ,
1231 3658 1326 3687 immo

265 3698 438 3736 principalius
451 3700 508 3729 obli
529 3701 573 3731 ati.

305 3734 377 3777 Sane
391 3736 497 3778 dudum
510 3709 648 3768 {Udensis
660 3736 794 3774 ecclesia,
813 3745 862 3773 per
875 3736 987 3765 obitum
1000 3737 1088 3766 bonae
1102 3731 1324 3764 memoriaeHu-

267 3772 492 3815 gonis'E-piscopi
509 3776 657 3815 Midensis,
676 3775 796 3805 Pastoris
811 3774 907 3804 solatio
921 3773 1064 3812 destituta,
1080 3772 1177 3802 dilecti
1188 3771 1235 3801 filii

268 3810 489 3854 Archidiaconus
505 3814 536 3843 &
549 3813 650 3844 Clerus
666 3813 820 3850 Midensis,
837 3811 871 3841 ad
891 3822 963 3850 quos
977 3812 1080 3842 eieffio
1093 3810 1231 3841 Midensis
1244 3809 1326 3847 Epis-

267 3858 335 3885 copi
348 3847 384 3891 de
397 3850 508 3891 antiqua
522 3853 554 3882 &
565 3851 734 3889 approbata,
752 3852 786 3882 &
797 3851 932 3880 haetenus
947 3851 1064 3887 pacifice
1077 3848 1241 3885 observata,
1253 3856 1326 3877 con-

268 3886 412 3930 suenidme
426 3885 525 3916 dicitur
539 3891 691 3928 pertinere,
709 3890 754 3919 die
766 3889 801 3919 ad
816 3888 978 3927 eligendum
997 3887 1102 3927 prefixa
1115 3909 1127 3925 ,
1149 3886 1324 3916 convenien-

267 3932 308 3954 tes
329 3933 356 3953 in
377 3933 467 3954 unum
486 3923 621 3966 dileCmm
640 3927 729 3958 filium
746 3926 917 3966 Magistrum
929 3927 1092 3964 johannem
1112 3924 1149 3955 de
1163 3923 1323 3954 Dubelton.

268 3962 430 4030 §ecstolrem
444 3961 569 3993 eccleiiae
582 3963 618 3993 de
625 3964 730 3996 Kenles
738 3989 748 4005 ,
761 3965 795 3996 ad
809 3965 891 4003 ipsius
903 3964 1040 3997 Eccleiiae
1052 3965 1181 4004 regimen
1196 3971 1323 3994 concor-

290 4008 339 4031 iter
351 4010 367 4030 e
378 4007 502 4039 egerunt.

710 93 1507 149 CONVENTIONsss,

1584 90 1981 157 L²1TERAE,

1402 185 1474 230 .3‘.²‘d
1511 187 1668 232 cuin-idem
1682 189 1796 220 Rector
1810 191 1943 221 renuisset
1955 190 2089 220 electioni
2101 190 2261 229 hujusmodi
2275 192 2433 225 consentire
2460 191 2537 222 Ann.
2546 192 2570 224 Ε

1379 223 1448 255 dieti
1469 208 1694 258 Archidiaconus
1715 229 1748 259 &
1771 228 1872 259 Clerus
1885 254 1894 267 ,
1913 230 2020 259 vocatis
2040 229 2190 266 omnibus,
2210 231 2258 267 qui
2274 218 2442 272 voluerunt:
2486 231 2570 261 1286.

1379 262 1538 306 debuerunt
1551 265 1584 295 &
1598 273 1751 303 potuerunt
1763 267 1922 297 commode
1936 266 2065 297 interesse
2080 291 2089 304 ,
2108 266 2142 296 ad
2157 267 2334 298 traeandum
2347 269 2384 300 de
2395 271 2441 301 fu-
2457 271 2525 298 Edv·
2547 280 2570 298 1-

1379 309 1435 331 turi
1458 300 1569 345 Braelati
1586 303 1780 339 substitutione
1792 330 1802 343 ,
1823 305 1935 336 iniimul
1953 314 2171 344 convenerunt,
2190 306 2223 336 &
2238 307 2268 336 in
2282 307 2440 346 hujusmodi

1379 348 1498 378 negotio
1514 350 1563 377 per
1576 343 1654 372 viam
1665 343 1788 374 scrutinii
1799 343 2000 382 procedentes,
2017 343 2092 374 Tres
2105 343 2140 374 de
2152 343 2212 381 ipso
2219 343 2308 375 Clero
2325 345 2440 386 fidedig-

1380 387 1434 407 nos
1453 377 1486 421 ad
1505 379 1686 422 scrutandum
1705 381 1749 411 sua
1771 383 1805 413 ὃς
1828 383 1947 412 aliorum
1968 383 2100 413 omnium
2118 392 2186 414 vota
2201 406 2212 421 ,
2225 383 2303 422 juxta
2317 383 2440 415 formam

1379 415 1589 460 constitutionis
1601 419 1732 457 generalis
1746 419 1888 459 Concilii,
1906 419 2124 459 assumpserunt3

1417 453 1513 498 Didiis
1527 464 1622 486 autem
1634 457 1740 488 Tribus
1753 458 1798 488 sua
1811 459 1844 490 &
1859 460 1978 489 aliorum
1991 459 2195 497 praedictorum
2209 469 2277 491 vota
2286 460 2394 492 secrete
2407 462 2442 493 a'c

1376 491 1516 530 sigillatim
1545 494 1778 539 perscrutantibus
1792 520 1802 535 ,
1826 498 1860 528 &
1887 507 1957 528 mox
1979 497 2185 535 publicantibus
2212 499 2243 529 in
2264 501 2445 539 communi,

1378 539 1561 574 compertum
1574 534 1663 564 extitit
1678 534 1758 572 quod
1764 536 1857 573 major
1869 536 1903 567 &
1917 537 2007 567 sanior
2018 546 2078 576 pars
2093 535 2162 566 dieti
2169 535 2249 566 Cleri
2260 539 2290 567 in
2303 537 2443 570 dilectum

1376 566 1470 613 filiurn
1484 569 1635 614 Thomam
1647 571 1683 602 de
1698 572 1803 604 &insto
1819 573 2015 612 Leodegario,
2029 574 2164 605 Electum
2177 574 2358 615 Midensem,
2371 587 2443 608 tunc

1377 606 1626 678 sspchidiascorgum
1640 610 1677 641 de
1692 610 1816 651 Kenles,
1834 613 1864 642 in
1877 613 1977 643 eadem
1989 613 2105 644 ecclesia
2120 612 2244 644 Midenfi
2257 614 2320 645 suos
2335 615 2444 653 praesti-

1424 656 1510 689 econ
1523 657 1558 677 en
1570 658 1618 688 us,

1380 722 1385 727 ⁸
1416 684 1521 723 Sicque
1535 696 1608 717 unus
1623 687 1748 725 ipsorum
1761 688 1887 727 Trium,
1903 689 1968 720 vice
1985 689 2032 720 su&
2052 691 2085 722 &
2106 690 2222 721 illorum
2245 691 2377 722 omnium
2392 690 2441 731 qui

1377 731 1407 751 in
1430 723 1554 754 eundem
1575 725 1726 757 Thomam
1748 727 1943 758 consenserant
1959 752 1968 766 ,
1994 729 2027 759 &
2043 729 2079 759 de
2093 730 2217 767 ipsorum
2230 731 2380 769 mandato,
2398 733 2443 770 ip-

1376 759 1439 790 sum
1457 762 1617 806 Thomam·
1630 765 1660 794 in
1680 764 1855 809 Episcopum
1877 765 2038 797 Midensem
2059 767 2158 807 elegit,
2178 768 2310 807 idemque
2324 768 2441 800 Eledtus

1380 799 1514 847 elecstioni
1531 801 1691 846 hujusmodi
1727 803 1763 833 de
1776 804 1803 834 se
1820 804 1918 843 fastae,
1937 804 1971 835 ad
1985 805 2141 836 instantiam
2155 807 2280 844 ipsorum
2294 808 2440 839 consensit.

1418 838 1547 878 Verum,
1566 850 1683 885 quia-po
1741 842 1831 872 odum
1851 843 2017 874 venerabilis
2039 844 2122 875 frater
2136 845 2232 875 noster
2336 848 2440 878 Arma·-

1378 877 1532 921 machanus
1554 878 1792 923 Archiepiscopus
1813 880 1871 911 loci
1887 881 2126 920 Metropolitanus
2140 907 2150 921 ‚
2177 884 2368 921 praesentatam
2390 886 2444 916 sibi

1378 916 1545 960 praeclui-*tam
1557 917 1752 963 θιτΙεέίῃριιειτι,
1769 918 1938 950 celebratam
1949 919 1986 950 de
2000 921 2137 959 praediCto
2151 921 2274 961 ΕΙεέὶο,
2288 923 2441 954 confirma-

1379 961 1411 983 re
1430 954 1534 999 dicitur
1555 956 1682 988 indebite
1697 957 1849 988 recusaffe·
1870 968 1924 996 pro
1939 968 2015 996 parte
2027 959 2108 997 ipsius
2120 959 2214 991 Eiecti
2227 961 2280 992 fuit·
2293 960 2328 992 ad
2343 962 2439 993 sedern

1379 992 1566 1030 apostolicam
1582 995 1753 1040 appellatum
1763 1007 1777 1040 ,ι
1803 982 1895 1027 didius
1912 1007 1984 1028 vero
2007 998 2241 1036 Archiepiscopus
2254 1023 2264 1038 ,
2289 1000 2354 1038 post
2376 1011 2441 1032 uam

1379 1031 1509 1068 praefatus
1521 1032 1638 1064 Electus
1654 1044 1704 1065 iter
1717 1041 1882 1074 arripuerat,
1921 1043 2016 1074 ropter
2034 1034 2092 1066 hoc
2106 1061 2116 1075 ,
2140 1036 2175 1068 ad
2195 1037 2291 1067 sedem
2305 1042 2371 1077 apol
2386 1040 2441 1070 oli-

1379 1079 1444 1100 cam
1458 1071 1625 1115 accedendi,
1635 1073 1810 1111 praetendens
1826 1083 1865 1112 qu

1379 1108 1426 1138 siae
1441 1108 1595 1150 Midenfis,
1613 1112 1769 1143 secundum
1782 1111 1905 1143 instituta
1916 1113 2071 1151 canonica,
2086 1112 2219 1144 devoluta
2230 1137 2241 1152 ,
2259 1114 2279 1133 *
2295 1117 2442 1147 venerabi-

1377 1147 1435 1177 lem
1456 1147 1571 1180 fratrem
1598 1150 1730 1181 nostrum
1745 1175 1755 1190 ,
1782 1151 1945 1182 Walterum
1967 1150 2140 1189 Episcopum
2156 1176 2166 1190 ,
2188 1161 2258 1183 tunc
2270 1151 2441 1195 Decanum,

1378 1184 1592 1230 W'aterforden.
1608 1190 1638 1219 in
1647 1189 1822 1228 Episcopum
1838 1189 1930 1220 eidem
1946 1189 2058 1220 Miden.
2075 1190 2200 1220 eccleiiae
2235 1193 2327 1229 ropria
2340 1192 2442 1224 aueto-

1376 1232 1457 1255 ritate
1471 1227 1616 1266 praefecit,
1635 1228 1742 1266 sibique
1757 1238 1859 1259 munus
1872 1228 2089 1259 consecrationis
2105 1200 2256 1267 impendit.

1416 1263 1552 1303 Cumque
1581 1266 1770 1304 postmodum
1784 1292 1794 1306 ,
1824 1267 1912 1297 felicis
1933 1267 2134 1298 recordationis
2147 1292 2156 1306 ,
2188 1267 2329 1299 Martinus
2350 1269 2444 1312 Papa,

1377 1300 1571 1334 Praedeceisor
1587 1304 1700 1344 noster,
1713 1307 1746 1336 -in
1761 1305 1923 1345 hujusmodi
1934 1305 2031 1344 causi,
2051 1316 2114 1344 quae
2134 1307 2207 1336 inter
2228 1307 2341 1338 eosdem
2356 1308 2442 1341 Elec—

1376 1348 1438 1384 turn
1453 1342 1486 1372 &
1499 1342 1753 1386 Archiepiscopum
1769 1345 1946 1384 vertebatur,
1961 1344 2098 1374 dileetum
2121 1344 2211 1375 filium
2232 1344 2362 1377 nostrum
2377 1347 2441 1379 Co-

1375 1387 1476 1410 mitem
1490 1382 1572 1411 titulo
1587 1382 1761 1413 Sannorum
1775 1382 1935 1413 Marcellini
1948 1384 1981 1414 &
1994 1382 2070 1413 Petri
2091 1383 2292 1422 Precbytcruin
2305 1384 2441 1417 Cardina-

1376 1417 1452 1456 lem,
1469 1418 1575 1450 dederit
1597 1420 1757 1452 auditorem
1773 1434 1778 1439 ·
1799 1421 1918 1452 demum
1931 1430 1990 1452 tam
2005 1421 2080 1452 idem
2093 1421 2225 1461 Eleous,
2243 1423 2330 1461 quiim
2341 1426 2441 1462 praefa-

1375 1464 1419 1487 tus
1434 1456 1593 1503 Walterus,
1613 1460 1740 1490 volentes
1755 1445 1862 1490 distam
1883 1459 2043 1490 Midensem
2059 1460 2215 1491 Ecclesiam
2239 1461 2254 1491 ὲ
2275 1461 2441 1504 dispendiis,

1374 1505 1446 1540 quae·
1473 1497 1672 1542 er-li'tigioruin
1688 1498 1826 1529 anfractus
1837 1500 1980 1529 incurrere
2001 1506 2109 1536 poterat
2122 1523 2132 1537 ,
2150 1499 2323 1539 praeservari,
2342 1502 2440 1539 sponte

1373 1544 1407 1564 ac
1430 1534 1448 1579 li
1471 1545 1518 1565 ere
1536 1546 1565 1565 iri
1588 1538 1718 1567 manibus
1740 1536 1841 1567 nostris
1857 1536 1997 1567 celicruiit
2011 1538 2093 1567 omni
2103 1538 2173 1576 juri,
2192 1538 2292 1576 siquod
2306 1541 2344 1569 eis
2359 1550 2394 1571 ex
2409 1552 2440 1572 e-

1372 1572 1497 1604 lectione
1510 1575 1543 1606 &
1558 1585 1591 1605 ex
1606 1575 1769 1614 proviiione
1783 1575 1959 1615 hujusmodi,
1975 1575 2013 1606 de
2028 1575 2090 1615 iplis
2106 1576 2191 1607 'fastis
2213 1577 2300 1608 fuerat
2321 1580 2441 1618 acquisi-

1374 1619 1446 1642 tum.
1836 1620 1844 1623 Α

1414 1650 1484 1694 Nos
1498 1653 1596 1692 igitur,
1615 1653 1774 1693 hujusmodi
1790 1654 1915 1686 ceffione
1929 1662 2057 1692 recepta,
2076 1653 2113 1684 de
2133 1653 2215 1691 ipfius
2235 1654 2361 1686 ecciefiae
2376 1655 2439 1688 Mi-

1374 1688 1463 1720 denlis
1477 1692 1654 1723 ordinatione
1667 1701 1763 1724 mente
1777 1694 1854 1733 vigili
1867 1694 2038 1733 cogitantes,
2047 1693 2080 1723 &
2089 1694 2234 1730 cupientes
2248 1694 2273 1723 ei
2288 1694 2436 1731 personam

1370 1728 1529 1769 praeficere,
1549 1741 1598 1769 per
1613 1742 1698 1770 quam
1714 1731 1805 1770 poil'et
1820 1735 1849 1763 iri
1864 1732 1881 1762 s
1895 1732 2047 1763 iritualibus
2058 1742 2091 1762 ac
2106 1740 2165 1762 tem
2186 1731 2306 1762 oralibus
2319 1732 2434 1764 salubri-

1372 1775 1414 1797 ter
1428 1769 1590 1812 gubernari,
1609 1770 1643 1800 ad
1660 1780 1852 1802 memoratum
1894 1771 2017 1810 lenitum,
2036 1780 2121 1809 quem
2181 1770 2245 1800 obis
2259 1771 2294 1801 &
2306 1770 2437 1803 fratribus

1371 1806 1476 1851 nostris·
1494 1808 1530 1838 de
1554 1808 1708 1840 litterarum
1730 1809 1858 1848 scientia,
1877 1819 1993 1840 morum
2015 1810 2149 1846 gravitate
2163 1833 2173 1846 ,
2200 1808 2338 1840 munditie
2350 1811 2437 1850 vitae,

1370 1845 1404 1875 &
1434 1845 1491 1875 alus
1518 1848 1664 1884 probitatis
1691 1849 1797 1879 meritis
1823 1848 2034 1888 fidedignorum
2063 1846 2225 1878 testimonia
2245 1848 2437 1887 multipliciter

1369 1886 1625 1929 commendarunt,
1644 1888 1838 1918 convertimus
1850 1888 1941 1917 aciem
1955 1886 2061 1918 nostrae
2078 1886 2198 1924 mentis,
2214 1885 2340 1925 ideoque
2352 1910 2361 1925 ,
2379 1898 2435 1919 vo-

1368 1922 1457 1967 lentes
1471 1923 1556 1955 dictae
1572 1924 1708 1955 Midensis
1722 1926 1846 1957 ecclesiae
1867 1926 1979 1964 paterni
1994 1924 2142 1964 'diligentis
2164 1924 2314 1962 providere
2327 1948 2336 1965 ,
2360 1936 2434 1964 prae-

1368 1960 1478 2005 dic‘tum
1493 1961 1644 2003 Electum,
1661 1964 1698 1994 de
1712 1965 1836 2002 ipsorum
1849 1964 1967 1995 fratrum
1980 1963 2146 1994 nostrorum
2160 1963 2279 1994 confilio
2304 1964 2338 1995 &
2352 1974 2435 2003 apos-

1371 2000 1466 2045 golicae
1481 2002 1624 2038 plenitude
1639 2003 1798 2042 potestatis,
1817 2003 1911 2034 eidem
1928 2002 2051 2033 Midensi
2072 2001 2196 2033 ecclesiae
2213 2012 2271 2039 prae
2284 2003 2391 2034 ecimus
2404 2005 2436 2035 in

1370 2042 1473 2083 npiico
1495 2050 1545 2083 um
1567 2042 1601 2072 &
1622 2040 1787 2080 Pastorem,
1805 2042 1887 2073 firma
1909 2042 1955 2080 spe
1970 2041 2128 2080 fiduciaque
2141 2049 2267 2072 tenentes
2282 2041 2360 2080 quod
2372 2041 2434 2074 dic-

1369 2086 1396 2107 ta
1419 2078 1465 2108 Mi
1486 2083 1555 2109 eniis
1577 2080 1692 2110 ecclefia
1708 2104 1718 2118 ,
1744 2091 1794 2118 per
1813 2081 1868 2111 suae
1896 2080 2060 2111 industriam
2083 2078 2270 2118 providentiae
2283 2103 2293 2118 ,
2316 2081 2435 2111 austore

1370 2115 1457 2160 Deo,
1477 2118 1491 2147 a
1508 2119 1597 2148 noxiis
1611 2119 1821 2156 praeservabitur
1834 2121 1868 2151 &
1881 2118 2000 2151 adversis
2013 2142 2023 2157 ,
2050 2120 2150 2157 optatis
2165 2127 2281 2156 quoque
2293 2118 2433 2157 posperi-

1370 2163 1431 2185 tatis
1444 2156 1610 2187 commodis
1621 2157 1794 2195 spiritualiter
1807 2159 1840 2188 &
1856 2157 2049 2196 temporaliter
2061 2156 2192 2195 proficiet
2206 2166 2239 2186 ac
2253 2157 2378 2187 honoris.

1410 2195 1558 2238 Quocirca
1576 2197 1699 2236 regalem
1722 2196 1915 2227 excellentiam
1941 2206 2073 2236 rogamus
2096 2197 2130 2227 &
2152 2195 2297 2225 hortamur
2310 2197 2434 2235 attente,

1371 2242 1505 2277 quatinus
1515 2234 1610 2264 eidem
1624 2234 1745 2273 Elec‘lo,
1763 2245 1816 2273 pro
1830 2234 1929 2265 nostra
1942 2236 1975 2266 δε
1990 2234 2154 2273 apostolicae
2174 2233 2242 2263 sedis
2256 2235 2432 2274 reverentia,

1369 2272 1469 2311 regalia
1482 2272 1604 2310 eiusdem
1620 2273 1756 2303 Midensis
1772 2273 1912 2312 ecclesi-12,
1951 2283 1994 2304 uae
2008 2283 2058 2312 per
2073 2282 2101 2303 te
2117 2273 2270 2303 vacationis
2284 2273 2342 2311 ejus
2355 2282 2431 2303 tem-

1369 2319 1441 2347 pore
1454 2313 1542 2341 teneri
1556 2311 1707 2350 dicuntur,
1724 2313 1781 2342 sine
1797 2312 1921 2351 qualibet
1956 2312 2101 2348 ifficultate
2113 2310 2259 2341 restituens
2273 2334 2283 2349 ,
2307 2312 2370 2342 alias
2385 2313 2429 2350 ip-

1369 2348 1431 2392 sum
1440 2350 1473 2380 &
1482 2350 1626 2380 ecclesiam
1643 2350 1694 2380 sibi
1708 2351 1892 2381 commistam
1906 2351 2007 2380 habeas
2020 2350 2181 2388 propensius
2194 2350 2410 2381 commendatos
2416 2364 2430 2397 ἑ

1367 2395 1404 2417 ita
1425 2387 1503 2426 quod
1524 2388 1602 2419 idem
1621 2388 1737 2420 Electus
1753 2413 1762 2427 ,
1789 2398 1841 2420 tuo
1855 2389 1940 2420 fultus
1954 2389 2074 2426 auxilio,
2092 2389 2121 2418 in
2137 2386 2287 2418 commissii
2299 2387 2348 2418 sibi
2362 2399 2429 2420 cura

1366 2425 1508 2494 ffstoralis
1522 2426 1612 2458 officii
1628 2427 1729 2467 poffir,
1749 2427 1818 2458 Deo
1834 2428 1976 2467 propitio,
1995 2427 2165 2466 prosperari,
2183 2436 2216 2457 ac
2231 2426 2282 2457 tibi
2302 2426 2430 2458 exinde‘a

1401 2474 1437 2509 eo
1459 2467 1618 2505 perempnis
1640 2468 1706 2498 vitae
1733 2468 1877 2507 premium
1892 2491 1901 2505 ,
1929 2467 1962 2498 &
1983 2467 1998 2496 a
2019 2467 2103 2496 nobis
2124 2465 2265 2505 condigna
2282 2467 2430 2503 proveniat

1367 2503 1442 2534 atstio
1455 2506 1613 2543 gratiarum.

1920 1073 1955 1104 ad
1971 1084 2038 1104 eum
2051 1083 2108 1105 erat
2123 1075 2246 1112 provisio
2254 1076 2335 1113 ipsius
2342 1079 2438 1109 eccle-
2459 1118 2475 1134 ι

2486 1120 2570 1156 11.3zi

1401 2579 1469 2612 Dat.
1496 2582 1608 2622 Tybur.
1627 2592 1655 2623 4.
1675 2582 1717 2614 Id.
1732 2582 1817 2622 Jtilii,
1835 2581 2022 2614 Pontificatfis
2037 2581 2127 2613 nostri
2139 2591 2215 2613 anno
2229 2580 2363 2612 secundo.

2073 2658 2128 2690 Sub
2134 2657 2188 2700 filo
2202 2658 2327 2689 canabeo.

1363 2784 1413 2816 De
1436 2783 1578 2828 Potcstatc
1595 2811 1605 2827 ,
1649 2796 1670 2817 a
1696 2782 1829 2830 Philippo
1852 2785 1929 2829 Rege
1953 2785 2084 2815 Franciae
2108 2780 2185 2814 data
2212 2784 2285 2828 Regi
2309 2782 2427 2829 Anglii<

1519 2832 1694 2867 concedendi
1710 2835 1845 2880 Treugas
1861 2831 1988 2876 Alfonsb
2006 2834 2079 2878 Regi
2099 2833 2268 2877 Aragoniae.

1362 2918 1570 2981 PHilippuS‚
1589 2919 1648 2950 Dei
1662 2918 1765 2960 gratia,
1783 2918 1909 2949 Franciae
1921 2917 1987 2948 Rex
2006 2916 2175 2955 Univeffis,
2191 2915 2339 2954 praesentes
2353 2915 2429 2948 litte·
2446 2915 2523 2947 Ann.
2539 2917 2570 2949 D

1435 2969 1477 2989 ms
1492 2958 1671 2997 inspecturis,
1689 2958 1815 2989 salutem.
1937 2985 1940 2989 ,
2470 2957 2555 2987 1286,

1401 2998 1520 3029 Notum
1534 2997 1653 3028 facimus
1668 2996 1764 3035 quod,
1783 3005 1852 3026 cum
1865 2995 2017 3026 carissimus
2034 2994 2137 3026 confini
2159 2994 2273 3032 uineus,
2291 2994 2325 3024 &
2338 2992 2426 3024 fidelis
2446 2998 2498 3023 Aa.
2519 3005 2563 3033 ¹4·

1363 3037 1476 3074 noster,
1496 3036 1668 3074 Edwardus,
1686 3035 1745 3066 Dei
1755 3034 1856 3075 gratia,
1872 3034 1982 3065 illustris
1997 3033 2063 3064 Rex
2078 3033 2145 3064 Ano
2157 3034 2190 3062 iae
2205 3056 2215 3071 ,
2233 3042 2286 3062 nos
2301 3033 2426 3070 require·
2447 3038 2479 3060 Ε.
2503 3043 2527 3061 ι.

1363 3086 1406 3107 ret
1420 3077 1454 3107 &
1466 3083 1577 3115 rogaret
1590 3074 1740 3112 instanter,
1756 3073 1835 3112 quod
1849 3083 1901 3104 nos
1915 3073 2045 3103 daremus
2060 3058 2230 3111 potestatem
2245 3069 2339 3100 eidem
2352 3080 2426 3101 con-
2445 3076 2500 3099 Rot.
2517 3072 2548 3100 de

1363 3113 1482 3146 cedendi
1496 3122 1620 3153 treugas,
1637 3113 1675 3144 de
1686 3113 1769 3143 nobis
1784 3113 1819 3144 ὃς
1833 3111 1944 3152 Regnis
1961 3111 2081 3148 nostris,
2101 3110 2138 3140 de
2156 3110 2285 3150 gentibus
2293 3107 2425 3151 ²„Vaffai-
2446 3113 2570 3148 Treugaq'*

1362 3154 1395 3185 lis
1417 3154 1450 3184 &
1471 3152 1644 3183 Valitoribus
1665 3151 1767 3182 nostris
1789 3151 1960 3181 eorumdem
1982 3150 2155 3180 Reonorum
2169 3171 2179 3186 ‚
2205 3147 2326 3178 Aifonio
2339 3171 2350 3186 ,
2366 3147 2425 3178 filio
2446 3147 2502 3181 &a
2522 3156 2570 3184 14:

1364 3191 1510 3231 quondam
1524 3191 1601 3222 Petri
1615 3190 1652 3221 de
1670 3190 1828 3230 Aragonia,
1845 3190 1998 3227 Aragoniae
2010 3174 2204 3231 Vi’ilentiazque
2226 3186 2339 3230 Regis,
2363 3185 2426 3216 Co-
2446 3191 2476 3213 Ε.
2495 3196 2517 3214 i.
2541 3196 2570 3214 m.

1363 3231 1473 3262 mitatui
1486 3229 1659 3260 Barchmon.
1676 3239 1709 3259 ac
1725 3231 1803 3259 terris
1817 3229 1891 3267 aliis,
1909 3238 1976 3266 quas
1990 3226 2110 3264 poffidet
2129 3235 2160 3255 in
2173 3225 2302 3263 praesenti
2336 3233 2426 3264 genti-
2448 3234 2474 3262 3.

1363 3269 1575 3339 bps‚&Vaffaiiis
1590 3268 1624 3299 &
1638 3267 1809 3298 Valitoribus
1822 3267 1874 3298 suis
1888 3266 2058 3297 eorumdem
2073 3264 2245 3304 Regnorum
2258 3287 2268 3302 ,
2296 3248 2428 3294 domim-

1363 3318 1410 3340 tus
1474 3316 1626 3338 terrarum:

1399 3347 1485 3384 Nos,
1504 3346 1630 3377 volentes
1643 3355 1767 3376 annuere
1778 3345 1853 3376 votis
1865 3344 1932 3382 suis,
1949 3343 2048 3374 damus
2060 3342 2155 3373 esdem
2168 3341 2244 3381 Regi·
2252 3364 2262 3380 ,
2279 3340 2300 3370 fi
2313 3339 2426 3371 summo

1364 3384 1497 3417 Pontifici
1512 3385 1662 3423 placuerit,
1681 3383 1859 3415 concedendi
1872 3383 1960 3413 dic'tas
1974 3391 2082 3421 treugas
2095 3381 2246 3419 plenariam
2259 3380 2293 3411 &
2306 3378 2424 3421 liberam

1363 3423 1550 3463 potestatem,
1568 3423 1654 3461 usque
1667 3423 1702 3453 ad
1715 3422 1831 3453 Festum
1843 3421 1940 3453 Sanffl
1954 3420 2102 3451 Michaelis
2115 3419 2260 3457 Septemb.
2279 3425 2344 3447 anni
2357 3415 2425 3445 Do-

1364 3464 1435 3494 mini
1452 3462 1537 3499 1287.
1557 3461 1712 3492 duraturas:
2368 3493 2373 3498 ¹

1399 3500 1502 3531 Eidem
1524 3501 1608 3530 etiam
1629 3499 1706 3537 Regi
1728 3498 1855 3539 Angliae,
1895 3506 2012 3528 uantum
2032 3498 2061 3526 in
2081 3497 2164 3527 nobis
2190 3494 2231 3525 est
2245 3517 2254 3532 ,
2273 3492 2422 3536 plenariam

1360 3541 1508 3572 tribuimus
1521 3538 1707 3576 potestatem,
1726 3547 1810 3568 terras
1823 3539 1856 3569 ὃς
1900 3536 1970 3567 astra
1979 3559 1989 3575 ,
2008 3545 2072 3573 quae
2085 3542 2182 3565 tenent
2194 3531 2306 3575 Vaffalli
2315 3531 2349 3562 &
2365 3530 2392 3560 V
2393 3541 2422 3560 a-

1361 3580 1457 3610 litores
1480 3578 1630 3608 memorati
1652 3577 1760 3607 Alfonsi
1773 3600 1782 3615 ,
1811 3578 1839 3606 in
1854 3577 1932 3606 terris
1945 3575 1981 3604 de
1995 3573 2154 3603 Russellon.
2171 3572 2205 3602 &
2218 3570 2345 3601 Ceriton.
2365 3577 2422 3599 ter«

1363 3627 1404 3647 ras
1425 3616 1509 3647 etiam
1534 3616 1567 3646 ὃ(
1588 3615 1687 3646 Castra
1701 3639 1710 3652 ,
1735 3626 1800 3653 quae
1820 3622 1917 3645 tenent
1938 3612 2048 3643 Comes
2069 3610 2200 3641 Fuxensis
2234 3607 2422 3645 Reymundus

1364 3655 1415 3686 Ro
1436 3655 1502 3692 erii,
1520 3655 1553 3685 &
1568 3654 1612 3683 alii
1625 3654 1736 3684 Vass'alli
1750 3655 1784 3685 ὅ(
1800 3653 1937 3684 Valitores
1951 3650 2040 3681 nostri
2064 3651 2093 3680 in
2108 3658 2180 3695 terra
2191 3633 2322 3677 Catelon.
2335 3654 2422 3690 ¹atque

1361 3693 1412 3724 Ru
1439 3692 1523 3737 elion.
1543 3693 1577 3723 &
1592 3691 1722 3724 Ceriton.
1742 3691 1866 3730 ponendi
1879 3692 1908 3721 in
1923 3687 2058 3728 praedicit&
2081 3696 2194 3726 treuga,
2211 3692 2297 3722 prout
2313 3684 2422 3714 videbin>

1359 3730 1650 3800 ereiictliierillrlffabituri
1670 3770 1705 3801 &
1727 3777 1838 3808 gratum
1861 3765 1996 3806 quicquid
2011 3773 2061 3802 per
2073 3762 2162 3800 ipsum
2177 3760 2292 3799 Regem
2307 3760 2420 3800 Angliae

1360 3809 1441 3846 super
1455 3808 1507 3837 hiis
1520 3808 1601 3839 fuerit
1614 3807 1793 3844 ordinatum,
1812 3807 1869 3836 hoc
1883 3814 1977 3835 tamen
1991 3804 2076 3844 ac'to,
2085 3798 2163 3844 quod
2176 3808 2291 3841 perhnos
2306 3800 2339 3829 ὃ(
2354 3809 2421 3829 nos-

1360 3855 1418 3877 tros
1437 3848 1531 3882 iuvare
1551 3846 1686 3884 possimus
1704 3845 1848 3885 jacobum
1868 3844 1982 3882 Regem
1995 3840 2057 3884 ‚Ma
2066 3846 2207 3882 tinearum
2230 3836 2382 3876 illustrem,
2400 3837 2421 3881 ,fi

1359 3886 1396 3915 ab
1416 3885 1475 3922 ipso
1494 3884 1616 3916 Alfonso
1631 3909 1640 3923 ,
1656 3885 1703 3916 vel
1717 3884 1774 3922 ejus
1789 3890 1886 3922 gente,
1903 3889 1950 3910 aut
1962 3879 2014 3909 suis
2055 3875 2213 3913 alitoribus,
2234 3883 2280 3906 aut
2293 3875 2420 3906 Vaffallis

1359 3934 1390 3954 in
1403 3932 1495 3961 terris,
1515 3933 1582 3961 quas
1596 3933 1674 3954 nunc
1687 3923 1812 3958 detinet,
1829 3920 1961 3960 primitus·
1970 3914 2122 3958 invadatur.
2349 3953 2355 3958 ι

1399 3961 1433 3992 11¹
1454 3962 1532 4032 ugus
1552 3963 1590 3992 rei
1611 3961 1806 3993 testimonium
1836 3954 2015 3997 praesentlbus
2032 3951 2127 3983 litteris
2148 3951 2280 3983 nostrum
2300 3952 2422 3983 femmus

1361 4001 1465 4040 apponi
1499 4000 1614 4040 igilium.
2315 4027 2425 4058 Actum

2138 4084 2169 4113 Ο
