2570 4261
661 190 774 233 ET
855 189 1111 233 ACTA

0 277 235 349 ο.81)αςξηεδαῑῑ
255 277 316 316 illa,
332 276 455 317 scilicet,
472 277 572 316 tertio,
590 277 624 308 &
642 285 671 309 te
693 285 792 316 quarto
805 276 891 317 gradu
904 277 921 306 ὁ.
935 275 1026 314 stipite
1039 274 1143 305 distan-

0 342 2 348 .
43 339 50 347 .
90 325 112 348 ti
134 325 180 347 us:

3 329 58 388 ‘9¹-
128 352 162 384 Id
181 364 241 398 non
264 352 357 394 potest
377 353 481 392 absque
497 353 697 391 dispensatione
716 352 785 383 sedis
814 352 990 390 Apostolicae
1018 351 1142 390 legitime

109 401 252 423 rovemre·

89 402 109 431 P
131 430 217 468 Nos,
234 415 269 461 ἐκ
282 429 421 468 praedictis
433 428 641 460 rationabilibus
655 428 741 459 causis
751 429 853 466 motis,
872 429 905 459 &
919 427 998 458 factis
1012 428 1094 458 nobis
1116 426 1144 454 in

91 468 147 499 hac
161 476 238 506 parte
249 467 496 505 supplicationibus
511 467 648 503 inclinati,
666 467 701 497 ad
713 467 849 503 praeterita
871 466 940 495 mala
960 465 1093 502 sedanda,
1111 465 1145 494 δε

94 505 315 537 obliviscendam
330 506 499 535 memoriam
511 504 694 542 eorumdem,
712 514 745 534 ac
759 504 793 534 ad
804 504 978 534 obviandum
999 501 1147 541 periculis,

96 553 164 613 duae
175 543 287 582 poffent
301 544 465 611 comingfre
479 544 509 572 in
522 542 663 579 futurum,
681 543 715 573 &
728 541 762 572 ad
775 541 949 580 procuranda
970 543 1003 572 ὃ(
1026 542 1148 572 nutrien-

118 593 135 613 a
150 591 227 613 verae
250 582 325 618 pacis
346 582 380 612 &
422 581 558 611 'lectionis
570 580 695 611 comoda
708 581 775 610 hinc
790 581 824 611 &
838 580 919 618 inde,
938 590 987 617 per
1002 581 1148 609 matrimo-

95 621 178 651 nium
194 619 401 657 supradictum,
417 618 565 650 vobiscum
578 626 609 648 ut
622 616 780 648 hu'usmodi
794 618 1035 657 consanguinitatis
1057 618 1089 648 &
1109 615 1148 646 af-

97 657 206 688 finitatis
219 656 428 695 impedimentis
442 666 618 694 nequaquam
634 666 653 686 o
676 656 824 695 stantibus,
843 657 1057 686 matrimonium
1077 656 1149 684 invi-

0 705 157 742 1.827.Cem
171 695 294 735 legitime
307 695 471 726 contrahere
483 696 516 725 ὃ(
528 694 691 731 complere,
710 695 729 714 ³*
744 704 778 724 ac
802 696 831 723 in
853 704 889 725 eo
910 695 986 724 licite
1007 702 1147 723 remanere

142 733 224 772 ffitis,
241 734 405 764 auetoritate
420 731 582 769 Apostolica
594 732 631 762 de
642 732 749 769 speciali
767 734 853 771 gratia
868 731 1066 770 dispensamus:
1085 741 1152 768 pro-

110 783 174 811 em,
190 771 389 809 suscipiendam
403 779 437 800 ex
448 770 545 808 vobis,
565 780 599 800 ex
613 771 693 801 dieto
709 772 909 808 matrimonio,
927 779 1038 800 exnunc
1061 769 1153 806 legiti-

99 821 194 849 mam,
211 810 248 840 de
261 808 436 847 Apostolicae
449 808 590 846 potestatis
601 809 776 846 plenitudine
788 810 959 838 nunciantes.

137 848 224 879 Nulli
244 856 312 886 ergo
331 847 454 877 omnino
472 847 625 878 hominum
646 848 727 878 liceat
745 848 819 878 hanc
838 847 967 887 paginam
981 845 1086 876 nostrae
1099 844 1154 875 dis-

100 887 283 926 pensationiS,
301 885 477 915 nuntiationis
491 885 660 924 infringere,
676 886 738 916 &c.

140 962 207 993 Dat.
223 960 331 991 Romae
345 960 418 999 apud
434 960 571 992 Sandturn
585 960 701 992 Petrum
716 960 781 992 Kal.
796 961 881 1001 Julii,
899 959 1083 992 Pontificatus
1102 969 1158 990 noa

104 999 153 1032 stri
166 1008 241 1030 anno
256 1006 363 1038 quarto.

498 1074 551 1107 Sub
556 1074 618 1118 filis
625 1075 718 1117 sericis
722 1076 801 1116 flavi
809 1076 939 1116 ·rubeique
953 1074 1050 1106 colorisi

109 1211 217 1256 Bulla,
243 1214 427 1262 monitoria,
453 1221 488 1246 ut
513 1215 579 1246 Rex
602 1224 622 1245 a
647 1207 777 1260 qualibet
801 1210 969 1247 turbatione
979 1210 1036 1257 fta
1050 1220 1164 1257 guerra

519 1263 618 1294 Scotiae
637 1261 696 1303 defi
715 1271 758 1295 at.

111 1345 311 1411 BOnifacius
326 1339 429 1384 Episco
452 1354 498 1382 υς,
517 1344 610 1376 servus
623 1343 768 1376 servorum
784 1345 859 1384 Dei,
876 1344 1017 1377 cariffimo
1032 1345 1061 1373 in
1082 1341 1168 1373 Chri-

0 1380 44 1401 sm·
53 1369 93 1400 D·
183 1385 227 1416 sto
239 1385 317 1423 filio,
330 1384 424 1415 Edvar
444 1394 464 1414 ο
477 1383 552 1423 Regi
563 1383 673 1424 Angliae
685 1383 799 1422 illustri,
808 1384 920 1415 salutem
936 1384 970 1414 &
984 1381 1167 1420 apostolicam

0 1408 72 1448 '²98'
113 1423 350 1454 benedictionem.

0 1459 17 1476 ²'
34 1449 80 1474 ²⁶·
150 1460 180 1492 Si
201 1461 281 1492 missa
302 1460 385 1499 patris
406 1458 517 1498 eloquia
537 1458 629 1490 sedula
642 1458 865 1490 consideratione
878 1459 1002 1490 discutiat
1016 1456 1170 1495 provideri-2

113 1501 160 1531 tiae
181 1498 282 1537 Regiae
302 1498 486 1537 magnitudo,
502 1498 584 1529 facile
604 1499 735 1529 conicere
758 1500 860 1536 poterit
872 1497 950 1537 quod
965 1507 997 1527 ea
1009 1499 1044 1527 de
1057 1496 1170 1526 munifi-

112 1538 202 1568 centia
215 1537 331 1567 caritatis
345 1546 475 1567 emanant
483 1560 493 1575 ,
509 1536 564 1575 qua
579 1544 623 1575 te,
634 1545 734 1575 utpote
745 1536 834 1567 filium
847 1536 1051 1567 benedictionis
1063 1536 1096 1567 ὅ(
1109 1544 1171 1574 gra-

111 1576 177 1614 tiae,
194 1576 224 1604 in
237 1575 354 1609 archivo
367 1575 489 1612 petitoris
503 1576 626 1615 gerimus
638 1574 841 1613 praedilectum.

148 1613 242 1652 Sane,
268 1612 307 1643 fili
326 1613 488 1652 carissime,
511 1614 617 1644 recenti
640 1613 780 1643 memoria
800 1614 953 1644 retinemus

110 1660 241 1690 tempore
262 1661 321 1690 quo
333 1675 343 1690 ,
367 1651 454 1682 felicis
474 1651 675 1683 recordationis
690 1674 700 1689 ,
726 1651 864 1681 Adrianus
886 1651 959 1689 Papa

0 1535 7 1551 τ
23 1527 81 1551 Au-

995 1610 1054 1643 ubd
1075 1610 1145 1642 olim
1162 1634 1172 1649 ,

1005 1649 1172 1680 raedeceffor

113 1690 228 1727 noster,
245 1698 313 1721 tunc
328 1690 424 1720 Sancti
436 1689 551 1720 Adriani
565 1690 711 1720 Diaconus
724 1688 895 1728 Cardinalis,
914 1691 941 1719 in
956 1689 1067 1728 Angli-ae
1088 1689 1173 1726 parti-

113 1729 166 1760 bus
187 1727 319 1759 officium
337 1728 480 1767 legationis
502 1729 641 1766 exercuit,
660 1727 756 1758 secum
776 1728 845 1758 inibi
863 1728 986 1766 fuimus,
1004 1736 1173 1765 moramque

115 1768 307 1798 contraximus
321 1777 388 1797 cum
403 1766 514 1797 eodem.

153 1804 192 1836 Et
214 1804 418 1835 considerantes
438 1805 584 1843 attentius,
609 1814 641 1835 ac
661 1803 818 1844 diligentius
839 1804 1030 1842 attendentes,
1054 1804 1174 1841 ingentis

116 1843 276 1875 devotionis
288 1842 441 1881 affectum,
459 1844 493 1874 &
507 1843 603 1874 zelum
617 1844 779 1874 reverentiae
800 1842 938 1882 specialis,
957 1843 1076 1881 quibus,
1093 1843 1175 1872 clarae

116 1882 282 1920 memoriae,
299 1880 443 1912 Henricus
456 1881 522 1912 Rex
535 1881 580 1911 An
601 1881 645 1911 liae
660 1890 737 1920 pater
750 1890 830 1920 tuus,
846 1891 910 1921 erga
938 1881 1063 1912 Roman.
1081 1880 1176 1910 rutila*

117 1920 164 1951 bat
177 1920 338 1957 eccleliam,
357 1927 385 1950 te
397 1919 470 1950 clara
483 1919 572 1951 &lau
592 1919 661 1950 anda
675 1920 732 1958 ejus
754 1920 784 1950 in
805 1920 857 1950 hac
878 1927 954 1957 parte
976 1919 1090 1958 vestigia
1112 1919 1176 1948 imi-

119 1966 212 1996 tante,
229 1957 267 1989 sui
287 1959 384 1996 tuique
402 1958 518 1988 honoris
541 1958 574 1989 &
595 1958 763 1988 exaltationis
775 1959 948 1989 incrementa
962 1957 1124 1993 dileximus,
1143 1957 1176 1986 δε

118 1996 155 2065 ‘aid
175 2007 206 2027 ea
220 2006 308 2034 opem
319 2005 494 2035 operamque
508 1996 669 2035 sollicitam,
678 2006 732 2035 pro
741 1997 996 2035 viribus,duximus
1011 1995 1178 2033 impenden-

139 2044 196 2065 am.

159 2073 198 2105 Et
211 2080 288 2104 tanto
303 2074 331 2104 in
344 2073 427 2105 nobis
444 2074 518 2105 circa
532 2073 645 2114 Regem
658 2072 763 2112 ipsum,
781 2069 851 2104 dum
865 2074 949 2110 vixit,
966 2078 1101 2110 tuamque
1115 2078 1179 2109 per⁴

121 2111 221 2143 sonam
235 2113 378 2151 inclitam,
396 2112 554 2151 hujusmodi
568 2111 663 2143 noster
675 2112 789 2142 invaluit
804 2113 838 2143 &
862 2112 1022 2142 exuberavit
1043 2109 1180 2147 affectus,

121 2158 230 2189 quanto
251 2152 280 2180 in
308 2151 380 2181 orbe
393 2159 528 2182 terrarum
543 2150 646 2181 summi
660 2150 747 2190 Regis
762 2151 916 2189 benignitas
930 2150 1029 2187 nobis,
1047 2149 1113 2179 licet
1124 2149 1180 2178 im-

124 2189 248 2226 meritis,
265 2190 396 2226 provexit
413 2189 492 2220 altius
505 2189 607 2220 statum
623 2188 762 2219 nostrum.

163 2227 367 2266 Qamobrem
381 2227 531 2265 contigiffe
547 2227 697 2258 dinoscitur
711 2226 806 2265 quod,
819 2227 854 2257 ab
869 2224 930 2264 ipsis
943 2225 1047 2256 nostrae
1062 2234 1182 2263 promo-

123 2265 206 2296 tionis
219 2264 361 2304 auspiciis,
379 2273 466 2304 prout
479 2266 574 2305 regalis
585 2265 736 2296 sublimitas
751 2274 811 2295 non
838 2266 964 2305 ignorat,
982 2264 1015 2294 ad
1035 2262 1181 2293 sedandam

124 2312 245 2341 gravem
259 2304 293 2334 &
309 2304 493 2343 periculosam
507 2303 674 2335 discordiam
683 2327 692 2341 ,
710 2313 774 2342 quae
788 2311 873 2342 tunc,
883 2304 956 2341 pacis
971 2302 1077 2332 aemulo
1089 2301 1182 2339 super-

122 2343 276 2374 seminante
290 2343 447 2381 zizaniam,
464 2350 522 2372 erat
535 2343 608 2373 inter
621 2350 650 2374 te
661 2342 695 2373 &
708 2341 880 2372 mriffimum
902 2343 931 2371 in
951 2339 1069 2371 Christo
1090 2340 1181 2369 silium

122 2380 271 2419 nostrum,
285 2379 457 2421 Phylippum
479 2379 615 2411 illustrem
638 2379 754 2417 Regem
773 2379 898 2410 Franciae
916 2378 1052 2416 suscitata,
1078 2378 1181 2408 cuneta

126 2418 222 2451 nostra
242 2421 435 2449 convertimus
457 2417 548 2449 studia
563 2442 573 2457 ,
594 2419 732 2456 operarias
752 2427 851 2449 manus
871 2417 1060 2455 impendimus
1079 2415 1115 2445 ad
1133 2415 1160 2445 id
1173 2438 1183 2454 ‚

127 2464 213 2496 prout
233 2456 363 2494 expedire
381 2457 570 2495 cognovimus
582 2478 592 2493 ,
622 2454 772 2486 adiciendo
792 2456 908 2486 sollicite
928 2455 1092 2493 apostolicae
1117 2453 1184 2484 sedis

126 2503 233 2534 partes,
251 2503 281 2524 ut
302 2493 397 2532 Reges
432 2502 489 2524 tam
507 2494 637 2532 inclitos,
654 2502 711 2524 tam
728 2494 848 2524 devotos
870 2492 996 2524 ecclesiae
1008 2491 1094 2529 filios,
1112 2500 1185 2522 tam-

128 2542 186 2573 que
201 2532 330 2571 proxima
342 2516 581 2569 consanguinitate
591 2531 774 2570 conjunctos,
792 2531 874 2569 pulsis
889 2531 990 2569 procul
1004 2529 1132 2568 dissidii-5,
1150 2531 1184 2560 &

130 2571 340 2609 impedimentis
363 2570 530 2609 quibussibet
547 2571 658 2601 eminus
678 2569 847 2609 profugatis,
864 2569 978 2608 reduci,
1003 2568 1123 2599 domino
1145 2568 1186 2598 fa-

131 2618 217 2642 vente
225 2631 235 2648 ,
253 2610 429 2648 contingeret
441 2608 476 2640 ad
489 2609 653 2639 concordiae
665 2609 808 2638 unitatem.

167 2646 205 2678 Et
218 2655 249 2678 ut
263 2647 320 2678 hoc
354 2648 482 2678 rovenire
495 2647 618 2685 facilius,
636 2647 669 2677 &
682 2645 823 2677 efficacius
836 2656 851 2676 a
874 2646 882 2675 i
895 2644 1004 2683 posset,
1021 2645 1107 2675 bonae
1124 2653 1187 2674 me-

131 2687 251 2722 moriae,
269 2684 300 2716 Β.
347 2684 507 2716 lbanensem
522 2686 555 2716 &
579 2684 607 2715 S.
624 2684 838 2722 Penestrinum,
881 2684 1025 2722 piscopos,
1044 2683 1189 2713 Romanae

137 2723 273 2756 Ecclesiae
286 2723 462 2762 Cardinales,
479 2732 555 2753 tuam
569 2724 602 2754 &
618 2723 698 2760 ipsius
713 2722 801 2762 Regis
813 2723 939 2752 Franciae
952 2731 1052 2759 pacem
1065 2723 1099 2753 ὃς
1118 2731 1189 2751 con—

134 2761 420 2832 goffiiamddssigemes
427 2762 479 2802 ,ad
492 2769 521 2793 te
534 2761 703 2801 Regemque
711 2760 878 2799 praedietum
892 2760 1050 2799 quantotius
1061 2759 1190 2791 duximus

156 2811 172 2831 e
207 2810 261 2830 nan
282 2811 323 2831 os.

1142 2846 1191 2906 ig]

172 2838 210 2870 Et
227 2840 378 2879 quoniam,
396 2837 517 2877 ejusdem
539 2838 688 2869 occasione
701 2836 863 2876 discordiae,
878 2837 1018 2876 dispendia
1033 2838 1126 2876 gravia

133 2878 300 2909 nerabantur
321 2876 470 2915 Ecclefiis,
490 2876 687 2915 Monasteriis,
706 2876 740 2908 &
759 2877 814 2906 aliis
833 2877 883 2915 piis
902 2875 987 2906 locis:
1005 2875 1043 2906 Et
1063 2885 1122 2905 non

137 2916 198 2947 lum
212 2923 384 2954 corporum,
400 2915 446 2946 sed
457 2916 540 2946 etiam
554 2916 709 2946 animarum
730 2913 854 2946 fidelium
874 2913 994 2952 pericula
1014 2913 1130 2952 plurima
1151 2913 1191 2944 se-

134 2954 308 2993 quebantur,
327 2955 396 2991 quin
416 2955 507 2991 potius
526 2963 560 2983 ex
580 2953 678 2984 eadem
698 2953 824 2991 cunetis,
839 2953 888 2984 sub
909 2952 1043 2982 relioione
1055 2951 1191 2982 Christia-

136 3003 173 3062 ἓξ
186 2992 371 3031 degentibus,
387 2990 508 3030 dampna
521 2993 665 3023 innumera
679 2991 712 3023 &
725 2991 840 3030 jaeturae
859 2976 1026 3030 multipiices
1043 2991 1192 3022 incumbe-

175 3038 205 3061 ut

172 3054 258 3108 Nos,
276 3078 357 3100 more
372 3068 499 3100 laudabili
514 3068 552 3107 pii
564 3070 664 3108 patris,
682 3079 768 3108 quem
783 3078 843 3099 non
856 3075 1023 3106 praetereunt
1036 3066 1191 3098 incomoda

135 3107 278 3145 filiorum,
296 3107 331 3137 ad
352 3107 534 3145 excogitanda
552 3108 582 3137 in
603 3108 656 3138 hac
676 3116 753 3146 parte
770 3108 891 3138 remedia
908 3106 1053 3145 diligenter
1077 3107 1193 3145 intenti,

137 3146 255 3177 dile-&os
269 3145 339 3176 filios
442 3144 572 3176 Priorem
587 3144 809 3177 Praedicatorum
823 3146 856 3176 ὃς
943 3144 1106 3175 Ministrum
1115 3168 1124 3182 ,
1144 3153 1193 3183 ge-

136 3184 242 3216 nerales
256 3183 407 3214 Minorum
419 3183 536 3214 fratrum
549 3183 738 3222 ordinum,ad
753 3193 829 3216 tuam
843 3185 875 3216 &
888 3183 1010 3222 ejusdem
1023 3183 1108 3222 Regis
1122 3192 1194 3220 prae·

140 3223 254 3254 sentiam
268 3221 396 3253 duximus
414 3221 581 3261 dirigendos.

177 3260 216 3292 Et
228 3263 341 3292 tandem
354 3261 389 3291 ad
400 3260 526 3291 nostram
539 3259 645 3297 perlato
659 3261 788 3291 notitiam
797 3282 807 3299 ‚
825 3260 919 3299 quod,
934 3259 1088 3298 opitulante
1100 3258 1195 3289 divini

140 3299 309 3337 clementia,
327 3300 398 3329 inter
417 3308 445 3329 te
467 3298 636 3337 Regemque
658 3298 826 3335 praedietum
846 3299 968 3336 Treugis
983 3299 1051 3329 certi
1064 3298 1196 3335 temporis

139 3338 228 3375 initis,
246 3345 302 3368 erat
323 3338 351 3366 in
369 3347 439 3375 nos,
456 3336 541 3367 veluti
562 3345 750 3366 communem
769 3338 909 3375 amicum,
935 3337 1015 3374 super
1036 3335 1195 3373 hujusmodi

139 3376 257 3414 negotio
277 3375 293 3405 a
310 3375 435 3443 {artibus
456 3374 693 3412 compromissum
708 3397 717 3411 ,
745 3374 836 3405 uberis
856 3376 1029 3405 exultationis
1049 3375 1083 3405 δε
1103 3374 1195 3412 gaudii

141 3414 267 3446 occurrit
281 3413 308 3443 fe
336 3414 377 3443 iva
393 3412 623 3443 solennitas-votis
638 3412 752 3450 nostris,
770 3422 838 3442 cum
853 3423 929 3444 tuam
943 3423 975 3444 ac
992 3412 1114 3451 ejusdem
1134 3411 1196 3442 Res

141 3453 182 3491 gis
197 3451 413 3489 tranquilitatem
427 3452 592 3481 continuam
606 3449 765 3488 statumque
778 3450 892 3482 felicem
906 3453 939 3482 &
955 3451 1117 3490 prosperum
1130 3460 1196 3488 pro-

141 3489 251 3529 pensius
268 3489 420 3529 diligamus.

181 3527 317 3566 Cumque
330 3528 369 3558 tui
384 3528 417 3558 &
433 3525 554 3565 ejusdem
569 3525 658 3563 Regis
672 3526 797 3556 solennes
809 3528 920 3566 nuncii,
938 3535 1053 3565 propter
1067 3527 1124 3556 hoc
1144 3536 1197 3556 nu-

142 3576 193 3604 per
207 3566 242 3597 ad
255 3566 349 3597 sedem
363 3564 548 3603 apostolicam
563 3564 752 3602 acceffiffent,
771 3575 821 3594 nos
836 3565 906 3602 ipsos
927 3566 1044 3596 libenter
1061 3565 1197 3602 vidimus,

141 3605 177 3636 &
195 3604 347 3635 affetffmose
364 3604 535 3641 recepimus,
554 3602 693 3633 audientes
713 3603 859 3642 benignius
880 3614 943 3642 quae
968 3613 1067 3634 coram
1082 3604 1100 3622 ’¹‘
1115 3603 1197 3633 nobis

143 3644 255 3681 utrique
270 3651 429 3680 proponere
446 3641 603 3671 voluerunt.

182 3681 221 3712 Et
235 3690 362 3721 gerentes
377 3678 519 3718 potiffime
534 3679 614 3709 cordi
631 3680 793 3719 negotium,
810 3680 843 3710 δε
867 3679 902 3710 ad
922 3682 1049 3711 votivam
1069 3689 1102 3710 ac
1124 3679 1198 3710 cele-

144 3729 206 3750 rem
230 3719 436 3758 expeditionem
456 3717 536 3755 ipsius
557 3718 630 3748 votis
652 3718 823 3748 ferventibus
843 3717 998 3757 anelantee,
1023 3729 1082 3749 non
1109 3719 1198 3749 vitatis

144 3757 302 3797 laboribus,
320 3766 379 3787 non
392 3755 508 3795 vigiliis,
525 3765 584 3786 non
599 3755 704 3792 taediis,
722 3765 786 3793 quae
803 3755 939 3793 praesentis
956 3758 1089 3796 temporis
1110 3757 1198 3794 quali-

146 3803 186 3826 tas
203 3795 370 3836 adaugebat,
395 3802 478 3832 prout
498 3795 553 3832 jam
571 3794 643 3824 dieti
662 3794 703 3824 tui
725 3793 830 3823 Nuntii
852 3801 910 3823 non
931 3796 1074 3834 ignorant,
1098 3796 1128 3824 in
1148 3805 1197 3825 eo-

145 3833 212 3863 dem
226 3835 346 3871 negotio
355 3858 364 3872 ,
382 3834 511 3863 duximus
524 3831 746 3870 providendum,
765 3832 854 3868 aliqua
869 3831 946 3869 super
959 3843 995 3863 eo
1009 3834 1198 3870 pronuncian-

146 3880 189 3902 tes
205 3872 235 3901 in
254 3873 376 3912 scriptis,
394 3871 427 3903 &
447 3870 535 3908 aliqua
555 3870 767 3908 pronuncianda
788 3868 974 3907 imposterum
996 3872 1100 3901 cautius
1114 3871 1198 3901 reser-

145 3916 250 3941 vantoe.

186 3946 265 4014 {Ina
279 3950 349 3979 vero
363 3958 469 3985 magno
482 3946 617 3977 desiderio
632 3947 775 3987 cupimus,
794 3954 877 3983 prout
890 3947 973 3976 etiam
986 3956 1019 3977 ex
1033 3947 1129 3977 debito
1149 3957 1199 3985 pa-

148 3984 208 4015 stor
234 3986 254 4015 is
264 3994 391 4017 tenemur
405 3985 515 4023 officii,
530 3994 559 4016 ut
574 3986 679 4022 ubique
694 3994 741 4022 per
762 3985 881 4022 orbem,
900 3984 949 4014 ubi
969 3985 1114 4015 catholicae
1134 3985 1198 4015 fidei

148 4023 239 4055 cultus
252 4024 342 4062 viget,
359 4026 432 4061 pacis
447 4025 479 4055 &
495 4024 685 4062 tranquilitatis
697 4022 821 4053 comoda
834 4021 1016 4066 invalescant,
1035 4022 1199 4054 Celsitudini

148 4060 256 4129 Βεπξέἶ.
269 4062 550 4131 gategnizaLffectibus
569 4062 711 4093 suademus
720 4084 729 4100 ,
746 4069 793 4100 ut,
808 4061 899 4100 pravis
913 4060 1032 4093 confiliis
1043 4061 1139 4093 libello
1151 4062 1200 4093 da-

0 3662 132 3692 ⁸11.828.

1193 187 1668 233 PUBLICA.
2151 204 2226 247 ²03

1178 280 1220 315 to·
1232 272 1355 311 repudii,
1375 284 1456 312 quae,
1481 282 1565 312 prout
1586 275 1723 307 evidentia
1744 275 1811 307 faeti
1831 275 1935 314 docet,
1959 274 1995 307 ad
2015 275 2092 308 aetus
2111 276 2230 307 'nefarios
2250 272 2376 304 Arm-D-

1176 319 1286 340 animos
1306 321 1480 357 provocant,
1498 314 1529 343 ὅ(
1553 315 1670 345 invitant
1690 314 1725 344 ad
1745 315 1845 346 scelera
1860 323 1968 345 mentes
1989 314 2154 353 Principum
2175 323 2231 345 ter·
2275 311 2359 350 1293·

1180 358 1331 386 tenorum,
1350 360 1365 378 a
1387 351 1546 381 turbatione
1567 352 1705 390 qualibet,
1729 352 1774 383 seu
1796 353 1893 393 guerra
1913 353 2018 385 Scotiae
2038 361 2160 384 omiino
2181 352 2232 383 de*-
2249 352 2316 377 El'v-
2333 357 2358 376 ¹·

1181 385 1274 428 sistere
1293 397 1355 430 nont
1373 389 1502 425 omittas,
1525 391 1625 419 nostris
1645 390 1794 421 salubribus
1813 386 1981 421 adhaerendo
2002 391 2139 429 consiliis,
2166 400 2231 429 quae

1183 426 1287 454 sincera
1301 433 1396 455 caritas
1409 425 1539 463 producit
1551 427 1580 456 in
1594 428 1738 466 medium,
1756 430 1865 467 repuliis
1877 428 1986 467 prorsus
2001 430 2108 461 caeteris
2127 431 2156 459 in
2176 430 2232 460 bae

1181 470 1275 500 parte,

1208 499 1268 543 'Ut
1281 501 1409 544 tandem,
1428 501 1581 533 commisso
1593 503 1678 533 nobis
1689 505 1807 541 negotio
1820 505 1978 543 supradieto
1986 530 1996 543 ,
2013 505 2047 536 ad
2061 504 2171 536 laudem
2191 505 2235 535 di-

1184 546 1245 582 vini
1255 548 1398 583 nonunis,
1409 540 1443 570 ὃς
1458 549 1556 579 tuum,
1573 541 1698 578 distique
1713 542 1801 581 Regis
1816 543 1973 581 honorem,
1990 545 2024 575 ὃς
2045 553 2235 574 communem

1186 583 1310 620 quietem
1327 575 1449 608 fidelium
1458 602 1467 615 ,
1486 578 1561 609 felici
1581 580 1614 609 &
1627 579 1710 609 celeri
1723 582 1798 610 exitu
1809 581 2022 612 consummato:
2042 582 2076 612 &
2090 591 2236 622 recupera-

1187 622 1295 658 tionem
1311 616 1511 657 omnimodam
1527 616 1684 646 miserabilis
1697 624 1775 647 ten-az
1789 617 1905 656 sanetae,
1924 628 2009 656 quam
2023 621 2113 650 crucis
2125 620 2237 658 hostes,

1189 662 1219 681 in
1234 651 1322 682 nostri
1334 654 1535 684 contumeliam
1548 655 1701 692 salvatoris,
1718 656 1752 686 δε
1765 664 1899 694 magnum
1919 657 2005 687 totius
2025 656 2240 689 Christianitatis

1189 690 1364 727 obprobium
1380 690 1502 722 detinent
1515 700 1697 732 occupatam,

1228 727 1314 764 Nos,
1332 729 1386 770 una
1408 738 1520 769 tecum,
1537 731 1572 761 &
1591 730 1647 760 aliis
1662 729 1804 770 Regibus,
1822 741 1854 762 ac
1869 730 2045 769 Principibus
2059 732 2241 772 Christianis,

1192 774 1278 803 prout
1293 766 1475 798 desideranter
1486 778 1500 797 a
1521 769 1656 806 petimus,
1674 769 1828 806 procedere
1842 771 1990 802 valeamus.

1230 803 1377 842 Rogamus
1394 806 1478 848 igitur
1512 806 1698 837 ‘xcellentiam
1712 806 1849 847 Regiam,
1866 809 1901 839 δε
1912 808 2060 838 hortamur
2072 816 2177 838 attente
2186 833 2195 846 ,
2210 811 2244 840 &

1193 841 1369 871 obsecramus
1392 853 1421 872 in
1442 844 1501 874 filio
1522 844 1581 874 Dei
1595 844 1698 882 Patris,
1715 847 1842 883 quatinus
1856 847 2042 877 intentionem
2056 856 2173 884 puram,
2192 856 2245 876 vo-

1194 880 1329 923 luntatem
1343 880 1470 920 redtam,
1487 891 1671 920 mentemque
1692 883 1843 922 sinceram,
1859 894 1925 922 quas
1946 883 2106 915 constanter
2127 886 2155 913 in
2174 894 2245 922 prae-

1196 916 1282 960 miffis
1302 917 1485 958 servavimus,
1504 921 1538 951 δε
1560 920 1714 958 servamus,
1739 931 1799 951 non
1816 922 1983 952 declinantes
2002 922 2036 952 ad
2057 923 2180 952 dextram
2201 921 2246 952 vel

1195 954 1347 999 sinistram,
1365 959 1529 994 acceptione
1550 958 1729 996 personarum
1751 960 1921 990 omnimoda
1936 960 2045 998 prorsus
2059 960 2185 998 exclusa,
2203 960 2246 990 di-

1194 993 1312 1032 ligenter
1331 1002 1464 1033 attentus,
1491 995 1529 1026 fic
1547 997 1627 1033 super
1647 996 1787 1034 praedietis
1804 997 1954 1028 efficaciter
1976 1000 2009 1029 &
2032 998 2201 1029 laudabiliter
2219 1006 2247 1027 te

1197 1041 1294 1070 gerere
1301 1030 1429 1075 studeas,
1447 1041 1478 1063 ut
1490 1034 1593 1064 exinde
1605 1035 1679 1071 pacis
1693 1034 1821 1073 bonum,
1839 1043 1982 1074 tamquam
1999 1035 2132 1074 Princeps
2153 1035 2248 1074 pacifi-

1197 1079 1261 1114 cuS,
1278 1068 1392 1109 diligere
1405 1071 1618 1115 comproberis,
1637 1072 1670 1102 &
1683 1073 1719 1102 ab
1731 1082 1783 1110 e0‚
1822 1073 1847 1103 ui
1863 1075 1936 1110 pacis
1950 1073 1990 1103 est
2004 1075 2096 1111 ustor,
2114 1084 2146 1104 ac
2164 1083 2249 1112 opera

1197 1117 1272 1146 pacis
1287 1116 1375 1147 amat,
1393 1108 1536 1148 condigna
1548 1111 1678 1148 praemia,
1694 1119 1794 1147 praeter
1817 1111 1891 1141 audis
1908 1112 2038 1142 humanae
2059 1114 2253 1149 praeconium,

1197 1146 1332 1184 consequi
1347 1148 1487 1177 merearis:
1508 1147 1543 1178 Et
1559 1158 1628 1186 nos,
1648 1148 1695 1186 qui
1718 1157 1746 1178 te
1767 1148 1912 1179 dileximus
1932 1149 2082 1187 haetenus,
2097 1150 2253 1189 diligimuS‚

1199 1185 1233 1214 ὃς
1253 1183 1422 1228 intendimus
1444 1184 1548 1216 sincere
1567 1186 1681 1225 diligere
1698 1187 1727 1216 in
1747 1186 1873 1218 futurum
1888 1209 1899 1226 ,
1925 1186 2108 1218 devotionem
2130 1188 2253 1228 Regiam

1200 1223 1331 1253 uberibus
1343 1232 1372 1253 in
1385 1222 1520 1254 Domino
1534 1224 1660 1255 laudibus
1674 1225 1840 1256 attollamus.

1239 1299 1306 1329 Dar.
1326 1299 1449 1343 Romae,
1466 1300 1539 1338 apud
1561 1301 1697 1332 Sanctum
1720 1298 1835 1333 Petrum
1855 1301 1932 1333 sexto
1944 1298 1988 1334 Id.
2001 1301 2084 1340 Julii,
2104 1300 2257 1335 Pontifices

1201 1336 1247 1369 tfis
1260 1336 1348 1368 nostri
1363 1347 1438 1368 anno
1459 1348 1566 1377 quarto.

1869 1416 1923 1446 Sub
1937 1414 1985 1456 filo
2004 1415 2124 1445 canabe&

1453 1557 1650 1589 Summonitio
1660 1565 1715 1602 pro
1730 1558 1878 1589 Exercitu
1891 1559 1999 1590 scotia.

1267 1637 1392 1678 Dwatd,
1412 1649 1461 1677 par
1474 1639 1500 1671 la
1512 1650 1597 1678 grace
1609 1640 1645 1671 de
1659 1635 1736 1671 Dieu
1746 1664 1757 1680 ,
1775 1640 1835 1672 Roi
1850 1635 2059 1681 d‘Engleterre,
2076 1641 2213 1681 Seigneur
2226 1638 2263 1671 de
2281 1641 2354 1675 Ann.
2368 1637 2409 1675 D.

1286 1677 1379 1708 Irland
1395 1701 1404 1715 ,
1431 1679 1464 1709 &
1486 1678 1567 1710 Ducs
1580 1679 1756 1717 d’Aquitain,
1774 1690 1789 1709 a
1803 1680 1853 1710 son
1869 1679 1920 1710 feel
1935 1681 1968 1711 ὅ(
1984 1680 2061 1719 loial,
2082 1679 2193 1718 Rogier
2207 1678 2263 1719 By·
2304 1682 2388 1721 1298.

1209 1715 1284 1754 god,
1302 1714 1421 1747 Counte
1434 1716 1470 1747 de
1484 1716 1575 1748 Norf.
1591 1719 1625 1749 &
1639 1717 1803 1748 Mareschall
1816 1717 2012 1758 d’Engleterre.
2279 1726 2332 1750 Aa.
2349 1723 2395 1748 26.

1245 1753 1303 1784 Pur
1324 1763 1378 1784 ceo
1419 1764 1435 1784 e
1456 1764 1527 1785 nous
1547 1756 1646 1786 beoms
1663 1755 1750 1793 estre,
1768 1756 1793 1786 al
1816 1756 1877 1787 eide
1898 1756 1934 1787 de
1952 1756 2047 1795 Dieu,
2064 1765 2080 1787 a
2101 1754 2219 1787 Cardoil
2239 1754 2263 1785 la
2282 1766 2310 1788 Ε.
2337 1769 2358 1788 1.

1209 1792 1291 1822 veille
1305 1792 1341 1822 de
1353 1793 1378 1822 la
1394 1763 1545 1824 gentecost
1560 1795 1695 1831 prochein
1707 1795 1819 1832 avenir,
1835 1804 1888 1832 pur
1899 1795 1954 1825 aler
1967 1804 2048 1825 avant
2070 1804 2106 1825 en
2127 1795 2152 1825 la
2168 1794 2263 1824 bosoi-
2279 1795 2413 1834 Claus.26.

1211 1839 1266 1869 gne
1281 1829 1487 1870 d’Escoce,sur
1498 1832 1535 1862 les
1544 1832 1667 1872 Enemys
1680 1833 1716 1863 de
1729 1832 1754 1862 la
1764 1842 1908 1870 coronne,
1925 1834 1958 1864 &
1973 1832 2011 1863 du
2024 1833 2167 1863 Roiaume
2176 1832 2265 1862 d'En-
2283 1842 2311 1864 Ε.
2335 1846 2357 1864 i.
2376 1843 2412 1861 m.

1210 1869 1340 1908 gleterre,
1356 1869 1388 1899 &
1404 1879 1456 1906 pur
1473 1870 1532 1900 leur
1547 1870 1814 1901 desobeiffaunce&
1828 1871 1888 1901 leur
1902 1872 2001 1901 malice
2015 1871 2184 1908 refreindre,
2200 1881 2235 1909 qe
2250 1870 2266 1899 a
2284 1876 2310 1903 6.
2329 1875 2355 1903 d.

1211 1916 1287 1938 autre
1301 1907 1386 1937 chose
1398 1917 1435 1937 ne
1449 1908 1617 1948 entendent,
1634 1919 1671 1947 qe
1685 1909 1790 1939 abesset
1805 1909 1829 1938 la
1845 1909 1903 1939 dite
1917 1908 2056 1949 Corone,
2074 1911 2107 1941 &
2120 1910 2206 1939 l'estat
2227 1907 2267 1939 du

1211 1945 1252 1976 dit
1264 1945 1405 1975 Roiaume
1421 1945 1628 1985 d’Engleterre,
1644 1957 1660 1977 a
1675 1947 1733 1977 leur
1746 1957 1825 1985 poer.

1249 1983 1275 2013 E
1297 1983 1396 2013 aussmt
1416 1994 1470 2022 pur
1489 1993 1591 2015 mettre
1611 1995 1664 2015 nos
1685 1985 1765 2015 feaux
1784 1986 1817 2016 «Sc
1841 1985 1936 2023 leaux,
1955 1995 2027 2016 ceux
2039 1995 2067 2016 as
2083 1994 2178 2024 queux
2197 1994 2269 2015 nous

1213 2031 1312 2052 auoms
1333 2030 1415 2052 terres
1437 2022 1543 2061 dones,
1560 2024 1593 2053 ὃς
1615 2023 1743 2054 durroms
1764 2033 1799 2054 en
1811 2023 1850 2053 les
1863 2025 1961 2061 parties
1976 2024 2132 2062 d'Escoce,
2150 2033 2186 2054 en
2199 2023 2270 2054 seisi÷

1213 2070 1267 2098 ne,
1285 2060 1318 2090 &
1332 2069 1368 2089 en
1381 2059 1449 2091 estat
1461 2060 1497 2090 de
1512 2061 1570 2091 leur
1585 2070 1682 2099 terres;

1251 2098 1288 2129 Et
1301 2106 1384 2128 outre
1396 2106 1449 2129 ceo
1463 2099 1531 2129 faire
1545 2109 1599 2130 ceo
1611 2110 1647 2137 qe
1658 2099 1736 2131 Dieu
1749 2109 1820 2131 nous
1835 2099 2010 2139 enseignera;

1253 2136 1341 2167 Nous
1364 2146 1435 2168 vous
1454 2138 1560 2175 prioms
1581 2137 1798 2176 especiauinent,
1816 2148 1832 2168 e
1851 2148 1886 2168 en
1905 2139 1929 2169 la
1950 2139 2014 2176 feu,
2032 2148 2048 2169 e
2062 2148 2098 2169 en
2110 2138 2136 2169 la
2147 2137 2164 2168 Υ
2185 2142 2273 2176 ance,

1218 2185 1254 2214 qe
1277 2185 1348 2206 vous
1370 2175 1438 2218 estes
1462 2184 1546 2206 tenuz
1567 2186 1582 2206 a
1596 2187 1686 2214 nous,
1705 2177 1737 2207 &
1753 2187 1767 2207 a
1779 2177 1805 2207 la
1819 2185 1929 2207 corone
1943 2176 2152 2216 d'Engleterre,
2183 2185 2274 2206 ermed

1217 2221 1297 2244 ment
1316 2214 1515 2252 enjoignoms,
1541 2224 1593 2252 qe,
1615 2224 1648 2245 au
1669 2215 1710 2245 dit
1730 2223 1819 2245 terme
1840 2215 1876 2245 de
1896 2215 1920 2245 la
1942 2215 2024 2246 veille
2044 2215 2080 2245 de
2103 2214 2276 2253 Pentecost,

1216 2252 1292 2282 soiez
1305 2261 1320 2281 a
1335 2261 1407 2282 nous
1420 2261 1434 2282 a
1448 2252 1579 2291 Cardoil,
1596 2262 1624 2282 as
1637 2253 1738 2283 chevas
1751 2254 1785 2284 δε
1799 2262 1905 2291 armeS,
1923 2254 1948 2283 le
1973 2253 2033 2291 plus
2053 2251 2276 2284 affourceement

1217 2300 1253 2329 qe
1274 2299 1345 2320 vous
1367 2299 1486 2328 purrez,
1504 2301 1556 2328 pur
1577 2291 1631 2321 aler
1655 2300 1757 2321 avaunt
1773 2302 1808 2322 en
1826 2291 1849 2321 la
1864 2291 1921 2322 dite
1934 2291 2087 2330 busoigne,
2105 2290 2203 2321 solone
2222 2300 2277 2321 ceo

1218 2328 1265 2366 q'il
1277 2328 1348 2359 serra
1357 2328 1465 2359 ordene
1478 2339 1527 2367 par
1542 2338 1630 2368 nous,
1647 2330 1681 2360 &
1695 2339 1743 2369 par
1756 2329 1794 2360 les
1811 2330 1898 2361 bones
1915 2338 2019 2368 gentz,
2038 2331 2086 2368 qui
2100 2330 2206 2360 serront
2219 2338 2277 2361 ove

1219 2377 1290 2397 nous
1305 2377 1319 2396 a
1335 2367 1395 2396 cele
1408 2367 1502 2397 heure.

1254 2404 1279 2435 E
1301 2414 1373 2442 ceo,
1391 2405 1480 2435 sicom
1501 2415 1571 2435 vous
1590 2414 1674 2435 amez
1698 2406 1724 2436 le
1744 2405 1855 2436 honeur
1876 2405 1910 2436 &
1934 2405 1960 2436 le
1983 2404 2068 2443 profit
2081 2405 2117 2436 de
2134 2415 2221 2444 nouS,
2241 2405 2276 2435 &

1220 2443 1277 2511 ili}r
1278 2443 1319 2473 dit
1338 2443 1433 2473 nostre
1457 2444 1616 2482 Roiaume,
1631 2453 1647 2474 e
1666 2444 1693 2474 le
1714 2443 1807 2475 vestre
1827 2453 1946 2482 propre,
1966 2453 2003 2474 en
2023 2443 2089 2474 nule
2116 2453 2229 2474 manere
2249 2443 2277 2473 le

1232 2491 1248 2511 e
1272 2489 1314 2511 ez.

1261 2557 1376 2600 Donez.
1389 2567 1405 2587 a
1429 2558 1474 2588 Sta
1495 2568 1593 2599 nwagg
1610 2557 1636 2589 le
1656 2559 1704 2589 26.
1718 2559 1786 2597 jour
1807 2556 1843 2589 de
1861 2557 2028 2598 Septembr,
2053 2557 2107 2589 l’an
2128 2556 2164 2589 de
2183 2557 2279 2589 nostre

1225 2595 1330 2633 Regne
1349 2596 1468 2627 vintesisi
1481 2607 1536 2628 me.

1245 2681 1264 2702 ²*
1284 2681 1397 2713 Auteles
1411 2681 1501 2713 lettres
1515 2682 1577 2715 sont
1591 2682 1733 2714 maundez
1744 2691 1771 2712 as
1786 2675 1932 2721 CounteS,
1950 2681 2055 2714 Barons
2068 2683 2101 2714 δε
2118 2681 2265 2716 Chivalers
2298 2674 2314 2693 ¹*
2324 2672 2429 2711 11.829.

1579 2721 1754 2759 suthescritz,
1773 2720 1938 2759 cestasaver,

1266 2800 1300 2828 A
1323 2796 1422 2835 Johan
1444 2796 1475 2828 de
1495 2799 1621 2828 Garenne
1641 2801 1723 2827 Conse
1744 2797 1775 2827 de
1792 2800 1866 2827 Surr.

1264 2840 1299 2866 A
1316 2837 1442 2866 Edmond
1452 2840 1534 2866 Conte
1545 2837 1577 2866 de
1594 2835 1749 2873 coruwail,

1267 2878 1300 2904 A
1314 2874 1396 2913 Rauf
1403 2875 1435 2904 de
1460 2874 1618 2904 Mahermer
1637 2878 1719 2903 Conte
1732 2874 1762 2903 de
1780 2872 1869 2903 Glouc.

1267 2916 1302 2942 A
1314 2915 1399 2942 Henr.
1418 2914 1450 2942 de
1463 2916 1538 2952 Lacy
1566 2916 1649 2941 Conte
1669 2913 1701 2942 de
1719 2911 1851 2948 Nichole,

1268 2953 1303 2981 A
1314 2950 1446 2990 Humfrey
1463 2952 1494 2980 de
1509 2950 1604 2980 Bohun
1620 2954 1702 2979 Conte
1714 2951 1746 2980 de
1758 2949 1854 2989 Herqf.

1267 2993 1300 3020 A
1315 2988 1489 3028 Richardfiz
1505 2988 1596 3027 Aleyn
1613 2992 1694 3017 Conte
1707 2989 1739 3017 de
1756 2984 1905 3017 Arundellt

1268 3031 1304 3058 A
1316 3031 1375 3067 Guy
1387 3027 1418 3056 de
1431 3026 1600 3062 Beauchamp
1613 3030 1695 3056 Conte
1706 3027 1737 3055 de
1752 3028 1843 3055 Warr.

1269 3071 1301 3097 A
1317 3065 1407 3094 Thom.
1429 3069 1510 3094 Conte
1523 3066 1554 3094 de
1567 3064 1711 3104 Lancastr.

1269 3108 1303 3134 A
1315 3104 1422 3133 Roberd
1432 3104 1464 3132 de
1479 3106 1528 3132 Ver
1545 3106 1626 3132 Come
1640 3104 1670 3131 de
1685 3101 1842 3141 oxenford,

1270 3147 1303 3173 A
1318 3141 1432 3171 Gilberd
1440 3142 1471 3170 de
1483 3140 1661 3180 Umframvill
1671 3144 1753 3170 Conte
1768 3141 1799 3169 de
1811 3142 1936 3177 Anegos,

1271 3184 1314 3225 ἱΑ.
1334 3203 1341 3210 .
1361 3203 1368 3210 .
1389 3202 1395 3209 .
1415 3183 1496 3210 conte
1507 3178 1638 3217 Patrick,
1655 3178 1795 3209 Comites.

1234 3260 1270 3288 A
1282 3259 1370 3286 Henr.
1388 3257 1420 3286 de
1435 3254 1564 3294 Lancast.

1234 3299 1270 3326 A
1283 3300 1388 3336 Aymer
1403 3295 1434 3324 de
1448 3293 1571 3331 Valente,

1234 3338 1268 3363 A
1284 3333 1423 3375 Humfray
1436 3333 1466 3361 de
1481 3332 1611 3371 Bouhun,

1234 3375 1270 3402 A
1279 3370 1377 3410 Johan
1390 3374 1421 3401 de
1440 3374 1548 3410 Ferers,

1234 3415 1268 3440 A
1280 3413 1367 3440 Henr.
1387 3411 1418 3439 de
1433 3411 1530 3446 Percy,

1234 3453 1268 3479 A
1309 3448 1379 3478 ohan
1395 3447 1482 3484 Wak,

1233 3491 1273 3518 Ro
1282 3495 1333 3516 ἐνι
1347 3486 1371 3515 le
1379 3485 1426 3527 fiz
1439 3487 1552 3515 Wauter
1561 3505 1570 3522 ‚

1234 3531 1268 3556 A
1280 3523 1377 3562 Hughe
1388 3525 1411 3554 le
1427 3521 1584 3562 Despenser,

1235 3568 1269 3594 A
1285 3566 1327 3593 W
1327 3562 1417 3592 illame
1430 3561 1453 3591 le
1468 3564 1609 3598 Latimer,

1235 3606 1270 3632 A
1283 3601 1390 3631 Roberd
1400 3602 1431 3630 de
1447 3598 1573 3637 Cl1ffi1rd,

1235 3645 1268 3671 A
1283 3639 1390 3670 Roberd
1401 3640 1432 3668 de
1449 3636 1564 3666 Mohaut
1574 3658 1585 3674 ,

1235 3684 1269 3709 A
1283 3678 1380 3716 Johan
1394 3678 1425 3706 de
1439 3675 1596 3714 Hastmges,

1236 3722 1269 3748 A
1280 3716 1378 3754 Johan
1394 3716 1425 3745 de
1439 3713 1466 3742 la
1484 3715 1581 3750 Mare,

1777 3257 1812 3285 A
1825 3253 1914 3283 Thom.
1934 3252 1965 3282 de
1978 3252 2108 3291 Berkele,

1778 3295 1814 3323 A
1825 3295 1867 3322 W
1865 3291 1955 3321 illame
1967 3291 1998 3320 de
2012 3289 2119 3330 Breous.

1778 3335 1811 3361 A
1828 3333 1915 3359 Pieres
1927 3328 2036 3358 Corbett
2043 3351 2054 3367 ,

1778 3373 1812 3399 A
1829 3371 1869 3397 W
1869 3368 1959 3397 illame
1975 3370 2108 3404 Martyn,

1778 3411 1813 3436 A
1826 3406 1914 3435 Thom.
1934 3407 1966 3434 de
1979 3403 2096 3433 Multoni

1777 3448 1813 3474 A
1823 3444 1920 3482 Jolaan
1933 3443 1964 3472 de
1977 3445 2063 3481 Grey,

1779 3487 1814 3512 A
1827 3482 1924 3520 Johan
1939 3480 2091 3517 Abasam,

1778 3525 1811 3551 A
1823 3519 1915 3557 Phelip
1929 3520 1960 3548 de
1972 3521 2056 3558 Kyme
2065 3541 2074 3554 ,

1778 3561 1814 3588 A
1825 3557 1923 3596 Johan
1936 3557 1967 3585 de
1983 3557 2120 3592 Segrave,

1778 3601 1812 3626 A
1826 3595 1933 3624 Roberd
1943 3594 1967 3623 le
1972 3592 2020 3635 fiz
2035 3596 2134 3630 Roger,

1778 3636 1815 3664 A
1826 3632 1921 3670 Hughe
1934 3633 1964 3662 de
1980 3634 2060 3669 Veer,

1777 3675 1814 3702 A
1826 3675 1940 3701 lb'auter
1955 3671 1986 3699 de
2001 3666 2208 3706 Faucumberge,

1778 3713 1814 3740 A
1825 3709 1924 3748 Johan
1938 3711 1974 3738 Gi
1997 3707 2051 3735 ara'
2061 3709 2093 3736 de
2100 3705 2278 3747 Brymffmg

1236 3759 1272 3785 A
1285 3754 1383 3793 Johan
1399 3755 1429 3783 de
1443 3754 1575 3790 Ryneres,
1778 3751 1814 3778 A
1824 3750 1936 3776 Wauter
1996 3743 2180 3784 Beauchamp‚

1237 3797 1273 3824 A
1285 3790 1384 3831 Johan
1397 3792 1427 3820 de
1447 3788 1567 3826 Mohun,
1779 3790 1814 3817 A
1828 3788 1907 3815 Peres
1920 3785 1951 3813 de
1965 3782 2128 3821 Chauvent,

1237 3837 1270 3862 A
1284 3833 1362 3860 Feres
1378 3830 1409 3858 de
1424 3826 1554 3865 lilanley,
1779 3827 1815 3855 A
1828 3821 1909 3861 Rauf
1917 3820 2024 3860 Baffi’t,

1236 3874 1270 3900 A
1283 3869 1389 3898 Roberd
1400 3866 1423 3896 le
1432 3866 1478 3906 fiz
1492 3867 1585 3902 Payn,
1779 3866 1813 3892 A
1826 3864 1909 3897 Roger
1922 3860 1951 3889 la
1967 3862 2067 3897 Ware,

1237 3912 1271 3938 A
1287 3906 1382 3944 Hughe
1394 3906 1425 3934 de
1444 3908 1596 3941 Cartenay,
1780 3903 1816 3931 A
1825 3898 1923 3937 Johan
1936 3896 2053 3935 paynel,

1236 3951 1271 3977 A
1284 3945 1372 3975 Thom.
1391 3944 1421 3973 de
1434 3938 1595 3978 Furnivall,

1238 3988 1273 4014 A
1284 3981 1379 4019 Hughe
1394 3979 1526 4018 Bardolf,

1238 4027 1272 4052 A
1289 4020 1395 4050 Roherd
1407 4021 1437 4049 de
1450 4022 1555 4057 Tonny,

1236 4064 1270 4092 A
1286 4057 1400 4091 Nichole
1415 4059 1446 4089 de
1459 4053 1626 4094 Audithele‚

1780 3940 1817 3968 A
1828 3936 1994 3976 Alisauna'a‘e
2007 3936 2037 3965 de
2055 3932 2172 3973 Baillol,

1781 3978 1819 4006 A
1829 3975 1924 4012 Hughe
1939 3977 2057 4012 Pointz,

1782 4017 1816 4043 A
1831 4011 1941 4043 Nichole
1953 4015 1985 4042 de
1999 4009 2145 4051 Moyguill,

1783 4054 1819 4081 A
1830 4053 1914 4089 Roget
1924 4051 1957 4082 de
1970 4053 2128 4088 Mortimer‚

1722 4087 1810 4121 Cea
2254 4088 2293 4120 A
