2570 4261
0 258 126 300 ’711433-

23 519 107 557 1289.

0 562 48 588 An.
68 566 110 592 ¹7·

0 601 25 625 Ε.
50 606 73 624 1.

0 639 36 662 Ex
51 636 109 669 Au-

0 679 61 709 togr.

1 2293 87 2320 Prima

0 2333 99 2358 Petitio.

0 2632 127 2670 Responfia.

0 2907 111 2935 secunda

0 2947 98 2973 Petilio.

0 2996 129 3064 Responsio.

3 3171 18 3188 ·
26 3173 101 3209 1143
109 3181 121 3208 3
129 3193 134 3199 .

0 3212 87 3248 'Jertia

0 3249 100 3276 tuitio.

0 3444 131 3482 Responsio.

625 139 754 180 ET
837 138 1157 181 ACTA

146 317 174 344 *τ
201 320 291 354 Bulla
310 320 346 353 de
366 317 538 362 Conceffi'one
559 321 762 352 Decimarnm
783 321 950 364 Regmrnm
970 319 1086 365 Angliae
1102 345 1111 360 ,
1135 321 1207 351 Sco-

200 372 263 411 tiae‚
288 366 440 418 Hyberniae
456 371 492 405 (ῤ’
512 367 639 409 millia,
664 369 701 404 &-
721 366 908 411 Responsbria
926 366 969 398 ad
983 370 1148 400 Petitiones.

120 501 125 507 ⁸
147 462 353 524 NIcholaus
366 460 522 498 Episcopus
531 460 639 498 ,servus
653 461 797 490 servorum
807 460 881 498 Dei,
892 459 1045 491 Carissimo
1053 461 1080 490 in
1089 460 1207 491 Christo

146 535 147 538 Ἰ
242 500 315 530 Filio
330 499 474 530 Edwardo
490 499 564 539 Regi
576 499 686 538 Angliae
703 498 817 536 illustri,
835 499 949 529 salutem
965 501 998 530 ὃς
1010 499 1208 537 Apostolicam

148 539 389 576 benedidiionem:

185 577 327 615 Copiosus
340 578 368 606 in
384 575 573 606 misericordi&
588 574 733 605 Dominus
748 576 808 612 (qui
821 574 856 605 de
870 575 916 605 sua
930 572 1127 605 ‘habundantia
1148 576 1208 612 pie-

148 616 209 646 tatis
221 614 307 645 corda
322 614 439 651 Regum
454 615 487 644 ὃς
501 613 667 650 Principum
681 613 839 643 devotionis
852 615 916 652 igne
927 614 1070 643 succendit
1090 613 1123 642 ad
1139 614 1207 643 salu-

146 655 243 684 brium
259 654 425 684 exercitium
436 652 595 687 aCtionum)
612 652 771 687 praecordiis
786 651 882 690 Regiis
894 653 1009 690 gratiam
1027 651 1208 689 inspirationis

148 692 275 723 exhibuit
290 717 300 730 ,
326 700 356 722 ut
375 714 384 729 ,
409 690 562 720 innumeris
583 689 783 719 afflic‘iionibus
805 691 838 721 &
859 690 987 725 pressuris
1008 698 1088 720 terrae
1106 690 1208 720 sanet-se

147 732 342 768 compatiens,
361 739 427 771 quas
441 727 528 758 hostis
542 729 666 765 impietas
681 727 760 757 efferi
774 728 957 764 multiplicare
971 738 1031 758 non
1045 727 1159 766 desinit,
1173 728 1207 758 ad

148 769 317 800 ulciscendas
336 769 417 805 ipsius
438 775 519 796 terrae
533 790 542 803 ,
561 767 723 804 quinimmo
743 766 831 796 nostri
853 767 991 797 salvatoris
1013 768 1122 804 injurias
1135 790 1144 804 ,
1172 768 1206 797 &

148 808 308 847 gravamina
330 805 475 835 relevanda
496 805 608 834 fervens
629 804 752 843 dirigitur
772 804 939 834 desiderium
958 806 1059 834 mentis
1075 813 1146 842 tuae,
1165 805 1208 834 su-

149 856 200 884 per
214 855 274 883 quo
287 844 338 875 tibi
351 853 387 873 eo
401 843 611 882 congaudemus
626 843 772 881 obnixius,
792 853 849 881 quo
856 843 955 882 Regiae
971 843 1058 873 salutis
1071 851 1207 883 augmen-

150 892 212 914 tum
229 883 303 913 votis
315 882 540 920 propensioribus
555 881 729 912 affetstamus.

185 921 272 959 Sane,
291 921 329 951 fili
352 919 490 951 carissime
503 943 512 958 ,
530 919 688 957 hujusmodi
707 927 788 949 tuum
808 919 913 950 salubre
930 944 939 958 ,
960 919 1086 957 Deoque
1107 929 1207 957 accep-

147 968 210 990 tum
233 959 427 997 propositum,
441 959 528 993 felicis
550 957 766 995 recordationis,
785 957 929 996 Martino,
948 959 982 989 &
1004 957 1207 996 postmodum,

147 997 308 1028 recolendae
327 999 476 1027 memoriae
490 1020 500 1035 ,
517 996 654 1027 Honorio
671 1020 681 1033 ,
700 996 838 1026 Romanis
858 996 1044 1027 Pontificibus
1058 1020 1068 1034 ,
1093 995 1208 1026 Praede-

146 1036 303 1067 cessoribus
323 1035 441 1073 nostris,
458 1046 507 1073 pei·
529 1035 630 1066 litteras
652 1044 727 1076 1035,
744 1036 776 1065 &
792 1034 927 1065 Nuncios
942 1045 975 1065 ex
996 1044 1083 1064 onere
1098 1036 1208 1065 curavi-

145 1075 196 1114 sti,
212 1075 353 1105 nonnullis
375 1075 570 1113 petitionibus,
589 1080 620 1103 ut
642 1073 788 1103 efficacior
810 1073 945 1111 propositi
999 1074 1052 1112 egii
1075 1074 1205 1103 executio

147 1114 332 1182 graveniret,
350 1112 442 1143 cidem
465 1112 600 1143 Honorio
620 1111 821 1142 Praedecess'ori
834 1135 844 1150 ,
865 1122 913 1150 per
934 1111 1047 1142 eosdem
1070 1111 1207 1141 Nuncios

167 1163 183 1182 e
211 1160 295 1182 matis.

186 1191 267 1229 Qii,
285 1189 460 1228 propositum
474 1188 562 1229 ipsum
583 1188 730 1227 condignis
749 1187 874 1218 laudibus
896 1188 1081 1226 prosequenS,
1100 1188 1207 1226 tibique

146 1231 177 1260 in
193 1229 242 1259 illo
257 1231 302 1266 pia
315 1229 485 1266 benignitate
499 1226 694 1265 congaudens,
711 1236 797 1256 certas
812 1226 1019 1265 responsiones,
1038 1226 1116 1263 super
1136 1228 1207 1263 peti-

148 1268 271 1299 tionibus
289 1267 452 1303 aiitedid‘tis,
469 1266 570 1304 Regiae
590 1265 668 1294 duxit
690 1264 880 1302 Magnitudini
903 1264 1057 1301 faciendas,
1078 1272 1161 1301 prout
1176 1266 1204 1294 in

148 1306 200 1336 suis
220 1306 299 1344 super
321 1306 377 1336 hoc
399 1304 537 1335 confestis
556 1303 650 1334 litteris
667 1302 775 1340 plenius
797 1304 829 1333 &
844 1302 967 1333 seriosius
981 1302 1103 1333 noscitur
1117 1304 1209 1334 conti-

153 1355 225 1375 neri*

187 1369 323 1421 Eis-presse
337 1381 458 1412 adiciens
471 1381 500 1411 in
515 1379 635 1417 eisdem,
652 1379 729 1418 quod
744 1379 776 1417 (si
790 1387 817 1409 te
831 1380 859 1409 in
873 1379 1062 1418 assumptione
1084 1379 1186 1410 Crucis
1197 1404 1207 1418 ,

149 1420 253 1452 statuto
267 1421 346 1458 super
360 1421 418 1450 hoc
433 1430 482 1457 per
497 1419 672 1457 Apostolicae
686 1418 752 1448 sedis
775 1418 982 1456 providentiam
1000 1428 1146 1456 tempore,
1161 1428 1208 1449 aut

146 1461 156 1489 i
179 1460 228 1490 sius
243 1468 346 1489 exrunc
360 1458 499 1488 delatione
513 1457 557 1488 vel
571 1457 767 1495 prosecutione
780 1458 902 1497 negotii,
914 1458 991 1496 juxta
1005 1457 1149 1495 praedietae
1168 1457 1208 1487 se-

168 1500 188 1529 is
202 1497 364 1534 arbitrium,
380 1496 500 1527 deficere
513 1496 629 1527 fortasse
643 1496 834 1532 contingeret)
850 1495 990 1533 dispositio
1005 1496 1133 1533 illorum,
1142 1506 1206 1533 quae

144 1537 177 1566 in
190 1535 293 1566 eisdem
316 1536 362 1566 res
375 1535 538 1565 ousionibus
561 1535 594 1565 &
614 1534 709 1565 litteris
724 1534 913 1571 habebantur,
931 1534 966 1564 ad
978 1534 1143 1565 Romanam
1158 1533 1208 1564 de-

147 1574 330 1606 volverentur
380 1573 526 1611 cclesiam,
545 1574 579 1604 &
600 1572 673 1610 apud
695 1582 759 1602 eain
779 1572 864 1602 libera
889 1572 1004 1610 perinde
1017 1580 1209 1610 remanerent,

150 1623 184 1643 ac
199 1612 219 1642 fi
234 1613 317 1643 fassae
333 1622 380 1650 per
396 1612 480 1650 ipsam
492 1611 680 1649 responsiones
692 1610 851 1648 hujusmodi
866 1621 925 1641 nori
939 1611 1058 1641 fuissent.

190 1651 294 1689 Nuper
308 1659 402 1681 autem
414 1650 509 1680 dileeti
524 1650 571 1679 filii
583 1649 665 1680 frater
685 1649 857 1679 NNillielmus
879 1649 915 1679 de
934 1649 1087 1687 Hothum,
1104 1649 1210 1680 ordinis

149 1689 392 1727 Praedicatorum,
409 1690 443 1720 ὅ(
458 1689 558 1719 nobilis
572 1689 614 1718 vir
630 1688 704 1717 Otto
718 1687 754 1717 de
775 1687 974 1727 Grandisono,
993 1688 1094 1726 Regiae
1116 1687 1208 1718 Celsi-

148 1727 251 1758 tudinis
266 1727 397 1765 Nuncii,
415 1727 448 1757 ad
461 1726 587 1757 nostram
601 1726 774 1765 praesentiam
786 1726 950 1757 accedentes
959 1751 968 1765 ,
986 1727 1068 1757 nobis
1080 1735 1114 1757 ex
1132 1735 1209 1765 parte

147 1766 196 1797 tua
210 1775 354 1803 exponere
367 1774 552 1803 curaverunt,

189 1803 298 1843 Qod,
315 1805 382 1835 licet
395 1806 424 1834 in
437 1803 557 1842 ejusdem
570 1810 652 1833 terrae
662 1802 828 1841 subsidium,
847 1803 967 1834 vivificae
983 1805 1073 1835 crucis
1088 1803 1223 1843 fignum,·

148 1843 178 1872 in
198 1843 300 1874 statuto
323 1843 374 1873 tibi
394 1844 430 1873 ab
451 1841 549 1872 eadem
567 1840 629 1872 sede
648 1843 788 1880 termino,
805 1842 994 1880 sollempniter
1014 1842 1123 1873 duxeris
1137 1843 1209 1873 assu-

149 1881 286 1911 mendum
300 1905 309 1919 ,
325 1880 393 1911 illud
411 1888 514 1911 extunc
529 1905 538 1918 ,
555 1881 630 1917 juxta
646 1880 853 1911 ordinationem
871 1881 939 1915 sedis
966 1881 1046 1919 ipsius
1061 1905 1070 1919 ,
1094 1881 1207 1919 publice

147 1919 319 1958 deferendo,
338 1918 523 1957 postmodum
535 1928 648 1957 tamen,
666 1919 755 1949 arduis
770 1929 941 1957 occupatus,
959 1929 1028 1958 tuo,
1046 1929 1131 1957 prout
1151 1928 1208 1950 tam

148 1958 227 1988 ardui
241 1958 346 1998 negotii
360 1958 472 1996 qualitas
486 1958 585 1998 exigit,
603 1957 785 1995 praeparando
797 1958 918 1997 passagio
928 1959 1006 1997 juxra
1017 1968 1100 1988 tuum
1112 1968 1211 1989 vacare

148 1996 315 2027 desiderium
328 1995 487 2034 nequivisti.

188 2035 288 2065 Nobis
307 2035 508 2065 nichilominus
530 2034 695 2073 quibusdam
718 2036 898 2072 petitionibis
916 2035 950 2065 ad
971 2035 1121 2065 efficacem
1144 2045 1209 2066 exe-

147 2075 295 2104 cutionem
310 2074 415 2111 praefati
431 2075 536 2112 negotii
549 2083 584 2103 ex
599 2073 680 2104 Parte
694 2073 785 2113 Regia
799 2074 965 2111 paesentatis,
982 2073 1082 2104 nostris
1095 2074 1129 2104 ad
1149 2084 1209 2113 eas,

148 2113 185 2142 de
199 2113 313 2143 fratrum
328 2112 491 2143 nostrorum
506 2112 641 2151 consilio,
659 2121 743 2150 prout
757 2112 887 2150 expedire
901 2114 1076 2151 putavimus,
1095 2113 1210 2151 respon-

148 2151 273 2181 sionibus
288 2151 445 2181 subsecutis.

185 2189 338 2220 Petitiones
358 2199 453 2221 autem
476 2189 561 2228 ipsas,
580 2190 613 2221 ὃς
633 2189 823 2227 responsiones
838 2189 872 2220 ad
888 2199 931 2220 eas
945 2189 1123 2230 praesentibus
1139 2189 1210 2220 feci-

147 2237 212 2259 mus
224 2237 359 2259 annotari.

186 2266 282 2297 Prima
296 2269 379 2311 igitur
392 2267 496 2297 Petitio
511 2267 690 2305 continebat,
709 2266 786 2304 quod
809 2277 876 2297 cum
896 2266 1017 2306 ejusdem
1035 2275 1115 2297 terrae
1137 2266 1211 2297 utili-

153 2307 200 2336 tati
215 2306 358 2345 expediat,
375 2307 408 2337 &
431 2305 581 2336 necessitati
603 2314 740 2344 congruat
747 2328 756 2343 ,
775 2314 887 2335 certum
909 2307 1062 2336 terminum
1085 2305 1208 2345 passagio

150 2345 293 2375 universali
306 2344 457 2383 praestitui,
475 2352 505 2374 ut
519 2343 620 2374 exinde
634 2344 694 2382 illa,
711 2354 775 2381 quae
787 2344 821 2373 ad
833 2344 890 2374 hoc
906 2343 1056 2374 necessaria
1075 2344 1154 2382 sunt,
1173 2345 1207 2375 &

150 2393 199 2420 per
209 2385 267 2421 jam
282 2382 365 2414 didiae
379 2382 446 2412 sedis
461 2382 669 2419 providentiam
691 2381 860 2419 ordinanda,
877 2382 1032 2419 procedant
1050 2381 1209 2420 efficacius,

172 2421 364 2459 romptiusque
377 2421 510 2451 votivum
524 2420 669 2450 sortiantur
683 2420 833 2457 effectum,
856 2421 889 2450 &
904 2420 958 2458 hii,
975 2429 1098 2458 quorum
1114 2421 1142 2449 in
1151 2420 1209 2450 hoc

184 2470 230 2490 eus
245 2459 332 2490 corda
344 2460 479 2498 tetigerit,
498 2457 531 2488 ad
546 2458 574 2487 id
588 2458 712 2488 solertius
733 2459 908 2495 animentur,
927 2469 992 2495 nos,
1013 2458 1157 2498 praemiffis
1176 2460 1210 2489 &

147 2498 204 2528 aliis
218 2506 275 2528 tam
289 2498 365 2528 ardui
380 2497 647 2541 negotii,totiusque
662 2496 710 2526 stat
716 2496 746 2526 [is
759 2497 856 2534 populi
870 2496 1011 2526 christiani
1024 2496 1211 2527 circumstan-

147 2538 192 2575 tiis
205 2538 310 2567 attente
325 2536 455 2576 pensatis,
471 2536 625 2565 terminum
638 2534 761 2572 ejusdem
775 2535 886 2575 passagii
899 2534 1074 2574 praefigamus
1089 2535 1211 2573 qualitati

148 2576 182 2606 &
198 2576 343 2613 quantitati
355 2575 460 2612 negotii
476 2581 688 2612 congruentem.

187 2612 355 2652 Responsio.
388 2611 548 2642 Necessitas
569 2611 655 2641 dic‘tae
675 2620 775 2650 terrae,
792 2612 943 2650 praesertim
967 2612 1030 2651 post
1048 2612 1209 2643 dolorosam

148 2654 328 2690 captionem,
346 2652 379 2681 ὃς
391 2650 614 2680 destruc‘iionem
629 2650 815 2688 Tripolitanae
830 2651 958 2682 Civitatis
976 2662 1036 2681 non
1052 2652 1152 2689 patitur
1159 2651 1208 2682 diu

146 2690 275 2730 generale
295 2689 448 2729 passagium
471 2689 636 2728 prorogari:
670 2690 703 2720 δε
725 2688 790 2719 ideo
812 2689 847 2719 de
868 2690 984 2720 fratrum
1008 2690 1209 2727 praedictorum

145 2728 264 2759 consilio
286 2729 441 2758 terminum
462 2727 529 2756 dic‘ti
549 2727 683 2767 generalis
705 2728 816 2766 passagii
844 2728 976 2759 duximus
1004 2728 1185 2759 statuendum
1198 2751 1208 2767 ,

146 2767 278 2804 Festum,
296 2768 352 2796 viz.
388 2765 550 2796 Nativitatis
571 2766 644 2795 beati
661 2765 799 2804 Joliannis
820 2765 949 2804 Baptistae
992 2766 1049 2797 uod
1069 2768 1121 2796 erit
1133 2776 1208 2797 anno

147 2806 272 2837 Domini
293 2803 445 2835 millesimo
465 2803 660 2834 ducentesimo
681 2805 867 2842 nonagesimo
889 2805 973 2835 secun
994 2815 1036 2843 o,
1063 2806 1099 2835 ita
1128 2805 1207 2843 quod

147 2853 216 2876 tunc
225 2869 234 2882 ,
252 2843 335 2874 mora
349 2841 474 2881 qualibet
488 2843 611 2872 omnino
625 2841 795 2882 postposita,
812 2843 859 2874 fiat
875 2844 1026 2884 passagium
1039 2844 1175 2883 generale.

185 2881 314 2914 Secunda
328 2881 450 2918 Petitio,
469 2881 546 2918 quod
560 2881 624 2919 post
637 2883 749 2912 termini
764 2881 976 2921 praefixionem,
985 2892 1071 2921 quam
1085 2883 1144 2913 cito
1158 2892 1210 2912 co—

150 2921 238 2952 mode
253 2920 411 2951 videremus
425 2919 572 2956 expediens
581 2944 590 2957 ,
609 2919 803 2951 mandaremus
816 2931 935 2951 crucem
949 2931 998 2962 per
1011 2930 1111 2951 omnes
1128 2929 1210 2951 terras

151 2959 311 2991 christianas
325 2960 354 2988 in
368 2966 449 2988 terrae
463 2966 627 2989 memoratae
642 2959 791 2989 subsidium
806 2959 958 2997 praedicari.

186 2997 356 3035 Responsio.
391 2995 548 3033 Postquam
562 2997 752 3034 responsiones
768 2998 892 3036 nostraS,
910 2999 943 3029 &
956 2999 1055 3028 omnia
1062 2997 1113 3028 alia
1125 2998 1208 3027 inser-

149 3044 176 3067 ta
190 3035 368 3074 praesentibus
381 3042 501 3077 per-tuas
516 3042 639 3072 patentes
649 3035 737 3066 literas
750 3036 913 3074 infrascripti
928 3038 1033 3067 tenoris
1046 3036 1155 3067 duxeris
1163 3046 1209 3066 ac-

150 3074 314 3112 ceptandas,
332 3072 634 3115 intendimiistcrucem
649 3084 698 3111 per
711 3085 813 3105 omnes
834 3074 1036 3106 christianitatis
1058 3084 1148 3113 partes
1169 3074 1211 3104 fa-

151 3123 216 3144 cere
248 3112 371 3143 raedicari
385 3120 469 3149 prout
483 3110 635 3141 Viderimus
649 3114 789 3150 expedire.

195 3152 214 3172 ²*
226 3123 325 3182 lsertia
344 3150 458 3180 Petitio.
479 3149 571 3187 Quod
591 3149 655 3180 licet
674 3151 835 3182 ordinatum
850 3152 933 3183 fuerit
955 3152 1032 3190 quod
1052 3151 1162 3182 decima
1182 3151 1211 3180 in

152 3190 265 3228 Angliae
285 3191 319 3221 &
342 3189 446 3219 Scotiae
466 3186 594 3227 Regnis,
611 3197 645 3218 ac
666 3189 694 3217 in
716 3191 792 3220 terris
812 3191 926 3221 Walliae
947 3194 980 3222 ὃς
994 3191 1141 3221 Hiberniae
1152 3190 1211 3227 jam

150 3228 272 3259 60116613
292 3229 321 3258 in
340 3235 422 3257 terrae
441 3225 582 3264 praediecae
604 3225 771 3268 subsidium,
789 3229 819 3258 in
832 3231 953 3259 triennio
967 3229 1146 3266 assignaretur
1158 3228 1208 3258 tibi

150 3266 235 3298 divisa
248 3276 298 3304 pei·
312 3273 365 3296 tres
378 3273 482 3303 partes,
498 3265 575 3294 annis
598 3264 710 3301 singulis
729 3265 899 3305 singulariter
925 3267 1135 3305 persolvendas,
1155 3266 1213 3302 pla-

150 3314 226 3336 ceret
240 3305 340 3341 nobis,
357 3313 410 3345 pro
425 3313 461 3333 eo
477 3302 556 3340 quod
571 3304 719 3341 negotium
737 3305 831 3335 multis
853 3307 985 3337 oneribus
1005 3307 1037 3337 ὃς
1059 3305 1212 3342 sumptibus

149 3343 191 3374 est
206 3343 358 3379 onustum,
377 3341 508 3371 mandare
520 3350 550 3371 ut
564 3342 657 3378 primo
670 3351 764 3380 anno,
780 3342 844 3380 post
867 3345 979 3384 passagii
999 3344 1212 3383 praefixionem,

149 3381 248 3413 eadem
264 3381 315 3412 tibi
329 3379 441 3410 decima
452 3378 610 3417 assignetur.

187 3419 354 3458 Responsio.
390 3417 591 3447 Mandabimus
612 3417 663 3447 tibi
682 3417 826 3449 decimam
847 3420 998 3451 colleEtam
1020 3422 1049 3451 in
1064 3419 1213 3450 subsidium

150 3459 252 3490 Terrae
266 3458 369 3489 sanCtae
384 3457 413 3486 in
428 3455 539 3495 Angliae
553 3456 587 3486 δε
601 3455 708 3486 Scotiae
723 3456 848 3496 Regnis,
866 3459 899 3489 &
913 3460 941 3489 in
957 3461 1034 3489 terris
1048 3459 1161 3489 Waiiiae
1178 3459 1212 3488 &

149 3497 304 3535 Yberniae,
322 3495 447 3533 assignari
464 3495 493 3524 iri
515 3493 627 3524 duobus
648 3495 788 3533 terminis,
807 3497 863 3526 viz.
887 3497 1065 3529 medietatem
1081 3497 1163 3535 ipsius
1184 3497 1212 3525 in

150 3537 237 3568 Festo
251 3535 326 3566 beati
336 3532 474 3572 Johannis
488 3531 795 3575 Baptistae'Nativitatis
809 3536 904 3572 primo
922 3545 1058 3574 venturo,
1075 3537 1107 3567 δε
1129 3535 1210 3565 aliam

150 3575 330 3606 medietatem
344 3573 373 3602 in
387 3572 442 3602 alio
456 3571 541 3602 Festo
553 3569 717 3601 Nativitatis
731 3572 853 3609 ejusdem
867 3573 964 3605 Sanc'ti
982 3574 1084 3605 deinde
1102 3574 1213 3604 secutu-

150 3624 199 3644 ro:
219 3615 258 3644 ita
271 3620 365 3643 tamen
379 3609 457 3649 quod
473 3609 509 3640 de
521 3608 698 3639 restitutione
712 3609 838 3649 illarum,
856 3621 920 3649 quae
941 3612 978 3643 de
998 3611 1113 3643 decima
1134 3621 1213 3641 rece-

150 3653 222 3690 peris
235 3650 404 3691 supradifih,
422 3648 441 3678 fi
456 3657 484 3679 te
495 3647 616 3678 deficere
631 3648 660 3676 in
675 3648 878 3679 transfretando
899 3652 1066 3691 contigerit,
1084 3648 1212 3681 facienda

152 3691 314 3721 cautionem
330 3686 546 3732 praestoefflnfra
560 3685 676 3731 Festum
689 3685 911 3730 Resurreffitionis
931 3689 1098 3720 Dominicae
1119 3689 1214 3727 primo

152 3736 320 3767 venturum,
338 3726 477 3757 informa
491 3724 656 3762 subscripta,
673 3734 737 3762 quae
749 3724 807 3756 talis
821 3724 871 3755 est.

187 3802 368 3835 Sanffiffimo
383 3805 411 3833 in
426 3801 544 3833 Christo
556 3801 646 3840 Patri,
663 3803 724 3833 &c.
745 3801 867 3844 Edvard.
889 3802 950 3833 &c.
973 3803 1152 3839 praesentium
1169 3811 1216 3834 te-

151 3851 224 3871 nore
245 3843 343 3881 vobis,
359 3841 529 3873 sanffissime
547 3840 629 3871 Pater
643 3863 654 3879 ,
672 3839 826 3877 vestrisque
845 3838 1049 3872 successoribus
1070 3842 1214 3872 Romanis

154 3876 357 3919 Pontificibus,
376 3881 408 3912 δε
421 3879 556 3911 Ecclesiae
569 3879 713 3910 Romanae
727 3879 884 3916 promitto,
900 3877 978 3915 quod
992 3880 1011 3908 fi
1035 3889 1084 3910 me
1096 3880 1214 3918 sponte,

152 3917 200 3949 vel
211 3918 298 3955 culpa
311 3918 376 3949 mea
390 3919 510 3950 deficere
522 3919 550 3948 iri
564 3916 768 3948 transfretando
783 3917 811 3946 in
827 3915 979 3946 subsidium
992 3917 1093 3949 Terrae
1113 3918 1217 3948 sanitae

153 3956 320 3994 contigerit,
333 3956 379 3987 seu
394 3966 446 3995 per
459 3967 505 3987 me
521 3956 625 3988 steterit
637 3966 696 3993 quo
709 3956 804 3986 minus
818 3955 848 3984 in
864 3953 979 3992 praefixo
998 3956 1132 3994 generalis
1155 3966 1217 3994 pas-

153 3994 217 4033 sagii
229 3995 351 4024 termino
364 3996 557 4033 transfretem,
575 3996 689 4032 omnia,
709 4003 773 4032 quae
785 3992 821 4023 de
842 3991 974 4029 decima,
992 3994 1063 4024 mihi
1085 3993 1218 4026 concessa

151 4031 496 4102 inTAngliaeP&1{fotiae
517 4034 644 4074 Regius,
663 4044 694 4065 ac
709 4033 785 4064 terris
800 4030 932 4069 Wauiae,
950 4031 984 4064 ὃ(
996 4032 1153 4072 Yberniae,
1170 4042 1219 4064 me

207 4081 256 4102 om.
296 4094 302 4101 .
347 4094 353 4100 .
425 4094 431 4101 .

1240 132 1821 181 PUBLICA.
2256 152 2302 190 51

1242 220 1379 263 recepisse
1393 224 1560 264 contigerit,
1578 224 1721 255 restituam
1734 225 1769 256 ad
1781 224 1907 256 vestrum
1921 223 2100 255 dietommve
2113 223 2303 255 successorum
2317 222 2389 252 Anu.
2404 219 2447 253 D.

1244 259 1278 288 &
1301 257 1436 290 hecleiiae
1455 261 1598 291 Romanae
1617 264 1796 301 mandatum,
1815 264 1899 293 etiam
1920 264 1939 293 si
1960 274 2020 304 pars
2034 263 2157 301 ipsorum
2171 272 2301 300 recepto—
2338 261 2422 298 1289.

1245 305 1326 334 rum,
1345 298 1391 327 vel
1413 301 1510 329 omnia
1530 300 1583 337 ipsa
1608 311 1718 338 recepta
1738 303 1767 331 in
1782 303 1979 339 praeparatione
1994 302 2220 331 transfretationis
2236 302 2302 331 suis·
2317 301 2381 327 Ἐάν,
2405 308 2428 325 ¹·

1244 333 1303 376 serit
1325 337 1450 378 expensa.
1489 338 1607 380 Si'vero
1627 349 1687 369 non
1705 341 1919 371 transfretavero
1931 341 1960 370 in
1973 340 2032 377 ipso
2050 341 2189 377 termino,
2209 338 2303 377 aliquo

1248 372 1454 417 impedimento
1474 375 1601 413 legitimo
1619 377 1768 414 impeditus
1780 403 1790 416 ,
1821 379 1945 416 expensae
1966 388 2030 416 quae
2048 378 2129 408 fastae
2150 378 2253 408 fuerint
2271 378 2301 407 in

1247 418 1446 453 praeparatione
1457 413 1606 457 praedic‘ta,
1625 425 1677 452 pro
1690 415 1838 446 medietate
1851 416 2154 456 i'eliqua,imputeiitur
2162 415 2305 454 praediuae

1248 447 1387 491 deeimae,
1404 450 1451 480 seu
1472 451 1508 480 de
1525 451 1584 494 ipsfi
1595 452 1706 483 decima
1720 454 1909 492 deducantur,
1928 455 1961 485 &
1974 455 1994 484 si
2009 454 2076 493 quid
2091 454 2163 485 facti
2183 456 2305 492 imputa-

1247 493 1343 531 tione,
1360 487 1406 518 seu
1418 487 1588 532 deduihone
1601 491 1760 529 hujusmodi
1774 491 1846 529 apud
1861 502 1907 522 me
1920 492 1956 522 de
1968 492 2081 523 decimi
2096 492 2154 531 ipsa
2167 493 2304 523 remanse-

1246 532 1296 562 rit,
1315 525 1382 555 illud
1401 536 1484 557 etiam
1507 528 1630 570 similiter
1652 529 1795 568 restituam
1814 530 1848 559 ad
1867 530 2010 568 vestrum,
2028 531 2229 569 diciorumque
2240 532 2302 562 suc-

1246 562 1389 594 cessorum
1410 566 1446 607 ὃς
1466 565 1601 596 Ecclesiae
1620 567 1762 598 Romanae
1783 568 1963 606 mandatum,
1983 569 2002 598 si
2025 569 2092 606 quid
2105 571 2190 599 etiam
2203 569 2239 600 de
2253 579 2302 599 ex<

1246 601 1336 645 pensis
1351 613 1415 646 quae
1430 606 1540 647 fient-in
1555 607 1754 643 praeparatione
1768 606 1919 644 praedieta,
1937 606 1983 637 vel
1997 606 2033 636 de
2055 607 2138 645 datis,
2156 608 2202 638 seu
2221 607 2303 647 affig-

1245 648 1314 669 naus
1335 650 1391 679 ejus
1414 645 1581 681 occasione,
1600 653 1648 673 me
1667 644 1756 674 taliter
1777 643 1914 681 impedito
1931 668 1941 681 ,
1961 647 2118 682 recuperari
2140 647 2302 685 contingat,

1246 678 1292 707 vel
1307 678 1344 708 de
1359 678 1440 722 rebus
1454 682 1610 721 praeparatis
1623 683 1774 713 occasione
1787 682 1898 722 passagii
1918 682 1988 712 illius
2010 683 2189 714 medietatem
2209 684 2306 714 simili-

1246 723 1288 745 ter
1301 716 1460 761 restituam,
1471 719 1511 759 ῥὃς
1527 720 1632 757 reliqua
1646 720 1779 751 medietas
1793 722 1844 750 erit
1858 730 1930 751 mea.
1966 720 2025 751 Pro
2039 721 2091 751 hiis
2104 722 2196 759 itaque
2207 724 2303 752 omni—

1247 754 1298 784 bus
1319 754 1437 786 firmiter
1456 757 1650 796 observandis,
1669 759 1703 789 ὃς
1726 759 1847 796 plenarie
1866 758 2065 797 adimplendis,
2083 769 2147 797 me,
2165 760 2306 790 successo-

1246 802 1288 821 res
1311 802 1409 836 meos,
1429 794 1566 833 Regnum
1585 797 1619 827 &
1634 796 1685 827 alia
1707 797 1783 826 bona
1805 807 1867 827 mea
1886 797 1983 835 vobis,
2001 797 2083 828 dietis
2102 797 2305 828 successoribus

1245 829 1363 875 vestris,
1377 832 1410 862 &
1423 832 1559 864 Ecclesiae
1574 834 1718 865 Romanae
1733 835 1831 873 obligo
1845 835 1996 873 specialiter
2016 837 2050 867 &
2070 836 2213 874 expresse,
2231 846 2303 873 prae-

1245 868 1331 912 sentes¹
1346 870 1446 900 litteras
1461 882 1536 903 meas
1549 874 1627 912 regio
1642 872 1781 910 pendente
1795 874 1882 911 sigillo
1895 875 2014 904 munitas
2027 874 2128 912 vobis,
2146 874 2305 912 supradietis

1245 906 1343 937 vestris
1356 908 1574 949 successoribus,
1590 912 1623 942 &
1635 911 1769 942 Ecclesiae
1778 934 1787 949 ,
1804 913 1832 941 in
1846 914 1965 943 veritatis
1979 911 2176 943 testimonium
2199 923 2306 943 conce-

1245 944 1348 975 dendo.
1369 946 1435 976 Dat.
1451 949 1485 978 &
1502 957 1611 979 caetera.

1268 983 1394 1027 'Qarta
1409 985 1521 1016 Petitio.
1540 987 1618 1024 quod
1634 997 1735 1018 omnes
1748 988 1947 1027 crucesignati,
1966 990 2013 1027 qui
2029 988 2086 1019 esse
2106 997 2238 1027 poterunt
2259 988 2308 1018 ha-
2332 995 2436 1023 &mma

1245 1021 1312 1051 biles
1326 1021 1361 1052 ad
1374 1025 1557 1061 pugnandum
1565 1047 1575 1063 ,
1599 1034 1768 1056 moneantur
1780 1027 1857 1063 quod
1869 1035 2024 1065 praeparent
2037 1027 2064 1057 se
2077 1028 2110 1058 ad
2135 1028 2310 1059 transfretan‘-
2321 1022 2423 1064 ιῗῗιῐιῑο,

1244 1059 1331 1098 dum,
1350 1061 1383 1092 δε
1395 1062 1569 1093 transfretare
1581 1072 1710 1101 tempore
1725 1063 1835 1102 passagii
1851 1065 2064 1101 compellantur.

1278 1098 1446 1137 Responsio.
1482 1100 1575 1131 Variae
1589 1101 1808 1133 circumstantiae
1817 1102 1985 1144 suggerunt,
2003 1110 2033 1132 ut
2046 1112 2106 1133 nori
2119 1104 2243 1134 absolute
2265 1103 2308 1134 di-
2321 1106 2454 1147 Responsio,

1245 1146 1358 1176 camuS,
1378 1139 1459 1177 quod
1481 1149 1583 1170 omnes
1607 1140 1788 1179 crucesignati
1809 1142 1859 1170 sint
1882 1139 2044 1170 indistinete
2065 1142 2254 1179 compellendi
2270 1142 2305 1173 ad

1245 1176 1479 1208 transfretandum
1494 1178 1617 1214 indicto
1633 1178 1773 1217 passagio,
1789 1179 1834 1209 vel
1869 1177 1928 1209 uod
1941 1188 2042 1208 omnes
2056 1179 2306 1210 indistinetecom-

1246 1213 1349 1253 pellere
1363 1216 1557 1254 intendamus3
1576 1217 1633 1247 Sed
1645 1217 1816 1247 intendimus
1839 1227 1853 1247 a
1895 1227 1998 1247 omnes
2019 1218 2242 1256 crucesignatos,
2260 1220 2309 1256 qui

1245 1251 1303 1282 eise
1324 1262 1456 1291 poterunt
1476 1255 1580 1285 habiles
1600 1255 1634 1286 ad
1655 1265 1693 1293 pu
1712 1255 1837 1285 nandum
1852 1279 1862 1293 ,
1886 1255 1933 1285 vel
1954 1255 2018 1285 alias
2037 1256 2115 1286 utiles
2137 1256 2186 1293 ipsi
2209 1264 2306 1294 terrae,

1247 1293 1451 1323 monitionibus
1474 1294 1507 1324 &
1527 1264 1746 1331 persuasionisus
1768 1292 1930 1324 efficacibus
1952 1294 2007 1331 uti,
2022 1301 2053 1323 ut
2069 1295 2098 1323 in
2113 1294 2177 1331 pass
2205 1295 2233 1324 io
2248 1295 2308 1332 ipso

1245 1329 1436 1372 transfretant,
1455 1332 1489 1362 &
1502 1342 1551 1362 eos
1566 1332 1754 1371 compellere,
1767 1340 1851 1369 prout
1867 1331 1979 1370 qualitas
1994 1334 2128 1370 temporis
2140 1332 2184 1363 sua
2195 1334 2306 1371 erit,&

1244 1367 1370 1436 ἰρΐεέωἰῃ
1391 1370 1520 1401 conditio
1537 1370 1680 1411 suggeret,
1698 1372 1731 1403 ὃς
1751 1370 1826 1402 sedes
1847 1371 1902 1408 ipsa
1923 1370 2053 1408 expedire
2066 1370 2166 1402 viderit
2181 1372 2309 1409 compel-

1255 1416 1289 1435 en
1311 1417 1351 1438 ος.

1285 1445 1395 1484 Qinta
1409 1447 1522 1478 Petitio.
1595 1447 1653 1479 uod
1666 1448 1732 1479 licet
1746 1447 1781 1478 ad
1796 1447 1968 1478 Petitionem
1981 1455 2076 1486 tuam,
2096 1458 2183 1486 quam
2202 1448 2308 1487 fecisti,
2325 1447 2438 1486 „Quinta

1247 1492 1277 1527 ut
1293 1486 1346 1515 tibi
1359 1486 1489 1521 deptotali
1502 1486 1631 1524 decima,
1649 1486 1772 1518 colleeta
1789 1487 1819 1517 in
1833 1486 1983 1517 subsidium
1998 1487 2084 1517 dietae
2098 1487 2199 1518 Terrae
2215 1489 2309 1518 inter-
2323 1489 2422 1514 Petitio.

1247 1532 1282 1551 ris
1305 1523 1354 1554 illis
1372 1534 1499 1563 rquarum
1520 1525 1644 1555 Domini
1665 1535 1725 1556 non
1745 1524 1960 1555 transfretabunt
1982 1525 2083 1555 Terrae
2104 1526 2227 1563 praefatae
2241 1550 2251 1564 ,
2277 1527 2308 1556 in

1246 1561 1363 1598 persona
1375 1563 1423 1594 tua
1437 1563 1647 1602 provideretur,
1665 1564 1717 1594 fuit
1731 1564 1782 1593 tibi
1796 1564 1918 1603 benigne
1932 1563 2109 1604 responsum,
2128 1565 2192 1603 quia
2213 1573 2309 1596 tamen

1245 1602 1378 1638 generalis
1398 1601 1439 1632 est
1464 1602 1621 1640 responsio,
1639 1612 1703 1633 eam
1723 1601 1958 1641 specificaremus,
1978 1604 2012 1634 &
2033 1603 2069 1633 ita
2089 1602 2141 1633 tibi
2164 1603 2200 1633 de
2214 1602 2308 1642 dieta,

1247 1638 1358 1682 decima
1370 1641 1580 1678 provideremus
1596 1643 1625 1671 in
1638 1650 1770 1679 tempore
1779 1663 1789 1678 ,
1807 1640 1885 1679 quod
1899 1640 1983 1678 possis
1997 1639 2032 1670 ad
2045 1640 2073 1671 id
2082 1663 2091 1679 ,
2100 1641 2134 1671 ad
2148 1642 2226 1680 quod
2235 1652 2308 1672 con-

1248 1676 1374 1716 ceditur,
1392 1679 1495 1710 utiliter
1509 1681 1549 1710 uti
1561 1679 1611 1718 ea,
1630 1689 1699 1710 cum
1711 1687 1841 1717 oporteat
1858 1687 1886 1709 te
1900 1680 1933 1710 &
1948 1680 2111 1717 sumptuum
2125 1681 2159 1711 &
2173 1680 2312 1712 societatis

1247 1717 1447 1760 quantitatem,
1466 1727 1500 1748 ex
1519 1718 1682 1750 facultatum
1700 1727 1810 1750 tuarum
1833 1719 1867 1750 ὅ(
1881 1718 2092 1750 obventionum
2106 1719 2236 1757 qualitate
2249 1728 2312 1749 me—

1248 1762 1305 1784 tiri.

1282 1793 1448 1832 Responsio.
1486 1796 1569 1827 Varia
1583 1797 1617 1827 δε
1631 1797 1722 1835 gravia
1736 1796 1939 1837 impedimenta
1973 1805 2038 1835 quae
2060 1806 2109 1834 per
2132 1804 2308 1827 memoratos
2324 1798 2453 1836 Risponfim

1247 1834 1369 1863 nuncios
1385 1835 1436 1864 tibi
1449 1833 1663 1865 deliberavimus
1677 1834 1874 1873 exprimenda,
1893 1845 1933 1865 no
1960 1836 1994 1864 ris
2007 1836 2041 1865 &
2062 1836 2115 1865 tuis
2136 1836 2210 1865 votis
2232 1835 2308 1865 obsi-
2357 1835 2362 1842 ¹

1246 1870 1338 1908 stunt,
1353 1879 1388 1914 ,ut
1401 1873 1435 1903 ad
1448 1874 1520 1904 hanc
1534 1875 1702 1912 petitionem
1716 1884 1775 1904 non
1788 1873 1873 1912 possit
1888 1873 1923 1903 ad
1937 1873 2055 1912 praesens
2070 1874 2172 1903 certius
2195 1874 2308 1911 respon-

1246 1908 1306 1952 deri
1342 1912 1411 1941 sicut
1423 1911 1595 1943 Excellentia
1609 1912 1716 1951 Regia,
1734 1912 1943 1950 impedimentis
1956 1911 2018 1949 ipsis
2033 1912 2083 1942 sibi
2097 1912 2242 1949 expositis,
2251 1922 2310 1942 ma-

1246 1934 1348 1978 nifeste
1361 1951 1532 1989 cognoscet,
1550 1951 1721 1981 intendimus
1733 1960 1847 1988 tamen,
1864 1950 2073 1988 impedimentis
2087 1950 2154 1989 illis,
2174 1950 2310 1980 Domino

1246 1986 1382 2025 faciente,
1399 1989 1523 2027 sublatis,
1540 1989 1591 2019 tibi
1612 1988 1647 2019 de
1666 1989 1724 2026 ipsa
1743 1989 1872 2026 decima,
1891 1988 2053 2026 caeterisque
2077 1988 2310 2020 subventionibus

1246 2025 1333 2055 taliter
1347 2025 1512 2067 subvenire,
1530 2027 1609 2065 quod
1625 2029 1730 2058 merito
1747 2029 1849 2066 poteris
1862 2027 1919 2057 esse
1933 2035 2092 2058 contentus.

1284 2063 1368 2094 Sexta
1388 2064 1499 2097 Petitio.
1538 2066 1630 2103 Quod
1646 2065 1786 2104 decimae,
1801 2067 1853 2096 tibi
1875 2065 2017 2096 concessae
2032 2076 2081 2103 per
2096 2065 2142 2096 sex
2155 2076 2261 2103 annos,
2280 2066 2307 2095 in
2321 2066 2402 2092 Sexta

1246 2101 1354 2171 Regnis
1376 2102 1488 2143 Angliae
1506 2106 1540 2136 &
1560 2104 1680 2142 Scotiae,
1700 2114 1732 2135 ac
1752 2105 1849 2135 Terris
1869 2104 1982 2134 Waniae
2004 2105 2037 2135 &
2060 2104 2215 2142 Yberniae,
2230 2105 2309 2142 juxta
2322 2103 2422 2131 Ρεΐίῑιίν1

1249 2140 1296 2171 Re
1308 2142 1478 2178 ponsionem
1499 2143 1607 2182 praefati
1635 2142 1852 2176 Praedecessoris
1873 2142 2001 2174 Honorii
2018 2166 2028 2180 ,
2059 2144 2192 2180 incipiant
2216 2142 2312 2181 colligi

1246 2188 1376 2219 tempore
1390 2181 1501 2221 passagii
1512 2181 1663 2221 assignam,
1682 2182 1715 2212 ὅς
1731 2181 1842 2218 singulis
1854 2182 1949 2219 annis,
1968 2188 2052 2218 prout
2067 2181 2314 2220 colligentur,tibi

1246 2219 1354 2257 integre
1370 2219 1540 2260 assignentur
1555 2219 1590 2250 ad
1604 2220 1796 2259 prosequenda
1810 2220 1843 2250 &
1868 2218 2046 2257 praeparanda
2064 2220 2214 2249 necessaria
2235 2228 2313 2249 tanto

1248 2258 1383 2326 ῐῖθὲἓῖὲξί),
1400 2258 1511 2327 (16111)Γο
1526 2259 1544 2278 ²¹²
1562 2260 1594 2290 &
1613 2258 1670 2289 aliis
1682 2261 1735 2291 tuis
1747 2259 1922 2290 facultatibus
1937 2257 2208 2290 &concessionibus
2222 2267 2311 2297 nego—
2322 2255 2337 2272 *
2349 2256 2452 2291 11434·

1249 2303 1290 2327 tio
1363 2306 1384 2326 is
1399 2308 1424 2328 ei
1444 2304 1499 2328 em.

1287 2333 1454 2372 Responsio.
1470 2336 1560 2367 Prout
1575 2346 1622 2374 per
1635 2336 1727 2367 distos
1742 2336 1880 2367 Nuncios
1892 2343 1956 2367 tuos
1971 2336 2053 2366 nobis
2067 2335 2120 2366 fuit
2134 2335 2308 2373 expositum,
2322 2328 2453 2369 Responssm

1245 2381 1291 2410 tu,
1310 2374 1399 2405 arduis
1415 2384 1589 2413 occupatus,
1610 2376 1758 2412 imparatus
1780 2374 1870 2404 existis
1890 2374 1924 2404 ad
1943 2374 2178 2405 transfretandum
2200 2375 2228 2403 in
2250 2383 2313 2404 me-

1249 2419 1366 2441 moratae
1382 2422 1464 2443 terrae
1485 2413 1647 2444 succursum
1670 2413 1741 2443 infra
1760 2414 1913 2443 triennium
1927 2436 1936 2450 ,
1955 2413 1985 2442 in
2006 2412 2076 2442 dicti
2098 2411 2315 2442 Praedecessoris

1248 2449 1375 2480 Honorii
1388 2452 1471 2482 literis
1485 2451 1740 2489 comprehensum,
1759 2459 1844 2488 prout
1858 2452 1901 2481 exi
1922 2451 1943 2480 it
1964 2451 2071 2490 negotii
2093 2452 2161 2481 tanti
2179 2450 2313 2488 arduitas,

1247 2488 1280 2518 ὃ(
1295 2488 1409 2521 haberet
1422 2490 1566 2521 arbitrium
1580 2489 1666 2521 diitae
1678 2490 1746 2521 sedis
1761 2490 1826 2520 licet
1839 2489 1873 2519 ad
1889 2491 1897 2519 i
1932 2498 2036 2519 extunc
2051 2489 2144 2526 posses
2159 2488 2313 2527 compelli,

1248 2527 1378 2565 perleulis
1398 2529 1432 2560 &
1455 2528 1659 2559 necessitatibus
1680 2527 1836 2566 saepediftae
1857 2537 1940 2558 terrae
1961 2527 2100 2565 pensatis,
2131 2529 2196 2566 quia
2217 2535 2314 2558 tamen

1247 2575 1332 2605 grave
1345 2566 1419 2598 foret
1434 2567 1484 2605 ipsi
1498 2566 1647 2605 Ecclesiae,
1665 2566 1699 2597 ad
1715 2568 1773 2597 hoc
1786 2576 1814 2597 te
1828 2567 1994 2604 imparatum
2008 2567 2041 2597 ὃ(
2057 2566 2179 2597 invitum
2201 2566 2314 2603 prorsus

1247 2614 1362 2644 urgere,
1380 2607 1431 2636 tibi
1446 2607 1620 2637 renuncianti
1633 2607 1715 2636 omni
1728 2605 1904 2637 concessioni
1919 2603 2086 2643 colligendae
2107 2604 2228 2635 decimae
2261 2614 2312 2642 per

1247 2643 1292 2673 sex
1306 2653 1395 2674 annos
1407 2645 1533 2683 futuros,
1551 2655 1605 2682 pro
1619 2653 1785 2675 memoratae
1797 2652 1878 2675 terrae
1891 2644 2035 2681 succursu,
2053 2644 2069 2673 a
2081 2642 2220 2682 praediffis
2261 2652 2314 2681 136-

1246 2681 1437 2714 decessoribus
1450 2684 1501 2714 tibi
1515 2684 1614 2722 factae,
1632 2693 1664 2714 ac
1679 2684 1787 2721 penitus
1801 2682 1943 2713 recedenti
1956 2682 1972 2711 a
1987 2681 2147 2712 traftatibus
2162 2680 2242 2721 super
2254 2680 2314 2712 hoc

1251 2720 1350 2751 habitis
1366 2732 1436 2752 cum
1449 2721 1573 2760 eisdem,
1591 2732 1644 2752 nos
1658 2721 1695 2752 de
1707 2731 1802 2760 novo,
1820 2721 1856 2751 de
1870 2720 2026 2751 eorundem
2040 2720 2156 2751 fratrum
2171 2719 2291 2750 consilio
2303 2743 2314 2758 ,

1247 2759 1291 2789 sex
1306 2770 1447 2790 annorum
1467 2760 1607 2791 decimam
1622 2784 1632 2798 ,
1656 2761 1686 2790 in
1709 2760 1791 2791 dictis
1811 2759 1918 2799 Regnis
1942 2758 2054 2798 Angliae
2075 2759 2108 2789 &
2129 2758 2235 2789 Scotiae
2249 2781 2258 2796 ,
2276 2758 2310 2789 δε

1247 2798 1345 2828 Terris
1359 2799 1473 2829 Walliae
1489 2800 1522 2830 &
1536 2799 1712 2838 Hyberniae,
1730 2799 1934 2835 concedimus,
1953 2807 2038 2836 quam
2053 2797 2104 2827 tibi
2119 2796 2315 2827 mandabimus

1247 2836 1388 2875 assignari,
1407 2837 1558 2875 postquam
1576 2839 1604 2868 in
1622 2837 1702 2868 dicto
1724 2837 1835 2877 passagii
1856 2845 1988 2873 tempore
2010 2835 2118 2865 duxeris
2133 2835 2314 2865 transfretari-

1246 2875 1333 2913 dum,
1350 2876 1388 2906 sic
1403 2875 1615 2915 magnifice,sic
1631 2884 1870 2915 potenter,prout
1885 2884 1941 2905 tuae
1956 2873 2147 2913 Magnitudini
2161 2882 2312 2912 congruet,

1247 2914 1280 2944 &
1299 2913 1415 2945 arduitas
1435 2915 1542 2954 negotii
1564 2913 1712 2952 supradiffl
1728 2915 1865 2952 requiret:
1887 2913 2003 2943 [nterim
2019 2913 2101 2942 etiam
2115 2911 2313 2955 decimam'ip—

1247 2952 1322 2990 sam,
1340 2951 1385 2983 sex
1406 2952 1567 2983 futurorum
1587 2962 1729 2983 annorum
1748 2953 1825 2982 annis
1847 2950 1957 2990 singulis
1978 2950 2175 2980 mandabimus
2195 2949 2311 2990 colligi,

1246 2991 1314 3028 tibi,
1334 2999 1418 3028 prout
1438 2991 1556 3021 collet‘ta
1577 2990 1679 3029 fuerit,
1698 2990 1849 3028 postquam
1872 2988 2086 3020 transfretaveris
2106 2988 2313 3026 assignandam,

1248 3028 1295 3059 fiet
1310 3037 1405 3060 autem
1420 3029 1554 3060 collefflo
1570 3030 1604 3060 &
1618 3029 1727 3060 exactio
1741 3029 1823 3067 ipsius
1837 3028 1957 3058 decimae
1969 3038 2018 3065 per
2032 3026 2161 3065 personas
2169 3026 2311 3058 Ecclesia-

1248 3066 1328 3135 stigas
1337 3068 1414 3136 jlgixta
1435 3068 1666 3106 extimationem,
1685 3067 1807 3098 modum
1820 3067 1853 3098 &
1867 3066 2010 3105 formam,
2028 3076 2100 3104 quos
2112 3065 2188 3096 sedes
2209 3064 2308 3096 eadem

1246 3116 1280 3136 or
1302 3116 1345 3135 ina
1367 3114 1396 3136 it.

1283 3143 1408 3182 Septima
1421 3144 1534 3176 Petitio.
1571 3143 1664 3183 Qiod
1677 3144 1729 3175 tibi
1742 3152 1807 3174 ante
1822 3142 1990 3182 passagium,
2008 3142 2125 3181 praefixo
2138 3151 2235 3174 tamen
2249 3151 2311 3180 pas-
2322 3141 2433 3184 Septim

1247 3182 1310 3221 sagii
1324 3184 1464 3221 termino,
1483 3183 1650 3221 assignentur
1666 3192 1767 3212 omnes
1781 3182 1971 3212 obventiones
1993 3192 2047 3219 pro
2067 3181 2188 3212 subsidio
2210 3181 2311 3211 Terrae
2326 3182 2424 3206 Petttw·

1247 3220 1349 3251 sant-”ne
1362 3222 1509 3259 60116ξ1εε,
1528 3223 1561 3253 &
1573 3222 1657 3251 etiam
1669 3218 1840 3257 colligendae
1854 3221 1883 3250 in
1896 3219 1995 3250 Terris
2008 3220 2075 3258 illis,
2095 3228 2220 3258 quorum
2242 3218 2311 3248 Do-

1249 3260 1319 3290 mini
1332 3269 1392 3290 non
1406 3260 1638 3297 transfretabunt,
1658 3259 1686 3288 in
1701 3259 1785 3289 dictae
1801 3267 1882 3289 terrae
1897 3258 2067 3289 succursum.

1285 3298 1454 3336 Responsio.
1490 3298 1687 3328 Obventiones
1700 3298 1730 3327 in
1742 3297 1822 3327 dictis
1836 3297 1947 3337 Angliae
1962 3297 1995 3327 δε
2009 3296 2114 3326 Scotiae
2130 3294 2257 3338 Κιρᾳρὶε,
2277 3304 2309 3326 ac
2325 3298 2453 3337 Responsio.

1247 3338 1277 3367 in
1294 3336 1391 3366 Terris
1403 3337 1445 3366 W
1448 3337 1516 3367 alliae
1524 3360 1533 3375 ,
1548 3336 1743 3374 Yberniaeque
1756 3335 1888 3366 6011661113
1896 3360 1906 3374 ,
1924 3336 1953 3364 in
1965 3334 2077 3365 duobus
2089 3343 2214 3364 terminis
2225 3342 2307 3375 mari-

1248 3375 1376 3406 dabimus
1389 3375 1529 3414 assignari,
1549 3382 1632 3412 prout
1646 3373 1828 3411 respondetur
1839 3374 1962 3412 superius
1970 3371 2005 3402 de
2017 3372 2061 3403 sex
2074 3380 2215 3401 annorum
2228 3370 2307 3401 deci-

1249 3413 1296 3444 1113
1311 3415 1364 3443 'am
1378 3414 1507 3444 60116613.
2161 3447 2166 3452 ,
2236 3447 2240 3452 ,

1287 3424 1407 3483 [11111110
1429 3453 1506 3483 exirit
1525 3460 1558 3481 ex
1583 3450 1631 3480 tua
1651 3458 1728 3488 parte
1741 3451 1878 3488 petitum,
1895 3448 1973 3487 quod
1987 3458 2056 3479 cum
2071 3455 2219 3487 negotium
2234 3445 2307 3476 istud
2323 3451 2422 3479 Ultima

1249 3491 1373 3521 multum
1385 3489 1539 3528 dependeat
1553 3491 1568 3518 a
1583 3488 1814 3520 Christianorum
1829 3486 1985 3518 concordia
1999 3486 2183 3528 Principum,
2204 3486 2238 3516 &
2255 3483 2310 3515 sta·
2326 3491 2424 3517 Petitia.

1249 3538 1279 3559 tu
1294 3528 1412 3567 pacifico
1426 3529 1523 3567 populi
1537 3526 1694 3565 christiani,
1709 3529 1784 3557 circa
1807 3527 1865 3557 1106
1888 3525 2061 3568 studeremus
2079 3523 2196 3566 sollicite
2216 3532 2308 3554 reme-

1249 3568 1329 3598 dium
1342 3567 1490 3604 adhibere,
1508 3574 1593 3603 prout
1607 3566 1690 3596 nobis
1704 3565 1799 3595 divina
1813 3564 1972 3595 Clementia
1986 3561 2160 3593 ministrabit.
2288 3602 2290 3604 μ

1285 3606 1452 3644 Responsio.
1486 3605 1658 3635 Petitionem
1672 3604 1752 3634 istam
1764 3600 1882 3633 libenter
1896 3601 2067 3644 admittimus
2080 3609 2149 3643 cum
2156 3609 2310 3643 commen-
2325 3610 2455 3650 Responfio-

1249 3645 1362 3675 datione
1382 3644 1528 3681 multiplici
1550 3643 1689 3680 petitoris:
1706 3642 1778 3672 hanc
1800 3641 1937 3679 promptis
1957 3638 2107 3682 affefflbus
2121 3648 2151 3667 in
2165 3637 2304 3683 effee‘tum

1250 3683 1390 3714 deducere
1411 3681 1596 3712 affectamus:
1615 3680 1649 3710 ad
1669 3681 1729 3717 hoc,
1746 3679 1891 3710 instantius
1911 3678 2082 3715 dispommus
2104 3675 2192 3707 studia
2210 3677 2307 3708 nostra

1252 3730 1434 3758 convertere,
1455 3727 1538 3758 prout
1553 3718 1637 3749 nobis
1652 3718 1796 3749 altissimus
1809 3716 1994 3753 ministrabit,

1289 3759 1436 3790 Caeterum
1457 3758 1596 3788 reservatis
1615 3756 1670 3787 sedi
1691 3756 1812 3794 praefatae
1830 3755 2057 3792 interpretatione
2077 3754 2111 3785 &
2122 3751 2310 3785 declaratione

1253 3798 1398 3837 cujussibet
1416 3797 1512 3833 dubii,
1531 3795 1610 3833 quod
1631 3794 1709 3833 super
1730 3793 1873 3833 praemissis
1888 3792 2108 3831 quomodolibet
2123 3793 2255 3823 oriretur:
2275 3793 2308 3823 &

1253 3837 1330 3876 quod
1348 3845 1406 3867 tam
1421 3845 1469 3873 tu,
1488 3843 1574 3872 quarn
1584 3832 1755 3863 successores
1769 3833 1809 3863 tui
1824 3832 1889 3871 cogi
1905 3830 2012 3873 possitis
2024 3830 2307 3866 adobservaridaom-

1254 3878 1314 3914 nia,
1333 3885 1398 3912 quae
1419 3883 1450 3904 ut
1469 3873 1661 3911 praemittitur,
1678 3881 1728 3909 per
1745 3872 1846 3901 litteras
1869 3879 1927 3900 tuas
1947 3871 2114 3912 promittes:
2135 3869 2203 3900 scire
2225 3869 2307 3899 volu-

1254 3925 1316 3945 mus
1334 3912 1535 3944 Excellentiam
1549 3910 1689 3949 Regiam,
1704 3909 1781 3947 quod
1796 3918 1864 3940 tunc
1878 3908 1998 3938 demum
2012 3908 2176 3946 praedictam
2190 3915 2309 3938 conces-

1256 3955 1364 3984 sionem
1386 3952 1508 3982 decimae
1527 3949 1571 3979 sex
1590 3950 1753 3979 futurorum
1771 3956 1910 3978 annorum
1936 3947 1970 3977 δε
1991 3947 2181 3984 responsiones
2202 3944 2310 3975 nostras

1254 3992 1410 4024 efficaciam
1424 3989 1527 4020 habere
1541 3987 1690 4025 volumus,
1708 3985 1860 4024 postquam
1880 3983 1951 4016 infra
1968 3985 2138 4024 praedictum
2159 3983 2311 4027 Resurrec-

1255 4032 1339 4063 tionis
1353 4029 1519 4061 Domiiiicae
1534 4025 1666 4064 Festum,
1679 4026 1765 4094 gobis
1780 4034 1838 4056 tuas
1853 4032 1977 4063 patentes
1988 4024 2089 4057 litteras
2110 4023 2209 4055 feceris
2228 4020 2316 4064 affigs

1732 4072 1750 4093 2
2260 4068 2318 4090 nari
