2570 4261
75 208 152 239 Ann.
166 209 209 240 D·

101 256 184 287 1299.

80 287 146 315 Ealv.
167 297 190 316 1.

77 1184 152 1216 Ann.
162 1184 202 1214 D.

104 1232 188 1261 ¹299·

75 1267 128 1291 Aa.
148 1273 193 1299 27.

75 1306 105 1329 E.
126 1312 149 1328 ι.

75 1344 115 1368 Ex
131 1343 188 1368 Au-

73 1385 137 1415 togr.

78 1877 210 1916 '11351-

220 131 298 160 212

653 98 1456 151 CONVENTIONES‚

1536 96 1937 148 LITERAE,

223 210 337 241 tempus
350 201 432 240 ipsius
444 197 609 238 perficiendi
621 194 730 234 negotii
744 193 861 230 patiatur
881 190 1047 229 excursum,
1065 189 1193 228 praefatas
1214 197 1291 221 treu-
1329 186 1422 217 cimus
1438 183 1518 223 quod
1533 185 1606 215 inter
1622 192 1650 215 te
1666 184 1846 223 Regemque
1860 181 2050 221 praedictum,
2065 181 2102 212 de
2117 182 2270 213 communi
2287 181 2407 213 consen-
2423 178 2569 222 Anam)

223 251 290 282 guas
324 248 410 285 prout
429 239 508 269 mitae
529 236 575 266 vel
594 233 710 264 indicta:
731 232 862 267 fuerunt,
884 230 918 261 ὃ(
940 230 1013 260 inter
1033 239 1117 274 quas,

226 266 307 319 quas²
327 279 458 314 mdicffae,
478 275 525 306 vel
542 274 620 304 initae
642 271 723 301 fuisse
745 269 898 299 noscuntur
910 292 920 306 ,
938 269 972 299 &
994 268 1130 306 praedrdh
1149 277 1289 305 compro-

226 304 308 350 missa,
334 319 367 348 ὃς
383 318 411 346 in
425 315 572 356 posterum
585 308 735 341 ferendum
746 308 897 338 arbitrium
908 307 955 337 seu
967 307 1166 347 arbitragium,
1180 314 1291 350 totum-

224 368 281 396 que
302 341 470 395 negotium,
488 359 573 390 prout
595 357 629 379 ex
649 346 745 378 futura
766 345 863 376 nostr-22
881 345 1078 415 orrinatione,
1095 355 1128 375 ac
1147 344 1292 375 decisione

226 395 387 433 dependent
401 416 410 429 ,
432 393 448 421 ὲ
469 389 606 429 ρῐπεὶίἇὶο
626 395 704 416 nunc
726 386 862 423 proximo
881 385 912 414 fu
926 394 979 414 uro
999 383 1167 422 Epiphaniae
1189 381 1292 420 Festo,

226 436 314 471 usque
332 431 366 462 ad
389 429 462 460 aliud
482 426 597 458 Festum
608 425 778 463 Epiphaniae
790 433 825 454 ex
840 433 917 453 nunc
930 423 1057 453 secundo
1070 431 1240 460 venturum,
1258 429 1293 450 ex

227 469 387 506 huiusmodi
401 467 539 506 potestate
550 465 634 495 nobis
646 462 746 495 tradita
758 471 954 501 prorogamus.
1012 499 1017 504 1

263 506 365 548 Qiam
386 505 503 545 quidem
522 503 776 543 prorogationem,
794 502 828 532 &
846 509 1051 543 omnem-ejus
1066 498 1206 543 effeQum
1220 507 1294 536 prae-

227 549 364 586 cipimus,
380 546 430 576 sub
443 544 537 583 poenis
548 544 578 573 in
598 539 811 580 compromisfis
830 539 959 578 adjectis,
976 537 1175 581 inviolabiliter
1197 537 1214 566 a
1232 546 1295 574 par-

227 588 301 617 tibus
320 585 463 616 observari
478 608 489 622 ‚
506 581 640 613 ordinatis
655 604 665 619 ,
681 579 818 610 arbitratis
832 601 842 617 ,
859 585 1025 617 praeceptis,
1040 575 1185 620 diffinitis,
1201 574 1295 622 lauda:

228 627 280 662 tis,
299 625 331 654 ὃ(
350 622 519 654 sententiatis
538 631 588 659 per
610 630 663 650 nos
683 619 818 662 badi-enus
834 618 863 648 in
878 624 1043 647 memorato
1054 623 1190 654 negotio,
1205 624 1236 644 m
1249 614 1298 644 sua

227 663 429 694 nichilominus
444 659 657 692 remanentibus
671 656 812 688 firmitate.

261 701 348 733 Nulli
360 710 449 740 ergo,
466 701 528 732 &c.

261 779 330 810 Dat.
347 778 486 819 Anagniae
507 785 551 806 12.
565 774 631 806 Kal.
646 773 722 810 Aug.
738 769 926 802 Pontificatiis
938 768 1030 800 nostri
1041 778 1118 800 anno
1133 770 1243 808 quinto.

619 850 674 881 Sub
680 849 743 892 filis
751 848 846 889 fi’ricis
851 848 931 888 flavi
947 846 1074 888 rubeique
1086 846 1186 877 coloris.

226 989 275 1020 De
291 985 425 1030 consensit
446 987 560 1031 Regum
582 983 697 1030 Angliae
714 985 750 1021 ὠ
769 984 902 1015 franciae
913 981 1006 1027 fitper
1016 981 1102 1026 fasso
1128 981 1294 1026 Vaftom'ae,

269 1034 351 1082 quod
371 1045 495 1081 uterque
517 1043 660 1079 partem,
687 1043 781 1078 quam
807 1029 851 1063 ad
867 1030 990 1078 praesens
1014 1040 1112 1073 tenet,
1136 1028 1173 1063 de
1199 1040 1297 1064 caetero

271 1081 422 1117 retinebit.

278 1169 428 1200 Onifacius
447 1168 620 1207 Episcopus,
639 1167 730 1197 servus
753 1165 900 1196 servorum
914 1164 992 1204 Dei,
1010 1165 1153 1196 cariffimo
1166 1165 1196 1195 in
1210 1165 1298 1196 Chri-

296 1209 341 1240 sto
357 1208 415 1238 filio
432 1208 582 1247 Edvardo,
601 1205 681 1244 Regi
695 1205 812 1243 Anglioe
826 1204 938 1243 illustri,
958 1204 1074 1236 salutem
1089 1206 1124 1237 ὃς
1150 1204 1298 1243 Apostoli-

225 1259 290 1280 cam
302 1247 546 1278 benediffionem.

266 1287 411 1318 Laetamur
433 1285 611 1322 admodum,
629 1283 667 1313 fili
688 1282 827 1314 carissime
858 1292 892 1313 ac
913 1281 996 1314 valde
1013 1290 1145 1322 gratum,
1162 1292 1222 1313 non
1242 1283 1299 1312 im-

228 1328 347 1364 merito,
365 1326 490 1364 gerimus
514 1326 546 1356 δε
569 1331 738 1361 acceptum,
757 1307 841 1361 quod’
855 1330 904 1359 tu,
922 1329 1070 1360 tamquam
1093 1322 1300 1353 benedietionis

227 1367 261 1397 &
281 1365 379 1403 gratiae
398 1363 472 1394 filius
506 1364 540 1394 ὃς
559 1362 721 1392 devotionis
737 1362 850 1391 eximiae
873 1360 939 1391 zelo
953 1360 1082 1398 fervens,
1100 1360 1179 1398 super
1194 1359 1299 1392 dissen-

227 1405 312 1434 u'onis
323 1404 457 1441 negotio,
474 1386 586 1432 dudum
600 1402 672 1431 inter
684 1410 713 1431 te
727 1401 761 1432 &
778 1399 952 1431 cariffimum
967 1400 996 1430 in
1009 1397 1128 1430 Christo
1138 1399 1229 1430 filium
1243 1410 1298 1430 no-

226 1442 314 1473 strum
336 1441 502 1479 Philippum
524 1440 638 1480 Regem
661 1439 838 1469 Francorum
856 1438 992 1469 illustrem
1005 1462 1015 1477 ,
1037 1439 1157 1469 inimico
1178 1438 1300 1470 homine

225 1481 460 1519 superseminante
473 1480 634 1516 zizaniam,
652 1478 798 1515 suscitatae,
817 1477 980 1516 frequenter
1000 1478 1085 1508 nobis
1107 1477 1228 1508 scribere
1248 1488 1300 1508 cu-

225 1519 337 1559 tavisti,
355 1527 383 1550 te
397 1519 475 1558 super
492 1518 597 1550 eodem
611 1519 730 1557 negotio
752 1515 854 1547 nostris
876 1516 998 1547 totaliter
1020 1516 1204 1555 beneplacitis
1224 1515 1301 1547 offe-

224 1559 324 1590 rendov

263 1597 336 1628 Hoc
356 1606 472 1635 quoque
495 1595 661 1627 venerabilis
679 1595 764 1625 frater
786 1593 883 1625 noster
898 1594 938 1624 R.
959 1593 1118 1632 Episcopus
1131 1593 1301 1626 Vicentinus

229 1637 327 1674 (quem
341 1636 452 1674 pridem
465 1645 520 1674 pro
533 1635 614 1673 ipsius
628 1633 809 1672 expeditione
823 1634 930 1673 negotii
944 1632 978 1663 ad
985 1632 1223 1664 Ultramontanas
1236 1643 1300 1672 par-

226 1684 267 1706 tes
288 1674 454 1706 fiducialiter
473 1673 605 1704 duximus
623 1672 833 1709 destinandum)
857 1672 941 1702 nobis
955 1680 1041 1710 prout
1056 1671 1209 1710 gaudentes
1220 1672 1300 1704 audi-

226 1716 319 1746 vimus
338 1723 387 1752 per
404 1713 462 1744 suas
481 1713 607 1752 expresse
627 1712 730 1743 litteras
752 1712 912 1749 intimavit3
931 1710 1010 1748 super
1025 1720 1086 1749 quo
1100 1712 1225 1749 ingentis
1242 1719 1300 1743 tuae

226 1753 389 1783 devotionis
411 1751 568 1790 affec'tum,
587 1752 619 1782 &
640 1750 766 1789 operosae
788 1749 980 1780 sollicitudinis
999 1749 1143 1789 studium,
1168 1749 1249 1790 quod
1268 1752 1299 1782 in

227 1792 284 1823 hoc
299 1791 472 1828 assumpsisse
485 1790 637 1821 dinosceris
674 1789 864 1827 multipliciter
877 1787 1126 1819 commendamus.

265 1830 339 1861 Sane
351 1829 449 1860 dileffl
464 1829 528 1867 filii,
548 1813 689 1866 Magister
703 1827 854 1858 Gualterus
865 1826 902 1857 de
916 1826 995 1857 Clun
1010 1826 1156 1866 Clericus,
1174 1828 1208 1859 ὃς
1221 1827 1300 1870 Ray-

228 1868 372 1900 nalducius
392 1868 428 1899 de
450 1869 468 1887 ²*
494 1867 610 1906 Asinio,
630 1868 670 1898 tui
692 1867 848 1897 familiares
870 1866 903 1897 &
926 1865 1059 1906 Nuncii,
1076 1875 1166 1904 nuper
1188 1866 1223 1897 ad
1244 1877 1299 1898 no-

229 1908 315 1939 stram
330 1907 505 1946 praesentiam
519 1907 683 1937 accedentes
692 1929 701 1944 ,
719 1906 802 1935 nobis
816 1905 917 1935 litteras
931 1904 1037 1947 Regias
1051 1906 1261 1943 praesentarunt.

263 1947 333 1977 Nos
356 1955 450 1977 autem
474 1945 611 1977 Nuncios
634 1945 707 1983 ipsos
729 1945 764 1975 δε
780 1944 882 1975 litteras
897 1944 1053 1974 aflec'tione
1069 1952 1181 1982 paterna
1193 1945 1301 1983 recepi-

227 1996 307 2024 muS,
328 1986 363 2017 ὃ(
378 1995 410 2015 ea
416 2007 434 2053 ᾖ
449 1995 514 2054 (ἐξ
527 1985 684 2016 litterarum
698 1984 817 2022 ipsarum
831 1982 910 2014 series
923 1983 1110 2022 continebat,
1128 1982 1216 2023 pleno
1239 1984 1301 2015 col-

229 2026 238 2056 1
275 2026 347 2054 imus
359 2025 416 2054 inte
435 2034 452 2054 e
506 2047 512 2053 .

294 2073 362 2093 orro
402 2072 510 2093 erentes
530 2062 664 2093 hactenus
688 2061 725 2092 de
744 2060 892 2099 prudentia
913 2061 947 2092 ὃς
971 2059 1118 2098 fidelitate,
1136 2060 1224 2091 bonae
1240 2070 1303 2092 me-

232 2103 352 2140 moriae,
405 2101 494 2132 rnaldi
513 2100 648 2139 Episcopi
667 2100 845 2138 Tholosani,
869 2099 941 2130 dum
964 2101 1090 2138 viveret,
1115 2098 1249 2130 fiduciam
1271 2102 1301 2131 in

232 2140 370 2171 Domino
384 2140 548 2178 specialem,
569 2140 617 2170 libi
635 2150 684 2177 per
699 2139 807 2169 nostras
820 2138 870 2168 sub
886 2137 965 2169 certi
984 2138 1080 2169 forma
1099 2138 1200 2170 litteras
1220 2138 1302 2170 duxi-

235 2189 298 2210 mus
319 2178 562 2209 committendum
578 2201 588 2216 ,
612 2186 642 2208 ut
662 2187 764 2208 terram
785 2176 812 2206 V
815 2176 951 2215 asconiae,
973 2187 1038 2214 quae
1060 2179 1165 2215 partim
1185 2187 1235 2222 per
1253 2185 1301 2216 te,

234 2219 335 2256 partim
353 2227 424 2247 vero
446 2227 495 2256 per
515 2217 639 2247 eundem
661 2216 777 2255 Regem
799 2217 888 2245 teneri
903 2214 1096 2254 conspicitur,
1114 2226 1234 2246 nomine
1248 2227 1303 2247 no-

234 2256 293 2287 stro
313 2257 465 2294 acciperet,
481 2266 514 2286 ac
535 2265 599 2286 eam
621 2254 754 2292 tandem,
770 2255 806 2284 ab
826 2254 886 2291 ipso
908 2262 1074 2294 acceptam,
1091 2254 1202 2286 dilectis
1223 2254 1303 2294 filiis,

232 2294 395 2326 Nobilibus
414 2294 490 2324 Viris
628 2293 709 2324 Duci
731 2292 917 2332 Burgundiae,
937 2302 970 2323 ac
1103 2293 1249 2332 Brstaniae,
1269 2294 1303 2325 &

370 2333 466 2363 Sansti
486 2332 564 2363 Pauli
586 2331 769 2370 Comitibus,
795 2331 903 2362 tamdiu
925 2330 1060 2369 sollicite,
1084 2331 1304 2362 custodiendam

232 2381 282 2411 per
302 2372 390 2410 ipsos,
408 2372 573 2402 audior-itate
595 2370 691 2401 nostra
712 2371 924 2408 committeret,
949 2369 1044 2401 donec
1062 2369 1100 2401 de
1117 2370 1164 2401 illa
1182 2380 1233 2411 per
1250 2381 1304 2402 nos

231 2411 306 2442 aliud
320 2411 476 2448 contigerit
496 2410 629 2440 ordinari.

272 2450 402 2487 Revera,
421 2459 453 2480 ut
471 2459 536 2480 vera
560 2449 729 2487 loquamur,
757 2448 791 2479 &
816 2446 884 2477 faeti
908 2447 1114 2485 plenitudinem
1134 2447 1304 2487 referamus,

232 2489 260 2520 su
282 2500 311 2520 er
326 2489 449 2528 ejusdem
462 2496 544 2518 terrae
558 2486 767 2518 committendi
782 2485 929 2523 custodia,
948 2496 1009 2516 non
1024 2495 1057 2516 ex
1070 2487 1242 2527 improviso,
1258 2488 1304 2520 vel

233 2529 262 2559 su
285 2530 345 2566 ito,
364 2527 422 2558 sive
434 2528 635 2566 praepropere,
654 2525 698 2556 scd
714 2535 784 2556 cum
800 2524 890 2555 multa
906 2526 1064 2556 maturitate
1082 2535 1116 2556 ac
1137 2525 1251 2564 exasta,
1269 2528 1305 2559 &

233 2566 370 2605 perpensi
383 2565 584 2597 deliberatione
599 2563 801 2604 processimus,
817 2573 885 2595 cum
898 2563 1058 2603 hujusmodi
1073 2566 1224 2605 negotium
1238 2575 1306 2597 cor—

233 2606 261 2636 di
276 2605 426 2644 specialiter
441 2605 615 2635 haberemus.

272 2644 355 2675 Nam
378 2653 447 2675 cum
469 2642 593 2681 praefati,
619 2641 749 2673 Britaniae
772 2641 903 2672 Sororius
924 2649 987 2672 tuus
1005 2641 1122 2682 existat,
1147 2642 1181 2674 δε
1204 2642 1304 2675 Sanffl

234 2681 315 2714 Pauli
336 2681 471 2713 Comites
486 2705 496 2720 ,
520 2681 652 2722 proxim&
672 2681 914 2720 consanguinitatis
934 2680 1006 2711 linei
1026 2689 1055 2712 te
1076 2683 1223 2721 contingat
1236 2706 1246 2720 ‚
1269 2692 1303 2713 ac

234 2721 313 2752 idem
331 2721 402 2752 Dux
412 2722 454 2751 tui
469 2722 502 2752 ὃς
516 2719 620 2751 inclitae
634 2719 741 2750 domus
757 2728 815 2749 tuae
831 2718 949 2749 honoris
963 2721 997 2750 δε
1013 2719 1185 2751 exaltationis
1198 2721 1305 2751 zelator

234 2759 555 2798 fervidusagnoscatur,
571 2758 741 2789 credidimus
755 2756 871 2788 firmiter
880 2780 891 2800 ,
907 2757 940 2788 δε
954 2758 1057 2796 absque
1071 2757 1128 2788 ulla
1150 2758 1304 2790 dubitatio-

234 2806 272 2830 ne
286 2800 444 2837 tenuimus,
484 2797 541 2829 uod
556 2797 714 2835 hujusmodi
737 2795 864 2827 facienda
886 2796 936 2825 illis
956 2795 1122 2826 commiffio
1143 2798 1214 2836 tuis,
1231 2806 1303 2829 tuae-

234 2848 292 2876 que
305 2839 411 2877 gentis,
430 2808 627 2871 ianasconiae¹
648 2836 770 2874 partibus
792 2834 968 2865 confistentis
1003 2834 1155 2866 affectibus
1174 2845 1251 2876 grata
1268 2837 1304 2868 &

234 2884 351 2914 accepta
365 2886 452 2914 quam
465 2876 637 2913 plurimum,
656 2885 716 2905 non
735 2874 898 2911 immerito,
915 2873 963 2903 red
985 2881 1095 2912 eretur,
1114 2883 1167 2905 nec
1182 2876 1235 2906 tibi
1257 2875 1304 2906 vel

233 2917 259 2945 ei
275 2915 395 2984 mffssta
407 2916 452 2945 seu
466 2916 556 2953 gravis
571 2912 783 2953 quoquomodo
795 2912 972 2951 succederet,
998 2920 1046 2943 aut
1065 2912 1182 2945 deberet
1201 2914 1233 2944 in
1254 2913 1304 2944 ali-

255 2963 294 2983 uo
329 2955 336 2983 i
369 2955 461 2985 licere.

233 2963 255 2994 q
271 2965 399 3032 Idcogue
420 2991 625 3023 Celiitudinem
646 2990 773 3028 Regiam
795 2999 925 3030 rogamus
945 2990 980 3021 δε
999 2989 1148 3022 hortamur
1175 2998 1281 3022 attente
1294 3015 1304 3030 ,

235 3031 366 3068 quatinus
396 3030 541 3070 diligenter
564 3030 743 3061 considerans
762 3028 867 3060 nostrae
888 3028 1031 3060 laudabilis
1048 3030 1214 3060 intentionis
1233 3029 1306 3060 affe—

238 3069 319 3099 &um
332 3069 476 3108 nostrique
489 3070 576 3100 animi
593 3069 758 3107 puritatem,
775 3067 950 3099 attendentes
971 3078 1088 3106 quoque
1111 3068 1230 3099 sollicite
1250 3068 1305 3099 fin—

236 3107 333 3138 ceram
347 3107 451 3145 fidem,
470 3107 706 3146 circumspectam
725 3106 919 3145 prudentiam,
938 3107 972 3137 &
992 3106 1149 3138 bonitatem
1169 3107 1305 3146 multipli-

236 3155 304 3176 cem
322 3146 463 3176 nobilium
482 3146 704 3185 prcediftorum,
730 3145 767 3176 de
789 3146 907 3184 quibus,
934 3144 972 3176 fic
990 3145 1043 3176 tibi
1063 3145 1244 3214 corffunstis,
1270 3147 1304 3178 &

234 3184 337 3224 Regiae
353 3184 550 3221 Magnitudini
564 3185 715 3222 copulatis,
733 3184 822 3215 nichil
838 3184 1024 3223 indecentiae,
1041 3184 1116 3215 nich'
1131 3194 1187 3222 que
1207 3186 1305 3215 omni-

236 3233 277 3254 no
299 3224 435 3261 permittit
454 3223 579 3262 ambigui
601 3223 680 3260 super
701 3222 822 3253 e'usdem
845 3232 928 3254 terrae
945 3222 1075 3254 custodia
1089 3223 1247 3254 exercenda
1262 3234 1305 3254 re-

237 3262 277 3292 &i
288 3260 387 3300 judicii
401 3261 515 3292 censura
529 3261 673 3299 praesumi,
691 3233 758 3292 ffllud
775 3260 853 3299 quod
872 3272 921 3300 per
942 3271 996 3292 nos
1018 3262 1047 3291 in
1064 3261 1118 3293 hac
1162 3269 1220 3292 arte
1241 3262 1306 3293 fore

236 3300 391 3342 dinoscitur
410 3300 591 3338 ordinatum,
610 3300 643 3330 δε
665 3307 712 3337 tu,
731 3300 817 3330 veluti
835 3299 957 3330 devotus
978 3299 1105 3331 ecclefiae
1126 3298 1144 3329 fi
1158 3301 1215 3338 'us,
1241 3309 1305 3340 gra-

235 3347 300 3408 ῐὲέιῃ
317 3339 419 3370 habeas
439 3340 472 3370 ὃς
492 3346 661 3377 acceptum,
680 3348 713 3368 ac
734 3340 817 3369 etiam
842 3339 858 3368 a
873 3347 957 3378 gente
968 3339 1067 3370 haberi
1081 3338 1164 3369 facias
1182 3338 1307 3377 supradi-

269 3389 293 3408 a.

272 3416 320 3447 Sic
335 3424 364 3447 te
376 3418 405 3446 in
418 3416 473 3446 hiis
485 3413 663 3454 Apostolicae
676 3414 745 3444 sedis
759 3415 793 3445 &
808 3414 908 3445 nostris
928 3415 1112 3454 beneplacitis
1132 3414 1306 3447 confirman-

235 3453 294 3492 do,
312 3463 343 3485 ut
358 3454 518 3485 devotionis
534 3453 634 3493 Regiae
649 3453 904 3491 promptitudinem
917 3454 1050 3486 uberibus
1062 3453 1236 3486 inDornino
1247 3455 1307 3487 lau-

236 3491 317 3522 dibus
332 3493 500 3523 attollamus,

275 3529 423 3562 Caererum
439 3529 558 3570 copioso
571 3530 674 3561 laetitiae
690 3540 754 3561 rore
781 3529 994 3569 perfundimur,
1014 3532 1048 3564 &
1067 3531 1253 3564 vehementer
1265 3532 1298 3562 in

240 3566 375 3598 Domino
390 3571 546 3601 exultamus
567 3569 663 3608 quod,
682 3579 749 3599 cum
772 3570 843 3600 ficut
864 3568 1015 3609 fidedignae
1035 3569 1174 3602 relationis
1192 3569 1306 3601 assertio

240 3605 405 3645 profitetur,
423 3608 590 3646 parentelae,
608 3607 644 3638 de
667 3607 767 3645 quibus
785 3607 881 3638 ac'tum
904 3607 945 3638 est
967 3608 1121 3648 haetenus,
1135 3609 1196 3646 jam
1211 3608 1307 3639 lauda-

239 3643 313 3681 bile,
330 3644 424 3676 a6⁷tore
439 3647 525 3686 Deo,
544 3646 693 3677 noscantur
704 3645 851 3684 suscepiffe
872 3647 1062 3686 principium,
1080 3647 1198 3678 firmiter
1217 3646 1306 3685 spera-

240 3688 286 3724 tur
300 3682 333 3712 δε
347 3683 468 3715 creditur
480 3684 559 3724 quod
571 3685 605 3716 ad
622 3683 710 3714 divini
724 3683 861 3714 Numinis
873 3684 1010 3724 gloriam,
1029 3686 1064 3718 &
1088 3686 1213 3724 quietem
1234 3684 1305 3716 fide-

240 3719 312 3749 hum
328 3718 472 3764 stabiliter,
485 3725 597 3754 favente
609 3723 763 3761 Domino,
778 3723 1002 3762 permansuram,
1016 3733 1113 3756 earum
1126 3725 1156 3755 in
1170 3725 1307 3763 proximo

239 3755 402 3788 laudabilior
416 3763 501 3792 exitus
520 3762 706 3800 subsequetur.

280 3794 413 3826 Praefatos
435 3809 528 3830 autem
549 3800 686 3831 Nuncios
708 3799 881 3837 aliquamdiu
904 3802 1024 3832 retinere
1038 3802 1221 3840 curavimus,
1259 3811 1308 3831 ro-

241 3833 350 3877 pensius
363 3833 522 3868 affec‘tantes
537 3847 584 3876 ut,
601 3838 762 3877 priusquam
772 3838 824 3869 iter
835 3840 989 3876 arriperent
1003 3839 1039 3871 ad
1051 3839 1230 3879 praesentiam
1276 3849 1309 3870 e-

268 3880 315 3900 am
333 3871 484 3917 redeundi,
499 3877 534 3906 de
556 3877 758 3907 reformatione
780 3877 965 3916 concordiae,
982 3878 1058 3909 inter
1081 3886 1109 3910 te
1128 3889 1162 3910 ac
1182 3877 1309 3908 eundern

252 3948 257 3953 -
272 3918 355 3953 egem
370 3909 463 3942 studiis
477 3915 599 3945 uastata:
615 3915 753 3953 sollicitis,
767 3914 802 3945 &
815 3915 832 3945 a
846 3916 930 3946 nobis
946 3917 1042 3947 anxius
1063 3917 1238 3954 expectatae,
1253 3926 1308 3948 vo-

238 3956 305 4015 ῐῒιζὲτ
310 3957 439 3979 rumores
461 3949 495 3981 &
519 3953 641 3991 prosperi
661 3953 696 3984 ad
713 3951 886 3992 apostolatus
905 3954 998 3986 nostri
1020 3956 1151 3987 notitiam
1178 3955 1308 3994 perveni-

275 4024 323 4055 Ad
345 4023 427 4064 haec,
449 4025 517 4064 post
537 4029 751 4060 confectionem
768 4029 965 4069 praesentium,
988 4038 1062 4071 gram
1084 4032 1220 4064 relatione
1232 4030 1304 4062 didi-

1135 230 1169 260 &
1193 227 1288 266 quoad
1330 225 1378 263 su,
1397 224 1560 254 ordinatum
1582 223 1692 262 existit,
1707 232 1740 253 ut
1760 231 1880 260 uterque
1891 220 2039 259 praediecae
2054 227 2138 251 terrae
2158 219 2327 260 Vasconiae,
2343 231 2407 259 par·
2444 228 2554 259 1299„,

1333 272 1411 301 tem,
1429 272 1517 301 quam
1530 261 1565 292 ad
1579 261 1700 300 praesens
1713 271 1810 292 tenere
1823 260 1978 291 dinoscitur
1987 283 1997 297 ,
2014 258 2051 289 de
2063 268 2169 291 caetero
2183 259 2284 290 debeat
2303 261 2407 291 retine-
2425 261 2495 289 Edv.
2509 258 2559 298 14¹4

1334 312 1364 332 re
1371 301 1435 369 ,stde
1457 311 1518 340 quo
1537 302 1611 332 bene
1631 301 1760 332 contenti
1781 299 1891 337 sumus3
1910 298 1998 337 idque
2016 306 2170 337 acceptum
2185 297 2310 330 redditur
2330 300 2408 331 votis
2539 301 2542 305 ’

1336 350 1464 417 ξἸοὸιξξέτι·
1482 377 1542 408 aliis
1561 379 1634 409 vero
1653 377 1836 409 Excellentiae
1857 376 1959 417 Regiae
1978 376 2010 406 in
2023 376 2122 415 brevi,
2139 376 2238 407 actore
2250 375 2409 415 Domino,

1336 417 1416 448 latius
1429 417 1625 448 rescribemus.

1338 492 1445 563 toDat.
1464 493 1603 533 Anagniae
1624 502 1654 534 4.
1672 491 1738 524 Kal.
1755 492 1895 533 Augusti,
1911 491 2101 524 Pontificatfis
2121 491 2212 524 nostri
2229 501 2309 524 anno
2324 492 2409 532 quinf

2016 607 2071 639 Sub
2080 606 2135 650 filo
2152 607 2278 639 canabeo.

1339 744 1524 787 Τναὲἳαῑκς,
1549 743 1633 792 apud
1648 743 1884 788 Musterolium‚
1908 756 2012 778 coram
2034 747 2155 780 Nuncio
2176 748 2261 793 Papae
2287 743 2408 788 habiti,

1611 794 1784 839 Rattficatio
1797 805 1852 841 per
1870 797 1980 841 Regem
1997 795 2137 829 Franciae.

1342 885 1434 947 PH.
1453 897 1503 925 par
1522 887 1547 917 la
1569 896 1655 925 grace
1675 887 1712 918 de
1733 887 1829 927 Dieu,
1846 887 1930 927 Roys
1950 886 1988 918 de
2008 886 2132 927 France‚
2149 897 2165 920 a
2179 897 2244 921 tous
2258 899 2342 929 ceus,
2360 890 2411 930 qui
2426 905 2494 937 Arm
2514 908 2557 940 D.

1410 935 1457 956 ces
1470 925 1608 964 presentes
1621 926 1734 958 Lettres
1746 934 1881 965 verront,
1898 926 1975 958 salut.
2446 955 2482 976 η
2497 931 2503 937 ”
2546 934 2554 942 ·

1380 963 1481 995 Savoir
1500 964 1602 996 faisons
1622 975 1695 1005 que,
1712 975 1801 997 come
1817 974 1898 996 entre
1915 974 1968 996 nos
1990 975 2160 1003 procureurs
2181 965 2265 998 d’une
2279 976 2356 1006 part,
2374 969 2409 1000 &
2423 989 2451 1012 A
2485 955 2524 985 99
2525 972 2534 978 '

1342 1000 1382 1032 les
1395 1013 1566 1048 procureurs
1577 1003 1613 1035 de
1623 1012 1677 1035 tres
1692 1004 1781 1035 noble
1792 1004 1896 1035 Prince
1911 1002 2043 1042 Edwart,
2061 1014 2110 1042 par
2123 1004 2149 1036 la
2164 1014 2250 1042 grace
2262 1005 2299 1036 de
2313 1006 2409 1046 Dieu,
2423 997 2476 1052 En.
2494 997 2540 1024 ²⁷⁸
2563 1009 2566 1011 ’

1343 1039 1406 1072 Ror
1417 1041 1630 1082 d'Engleterre,
1649 1042 1745 1074 nostre
1759 1043 1891 1074 treschier
1905 1042 2032 1080 Cousm,
2050 1043 2157 1074 d'autre
2170 1044 2245 1074 aient
2257 1043 2315 1076 este
2329 1045 2409 1085 faitz,
2426 1046 2467 1091 Εζτ
2478 1035 2510 1093 ¹A

1342 1089 1379 1110 en
1397 1080 1424 1111 la
1445 1081 1579 1119 presence
1598 1081 1634 1113 de
1654 1081 1831 1113 honourable
1848 1080 1919 1112 Pere
1940 1081 1980 1112 R.
1999 1090 2049 1118 par
2070 1081 2089 1101 ²*
2104 1081 2166 1112 cele
2179 1082 2299 1113 mesmes
2310 1092 2410 1123 grace,
2424 1109 2450 1130 to
2467 1113 2479 1130 r
2507 1075 2539 1093 κ’

1343 1117 1476 1163 Evesque
1496 1120 1533 1151 de
1550 1119 1696 1160 Vicence,
1729 1121 1835 1153 envoie
1861 1120 1899 1151 de
1919 1119 2016 1150 nostre
2038 1119 2112 1151 Pere
2130 1120 2272 1159 l'Apostle
2291 1131 2320 1152 es
2348 1132 2412 1162 par-
2428 1125 2511 1170 ‘H'g

1343 1165 1394 1188 ties
1413 1159 1450 1189 de
1469 1169 1502 1190 ca
1521 1160 1561 1191 les
1572 1158 1668 1191 Mons
1686 1169 1762 1199 pour
1781 1169 1833 1199 ce,
1847 1168 1954 1190 aucuns
1970 1167 2076 1197 acorz,
2092 1169 2290 1199 covenances,
2309 1160 2343 1191 &
2365 1171 2414 1192 or-
2487 1164 2493 1170 ”
2513 1151 2562 1179 5²⁹

1343 1195 1498 1237 denances,
1516 1206 1673 1230 contenuee
1688 1199 1748 1238 plus
1760 1198 1933 1240 plainement
1948 1207 1977 1228 es
1990 1197 2119 1236 Lettres,
2135 1197 2218 1229 seeles
2237 1197 2277 1229 du
2297 1197 2352 1230 seel
2374 1199 2415 1232 du

1343 1235 1528 1314 gietnltiivesque
1543 1237 1628 1271 &de
1640 1237 1722 1270 seaux
1732 1237 1782 1269 des
1796 1237 1856 1269 ditz
1870 1246 2057 1276 procureurS,
2075 1236 2148 1268 dont
2167 1237 2193 1268 la
2212 1237 2327 1269 fourme
2343 1238 2415 1270 s'en—

1383 1352 1412 1384 A
1423 1360 1496 1385 touz
1509 1363 1590 1393 ceus,
1609 1353 1672 1390 &c.
1690 1354 1814 1396 utsupra
1828 1354 1861 1384 de
1875 1353 1935 1384 dat.
1953 1350 2050 1392 Menfi’
2059 1351 2146 1392 Jum'i
2159 1351 2198 1390 ὠ»
2210 1359 2276 1384 tunc
2281 1353 2332 1394 fic.

1383 1429 1474 1462 Nous
1490 1441 1563 1471 pour
1576 1430 1645 1462 bien
1658 1431 1696 1463 de
1710 1441 1776 1471 pes,
1791 1438 1884 1463 tontes
1897 1430 1935 1461 les
1948 1428 2046 1461 choses
2059 1428 2153 1462 deffus
2163 1429 2274 1463 escrites
2286 1432 2320 1464 &
2335 1432 2416 1465 chas-

1347 1477 1422 1500 cune
1436 1470 1565 1508 d’iceles,
1583 1479 1620 1500 en
1634 1477 1693 1502 tant
1708 1480 1797 1502 come
1810 1469 1865 1501 eles
1880 1479 1952 1500 nous
1966 1467 2107 1500 touchent
2117 1492 2127 1506 ,

1383 1507 1545 1548 Ratefions,
1570 1517 1705 1548 agreons,
1720 1509 1814 1540 disons
1847 1515 2032 1547 prometons,
2049 1506 2144 1538 fesons
2159 1507 2238 1546 juret
2254 1519 2292 1540 en
2314 1509 2414 1541 nostre

1344 1555 1422 1586 ame,
1442 1559 1491 1586 per
1506 1546 1603 1578 nostre
1614 1558 1678 1579 ame
1693 1549 1727 1579 &
1741 1548 1793 1579 feal
1807 1533 1961 1585 Chivaler,
1978 1545 2116 1591 P.·F10te
2135 1545 2272 1586 Seigneur
2293 1547 2331 1579 de
2351 1549 2416 1580 Re-

1345 1586 1407 1624 uel,
1424 1587 1458 1617 &
1472 1587 1575 1626 radfie,
1593 1595 1675 1627 agre,
1693 1587 1752 1626 dit,
1776 1587 1901 1626 promis,
1918 1586 1952 1617 &
1966 1585 2006 1616 fet
2013 1595 2078 1624 Jure
2099 1595 2136 1616 en
2149 1584 2248 1617 nostre
2259 1595 2324 1618 ame
2333 1586 2361 1618 le
2374 1587 2418 1620 dit

1346 1624 1501 1665 Chivaler,
1519 1635 1608 1658 avons
1621 1636 1657 1657 en
1672 1626 1696 1656 la
1711 1636 1825 1657 manere
1837 1625 1919 1663 quele
1931 1625 1994 1656 sont
2007 1624 2152 1656 acordees.

1382 1663 1439 1704 Et,
1455 1675 1580 1703 encore,
1597 1674 1658 1695 noz
1670 1665 1776 1695 chieres
1791 1665 1825 1696 &
1839 1665 1919 1695 feaux
1935 1663 2035 1702 freres,
2051 1662 2166 1694 Challes
2179 1662 2216 1694 de
2236 1661 2363 1704 Vallois,
2381 1664 2417 1697 &

1346 1701 1442 1744 Loeys
1462 1703 1498 1734 de
1516 1703 1643 1742 EureuS,
1660 1703 1789 1743 Contes,
1806 1711 1861 1735 ont
1875 1703 2000 1741 promis,
2015 1703 2050 1734 ὃ(
2060 1703 2174 1746 jure'en
2187 1700 2286 1746 nostre
2327 1703 2417 1735 resen-

1344 1751 1448 1812 {5035
1463 1742 1929 1813 ”seig'fss'c‘cilacffiss‘di'ciss‘t‘iobffissif'
1948 1740 2147 1818 fio‘ffiiff-dss
2160 1749 2295 1781 ΜΨ
2316 1751 2333 1773 ⁶
2352 1752 2418 1782 ‘'⁶“

1383 1806 1533 1859 Lesqueux
1555 1822 1605 1851 rati
1627 1829 1741 1859 ement,
1765 1828 1947 1860 agreement,
1966 1816 2140 1856 promeffes,
2155 1817 2190 1849 &
2211 1815 2374 1858 seremenz,
2394 1819 2416 1852 li

1346 1856 1396 1888 diz
1411 1858 1571 1899 Evesques,
1590 1869 1677 1890 come
1692 1859 1838 1897 Meffages
1851 1858 1891 1889 du
1904 1858 1945 1889 dit
1960 1857 2054 1896 Pape,
2073 1866 2110 1887 en
2121 1855 2147 1886 la
2159 1856 2292 1894 presence
2311 1858 2349 1890 de
2365 1858 2417 1897 Je-

1345 1896 1400 1927 han
1424 1897 1555 1937 Evesque
1573 1898 1610 1929 dc
1630 1897 1821 1938 Wyncestre,
1841 1898 1916 1929 Arne
1936 1896 2036 1928 Conte
2050 1895 2087 1927 de
2102 1894 2222 1934 Savoie,
2240 1896 2346 1928 Gerrat
2359 1898 2418 1928 Ar-

1345 1935 1493 1968 chediacre
1514 1937 1550 1968 de
1569 1937 1750 1968 Richernont
1763 1962 1774 1976 ,
1799 1938 1833 1968 ὃς
1849 1936 1947 1976 Johan
1968 1934 2005 1966 de
2025 1934 2092 1965 Barr
2111 1933 2248 1967 Chivaler
2262 1958 2273 1975 ,
2292 1936 2418 1968 envoiez

1345 1984 1400 2012 pur
1413 1986 1448 2006 ce
1460 1976 1547 2014 depar
1560 1976 1586 2007 le
1602 1976 1672 2012 Rov
1686 1975 1884 2012 d’Engleterre
1898 1985 1935 2005 en
1955 1984 2002 2005 ces
2023 1973 2140 2012 parties,
2160 1983 2257 2006 receut
2277 1983 2318 2006 ou
2336 1984 2417 2014 non,

1346 2014 1381 2046 &
1395 2025 1432 2045 au
1446 2015 1531 2054 profit
1543 2015 1581 2046 du
1596 2015 1637 2046 dit
1652 2012 1722 2056 Roy
1736 2015 1948 2055 d'Engleterre,
1964 2014 1998 2045 &
2013 2013 2050 2043 de
2061 2011 2178 2044 Edwart
2190 2011 2243 2043 son
2256 2011 2295 2042 fil.

1384 2052 1440 2093 Et,
1458 2064 1546 2085 corne
1567 2054 1586 2085 il
1605 2054 1658 2085 soit
1680 2063 1826 2085 conrenue
1849 2063 1877 2084 es
1897 2051 1968 2083 dites
1988 2052 2082 2083 lettres
2103 2051 2203 2082 deffuz
2214 2051 2345 2091 escritee,
2361 2061 2418 2091 que

1346 2101 1420 2123 nous
1432 2092 1542 2124 devons
1556 2093 1616 2124 dire
1630 2094 1663 2124 ὃς
1674 2092 1834 2131 promestre
1845 2092 1980 2123 certaines
1992 2090 2090 2122 choses
2105 2089 2253 2121 d’amistez
2263 2100 2300 2122 en
2316 2091 2341 2122 la
2354 2101 2418 2130 pre-

1346 2134 1431 2162 sence
1446 2131 1485 2163 du
1499 2132 1539 2163 dit
1553 2132 1681 2172 Evesque
1695 2131 1732 2163 de
1747 2132 1891 2170 Vicence,
1909 2131 1943 2163 &
1958 2130 2007 2161 des
2020 2128 2124 2162 Gentz
2135 2128 2175 2160 du
2197 2129 2259 2160 Roi
2280 2128 2420 2168 d’Angle—

1346 2177 1474 2240 ἰεἷῙΥξῙξῖκις
1486 2219 1523 2240 en
1538 2210 1563 2240 la
1576 2211 1708 2248 presence
1721 2209 1758 2253 de
1773 2219 1839 2240 ceus
1855 2208 1993 2247 mesmes,
2010 2216 2100 2239 avons
2111 2206 2168 2246 dit,
2187 2208 2221 2239 &
2240 2208 2350 2245 promis
2370 2217 2420 2252 ce-

1347 2246 1386 2277 les
1401 2249 1520 2317 mesmes
1534 2249 1648 2287 choses,
1667 2250 1734 2279 ainii
1751 2258 1839 2279 come
1853 2248 1918 2278 elles
1932 2247 1994 2278 sunt
2009 2254 2166 2277 contenues
2181 2247 2216 2277 &
2231 2245 2324 2276 dessus
2337 2245 2418 2277 escri-

1348 2294 1389 2316 teS
1401 2296 1418 2316 e
1449 2297 1508 2317 ecla
1520 2296 1607 2318 ment.

1384 2296 1608 2363 Einesrnoign
1621 2325 1658 2356 de
1670 2325 1696 2356 la
1710 2325 1776 2364 quel
1788 2324 1889 2363 chose,
1907 2332 1981 2354 nous
1994 2332 2084 2354 avons
2103 2322 2157 2354 mis
2177 2321 2275 2354 nostre
2296 2322 2360 2354 Seel
2380 2333 2418 2355 en

1349 2373 1396 2394 ces
1409 2364 1546 2402 presentes
1562 2365 1667 2396 lettres.

1387 2441 1458 2480 Qe
1479 2442 1510 2473 fu
1531 2441 1580 2472 fait
1602 2451 1638 2472 en
1658 2440 1789 2472 l'Abbaie
1809 2440 1846 2471 de
1859 2438 2024 2471 Laumosne
2038 2438 2074 2470 de
2088 2437 2249 2479 Cysteaux,
2268 2438 2372 2469 Lunde
2393 2437 2420 2470 le

1344 2480 1412 2518 jour
1423 2480 1460 2511 de
1475 2481 1499 2512 F
1500 2480 1541 2512 est
1555 2480 1582 2511 le
1596 2480 1756 2511 Invencion
1770 2480 1850 2511 Saint
1863 2478 1985 2517 Estene,
1997 2488 2034 2509 en
2046 2478 2101 2509 l’an
2116 2477 2154 2509 de
2167 2487 2251 2516 grace
2263 2477 2418 2510 mill.deux

1348 2528 1441 2559 cenz,
1460 2521 1638 2559 quatrevins,
1657 2519 1691 2551 ὃ(
1704 2519 1762 2557 dis,
1780 2519 1814 2551 &
1828 2518 1915 2557 neuf,
1932 2528 1973 2549 ou
1986 2517 2061 2548 mois
2076 2515 2208 2548 d’Aoust.

1349 2667 1505 2713 Composito
1513 2676 1568 2713 per
1587 2669 1728 2701 Nuncios
1746 2665 1861 2713 Angliae
1878 2666 1914 2703 (ῤ’
1933 2665 2067 2697 Franciae
2083 2659 2168 2709 apud
2179 2659 2357 2705 Mastroill,
2378 2658 2416 2692 de

1388 2727 1464 2762 pace
1473 2714 1621 2761 facienda
1641 2719 1721 2748 inter
1735 2715 1808 2761 ipsbs
1827 2716 1917 2759 Reges
1929 2739 1939 2755 ,
1952 2710 2121 2757 secundum
2130 2710 2272 2755 formam
2279 2719 2417 2755 pronun-

1394 2767 1531 2797 ciationis
1550 2766 1677 2797 Domini
1703 2767 1804 2809 Papae,
1828 2773 1932 2795 coram
1951 2760 2090 2807 Epiftopo
2105 2762 2143 2794 V
2140 2761 2264 2793 icentino
2273 2754 2334 2804 stab
2364 2759 2417 2789 Si·
2453 2763 2456 2766 ⁴

1387 2813 1463 2860 gillo
1481 2812 1615 2859 ejusdem
1631 2813 1778 2859 Epifiopi·

1420 2905 1568 2944 Niverfis‚
1592 2905 1741 2945 praesentes
1761 2905 1863 2936 litteras
1881 2901 2063 2947 inspeeturis,
2081 2900 2260 2946 Raynaldus,
2277 2897 2338 2930 Dei
2357 2905 2418 2942 gra-

1441 2946 1499 2985 tia,
1516 2945 1541 2976 E
1562 2945 1672 2984 iscopus
1687 2944 1874 2979 vicentinus,
1891 2952 1945 2980 pro
1960 2949 2082 2979 negotio
2095 2948 2267 2985 pacis,1nter
2279 2937 2304 2968 E
2326 2946 2419 2978 regtos

1349 2984 1515 3023 Principes,
1567 2985 1698 3022 ominos,
1716 2983 1775 3014 Dei
1789 2982 1891 3022 gratia,
1909 2980 2074 3024 Philippum
2089 2979 2234 3017 Franciae,
2252 2978 2286 3009 &
2334 2975 2417 3022 dvaij-
2433 2997 2486 3022 An.
2505 3003 2552 3029 27·

1349 3024 1421 3055 dum
1441 3024 1557 3062 Angliae
1577 3023 1675 3061 Reges
1693 3021 1831 3059 illustres,
1849 3031 1898 3059 per
1919 3018 2134 3065 Sanfihffimum
2154 3017 2288 3054 Patrem,
2306 3015 2416 3046 Domi-
2432 3037 2462 3061 13.
2487 3042 2510 3061 ι.

1347 3073 1420 3094 num
1436 3062 1639 3101 ,Bonifacium,
1662 3060 1759 3093 divini
1779 3059 1974 3098 providenua,
1998 3057 2180 3089 ficrosanistae
2200 3056 2365 3101 Romanae,
2382 3063 2416 3098 ac
2434 3075 2475 3099 Ex
2489 3074 2549 3100 Au-

1348 3101 1523 3133 Universalis
1540 3100 1678 3132 Ecclefiae
1697 3099 1842 3131 summum
1862 3096 2054 3141 Pontificem,
2072 3103 2283 3140 pronunciatae,
2308 3092 2344 3124 ad
2364 3091 2416 3137 Ci—
2433 3117 2498 3147 mgr·

1349 3149 1541 3172 tramontanas
1556 3149 1645 3179 partes
1659 3139 1696 3171 ab
1708 3138 1770 3177 ipso
1782 3137 1896 3169 summo
1908 3135 2052 3168 Pontifice
2063 3134 2232 3173 destinam,
2248 3132 2366 3163 salutem
2387 3140 2418 3161 m

1350 3180 1496 3211 Domino.
2299 3210 2304 3215 ι
2330 3210 2336 3215 ·
2387 3209 2392 3214 .

1384 3219 1505 3249 Notum
1523 3217 1643 3248 facimus
1662 3215 1811 3247 Univerfis
1834 3215 1867 3246 &
1884 3214 2015 3252 fingulis,
2032 3222 2086 3244 nos
2122 3220 2198 3256 anno
2211 3208 2419 3253 Dommiqrml-

1349 3258 1450 3289 lesimo
1485 3256 1696 3293 ducentefimo,
1714 3255 1915 3292 nonagesimo,
1930 3262 2028 3296 nono,
2045 3235 2208 3296 lndifflone
2228 3247 2418 3294 duodecima,

1351 3298 1432 3328 tertia
1446 3280 1493 3326 die
1509 3294 1616 3325 Mensis
1631 3293 1768 3333 Augusti,
1787 3291 1976 3325 Pontificatfis
1989 3290 2060 3323 diCu
2072 3289 2199 3321 Domini
2212 3287 2352 3320 Bomfacu
2363 3285 2419 3317 Pa-

1350 3345 1396 3374 pae
1409 3333 1507 3366 octavi
1520 3343 1596 3364 anno
1612 3333 1731 3372 quinto,

1385 3411 1420 3443 In
1432 3410 1504 3444 diffl
1518 3409 1642 3442 Domini
1655 3409 1744 3450 Regis
1759 3409 1903 3442 Franciae:

1488 3487 1702 3520 Venerabilium
1716 3486 1853 3526 Parrum,
1871 3485 2092 3523 Dominorum,
2110 3482 2169 3516 Dei
2182 3480 2287 3523 gratia,

2433 2913 2511 2946 Ann.
2524 2914 2570 2947 D,

2455 2961 2541 2994 1299.

1387 3567 1480 3604 Egidii
1493 3563 1677 3605 Narbonenfis
1690 3563 1903 3603 Archiepiscopi:

1387 3606 1495 3636 Thomae
1510 3602 1650 3642 Dolenfis‚

1389 3645 1469 3673 Petri
1484 3640 1724 3681 Antifiodorenfis,

1386 3681 1534 3721 Johanner
1546 3681 1697 3719 Carcaffim.
1717 3680 1756 3715 ό·

1388 3720 1530 3759 Johannis
1545 3721 1588 3750 W
1586 3719 1740 3760 intonienfis
1745 3742 1755 3758 ,
1775 3717 1975 3758 Epistoporum:

1681 3795 1720 3828 Et
1733 3789 1923 3827 discreiomm
1937 3792 2094 3839 Virorum,

1387 3872 1582 3914 Magtstrorum
1595 3872 1728 3913 Stephani
1742 3871 1939 3904 Archidiaconi
1960 3864 2152 3910 Brugenfiszqin
2173 3859 2292 3902 Ecclesia
2313 3862 2416 3895 urna-

1390 3923 1490 3982 Nlecegzg
1495 3935 1533 3982 ’de
1545 3949 1721 3982 eathalauno
1733 3948 1885 3993 Senonenfis
1920 3945 1959 3981 &⁵
2214 3981 2219 3987 ,

1389 3989 1501 4021 Roberti
1515 3990 1548 4021 de
1563 3989 1697 4022 Silvanen
1705 4013 1716 4029 ,
1738 3993 1876 4021 carnoten
1887 3996 1910 4016 rs
1923 3981 2101 4022 Ecclefiarum
2113 3981 2306 4011 Canomcorum
2313 3990 2324 4010 .-

2331 4054 2417 4085 Ne&
