2570 4261
564 147 691 188 ET
776 148 1093 190 ACTA

0 235 67 267 i.D.
83 233 174 274 galcm
187 242 239 271 pro
251 233 300 264 suo
313 232 425 264 Officio
441 234 616 272 exercendo,
634 235 814 265 irreverenter
833 234 973 274 fugantes,
992 234 1025 264 &
1045 242 1143 270 appre-

0 283 48 314 94·

4 335 10 342 .
33 323 56 341 ί.

87 273 204 303 lierisum
217 273 252 302 ab
267 273 305 302 eis
320 282 437 302 manum
451 272 629 313 amputarunt
644 273 745 301 eidem.

122 311 196 341 Item
215 319 334 348 quatuor
352 311 498 348 homines,
516 310 615 340 nostro
633 311 743 340 servitio
761 310 922 348 existentes,
944 320 997 347 pro
1015 308 1144 339 custuma

87 350 246 387 recipienda
270 350 298 378 111
325 348 414 378 Ρο1111
435 349 578 378 Frenciaci
593 373 602 387 ,
633 350 660 377 in
684 358 768 378 manu
787 349 882 378 nostra
900 358 966 378 tunc
986 347 1119 378 existente
1135 370 1145 384 ,

89 388 253 418 accedentes
271 386 304 416 ad
323 387 350 416 se
364 411 374 424 ,
404 388 432 416 111
451 386 591 423 quandam
610 396 711 416 navem
725 410 734 425 ,
767 396 850 424 quam
868 387 1066 416 Mei-catorum
1089 384 1146 414 effe

91 425 235 465 fingebant
246 449 256 462 ,
290 425 365 462 quasi
383 426 421 454 eis
435 425 539 454 vellent
558 424 717 454 custumam
735 424 842 455 solvere
861 426 1022 454 consuetam
1035 447 1045 461 ,
1067 423 1146 460 supra

113 474 207 494 roram
230 463 307 493 navis
331 462 489 492 decolantes
503 485 513 500 ,
537 462 758 500 proditionaliter
784 463 973 500 occiderunt,
998 462 1123 491 dicentes
1137 484 1146 498 ,

92 474 138 531 {oc
167 505 265 530 acimus
283 504 311 529 in
331 499 447 538 despefiu
466 503 542 537 Regis
557 503 696 538 Franriae,
716 500 753 534 ῤ’
769 500 890 530 Karolirt'
906 500 1003 537 fratris
1014 499 1067 538 Jin'.

162 539 266 569 astrum
289 539 373 568 etiam
396 538 432 568 de
456 538 581 576 BuzetO,
601 547 668 568 tunc
692 539 809 568 existens
830 541 859 569 in
873 535 968 569 nostra
982 538 1076 578 gardia
1089 537 1148 574 spess

97 578 178 615 ciali,
195 577 393 614 expugnarunt
414 587 482 606 cum
501 578 597 614 armis,
612 577 761 616 ceperunt,
779 577 937 616 vastatum,
955 576 1149 607 destruxerunt

96 618 130 647 &
144 615 366 653 comburerunt3

136 653 174 683 Et
186 653 322 691 quosdam
335 653 481 689 homines,
499 651 644 682 existentes
658 654 686 682 in
708 653 834 683 custodia
853 653 964 691 Castri,
982 653 1050 683 diesti
1069 651 1151 681 Cuil-

97 692 154 730 ler,
163 693 191 721 in
208 702 292 722 manu
305 691 400 722 nostra
413 690 569 728 existentis,
586 692 618 721 ὃς
631 691 782 728 specialiter
797 692 867 722 duos
881 692 1026 722 servientes
1039 690 1150 719 nostros

98 731 225 767 ibidem,
242 730 346 768 positos
357 729 391 759 ad
404 727 563 759 custodiam
576 729 669 759 Castri
684 729 818 768 ejusdem,
835 731 864 760 in
879 730 965 760 nostri
983 729 1152 766 vituperium

97 768 305 806 suspenderunt.

136 807 322 837 inhibuerunt
339 806 440 842 etiam,
460 806 493 836 ὃς
514 805 627 842 publice
645 806 811 843 proclamari
833 806 975 844 fecerunt,
999 806 1048 836 sub
1067 814 1152 843 prena

99 844 249 882 suspendii,
267 845 300 874 &
316 844 409 874 ultimi
424 844 566 881 supplicu,
584 846 616 875 ὃς
632 844 779 874 amiffione
794 847 925 875 omnium
939 846 1101 881 bonorum,
1118 853 1154 872 ne

100 885 161 921 quis
176 883 366 918 subjectorum
379 882 541 912 vestrorum
551 906 560 919 ,
576 883 605 911 111
617 882 698 912 dietis
712 882 826 914 Ducatu
840 884 872 914 ὃς
896 884 1009 921 Terris,
1028 882 1062 912 ad
1083 892 1154 920 nos,

101 922 148 952 vel
173 917 300 950 nostram
325 920 443 951 Curiam
468 921 579 950 auderet
601 921 737 958 appellare
752 945 762 958 ,
792 923 821 951 in
840 922 944 952 nostrae
962 921 1155 959 superioritatis

87 959 311 997 ⁴prae'udicium,
330 961 362 990 ὃς
377 960 519 988 helionem
532 960 633 995 Regia:
648 959 819 998 Majestati53
833 960 966 998 quodque
981 960 1063 997 siquis
1076 958 1155 995 esset,

101 1000 131 1028 111
166 998 228 1028 ieris
244 997 357 1027 Ducatu
373 1000 405 1028 &
421 997 535 1035 Terris,
554 998 603 1034 qui
617 997 741 1027 nostram
775 1008 862 1028 artem
876 999 960 1028 vellet
980 1006 1092 1034 tenere,
1110 996 1155 1026 seu

102 1037 186 1081 nobis
198 1035 354 1074 adhaerere,
371 1036 420 1066 sub
436 1046 521 1074 poena
535 1037 631 1074 capitis
644 1037 729 1066 exiret
762 1046 777 1066 e
791 1037 894 1067 eisdem
911 1037 1026 1067 Ducatu
1040 1035 1157 1067 &Ter-

102 1085 147 1106 113.

140 1113 212 1144 Item
233 1115 318 1144 etiam
339 1113 491 1151 quemdam
512 1112 656 1143 Nobilem
670 1136 679 1151 ,
711 1121 869 1143 morantem
889 1115 917 1143 in
938 1113 1049 1143 servitio
1069 1111 1158 1141 nostri

83 1145 85 1147 ¹
107 1152 279 1191 Marescalli,
297 1162 411 1196 per-nos
425 1152 458 1182 ad
472 1160 560 1190 partes
573 1152 631 1181 illas
647 1151 735 1189 miffi,
753 1152 943 1190 decapitatum
954 1151 1158 1187 inhumaniter,

3 1466 90 1502 1635.

0 3179 57 3201 rnn.
71 3167 112 3199 D.

6 3217 90 3247 1294.

0 3259 33 3275 ἵη-
47 3258 91 3274 22.

8 3309 12 3315 .
35 3297 60 3314 ι.

0 3336 24 3353 .ae
38 3325 109 3360 Orig-

2 3374 52 3392 umes

0 3410 114 3430 mmerar.

0 3442 71 3468 *nima

107 1193 141 1222 ὅ(
156 1192 333 1229 projecerunt
348 1200 376 1219 in
392 1200 500 1227 aquam.

145 1230 301 1265 Quendam
315 1230 398 1259 etiam
412 1229 571 1259 Notarium
594 1227 741 1265 nostrum,
759 1229 792 1259 ὃς
813 1227 1005 1258 Castellanum
1027 1226 1158 1256 nostrum

105 1268 199 1298 Castri
216 1268 362 1305 Saraceni,
381 1268 414 1298 δε
428 1266 497 1297 (11103
510 1267 576 1295 alios
592 1266 702 1295 nostros
716 1266 883 1304 servientes,
901 1276 951 1303 per
969 1265 1159 1295 Senescallum

103 1307 194 1336 Thol.
213 1307 363 1336 literatorie
378 1304 474 1335 missos
487 1304 520 1334 ad
531 1304 695 1341 ⁸Iohannem
710 1304 746 1333 de
758 1304 863 1334 8311610
875 1304 1006 1342 johanne
1022 1303 1159 1340 Militem,

104 1353 173 1375 tunc
195 1352 339 1375 tenentem
359 1344 456 1373 locum
477 1342 604 1373 vestrum
624 1343 652 1372 in
675 1342 826 1379 Vaseonia,
845 1342 926 1372 dietis
947 1343 1083 1379 partibus,
1107 1350 1160 1378 pro

107 1383 273 1421 quibusdam
289 1381 514 1420 requisitionibus
537 1390 571 1410 ex
591 1390 668 1418 parte
687 1380 780 1410 nostra
802 1380 935 1410 faciendis
947 1404 955 1418 ,
989 1380 1103 1410 eosdem
1126 1379 1161 1408 de

104 1422 224 1459 hospitio
237 1444 247 1459 ,
271 1421 322 1451 ubi
342 1420 450 1450 fuerant
468 1420 613 1457 hospitati,
639 1419 828 1458 extrahentes,
853 1420 886 1449 &
908 1420 977 1448 inter
1000 1418 1160 1448 murtrarios

108 1462 183 1491 circa
199 1459 321 1489 mediam
338 1459 457 1488 110616111
475 1466 588 1495 captos,
608 1458 626 1477 ’K‘
649 1457 812 1495 quibusdam
834 1459 922 1487 nautis
944 1457 989 1486 seu
1012 1456 1162 1486 marinariis

107 1497 295 1535 tradiderunt,
315 1498 362 1535 qui
375 1507 439 1535 eos,
457 1497 548 1526 viliter
562 1496 700 1527 trahentes
719 1505 767 1534 per
789 1496 897 1533 lutum,
915 1495 1051 1525 duxerunt
1067 1494 1101 1524 ad
1114 1504 1163 1523 na-

107 1545 192 1575 vem,
210 1537 259 1567 ubi
274 1546 322 1574 per
337 1545 443 1565 novem
457 1534 515 1565 dies
535 1535 655 1574 graviter
673 1543 840 1572 tenuerunt,
863 1535 892 1564 in
910 1534 1073 1564 liberatione
1090 1533 1164 1570 ipso-

106 1585 228 1613 rumque
241 1584 342 1605 eomm
357 1575 431 1604 bona
445 1583 590 1611 perperam
604 1574 761 1603 retinentes.

143 1613 182 1644 Et
197 1614 264 1643 alios
280 1612 405 1643 excessus
420 1614 581 1642 innumeros
602 1613 634 1642 ὃς
654 1610 832 1649 nepliandos,
851 1611 883 1641 &
905 1610 1026 1641 orribilia
1046 1609 1166 1647 flagitia,

107 1651 325 1690 inobedientias,
354 1650 538 1688 rebelliones,
560 1649 706 1680 seditiones
727 1650 850 1689 publicas
864 1672 874 1687 ,
898 1650 926 1678 in
948 1647 1038 1678 nostri
1057 1649 1167 1684 vitupe-

110 1693 201 1728 rium,
220 1689 432 1728 perpetrarunt,
450 1699 516 1726 quae
527 1689 613 1718 etiarn
626 1688 698 1718 adeo
715 1687 805 1725 palam
841 1688 874 1718 ὃς
887 1687 1016 1725 publice,
1034 1687 1068 1717 &
1082 1694 1168 1729 noto-

111 1731 169 1766 rie,
186 1731 219 1760 &
234 1729 292 1758 fere
308 1729 337 1757 in
352 1727 441 1757 oculis
456 1727 502 1756 seu
519 1726 671 1764 coiispeffitu
687 1736 798 1764 quorun
820 1736 866 1756 am
879 1735 912 1756 ex
928 1725 1029 1756 nostris
1042 1734 1168 1763 proceri-

112 1769 183 1804 bus,
201 1768 234 1797 &
251 1766 409 1796 multorum
424 1774 458 1794 ex
470 1764 571 1795 nostris
586 1765 715 1802 gentibus
731 1765 813 1802 (quos
827 1765 861 1795 ad
877 1773 965 1802 partes
979 1764 1095 1802 illas,ex
1108 1772 1169 1793 cer-

111 1807 145 1836 tis
164 1804 265 1843 caufis,
283 1804 316 1835 &
337 1814 390 1842 pro
411 1804 492 1834 certis
512 1803 651 1840 negotiis,
669 1803 842 1841 miseramus)
865 1804 898 1834 &
922 1801 1047 1840 tamdiu,
1065 1803 1099 1833 &
1120 1810 1169 1838 per

111 1843 177 1874 tales
190 1850 344 1881 perpetrata
356 1842 484 1880 fuerunt,
502 1841 580 1879 quod
592 1841 666 1872 nulla
688 1841 803 1879 possimt
824 1841 1048 1881 tergiversatione
1070 1840 1169 1877 celari,

113 1882 147 1913 &
162 1881 239 1920 quod
257 1891 318 1911 non
333 1880 448 1918 potestis
460 1880 646 1919 ignorantiam
660 1879 832 1920 praetendere
844 1881 924 1918 super
945 1880 997 1910 hiis
1016 1878 1170 1921 probabili—

114 1928 156 1950 ter
170 1920 216 1951 vel
232 1920 348 1957 causari,
368 1921 460 1949 immo
475 1918 562 1949 vestri
575 1920 773 1957 conniventia,
790 1918 910 1950 scientiae
923 1919 956 1949 &
976 1917 1098 1948 assensus
1117 1917 1170 1946 h'us

114 1958 225 1990 videtur
244 1969 296 1989 vos
310 1959 388 1997 argui
402 1956 564 1996 evidenter,
582 1958 615 1989 ὃς
630 1957 704 1995 quasi
719 1957 957 1988 incomutabiliter
971 1955 1152 1994 apprehendi.

154 1997 201 2028 Sic
218 1996 296 2035 quod
309 1996 384 2027 dicta
404 1996 529 2026 facinora
548 1996 677 2026 videntur
691 1996 763 2026 faeta
777 1996 858 2026 fuiffe
870 2006 919 2033 per
935 1996 1077 2033 propriam
1099 2003 1171 2024 con-

117 2037 271 2066 niventiam
286 2036 319 2065 86
335 2034 501 2066 consensum
515 2033 656 2072 vestrum,
674 2035 703 2064 in
714 2033 820 2064 nostrae
833 2034 1027 2072 superioritatis
1040 2031 1172 2071 praejudi—

115 2076 194 2105 cium
209 2075 242 2105 &
256 2073 401 2104 laefionem
417 2073 518 2112 Regiae
532 2072 692 2111 Majestatis.

153 2112 235 2142 Hinc
258 2112 299 2142 est
322 2112 399 2150 quod
422 2113 504 2142 vobis
525 2111 690 2142 mandamus
710 2112 852 2149 quatinus,
877 2111 1008 2142 vicesima
1028 2109 1090 2147 die,
1108 2109 1173 2147 post

117 2150 219 2181 instans
235 2151 351 2181 Festum
367 2150 530 2180 Nativitatis
544 2149 686 2188 Domini,
704 2160 791 2188 quam
806 2150 889 2180 vobis
913 2150 1121 2187 peremptorie,
1139 2149 1173 2179 &

118 2189 271 2220 secundum
291 2190 388 2219 omnia
408 2196 562 2218 erramenta
578 2187 792 2226 assignavimus,
810 2188 844 2218 ad
864 2197 948 2226 quam
972 2197 1026 2219 vos
1047 2187 1174 2225 adjorna-

120 2238 200 2265 111113,
218 2228 403 2265 compareatis
418 2226 499 2257 Paris.
518 2236 617 2256 coram
631 2227 729 2264 nobis,
747 2227 818 2257 sicut
840 2225 993 2264 debebitis,
1011 2225 1060 2255 sub
1082 2226 1175 2262 pcenis

119 2276 188 2304 quas
203 2266 317 2304 potestis
329 2267 487 2302 incurrere,
506 2266 539 2296 ὅ(
556 2265 625 2295 licut
639 2273 782 2295 tantorum
794 2265 954 2295 facinorum
969 2266 1002 2295 ὃς
1015 2263 1176 2294 excessuum

119 2305 232 2343 qualitas
250 2306 332 2344 exigit
355 2305 388 2335 ὃ(
405 2304 537 2342 requirit,
554 2303 634 2341 super
648 2303 786 2341 praedicitis
797 2304 948 2341 omnibus,
967 2312 1091 2341 quorum
1107 2311 1177 2341 cog-

121 2344 195 2373 nitio
208 2343 242 2373 ad
259 2353 311 2374 nos
325 2344 462 2380 pertinet,
479 2343 512 2373 &
527 2341 659 2379 praedicta
670 2342 862 2381 tangentibus,
880 2343 914 2373 &
929 2352 992 2379 quae
1006 2341 1120 2378 poffent
1137 2342 1178 2371 se-

121 2383 171 2419 qui
191 2392 225 2412 ex
246 2383 302 2419 eis,
318 2383 350 2412 ὃς
366 2381 499 2411 omnibus
517 2381 574 2410 aliis
595 2390 660 2418 quae
680 2389 780 2410 contra
800 2390 851 2410 vos
867 2379 1053 2417 proponenda
1064 2379 1178 2409 duxeri-

123 2430 185 2450 mus
220 2420 390 2457 responsuri,
408 2428 441 2448 ac
463 2418 515 2453 iuri
536 2419 662 2456 parituri,
681 2417 836 2448 secundum
849 2420 945 2447 omnia
958 2426 1127 2454 erramenta,
1145 2417 1179 2447 &

121 2443 202 2497 quod
212 2458 319 2497 justum
334 2457 415 2487 fuerit
426 2456 563 2494 audituri,
580 2457 613 2487 &
627 2457 782 2494 recepturi,
797 2456 961 2493 adicientes,
980 2465 1048 2486 cum
1067 2456 1180 2485 intima—

121 2498 215 2535 tione,
234 2496 311 2534 quod
333 2495 388 2525 sive
406 2495 488 2525 dietis
511 2494 557 2524 die
578 2496 611 2525 &
629 2494 696 2525 loco
718 2495 951 2532 comparueritis,
969 2494 1025 2524 live
1037 2503 1113 2531 non,
1128 2503 1180 2523 nos

120 2535 306 2565 nihilominus
319 2533 398 2571 super
413 2532 557 2571 praemissis
571 2541 671 2563 contra
685 2543 735 2564 vos
746 2533 953 2571 procedemus,
967 2541 1051 2570 prout
1065 2532 1182 2562 debebi-

120 2581 202 2612 mus,
219 2571 313 2604 vestra
325 2571 445 2602 absentia
460 2582 520 2602 non
536 2571 672 2602 obstante.

165 2659 270 2690 Attum
285 2659 380 2697 Paris,
397 2658 442 2688 die
458 2658 595 2688 Mercurii
608 2658 671 2696 post
685 2658 812 2689 mensem
827 2658 957 2697 Paschae,
969 2668 1044 2689 anno
1061 2657 1184 2689 Domini

125 2697 274 2728 millesimo
287 2697 482 2729 ducentesimo
495 2697 680 2736 nonagesimo
694 2707 803 2736 quarto.

126 2835 282 2865 Petiliones
309 2829 462 2878 Johannis
486 2831 612 2873 Baillol,
637 2834 725 2878 Regis
751 2834 871 2864 Scotiae:
896 2834 932 2869 (ῥ’
954 2834 1041 2880 Regis
1071 2833 1186 2879 Angliae

584 2880 727 2926 responfiz.

129 2968 198 2998 Ceos
219 2966 293 3010 sitm
319 2967 359 2999 les
389 2966 542 3007 Articles,
567 2965 601 3007 ke
631 2967 656 2999 le
683 2969 740 3016 Rey
757 2965 793 2999 de
810 2967 916 3013 Eftoce
925 2972 991 3015 prie
1008 2981 1050 3001 au
1071 2972 1129 3018 Rey
1150 2969 1187 3004 de

175 3014 367 3059 Engleterre:
392 3027 407 3047 e
437 3014 475 3046 les
499 3015 632 3060 respouns
658 3017 714 3063 Rey
741 3014 777 3048 de
795 3017 1001 3064 Engleterrea
1015 3029 1124 3051 memes
1147 3020 1186 3051 les

175 3063 318 3099 Articles.

209 3147 260 3179 De
273 3148 393 3186 primes,
411 3149 470 3187 prie
482 3147 508 3178 le
523 3148 588 3188 Rey
603 3148 640 3179 de
654 3149 763 3182 Escoce
777 3161 811 3182 au
826 3151 892 3190 Rey
907 3151 943 3182 de
959 3151 1186 3192 Engleterre,ke

133 3148 190 3210 A
218 3196 236 3226 y
257 3187 284 3226 ly
307 3187 391 3229 voyle
411 3197 493 3227 grace
516 3188 574 3218 fere
595 3186 630 3218 de
651 3189 721 3219 soun
740 3190 824 3229 relef,
842 3190 878 3221 de
899 3190 924 3220 la
939 3199 1026 3229 terre,
1041 3191 1077 3222 ke
1092 3192 1122 3222 su
1136 3202 1151 3222 a
1163 3192 1188 3222 sa

133 3234 212 3255 mere
227 3235 262 3255 en
279 3224 400 3256 Eicoce.

171 3262 199 3293 A
220 3262 280 3293 cest
299 3263 408 3308 Article
429 3264 548 3302 respond
567 3264 594 3294 le
614 3263 678 3304 Rey
698 3275 734 3295 en
756 3266 832 3297 ceste
852 3277 979 3298 manere:
999 3267 1035 3299 ke
1048 3268 1074 3309 yl
1090 3277 1117 3299 at
1129 3277 1188 3300 tro-

133 3311 203 3339 vee,
221 3311 237 3331 e
253 3311 319 3331 ceos
332 3302 459 3340 Roilles,
477 3313 524 3339 par
540 3302 674 3340 enqueste
696 3303 768 3342 1616,
786 3304 822 3335 ke
836 3305 862 3335 le
884 3306 975 3337 Relef
990 3307 1038 3337 des
1058 3316 1142 3338 terres
1161 3308 1188 3338 le

132 3339 201 3378 Roy
221 3338 257 3369 de
271 3339 400 3379 Escoce,
417 3341 453 3371 ke
468 3343 560 3372 furent
570 3351 586 3371 a
599 3341 625 3371 sa
640 3350 717 3372 mere
731 3352 766 3372 en
781 3342 905 3383 Escoce,
923 3355 1059 3376 amounte
1077 3347 1152 3385 3289
1168 3346 1188 3376 l.

137 3387 271 3447 14D5ount
284 3416 310 3446 16
325 3416 394 3456 Roy
407 3416 444 3447 de
455 3417 620 3455 Engleterre
632 3426 659 3448 at
673 3418 787 3449 releffee
799 3430 833 3451 au
841 3420 906 3461 Rey
920 3422 956 3452 de
963 3422 1074 3454 Escoce
1084 3432 1161 3462 3000
1170 3422 1189 3453 l.

139 3465 155 3485 e
177 3455 222 3487 del
241 3465 385 3486 remanant
405 3455 433 3493 ly
453 3464 480 3486 at
496 3456 523 3495 yl
542 3465 657 3495 graunte
677 3465 779 3488 termes
798 3468 813 3487 a
831 3469 911 3498 paer,
930 3471 977 3498 par
992 3471 1027 3491 an
1041 3472 1081 3501 40
1096 3461 1113 3491 l.
1124 3462 1190 3500 jeke

108 3539 114 3546 ι
135 3502 214 3525 1311111
233 3493 268 3523 ke
291 3493 367 3523 ceste
387 3492 464 3524 dette
483 3495 540 3532 seyt
559 3504 688 3533 parpaee:
709 3494 774 3526 Ceo
795 3495 837 3526 est
857 3507 871 3527 a
889 3498 964 3529 saver
983 3499 1007 3529 la
1020 3509 1117 3540 moyte
1130 3511 1145 3530 a
1163 3501 1190 3531 la

135 3532 218 3563 Feste
239 3532 312 3572 Seyn
336 3531 465 3570 Michel,
483 3542 499 3562 e
519 3533 614 3563 l’autre
632 3544 682 3564 mo
702 3540 729 3563 te
746 3533 798 3564 ala
813 3534 919 3575 Paske3
938 3537 962 3567 la
978 3539 1083 3576 primer
1098 3548 1188 3571 terme

132 3571 315 3601 comensaunt
327 3581 342 3600 a
357 3569 381 3600 la
394 3570 475 3601 Feste
489 3571 563 3611 Seyn
577 3543 705 3610 Michely,

170 3608 212 3639 La
225 3607 328 3639 secund
341 3609 447 3639 Article
461 3608 517 3648 est,
535 3610 569 3640 ke
583 3610 609 3640 16
626 3610 689 3652 Rey
702 3610 738 3640 de
752 3610 865 3642 Escoce
878 3615 937 3650 prie
948 3625 982 3645 au
998 3615 1062 3653 Rey
1077 3615 1113 3646 de
1128 3615 1189 3647 En-

132 3646 268 3685 gleterre,
295 3647 330 3676 ke
350 3647 395 3684 yly
418 3647 503 3687 voyle
522 3658 605 3688 grace
624 3648 683 3679 fere
702 3649 749 3679 des
769 3659 919 3691 arrerages,
937 3663 954 3683 e
971 3653 1019 3684 des
1041 3653 1129 3686 dettes
1149 3656 1187 3686 du

133 3685 264 3716 Reaume
278 3685 314 3715 de
324 3684 451 3724 Escoce,
469 3686 504 3716 ke
519 3697 555 3718 ne
569 3687 651 3717 sount
664 3697 710 3724 pas
726 3687 876 3727 affingnez.

171 3723 199 3753 A
217 3734 271 3755 ceo
289 3724 409 3761 respond
431 3725 457 3755 le
478 3724 544 3764 Rey
561 3724 598 3756 de
617 3725 796 3764 Engleterre:
816 3737 852 3765 qe
870 3728 898 3772 yl
918 3737 945 3760 at
958 3730 1099 3771 affingnee
1112 3732 1139 3763 le
1158 3743 1188 3763 a-

724 3572 759 3602 ke
772 3573 878 3604 vendre
890 3576 1029 3615 prochyn.

109 3761 115 3768 ”
135 3762 269 3793 vauntdiz
290 3772 427 3800 arrerages
447 3764 464 3793 ὲ
484 3763 572 3794 dettes
591 3774 608 3794 a
626 3764 750 3802 plusours
765 3773 848 3804 gens,
867 3766 909 3796 iffi
923 3767 960 3798 ke
972 3778 1023 3799 ren
1035 3780 1072 3800 ne
1084 3770 1125 3800 est
1144 3781 1189 3801 re-

136 3809 213 3876 ggls,
238 3811 254 3831 a
271 3810 328 3831 ceo
349 3801 384 3831 ke
406 3801 434 3842 yl
453 3810 566 3841 61116111,
592 3812 625 3842 6,
648 3802 676 3843 sy
694 3812 744 3833 ren
764 3803 822 3842 seyt
841 3813 951 3845 remyS,
970 3817 1026 3838 ceo
1046 3808 1088 3838 est
1104 3818 1189 3841 mout

174 3875 218 3905 Le
236 3877 306 3907 tieiz
326 3877 435 3909 Article
455 3878 513 3917 est,
531 3879 567 3909 ke
606 3878 614 3908 l
636 3880 693 3917 prie
712 3889 747 3910 au
770 3879 835 3918 Rey
856 3880 893 3911 de
911 3881 1089 3950 Enpeterre,
1107 3885 1144 3916 ke
1161 3883 1190 3925 yl

137 3913 223 3982 1ξὲιὲ
230 3913 660 3995 ιῗτὲἒιῗὲῗςὲἶὲῗὲῗξῗιῇὼὲζι
671 3917 743 3986 ἓῑιὲξ
750 3917 984 3990 ὲῗεέῗὲῒᾶἶὲἔ
999 3922 1191 4000 ῗιῖιῑῖἓῗᾞξ

1117 3985 1127 4000 ,

139 3990 166 4020 16
180 3989 244 4029 Rey
259 3989 360 4031 Henry
395 4004 410 4023 a
424 3994 485 4038 Sire
496 3996 589 4033 johan
603 3994 639 4025 de
654 3994 767 4034 Balyol,
782 3994 854 4026 soun
867 3995 957 4035 Pete,
974 4003 1052 4029 taunt
1072 4009 1143 4030 corn
1163 4001 1193 4040 yl

138 4027 344 4099 ῑυὲνῖεῗυῗ
363 4032 602 4100 IeiIIJIotingham3
619 4033 666 4065 des
682 4033 776 4072 queles
790 4033 818 4072 yl
832 4043 869 4066 ne
890 4042 958 4074 peut
972 4037 1037 4069 a’ver
1057 4037 1193 4071 aiouance

1177 143 1754 196 PUBLICA.
2158 169 2238 204 129

1180 242 1196 262 a
1207 232 1234 262 16
1249 232 1421 273 Eschekere,
1436 236 1519 267 saunz
1534 238 1572 268 les
1585 239 1743 270 allouances
1756 239 1791 270 de
1804 239 1828 270 la
1844 239 2069 281 Chauncelerye:
2092 240 2116 271 E
2150 242 2186 271 rie
2208 241 2234 271 le
2252 240 2326 269 Ann-
2337 238 2379 269 l')›

1182 271 1303 339 &agee
1326 273 1350 302 la
1369 273 1442 303 dette
1464 275 1519 314 seyt
1538 286 1641 315 putee,
1661 288 1693 316 e,
1713 287 1798 316 quant
1808 279 1850 309 ele
1862 279 1932 310 serra
1945 290 2048 319 puree,
2064 280 2099 310 ke
2114 290 2156 310 ee
2177 280 2233 317 scyt
2248 287 2362 343 5529ss-

1222 347 1248 376 A
1264 358 1317 377 ceo
1330 349 1467 386 respound
1478 350 1503 380 16
1520 350 1583 390 Rey
1597 353 1632 383 de
1648 353 1823 393 Engleterre:
1843 366 1859 386 e
1871 355 1911 386 dit
1925 356 1961 386 ke
1975 364 2045 387 tores
2067 355 2179 393 choses,
2198 355 2234 385 ke
2250 352 2379 391 Rf’spO‘G'Tff·

1184 384 1273 415 fusent
1283 386 1444 426 alowables,
1460 389 1547 420 fusent
1561 391 1682 421 alowez:

1221 424 1240 442 *ί
1260 424 1284 454 Ε
1302 447 1311 461 ,
1334 424 1397 454 10111
1414 436 1468 456 660
1481 451 1490 463 ,
1515 429 1634 458 maunda
1651 430 1677 459 Ie
1696 429 1760 468 Rey
1778 430 1838 461 Sire
1856 431 1992 462 XVillame
2009 432 2045 462 de
2062 431 2234 462 Hameltone
2251 428 2384 464 *ll-636-

1184 470 1200 490 a
1218 461 1242 490 la
1260 462 1433 502 Eschekere,
1452 475 1523 501 pour
1540 466 1669 497 sourveer
1687 468 1758 498 celes
1776 470 1928 507 bosoyoes,
1953 480 1967 499 e
1986 481 2038 508 pur
2056 471 2114 500 fere
2130 470 2235 500 alower

1187 509 1272 537 quant
1286 500 1320 530 ke
1338 501 1365 539 yl
1382 511 1463 541 veyt,
1480 503 1515 532 ke
1532 504 1573 534 fut
1591 505 1735 537 alowiable
1753 516 1800 543 par
1817 508 1933 546 resoun,
1945 510 2000 538 auli
2019 509 2075 538 ben
2094 509 2141 539 des
2159 507 2237 538 Brefs

1188 548 1255 568 cum
1273 539 1321 568 des
1340 540 1439 579 tayles3
1467 551 1483 570 c
1501 551 1587 579 quant
1605 543 1628 572 la
1645 543 1736 573 dettee
1753 544 1822 574 serra
1840 555 1940 583 putee,
1958 546 1994 576 ke
2012 547 2038 584 yl
2056 547 2126 585 feyst
2144 546 2235 577 asaver

1188 586 1203 606 3
1220 576 1267 615 luy
1281 576 1309 623 la
1327 586 1459 622 cert-eyne
1476 579 1581 619 Sume,
1600 591 1616 610 e
1634 581 1697 611 sour
1713 592 1766 611 ceo
1784 583 1812 621 yl
1828 582 1929 621 dirreyt
1947 584 1972 613 sa
1990 585 2132 615 voluntee.

1213 614 1253 659 ,Ε
1269 615 1329 645 bite
1340 615 1486 647 Williame
1501 627 1518 655 y
1532 618 1588 656 ala,
1608 619 1673 649 ales
1687 620 1935 650 comaundemenz
1948 621 1974 651 le
1996 622 2058 659 Re,
2078 633 2092 652 a
2113 623 2137 652 la
2158 621 2238 652 Che-

1192 652 1258 682 kere
1267 654 1316 690 ,&
1327 654 1420 684 serclia
1433 655 1470 685 les
1487 655 1592 686 Roules
1603 667 1638 686 en
1655 658 1784 694 presence
1799 658 1825 688 le
1838 658 1982 689 Seneschal
1994 660 2029 690 de
2043 661 2065 689 F
2066 661 2241 700 cderingeye,

1192 701 1207 720 e
1229 700 1328 730 revynt
1347 702 1381 722 au
1405 693 1489 732 Roy,
1507 704 1523 724 e
1544 697 1644 726 nuncia
1664 696 1700 725 ke
1720 695 1743 725 la
1755 696 1831 727 dette
1844 704 1941 728 trouee
1957 708 1972 727 e
1988 708 2092 735 pouree
2105 698 2139 728 de
2153 708 2241 737 voyr,

1192 738 1325 759 amounta
1338 740 1353 760 a
1365 741 1394 760 m
1416 754 1580 762 .......

1231 767 1355 806 Lequele
1377 769 1450 799 dette
1471 770 1498 800 le
1522 771 1586 810 Rey
1608 780 1636 801 at
1658 770 1757 802 estalee
1776 782 1811 802 en
1834 773 1908 803 ceste
1926 782 2054 811 manere,
2073 773 2109 804 ke
2128 773 2153 803 la
2165 773 2242 803 dette

1192 804 1247 844 seyt
1268 815 1352 849 paee,
1370 817 1419 844 par
1440 818 1474 837 an
1497 818 1536 848 40
1550 809 1568 838 l.
1591 810 1656 839 ales
1677 818 1779 840 termes
1793 820 1875 842 avant
1894 821 2016 850 nomez,
2032 812 2098 849 jeke
2114 819 2192 842 taunt
2207 811 2242 841 ke

1193 843 1293 874 l’avant
1305 843 1362 874 dite
1376 845 1452 875 dette
1464 846 1520 885 scyt
1534 857 1657 884 parpaee.

1233 881 1276 911 Le
1289 891 1369 919 quart
1384 883 1491 913 Article
1505 885 1563 923 611,
1582 887 1618 915 ke
1632 895 1726 915 meme
1739 886 1765 915 16
1776 886 1841 925 Rey
1857 887 1892 917 de
1915 887 2024 917 Escoce
2045 888 2102 925 prie
2121 898 2155 917 au
2178 887 2244 926 Rey
2261 886 2375 924 21¹⁸!ss

1195 919 1231 948 de
1253 919 1431 964 Engleterre,
1451 922 1484 952 ke
1506 923 1532 953 16
1551 923 1634 954 debat
1653 933 1730 954 entre
1748 924 1772 953 la
1793 933 1865 955 terre
1879 925 1914 955 de
1928 925 2068 956 Haudene
2080 936 2096 955 e
2110 925 2246 964 Barbam,
2262 927 2361 952 Petilio-

1196 957 1252 997 seyt
1267 967 1402 988 termmee
1417 969 1464 996 par
1480 960 1517 990 les
1533 961 1605 1001 Leys
1618 971 1634 991 e
1647 962 1684 992 les
1699 962 1789 1000 usages
1803 963 1838 992 de
1852 963 1875 993 la
1892 963 2028 1001 Marche,
2048 964 2107 994 &c.

1234 996 1261 1026 A
1279 1006 1334 1027 ceo
1351 997 1488 1034 respo-und
1506 998 1532 1028 le
1550 999 1612 1038 Rey
1630 999 1665 1030 de
1683 999 1843 1039 Engleterre
1859 1011 1864 1030 :
1900 1011 1916 1030 e
1934 1001 1973 1032 dit
1991 1003 2026 1031 ke
2044 1002 2071 1040 yl
2090 1002 2193 1033 entend
2213 1002 2248 1031 ke
2265 997 2393 1036 Responfio.

1197 1035 1240 1064 cel
1251 1035 1335 1066 debat
1349 1043 1376 1065 at
1389 1035 1448 1065 este
1461 1037 1578 1067 autrefet
1594 1047 1728 1078 manyee,
1747 1048 1762 1068 e
1778 1048 1838 1076 cet,
1859 1039 1894 1068 ke
1906 1039 1959 1068 fest
1974 1040 2003 1069 fu
2019 1050 2033 1069 a
2047 1040 2089 1069 cel
2103 1051 2190 1078 oure,
2208 1039 2248 1069 est

1197 1072 1332 1111 611101116,
1344 1073 1436 1105 dount
1449 1074 1476 1112 yl
1488 1075 1528 1104 fra
1541 1086 1611 1106 voer
1627 1086 1686 1106 ceas
1701 1076 1825 1106 Roules:
1843 1076 1965 1114 Esquant
1979 1077 2006 1116 yl
2023 1087 2102 1108 avera
2114 1089 2168 1110 vcu
2183 1088 2250 1109 ceos

1199 1110 1324 1149 Roules,
1335 1112 1371 1156 ‚yl
1384 1112 1424 1141 fra
1437 1121 1452 1155 a
1465 1112 1540 1143 saver
1554 1123 1587 1144 au
1603 1114 1667 1153 Rey
1681 1113 1718 1144 de
1732 1113 1840 1145 Escoce
1853 1114 1878 1144 sa
1890 1115 2031 1145 voluntee.

1236 1149 1280 1179 Le
1294 1157 1374 1187 quint
1389 1149 1497 1181 Article
1509 1151 1567 1190 est,
1586 1152 1621 1182 ke
1632 1152 1658 1182 le
1670 1152 1735 1192 Rey
1750 1153 1786 1183 de
1800 1152 1909 1183 Escoce
1922 1155 1981 1191 prie
1995 1164 2029 1183 au
2052 1153 2115 1193 Rey
2136 1155 2172 1185 de
2191 1153 2251 1183 En·
2275 1157 2378 1185 &uinta

1198 1187 1331 1231 gleterre,
1350 1189 1385 1218 ke
1398 1189 1424 1227 yl
1439 1199 1456 1228 y
1472 1190 1528 1229 feyt
1541 1200 1608 1220 aver
1620 1190 1647 1220 le
1661 1191 1813 1222 transescrit
1827 1191 1863 1221 de
1876 1199 2024 1230 3601111163,
2043 1193 2150 1222 renduz
2169 1203 2184 1222 a
2206 1192 2252 1222 Bi·
2267 1185 2366 1223 Ratio.

1198 1227 1302 1264 rewrk,
1321 1237 1338 1256 e
1350 1236 1365 1256 a
1380 1226 1560 1264 Rokesburg.

1235 1263 1264 1294 A
1277 1275 1332 1295 ceo
1346 1265 1484 1303 respound
1498 1267 1524 1296 le
1538 1266 1616 1305 Rey:
1635 1277 1651 1297 e
1664 1267 1836 1298 commanda
1851 1277 1866 1298 a
1879 1267 1939 1298 Sire
1952 1267 2073 1299 Wauter
2087 1267 2123 1298 de
2144 1267 2254 1308 Lange·
2271 1267 2399 1308 Responsio.

1199 1310 1284 1340 tone,
1302 1303 1352 1333 son
1366 1303 1519 1342 Tresorer,
1538 1305 1573 1335 ke
1584 1305 1612 1343 yl
1625 1316 1660 1336 ne
1673 1306 1731 1344 feyt
1744 1316 1810 1336 aver
1825 1306 1851 1336 le
1870 1306 2057 1337 Transescrit:

1237 1340 1262 1370 E
1277 1340 1339 1371 Sire
1353 1341 1474 1373 Wauter
1487 1342 1527 1373 dit
1542 1343 1578 1373 ke
1593 1343 1620 1383 yl
1633 1354 1670 1373 ne
1682 1344 1776 1374 furent
1790 1354 1835 1381 pas
1847 1343 1883 1374 de
1898 1352 1960 1375 tout
1975 1344 2068 1382 escrit;
2087 1354 2148 1376 mes
2161 1355 2176 1375 a
2196 1344 2257 1382 plus

1200 1379 1275 1417 tost,
1293 1390 1329 1418 qe
1343 1379 1370 1420 yl
1383 1380 1525 1421 serroyent
1539 1381 1655 1419 escritz,
1672 1383 1699 1422 yl
1715 1393 1786 1413 nous
1799 1382 1960 1422 delivereyt.

1240 1417 1319 1448 Pour
1339 1428 1395 1455 que
1413 1428 1485 1449 nous
1502 1429 1589 1450 avom
1611 1420 1677 1450 lesse
1698 1431 1771 1458 pour
1793 1420 1936 1460 rescyvere
1954 1420 1981 1450 16
2000 1421 2176 1452 Τ13111661111
2198 1420 2259 1452 Sire

1202 1455 1289 1494 Huge
1301 1456 1337 1486 de
1351 1456 1461 1496 Evere,
1481 1468 1496 1488 e
1505 1458 1600 1495 Johan
1614 1458 1759 1489 Scneschal
1774 1458 1810 1489 de
1823 1459 2026 1498 Foderingeye
2048 1470 2104 1498 e,a
2118 1460 2178 1497 plus
2192 1460 2260 1497 tost,

1204 1494 1241 1524 ke
1242 1495 1280 1562 gl
1291 1494 1385 1533 seyent
1397 1495 1530 1527 deliveres
1542 1506 1557 1526 a
1572 1507 1635 1535 eus,
1653 1497 1680 1538 yl
1693 1497 1853 1527 donnerunt
1865 1508 1879 1527 a
1894 1498 1984 1528 vestre
1995 1484 2138 1529 H’auteffe.

1270 1533 1372 1601 ndrtaet
1387 1533 1423 1563 de
1437 1534 1461 1564 la
1474 1535 1623 1565 somounse
1634 1534 1728 1572 Johan
1743 1536 1768 1565 le
1785 1535 1933 1574 Mazoun,
1945 1536 1972 1567 le
1987 1536 2049 1577 Rey
2064 1536 2211 1575 respoundi
2223 1537 2260 1567 ke

1201 1571 1295 1609 Johan
1309 1581 1326 1601 e
1366 1581 1458 1610 mort,
1478 1583 1494 1602 e
1508 1573 1544 1603 ke
1559 1583 1688 1611 accyoun
1701 1573 1742 1604 est
1755 1574 1829 1604 nule.

1240 1609 1273 1639 In
1294 1610 1375 1647 hujus
1397 1612 1435 1640 rei
1457 1610 1652 1642 testimonium
1671 1622 1723 1642 nos
1739 1612 1896 1643 Alexander
1909 1612 1945 1643 de
1958 1612 2068 1650 Balliol,
2086 1612 2262 1644 Camerarius

1207 1647 1327 1686 Scotiae,
1347 1649 1380 1679 ὃς
1393 1648 1486 1686 Hugo
1500 1648 1536 1680 de
1549 1649 1639 1687 Ever,
1659 1650 1780 1688 Milites,
1799 1653 1847 1689 qui
1862 1650 1917 1681 istis
1931 1651 2153 1688 responsionibus
2176 1653 2261 1682 inter-‘

1207 1686 1311 1717 fuimus
1324 1686 1483 1726 praesentes,
1499 1687 1566 1718 huic
1582 1687 1701 1719 Cedulae
1715 1689 1798 1728 {igilla
1811 1689 1906 1720 nostra
1917 1689 2103 1727 apposuimus.

1243 1762 1312 1793 Dat.
1331 1763 1466 1794 London.
1485 1763 1530 1794 die
1546 1764 1627 1803 jovis
1650 1766 1681 1795 in
1702 1765 1805 1796 Odtav.
1823 1765 2000 1796 Ascenfionis
2021 1765 2171 1805 Domini,
2188 1776 2265 1797 anno

1207 1800 1314 1832 Gratiae
1332 1802 1481 1833 millelimo
1494 1803 1690 1845 ducentesimo
1703 1804 1886 1843 nonagesimo
1900 1805 1994 1836 tertio.

1312 1879 1368 1908 Sub
1375 1878 1469 1919 figillis
1478 1881 1602 1918 praedio‘l.
1619 1879 1760 1909 Alexand.
1780 1881 1811 1910 de
1826 1881 1957 1920 Balliolo,
1976 1878 2014 1915 ὠ
2028 1883 2100 1919 Hug.
2120 1882 2152 1911 de
2169 1884 2266 1920 Ever,

1367 1917 1441 1947 rubei
1456 1918 1560 1957 coloris,
1573 1918 1748 1957 pendentibus
1763 1930 1780 1947 a
1794 1921 1885 1949 caudis
1898 1923 2021 1957 Pergam.

1366 2044 1414 2075 De
1421 2041 1511 2087 fhlvo
1531 2043 1682 2077 condutio
1695 2055 1749 2091 pro
1765 2043 1935 2077 Flandricis
1953 2055 2100 2077 revocate.

1214 2124 1345 2183 REX,
1364 2127 1424 2158 &c.
1443 2126 1546 2157 Nobili
1563 2127 1652 2166 Viro,
1670 2129 1764 2158 amico
1780 2129 1813 2160 δε
1828 2127 1902 2159 fideli
1916 2128 1965 2160 suo
1981 2128 2135 2167 Domino,
2152 2129 2192 2159 G.
2208 2129 2271 2160 Co·
2292 2131 2417 2163 AnnD.

1246 2203 1251 2207 ,
1285 2166 1349 2206 miti
1369 2165 1505 2212 Flandriae
1519 2190 1529 2204 ,
1552 2165 1715 2197 Marchioni
1733 2166 1923 2197 Namurcensi
1937 2192 1947 2205 ,
1964 2167 2097 2206 salutem,
2116 2178 2183 2198 cum
2202 2168 2272 2198 dile-
2322 2180 2403 2209 1294.

1213 2202 1311 2232 6110116
1330 2206 1442 2234 11116613.
2291 2214 2342 2237 Aa.
2358 2220 2403 2237 22.

1252 2239 1332 2270 Cum
1350 2242 1537 2281 suscepimus,
1557 2244 1588 2272 in
1605 2243 1711 2273 salvum
1731 2244 1764 2275 &
1782 2243 1913 2275 securum
1931 2243 2109 2274 condutfftum
2128 2243 2275 2282 nostrum,
2293 2253 2322 2276 Ε.
2348 2258 2369 2275 1.

1215 2277 1393 2310 Mercatores
1416 2281 1525 2311 vestros
1549 2281 1686 2312 Flandriae
1701 2305 1711 2320 ,
1740 2283 1770 2311 in
1795 2282 1937 2313 veniendo
1964 2282 2036 2312 infra
2054 2282 2190 2322 Regnum
2209 2293 2276 2312 nos—
2295 2291 2347 2315 Rot.
2363 2290 2423 2313 1:45⁴

1213 2325 1290 2361 tium
1307 2342 1316 2355 ,
1336 2320 1369 2349 &
1389 2319 1556 2356 potestatem
1578 2320 1705 2350 nostram
1720 2343 1730 2357 ,
1753 2330 1822 2350 cum
1840 2322 1957 2351 navibus
1978 2321 2012 2351 &
2029 2320 2086 2350 aliis
2103 2321 2184 2350 rebus
2202 2320 2252 2350 11113
2265 2343 2275 2359 ,
2293 2335 2343 2353 con.
2360 2334 2405 2350 22.

1218 2355 1326 2385 ibidem
1341 2358 1498 2394 morando,
1516 2359 1550 2388 δε
1566 2357 1633 2388 inde
1646 2358 1809 2397 redeundo,
1828 2359 1919 2396 eisque
1931 2358 2010 2396 super
2023 2358 2080 2388 hoc
2096 2358 2195 2388 litteras
2211 2369 2276 2388 nos—
2292 2368 2321 2391 Ε.
2347 2373 2369 2390 i.
2386 2372 2424 2391 m.

1218 2401 1270 2460 tiras
1294 2403 1417 2432 patentes
1443 2395 1502 2425 fieri
1527 2396 1677 2427 fecerimus
1691 2419 1701 2435 ,
1733 2406 1786 2434 pro
1809 2395 1914 2427 nostrae
1932 2396 2080 2428 voluntatis
2099 2397 2276 2434 beneplacito
2298 2400 2408 2438 ¹3-d07s·

1239 2441 1367 2463 uraturas.

1256 2469 1341 2510 Nos,
1361 2472 1426 2508 (pro
1449 2471 1582 2514 eoquod
1602 2474 1731 2512 negotia,
1750 2474 1822 2503 inter
1845 2472 2051 2504 DominumR
2088 2482 2135 2502 em
2150 2473 2277 2504 Franciae

1220 2508 1253 2538 &
1276 2519 1330 2538 nos
1347 2509 1474 2548 suborta,
1488 2518 1548 2546 Jam
1567 2510 1660 2549 aliter,
1679 2513 1765 2549 quam
1788 2510 1977 2549 credidimus,
1994 2510 2057 2541 sunt
2089 2511 2201 2548 educta)
2224 2522 2278 2542 vo-

1220 2546 1356 2578 luntatem
1379 2548 1504 2578 nostram
1519 2571 1528 2586 ,
1553 2549 1647 2586 quoad
1669 2550 1847 2580 conducstum
1866 2549 1946 2579 illum
1966 2549 2078 2580 ulterius
2097 2549 2278 2589 duraturum,

1221 2594 1332 2616 exnunc
1345 2586 1474 2616 duximus
1489 2587 1693 2617 revocandam:

1269 2624 1361 2662 Qod
1380 2624 1589 2655 Mercatoribus
1607 2625 1705 2656 vestris
1717 2646 1729 2664 ,
1754 2635 1823 2656 cum
1841 2626 1923 2656 vobis
1942 2626 2052 2656 libuerit
2065 2650 2075 2664 ,
2100 2626 2169 2656 scire
2187 2626 2279 2656 facere

1223 2663 1348 2729 goteritis
1373 2663 1418 2693 seu
1443 2663 1576 2693 mandare
1589 2687 1599 2701 ,
1630 2674 1667 2695 ne
1683 2664 1720 2694 de
1737 2664 1883 2695 601111υᾶ111
1902 2664 1950 2695 1110
1968 2664 2004 2695 de
2021 2673 2127 2695 caetero
2144 2665 2171 2695 se
2188 2663 2280 2697 confi-

1244 2709 1299 2731 ant.

1260 2776 1327 2808 Dat.
1346 2777 1418 2816 apud
1432 2778 1594 2810 Guldeford
1605 2779 1741 2811 vicesimo
1754 2780 1860 2812 ocstavo
1875 2779 1921 2810 die
1939 2774 2021 2810 Maii.

1248 2908 1322 2952 Regi
1340 2908 1457 2948 Scotiae‚
1482 2904 1519 2938 de
1530 2903 1747 2953 prohibitione,
1772 2920 1807 2940 ne
1824 2906 1927 2949 homo,
1954 2907 2006 2940 vel
2017 2910 2106 2940 navis
2123 2905 2256 2951 transeat

1543 2953 1588 2987 ad
1597 2964 1700 3000 partes
1718 2956 1949 3001 transmarinas.

1226 3038 1350 3095 REX
1367 3063 1377 3079 ,
1411 3040 1444 3071 &
1462 3040 1585 3077 superior
1603 3039 1750 3071 Dominus
1768 3040 1863 3080 Regni
1881 3040 1990 3073 Scotiae
2001 3064 2011 3080 ,
2035 3041 2142 3073 1111εὲ10
2159 3041 2193 3072 &
2209 3039 2284 3072 fideli
2302 3048 2377 3080 Arm,
2388 3049 2427 3079 D,

1298 3077 1362 3123 1110,
1376 3077 1516 3116 Johanni,
1534 3077 1634 3108 eadem
1652 3078 1754 3117 gratia,
1772 3079 1847 3119 Regi
1864 3079 1988 3118 Scotiae,
2003 3080 2128 3111 salutem.
2327 3097 2409 3127 1294,

1263 3115 1364 3155 Cum,
1381 3118 1461 3148 certis
1479 3116 1514 3146 de
1532 3117 1634 3154 causiS,
1650 3117 1875 3148 mandaverimus
1893 3119 1926 3150 &
1944 3118 2061 3150 firmiter
2078 3119 2282 3150 inhibuerimus
2300 3130 2351 3154 An.
2366 3136 2409 3154 22,

1226 3151 1380 3197 Beronibus
1399 3157 1433 3187 &
1451 3155 1559 3185 Ballivis
1578 3156 1703 3193 quinque
1718 3155 1858 3186 Portuum
1876 3157 2039 3188 nostrorum
2052 3182 2062 3195 ,
2092 3159 2126 3189 &
2148 3157 2282 3188 omnibus
2300 3169 2329 3192 E.
2353 3175 2377 3192 ι,

1226 3192 1281 3222 31113
1301 3193 1410 3225 Ballivis
1428 3203 1598 3224 caeterorum
1616 3193 1771 3233 Portuum,
1787 3195 1858 3225 infra
1876 3195 1905 3225 R
1943 3206 2011 3226 num
2029 3195 2176 3234 nostrum,
2203 3194 2281 3233 quod
2298 3207 2352 3230 Rot.
2369 3207 2429 3230 Vas-i

1228 3241 1329 3262 omnes
1348 3241 1444 3270 portus
1462 3232 1523 3262 illos
1540 3233 1577 3262 ita
1595 3232 1669 3262 bene
1686 3233 1719 3264 &
1732 3233 1827 3263 1111616
1841 3233 1923 3264 611110
1947 3235 1951 3239 ”
1968 3234 2130 3272 ifacerent,
2147 3242 2178 3264 ut
2192 3234 2207 3262 ἐι
2220 3243 2281 3272 par-
2295 3251 2347 3268 con.
2369 3250 2414 3268 22.

1226 3271 1298 3300 tibus
1316 3270 1367 3300 illis
1385 3271 1471 3310 usque
1487 3271 1520 3301 ad
1539 3278 1627 3308 partes
1645 3271 1833 3301 transmarinas
1851 3282 1911 3302 non
1929 3273 2043 3303 transeat
2061 3273 2168 3308 homo,
2186 3272 2280 3308 navis,
2297 3283 2328 3305 Ε,
2344 3288 2410 3306 Νη,

1226 3309 1359 3347 batellus,
1376 3309 1422 3340 seu
1439 3309 1511 3340 aliud
1529 3319 1593 3346 vaS,
1611 3309 1658 3339 vel
1674 3309 1789 3348 aliquod
1806 3310 1879 3341 aliud
1892 3311 2020 3349 bonum,
2037 3310 2084 3340 seu
2099 3311 2118 3329 ²*
2137 3309 2279 3346 catallum,
2301 3326 2343 3353 ¹3-
2356 3317 2382 3343 d,

1226 3347 1428 3392 cujuscumque
1445 3348 1526 3378 fuerit
1539 3370 1548 3384 ,
1561 3347 1718 3391 'quousque
1735 3358 1750 3378 a
1768 3349 1850 3379 nobis
1869 3348 1943 3380 aliud
1960 3349 2038 3386 super
2056 3348 2114 3378 hoc
2129 3346 2280 3384 specialiter
2298 3356 2426 3391 *11‚637,

1225 3395 1383 3424 receperint
1400 3397 1428 3417 in
1448 3385 1593 3416 mandatis:

1264 3424 1355 3454 Vobis
1374 3427 1402 3455 in
1421 3425 1491 3463 fide,
1514 3424 1569 3462 qua
1587 3425 1670 3454 nobis
1688 3426 1844 3463 tenemini,
1867 3425 2050 3464 mandamus,
2074 3425 2125 3462 &,
2144 3423 2213 3454 sicut
2228 3433 2281 3455 nos

1226 3463 1272 3495 dili
1294 3464 1337 3493 itis
1351 3486 1360 3502 ,
1387 3474 1439 3495 vos
1458 3471 1587 3501 rogamus
1600 3484 1610 3500 ,
1635 3465 1761 3501 quatinus
1775 3486 1785 3502 ,
1808 3473 1856 3501 per
1875 3464 1995 3504 singulos
2013 3472 2109 3504 portus
2126 3461 2162 3492 de
2177 3461 2205 3491 R
2241 3472 2281 3493 no

1227 3513 1263 3533 ve
1291 3512 1340 3540 ro,
1359 3502 1421 3534 visis
1439 3501 1632 3540 praesentibus,
1658 3500 1771 3539 publice
1788 3501 1955 3541 proclamari
1974 3504 2007 3534 ὃς
2026 3502 2142 3531 firmiter
2160 3500 2218 3530 inhi
2240 3502 2281 3531 eri

1226 3541 1349 3579 faciatis,
1367 3551 1404 3571 ne
1421 3551 1436 3571 a
1451 3540 1571 3578 partibus
1590 3538 1689 3570 vestris
1707 3541 1792 3579 usque
1809 3541 1843 3571 ad
1862 3549 1950 3578 partes
1964 3539 2150 3571 transmarinas
2165 3538 2281 3570 transeat

1226 3581 1336 3618 homo,
1356 3581 1447 3622 navis,
1466 3577 1596 3615 batellus,
1615 3578 1661 3608 seu
1679 3587 1725 3609 vas
1743 3578 1833 3617 aliud,
1858 3579 1904 3609 vel
1922 3578 1994 3608 aliud
2015 3577 2144 3614 bonum,
2167 3584 2215 3608 aut
2232 3587 2281 3608 ca·

1224 3619 1340 3656 talium,
1365 3619 1564 3656 cujuscumque
1581 3616 1678 3654 fuerit,
1705 3617 1849 3655 quousque
1866 3613 1945 3655 super
1962 3617 2020 3647 hoc
2037 3616 2110 3647 aliud
2127 3615 2210 3647 vobis
2227 3615 2280 3646 du-

1225 3659 1347 3687 xerimus
1365 3653 1599 3686 demandandum.

1226 3735 1244 3766 h
1264 3695 1456 3764 Ιζέῑεᾶίὺεηῑεε
1475 3693 1574 3730 nobis,
1598 3702 1647 3730 per
1667 3692 1786 3725 latorem
1808 3693 2000 3733 praesentium,
2015 3692 2085 3733 quid
2107 3692 2229 3725 feceritis
2249 3694 2281 3723 in

1246 3744 1282 3765 OC
1352 3744 1380 3764 O.

1263 3810 1352 3844 Teste
1366 3809 1452 3847 Rege
1464 3807 1537 3847 apud
1550 3807 1676 3840 Westm.
1693 3806 1816 3840 secundo
1830 3806 1876 3838 die
1884 3806 1971 3845 Junii.
