2570 4261
85 274 161 306 Arm.
178 275 219 306 D.

105 315 188 344 1260.

83 357 151 381 Hen.
171 363 197 390 3.

81 730 157 761 Arm.
174 730 214 760 D.

116 769 196 798 1260.

81 812 197 843 An.,44.

80 851 116 873 H.
139 855 164 881 3.

80 888 120 911 Ex
135 887 192 910 Au-

79 930 143 958 togr.

80 964 107 987 In
119 961 212 987 Eunde-

75 998 99 1025 I.1
110 998 217 1025 litterar.

77 1043 183 1072 tempore

76 1079 112 1102 H.
128 1084 155 1111 3.

87 1476 199 1511 l.699.

70 2168 147 2199 Arm.
161 2167 201 2199 D.

90 2208 175 2237 1260.

68 2250 121 2274 Aa.
135 2258 182 2282 Η..

67 2289 103 2312 Η.
122 2295 145 2321 3.

67 2328 113 2351 Ax
126 2327 184 2350 Au-

66 2370 129 2398 togr.

66 2404 95 2428 171
110 2410 174 2437 qua-

67 2439 127 2466 dam
134 2439 201 2475 pixi-

66 2477 95 2504 de
113 2487 136 2504 n.
157 2486 199 2503 ιο.

65 2516 91 2542 in
117 2525 134 2541 a

66 2554 169 2579 Turrim

66 2591 171 2619 London.

235 195 292 246 '54
652 185 1290 232 CONVENTION

235 288 267 308 re
287 277 386 314 velim,
405 276 592 312 demandeti53
612 276 664 313 ὃς,
681 275 795 314 quando
816 273 972 313 volueritis,
990 276 1103 305 mittatis
1117 275 1237 314 aliquem
1251 273 1286 303 de

238 315 377 346 Militibus
396 315 491 344 vestris
513 321 566 354 pro
586 323 695 344 extenta
717 313 876 344 Comitatus
896 314 1115 344 Richemundiae
1137 311 1261 343 facienda
1277 335 1286 350 ,

237 363 319 395 proiit
332 355 401 382 inter
415 363 465 382 nos
479 354 512 384 ὃς
526 362 576 382 vos
588 351 629 382 est.
643 361 833 382 conventum:
861 352 899 384 Et
913 354 986 383 circa
1001 353 1058 382 hoc
1071 361 1156 389 opem
1171 352 1205 382 &
1219 360 1288 388 ope-

235 402 292 423 ram
302 414 310 428 ,
328 400 409 430 prout
421 400 490 429 opus
503 391 599 428 fuerit,
618 390 811 430 impendemus
820 400 830 426 ς

269 430 378 460 Statum
391 430 424 459 &
439 430 643 468 beneplacitum
655 429 779 459 vestrum
791 428 873 460 nobis
888 429 983 469 saepius
996 429 1175 459 demandetis:
1190 444 1191 447 =

265 506 368 545 Teste,
387 508 447 539 &c
469 508 541 550 apud
556 509 691 541 SanCtum
706 509 830 541 Audom.
851 520 868 549 9
881 510 925 541 die
938 509 1053 547 Martii,
1071 517 1163 545 anno,
1182 506 1242 537 &c-

360 641 483 672 Littera
507 644 579 689 Regi
598 641 633 674 de
644 641 731 684 stam
750 641 917 688 mtftrabili
934 643 1028 675 ‘1’erae
1039 639 1157 685 fianae.

232 729 286 790 E
305 727 531 760 Xcellentissimo
544 730 676 760 Domino
688 730 755 770 suo,
773 731 806 762 ὃς
819 733 913 762 amico
927 729 1135 768 specialiffimo,
1161 728 1292 771 Domino

308 767 455 805 Henrico,
474 769 648 806 providentia
661 770 763 800 summi
788 771 889 809 Revis,
908 769 1067 808 Anglorum
1087 768 1163 807 Regi
1177 766 1291 810 illustri,

239 805 320 835 frater
340 805 467 836 Thomas
487 806 615 845 Berardi,
634 808 691 838 Dei
705 809 805 848 gratia,
824 796 951 846 13'auperis
969 806 1082 837 Militiae
1095 806 1211 845 Templi
1227 804 1292 836 Ma-

235 843 318 882 gister
332 843 460 882 humilis,
480 845 578 875 vestroe
591 847 776 876 dominationi
792 847 937 877 benivolus
951 846 984 876 ὃς
997 845 1128 882 devotus,
1147 854 1215 874 cum
1227 853 1292 873 om-

235 884 264 911 ni
280 883 556 914 recommendatione
568 885 605 914 sui
625 886 657 915 ὃς
671 886 755 915 totius
770 886 875 916 ordinis
891 884 1004 915 Militiae
1017 883 1148 923 Templi,
1162 892 1290 912 reveren-

235 921 304 950 tiam
326 922 539 961 omnimodam,
556 917 606 961 gc,
624 924 687 964 post
705 924 784 962 hujus
803 926 868 955 vitae
890 924 1033 963 regimen,
1051 923 1081 952 in
1104 923 1162 952 veri
1176 922 1291 952 salutaris

236 959 321 997 gloria
334 962 469 990 coronari.
1266 997 1275 1002 ,

273 997 453 1028 Excellentiae
471 998 572 1028 vestrae
589 1000 768 1039 praesentibus
788 1002 941 1032 declaretur
957 1010 1020 1037 me,
1042 998 1173 1029 Domine
1186 998 1290 1028 karissi-

235 1046 299 1074 me,
319 1038 345 1066 in
366 1037 544 1067 confeffione
562 1039 753 1081 praesentium,
771 1051 820 1078 per
841 1040 898 1070 Dei
919 1041 951 1070 ὃς
966 1038 1046 1069 vestri
1058 1039 1190 1077 gratiam,
1209 1037 1289 1079 plena

233 1075 337 1114 perfrui
357 1077 482 1115 corporis
499 1076 624 1116 sospitate
630 1087 640 1113 ,-
659 1077 694 1108 de
711 1077 781 1108 statu
795 1080 828 1109 ὃς
841 1080 1064 1109 incrememento
1078 1076 1290 1106 Dominationis

231 1112 332 1144 vestrae
356 1113 513 1154 magnificae
537 1116 672 1150 (utinaml
698 1116 804 1156 semper
825 1118 974 1158 prospero)
1000 1125 1124 1146 rumores
1142 1115 1232 1145 bonos
1253 1114 1286 1144 &-

229 1151 374 1189 prosperos
387 1154 481 1183 audire
489 1154 590 1192 jugiter
602 1164 803 1194 peroptantem.

267 1189 413 1221 Infelicem
441 1201 509 1222 vero
528 1192 628 1222 statum
648 1194 681 1223 ὃς
702 1204 828 1224 rumores
847 1195 943 1233 patriae
964 1192 1116 1223 cismarinae
1140 1192 1287 1222 Dominus

232 1228 369 1267 Legatus,
389 1228 514 1267 Praelati,
530 1231 562 1261 &
585 1241 636 1260 nos
796 1233 914 1271 religion
934 1240 1014 1262 terrae
1036 1231 1189 1261 cismarinae
1205 1230 1287 1260 vobis

229 1276 278 1305 per
294 1268 381 1297 literas
397 1270 585 1298 communiter
601 1269 778 1300 declaramus.

272 1304 309 1334 Et
322 1306 417 1345 sciatis,
425 1307 629 1345 Domine,pi·o
643 1317 721 1338 certo
734 1309 810 1347 quod
823 1309 920 1339 omnia
933 1318 997 1338 vera
1011 1310 1070 1338 lunt
1083 1318 1147 1346 quae
1162 1310 1190 1338 in
1204 1306 1285 1338 dietis

228 1339 314 1373 literis
327 1347 506 1375 continentur
521 1355 526 1374 :
556 1345 594 1375 Et
608 1346 711 1376 nullam
725 1347 799 1390 spem
817 1356 907 1386 neque
924 1347 1060 1386 refugium
1074 1347 1183 1385 aliquod
1198 1346 1283 1375 habe-

227 1390 258 1410 re
282 1382 420 1412 credimus
436 1407 444 1421 ,
469 1393 522 1413 nec
544 1383 680 1423 speramus
700 1386 749 1416 niii
768 1387 797 1416 in
815 1385 882 1416 Deo
896 1408 905 1423 ,
932 1386 965 1416 δε
988 1387 1016 1415 in
1038 1385 1172 1416 Domino
1198 1385 1284 1423 Regis

224 1418 352 1459 franci-„e
365 1444 374 1458 ,
394 1424 427 1451 &
447 1423 474 1450 in
497 1421 597 1452 vestine
612 1422 821 1455 Dominationis
837 1424 989 1455 constantia
1004 1424 1037 1454 &
1050 1425 1163 1464 vigore,
1182 1424 1215 1454 &
1230 1433 1283 1462 pro

224 1457 308 1500 Deo,
327 1458 456 1489 Domine
469 1459 622 1498 kariffime,
637 1462 720 1498 ipram
735 1472 885 1503 pauperem
898 1462 1126 1492 christianitatem
1140 1463 1158 1481 *
1177 1461 1282 1501 cysma-

226 1506 312 1525 tinam
327 1498 418 1539 'oculo
436 1498 566 1529 clementi
587 1500 718 1537 respicere
738 1502 915 1540 dignemini,
948 1501 998 1538 ipsi
1020 1509 1098 1531 terrae
1119 1500 1280 1541 cysmarinae

221 1537 385 1573 quamcitius
399 1536 592 1567 succurrendo

259 1573 343 1612 Siqua
363 1573 422 1605 sunt
442 1585 552 1614 autem,
573 1576 701 1606 Domine
717 1577 872 1615 karissime,
891 1588 955 1616 quae
975 1588 1027 1615 pro
1042 1578 1123 1607 vobis
1135 1587 1182 1607 me
1192 1578 1282 1607 facere

223 1611 320 1680 vestrge
340 1611 563 1656 lxrlagnificentiae
584 1615 734 1655 placuerit,
750 1617 820 1646 mihi
841 1616 935 1647 vestro
959 1617 1076 1647 totaliter
1089 1615 1278 1656 praecipiendo

223 1659 288 1680 mal]
310 1661 365 1680 ciis.

261 1688 396 1728 Supplico
413 1691 495 1720 etiam
509 1692 606 1731 vobis,
633 1692 778 1731 Domine,
809 1701 838 1723 ut
853 1703 915 1730 me,
941 1695 974 1724 ὃ(
990 1694 1120 1723 ordinem
1135 1692 1280 1729 nostrum,

223 1727 257 1758 &
272 1737 370 1758 omnes
386 1729 476 1759 fratres
489 1731 593 1760 ordinis
608 1731 694 1760 nostri
706 1741 799 1761 amore
814 1732 886 1770 Dei,
913 1732 945 1762 ὅ(
961 1731 1063 1761 nostrae
1078 1732 1218 1771 religionis
1230 1732 1280 1761 de-

221 1767 353 1805 vorione,
373 1769 615 1799 recommendatos
631 1770 758 1799 habeatis.

223 1804 358 1874 veXgieat
376 1806 423 1837 diu
443 1808 475 1837 δε
496 1807 568 1839 bene
583 1831 592 1846 ,
624 1809 656 1840 ὃς
676 1808 775 1840 crescat
797 1809 903 1849 semper
922 1808 1093 1840 Dominatio
1114 1808 1147 1840 ὃς
1167 1807 1279 1839 Bonitas

262 1923 329 1955 Dat.
355 1926 448 1957 Acon.
469 1926 513 1958 die
526 1929 626 1968 quinto
640 1928 746 1959 Mensis
760 1929 868 1967 Aprilis.

386 2069 435 2101 De
452 2073 634 2116 occupatione
653 2072 749 2104 Terrae
759 2071 867 2116 fimffae
876 2082 931 2118 per
953 2071 1109 2104 Tamaros.

228 2157 512 2219 EXcellentissimo
532 2159 564 2189 ὃ(
586 2158 822 2190 Christianissimo
842 2159 982 2199 principi,
1001 2159 1132 2191 Domino
1146 2160 1275 2191 Henrico

305 2197 401 2226 illustri
416 2197 489 2236 Regi
504 2196 549 2227 An
571 2197 630 2236 liae,
643 2198 724 2229 frater
738 2198 866 2229 Thomas
876 2199 912 2229 de
924 2198 1024 2229 ordine
1040 2198 1276 2238 Praedicatorum,
1300 2226 1303 2227 .

228 2233 402 2265 miseratione
415 2235 525 2274 divina,
566 2237 750 2267 ethleemitan.
766 2236 934 2277 Episcopus,
952 2237 1126 2277 Apostolicae
1140 2238 1208 2269 sedis
1220 2238 1276 2267 Le-

226 2279 320 2339 gatus,
338 2275 393 2311 ejus
413 2274 447 2304 ad
469 2274 564 2304 Deum
583 2282 675 2304 orator
693 2275 825 2305 assiduus:
845 2276 926 2306 frater
947 2275 1038 2315 Hugo
1058 2275 1150 2307 Revel
1161 2277 1276 2307 humilis

250 2309 364 2350 fiagister
380 2311 482 2343 domsis
504 2312 653 2353 Hospitalis
663 2312 759 2344 Saneti
769 2313 905 2351 johannis
915 2313 1126 2352 Jerosolimitani
1135 2338 1144 2353 ,
1163 2316 1196 2346 &
1209 2326 1276 2355 pau-

224 2359 322 2386 perum
344 2350 449 2381 Christi
469 2350 562 2381 custos
603 2353 686 2382 frater
705 2353 835 2382 Thomas
854 2352 980 2391 Berardi,
1004 2353 1115 2383 humilis
1138 2353 1276 2393 Magister

223 2387 327 2418 domus
342 2388 453 2419 Militia:
466 2374 595 2429 Tempii:
615 2389 697 2420 frater
712 2391 894 2428 Ar---cymus
909 2400 1065 2431 praeceptor
1080 2391 1183 2423 domus
1195 2393 1275 2422 l-los-

224 2427 312 2463 pitalis
324 2427 434 2458 Sancite
450 2427 551 2458 Mariae
565 2428 826 2465 Theotonicorum,
850 2430 884 2460 &
900 2429 1026 2469 Magistri
1039 2430 1158 2468 ejusdem
1171 2430 1275 2461 domszs

223 2465 252 2494 in
274 2465 378 2505 Regno
397 2467 485 2506 Syriae
505 2468 598 2497 vicem
618 2476 731 2505 gerens5
748 2469 781 2498 &
799 2467 949 2498 Goffridus
971 2468 1005 2498 de
1025 2468 1123 2508 Sargin
1139 2469 1222 2500 Miles
1243 2471 1273 2499 in

222 2502 328 2542 Regno
345 2505 570 2543 Jerosolimitano
588 2505 710 2546 Bajulus,
727 2516 794 2537 cum
816 2506 918 2538 devota
932 2507 1032 2538 Terrae
1045 2507 1148 2538 sanetae
1160 2518 1273 2540 recom-

222 2542 402 2573 mendatione
415 2544 518 2580 seipsos.

256 2580 393 2612 Fervente
413 2582 520 2613 dudum
539 2583 566 2612 in
582 2582 659 2622 Syria
671 2583 704 2614 δε
721 2583 903 2615 invalescente
915 2584 1103 2622 persecutione
1115 2585 1274 2623 Tartarica,

222 2628 302 2656 quae,
321 2621 405 2660 usque
418 2620 451 2651 ad
470 2630 590 2651 eXtrema
612 2621 750 2660 Regionis
763 2622 881 2661 nostrae,
897 2633 1040 2663 occupans
1053 2633 1141 2654 totam
1155 2632 1273 2661 terram,

218 2657 400 2689 christianum
422 2659 558 2698 populum
578 2660 752 2690 cismarinum
766 2661 866 2699 pluries
880 2662 913 2691 &
927 2663 1033 2692 timoris
1045 2662 1184 2692 concussit
1198 2663 1273 2692 toni-

219 2697 300 2733 truis,
316 2698 349 2726 ὅ(
371 2699 625 2728 comminationum
643 2698 795 2737 fulguribus
814 2699 941 2736 jaculavit
962 2700 1046 2737 usque
1067 2700 1101 2730 ad
1117 2709 1272 2730 extremum

218 2733 359 2765 defesium
373 2736 500 2766 cordium
515 2737 549 2767 δε
565 2736 760 2766 τείὸῐυτῑοηεῐη
775 2738 878 2767 virium
893 2739 1066 2777 generalem,
1078 2738 1204 2768 vestrum
1219 2748 1272 2778 po-

215 2772 334 2812 tissime,
353 2776 385 2804 &
407 2776 526 2805 aliorum
546 2775 658 2814 Regum
678 2777 711 2806 &
733 2774 895 2814 Principum
915 2777 990 2807 orbis
1004 2785 1102 2815 terrae,
1122 2776 1270 2807 subsidium

216 2811 312 2841 litteris
331 2815 497 2844 continuatis
517 2814 549 2844 ὃς
563 2815 642 2843 variis
657 2814 798 2843 cismarina
812 2814 992 2845 christianitas
1004 2816 1182 2856 imploravit,
1197 2815 1271 2852 apud

218 2849 409 2881 Clementiam
433 2853 552 2891 Regiam
574 2852 742 2891 {ingultuoiis
760 2852 882 2882 insistens
897 2854 1008 2893 suspiriis
1024 2855 1056 2884 &
1071 2853 1164 2884 validis
1178 2854 1271 2892 perso-

217 2897 284 2918 nans
303 2891 420 2920 vocibus
443 2892 476 2921 ὃς
492 2891 670 2921 conclamans
690 2899 718 2921 ut
739 2892 794 2929 ejus
806 2891 912 2921 clamor
926 2894 954 2922 in
968 2902 1044 2923 aures
1059 2892 1161 2932 Regias
1174 2894 1272 2922 introi-

221 2935 262 2967 ret
285 2928 318 2957 ὃς
337 2929 465 2958 clamoris
487 2929 568 2960 sonus
580 2930 609 2958 in
622 2928 689 2959 fines
702 2930 777 2959 orbis
789 2939 868 2960 terrie
1111 2932 1272 2961 sanctorum

221 2964 344 2995 fidelium
358 2969 510 3003 perveniret
526 2990 535 3005 ,
560 2977 589 2998 ut
602 2969 630 2997 in
647 2970 702 3007 ejus
715 2967 872 2998 succursum
885 2978 1063 3009 exurgerent,
1086 2970 1119 3001 ὃς
1133 2971 1162 2999 in
1174 2970 1272 2999 Terra:

219 3003 303 3032 dicite
336 3005 470 3035 rielidium
487 3007 678 3037 convolarent.

259 3014 447 3073 Poiiinodum
464 3046 546 3075 etiam
566 3046 758 3079 (Tartarorum
783 3045 904 3083 ipsorum
918 3048 992 3077 rabie
1007 3046 1179 3085 quiescente,
1203 3046 1274 3076 divi-

219 3089 267 3110 nae
287 3090 381 3110 tamen
402 3083 494 3120 grati-J:
517 3084 710 3122 prosecutione
730 3086 876 3124 respirans,
895 3095 961 3116 cum
975 3094 1063 3115 totam
1079 3086 1223 3126 respiceret
1238 3085 1273 3115 ab

220 3118 338 3159 Halapia
352 3120 559 3159 usqueJerosol.
579 3122 758 3153 Sarracenico
774 3124 990 3163 populo,quem
1003 3125 1187 3154 Tartarorum
1203 3133 1274 3153 con-

220 3158 367 3194 sumpserat
387 3158 507 3198 gladius,
526 3168 685 3198 vacuatam,
703 3170 735 3190 ex
761 3162 817 3191 hoc
842 3163 1016 3202 perquirendi
1030 3172 1130 3193 terram
1144 3163 1228 3199 ipsam
1241 3162 1276 3192 &

221 3195 441 3226 destructionem
456 3207 570 3235 eorum,
585 3199 631 3236 qui
644 3199 796 3235 supererant
809 3200 982 3239 hostium,in
998 3202 1082 3232 robur
1098 3201 1275 3240 fidei,maxi-

224 3244 270 3262 me
282 3237 314 3265 ἅ
327 3234 528 3265 christianitatis
542 3245 723 3274 augmentum
732 3261 741 3275 ,
761 3240 928 3278 acceptabile
944 3249 1052 3277 tempus
1064 3239 1169 3270 Christi
1189 3239 1276 3269 fideli-

225 3273 275 3302 bus
296 3273 447 3309 advenisse)
469 3274 503 3304 ad
525 3274 687 3314 capiendam
708 3284 808 3306 terram
829 3277 913 3316 ipsam
926 3278 961 3308 de
975 3278 1064 3316 facili,
1082 3279 1115 3308 δε
1133 3277 1278 3308 restituen-

223 3310 292 3339 dum
306 3312 393 3341 cultui
408 3311 558 3342 christiano
572 3312 707 3350 vestram,
725 3314 921 3354 dit-”torumque
936 3316 1051 3356 Regum
1066 3317 1098 3347 δε
1113 3315 1276 3356 Principum

224 3348 300 3379 duxit
322 3352 492 3388 potentiam,
512 3360 617 3381 attento
635 3351 811 3382 solicitudinis
832 3354 939 3391 studio,
958 3365 1006 3394 per
1027 3355 1115 3395 plures
1134 3355 1221 3386 literas
1244 3356 1277 3385 &

227 3386 361 3418 Nuntios
374 3389 562 3427 invit-andam,
578 3391 631 3428 iet,
650 3390 709 3428 illa,
745 3401 806 3421 uani
821 3393 849 3421 in
864 3402 981 3430 utroque
994 3403 1176 3432 conceperat,
1192 3393 1278 3431 usque

225 3423 283 3454 huc
302 3426 403 3457 fiducia
422 3427 594 3466 defraudata,
611 3429 644 3458 ad
666 3401 780 3469 praesens
797 3431 878 3460 omni
898 3431 1028 3462 destituta
1042 3432 1160 3462 subsidio
1172 3455 1181 3469 ,
1195 3432 1228 3462 &
1244 3441 1278 3462 ex

228 3461 415 3506 destruciione
430 3467 566 3505 praeterita
579 3476 678 3506 magna
691 3469 815 3507 oppressa
829 3468 950 3508 caristia,
968 3470 1176 3500 Babiloniorum
1187 3471 1224 3500 fic
1237 3470 1278 3500 est

229 3505 348 3545 exposita
368 3504 473 3534 facibus
493 3514 523 3535 ut
546 3504 681 3536 Soldanus
700 3507 775 3545 ipse,
803 3517 870 3537 curn
886 3510 1009 3539 exercitu
1030 3508 1161 3548 copioso,
1188 3517 1277 3539 totam

230 3536 411 3571 Provinciam
424 3567 433 3580 ,
460 3543 543 3581 usque
560 3543 593 3573 ad
613 3553 725 3583 portum
744 3546 829 3575 Acon
846 3569 855 3584 ,
881 3546 972 3576 hostili
991 3549 1048 3584 jam
1066 3548 1217 3586 occupavit
1235 3549 1280 3577 in-

233 3573 303 3604 sultu
317 3600 326 3615 ,
351 3579 382 3622 &.
397 3602 405 3616 ,
434 3581 526 3617 spiritu
545 3581 676 3622 superbiae
692 3583 813 3613 tumidus
827 3607 837 3622 ,
860 3584 1006 3615 vendicare
1024 3586 1073 3616 sibi
1093 3585 1227 3616 Civitates
1244 3587 1278 3616 &

235 3611 350 3652 Castra,
374 3627 401 3645 in
416 3618 470 3647 sua:
489 3620 656 3651 tortitudinis
674 3622 793 3659 impetu,
819 3625 1029 3661 comminetur,
1046 3632 1205 3663 treugarum
1224 3624 1279 3654 foe-

235 3649 318 3688 dere,
335 3663 399 3695 quas
415 3654 547 3687 haste-nus
563 3669 631 3688 cum
650 3659 803 3690 christianis
820 3661 932 3699 inierat,
949 3672 1008 3691 non
1027 3662 1141 3692 servato.

257 3686 306 3731 „In
329 3691 425 3728 quibus
436 3697 571 3735 ¹omnibus
589 3707 648 3728 non
665 3697 705 3727 est
721 3699 767 3736 qui
784 3698 899 3729 redimat
912 3722 921 3737 ‚
953 3710 1026 3739 neq,
1055 3701 1103 3740 qui
1119 3700 1223 3730 salvum
1242 3700 1281 3730 fa-

235 3734 309 3764 ciat,
325 3737 376 3757 nec
397 3739 443 3772 qui
461 3732 526 3762 ferat
543 3736 688 3774 auxilium,
702 3746 754 3765 nec
772 3738 817 3774 qui
839 3746 939 3768 terram
955 3739 1137 3768 miserabilem
1156 3738 1281 3768 console-

236 3772 282 3793 tur
296 3773 329 3807 ex
345 3767 473 3810 omnibus
483 3772 557 3812 'caris
576 3774 649 3809 ejus:
673 3774 859 3814 circumspicit
879 3777 1018 3815 undique,
1040 3787 1166 3814 quaerens
1184 3777 1214 3806 in
1232 3777 1282 3806 tri-

236 3801 377 3846 bulanone
395 3804 556 3846 subsidium,
575 3811 607 3839 &
625 3821 685 3841 non
700 3813 793 3848 venit3
813 3814 883 3850 jacet
901 3814 1007 3844 obseffi
1023 3816 1154 3852 canibus,
1171 3825 1226 3844 nec
1241 3815 1282 3844 in-

237 3848 313 3870 venlt
336 3840 496 3872 llber‘antem
514 3845 671 3884 Regionem
686 3849 809 3879 nostram
829 3874 838 3889 ,
863 3852 958 3882 labore
972 3853 1121 3890 multiplici
1143 3854 1176 3883 ὃς
1193 3854 1283 3891 gravi-

222 3877 289 3920 ⁴bus
303 3878 423 3921 expensis
441 3881 573 3912 excultam
588 3907 596 3922 ,
620 3887 649 3914 in
668 3895 919 3926 temperamentum
937 3890 1052 3921 caristiae
1064 3916 1073 3928 ,
1098 3892 1178 3922 alieni
1193 3892 1282 3921 devo—

236 3923 299 3958 rant
324 3916 587 3961 &circumquaque
608 3922 770 3963 devastant,
796 3936 849 3956 nec
871 3928 961 3958 solum
977 3929 1034 3959 sine
1049 3929 1195 3960 resistentia
1209 3937 1284 3958 exte-

238 3961 340 3997 norem
359 3953 479 3998 infideles
497 3956 641 3989 absorbent
658 3963 792 4000 patriam,
816 3964 853 3994 set
868 3965 954 3995 dilato
973 3967 1045 4002 prius
1083 3969 1110 3997 ui
1128 3967 1163 3996 de
1179 3966 1284 4005 sperato

240 3989 362 4033 subsidio
375 3991 504 4035 fiduciam
520 3993 637 4037 habent,
655 4007 685 4027 ut
700 4000 727 4028 in
741 4010 771 4029 os
787 4001 909 4036 ipsorum
924 4003 1020 4034 Castra
1034 3977 1209 4043 insuam&
1223 4014 1284 4036 ma-

241 4028 360 4071 rithitnae
381 4029 514 4071 Civitates
531 4041 675 4074 maximae,
693 4046 757 4073 quas
776 4038 926 4069 cismarinae
946 4041 1146 4074 christianitatis
1164 4044 1286 4079 paucitas

238 4074 351 4097 munire
371 4077 430 4097 uon
449 4067 551 4099 sufficit
564 4092 573 4107 ,
598 4071 631 4101 &
653 4082 750 4104 contra
770 4075 902 4107 hostilem
923 4078 1106 4118 frequentiam
1125 4080 1285 4118 defensare3

1322 185 1448 238 Es,
1533 185 1929 239 LtTERAE‚·

1326 273 1394 312 quin
1427 272 1519 311 potius
1533 295 1543 311 ,
1566 274 1639 313 quafi
1670 285 1770 316 parvus
1800 283 1865 314 grex
1897 273 1927 302 in
1955 271 2088 310 luporum
2122 269 2219 302 medio
2245 269 2382 316 constitu-

1326 319 1391 348 ωε,
1417 310 1563 348 conseptus
1583 313 1706 352 undique
1726 325 1759 345 ac
1781 314 1903 350 direptus
1927 311 2030 353 ubique
2055 310 2164 340 suarum
2191 318 2310 355 partium
2333 311 2382 341 de-

1326 349 1529 386 praedationem
1553 359 1589 380 eo
1601 352 1734 383 formidat
1752 350 1913 382 immenfius
1928 359 1986 387 quo
1997 350 2165 388 frequentius
2179 348 2382 387 praedi&omm

1327 388 1460 424 luporum
1481 387 1640 419 molestatur
1661 391 1814 422 incursibus
1835 391 1869 420 &
1891 388 2105 419 discurrentibus
2119 387 2286 418 exercitibus
2299 388 2384 426 agita—

1329 433 1381 455 tur.

1365 463 1413 494 Ut
1424 464 1472 502 qui
1484 464 1584 504 igitur,
1601 465 1667 500 Rex
1679 466 1776 497 inclite
1785 489 1795 504 ,
1810 465 1900 505 Regia
1914 466 2038 503 potentia
2054 475 2113 495 non
2127 466 2267 505 consurgit
2281 462 2384 496 &Re-

1326 502 1391 540 galis
1410 502 1514 531 dextrae
1536 503 1682 534 brachium
1706 515 1767 535 non
1786 505 1908 543 exurgit,
1927 503 1962 534 us
1977 513 2011 533 ue
2026 513 2084 541 quo
2102 504 2261 534 exaltabitur
2283 512 2384 535 contra

1331 549 1384 568 nos
1402 539 1542 571 christiani
1566 543 1689 572 nominis
1709 542 1850 573 inimicus!
1867 552 1952 582 quam
1974 544 2001 571 iu
2022 550 2106 579 terra,
2125 540 2232 571 Christi
2251 543 2384 582 sanguine

1327 578 1482 616 rubricata,
1500 580 1660 610 conculcari
1674 590 1731 611 tarn
1745 581 1897 611 enormiter
1909 592 1926 611 a
1939 580 2031 611 bestiis
2046 582 2235 618 permittatur,
2267 586 2332 620 quae
2346 580 2384 611 stc

1329 615 1420 653 posset
1439 617 1475 646 de
1497 616 1571 647 facili
1585 618 1711 658 liberari,
1728 620 1761 650 &
1775 628 1905 659 perpetua
1919 629 1988 656 pace
2002 619 2124 656 muniri,
2138 632 2225 642 —-

1879 658 2017 695 praedietis
2031 657 2153 696 partibus
2166 655 2302 686 resarciri:
2317 665 2386 686 cum

1330 692 1553 729 enim‚aliorum
1566 693 1693 725 hostium
1708 695 1833 733 undique
1848 695 1950 726 sublata
1966 695 2129 726 fortitudine
2136 694 2384 734 Babyloniorum*

1330 731 1531 761 tantummodo
1545 741 1715 763 nocumenta
1730 733 1876 771 supersint,
1902 736 1935 765 ὃς
1951 735 2057 765 caeteris
2090 733 2285 764 uodammodo
2297 732 2388 771 spina-

1330 779 1393 799 rum
1406 769 1503 799 aculeis
1516 770 1549 800 δε
1562 771 1709 801 fruc-a—
1807 772 1933 802 hostibus
2102 773 2180 803 abeat
2193 772 2254 802 Ter

1475 809 1552 846 cujus
1574 809 1709 839 custodiae
1724 810 1912 841 tribulationes
1924 810 2102 841 multimodas
2116 812 2149 842 &
2163 809 2326 848 periculosas
2340 811 2385 848 jn-

1330 845 1500 889 quietudines
1520 855 1554 876 ex
1930 849 2026 888 ipsius,
2047 858 2133 887 quam
2146 849 2285 889 praesentis
2298 850 2385 888 potis-

1331 888 1399 915 11me
1421 887 1553 922 temporis
1566 886 1740 922 oportunitas
1755 886 1900 916 subminist
1914 903 2254 911 ψή-

1429 923 1576 960 promiiius
1604 924 1636 954 &
1655 924 1734 953 anxie
1751 925 1787 954 ab
1807 925 1939 955 omnibus
1959 925 2118 963 expectatus
2142 925 2214 955 foret
2235 925 2384 956 necessarie

1331 959 1499 991 festinandus
1525 971 1555 992 ut
1574 960 1714 992 Babilouis

1331 1000 1364 1030 &
1385 999 1506 1040 reliquiae

1330 1053 1413 1060 --—-

1749 1000 1910 1039 perderent,
1925 1011 1961 1031 ne
1978 1011 2033 1041 qua
2045 1001 2082 1031 de
2095 1012 2200 1032 caerero

2073 1040 2162 1079 posset
2182 1051 2245 1078 quae
2258 1041 2288 1070 in
2300 1040 2388 1070 eradi-

1332 1076 1474 1106 cationem
1488 1076 1626 1106 christiani
1642 1077 1764 1106 nominis
1775 1075 1892 1106 efferatis
1904 1077 2003 1106 animis
2016 1078 2208 1117 consurrexit,
2228 1088 2295 1109 nam
2309 1079 2329 1109 ii
2342 1089 2386 1110 ra-

1331 1114 1377 1144 dix
1390 1114 1451 1152 illa,
1470 1114 1549 1145 nullis
1564 1115 1711 1154 impedita,
1737 1115 1814 1154 quod
1827 1115 1910 1153 absit,
1927 1114 2074 1145 obstaculis
2080 1138 2091 1154 ,
2106 1118 2134 1147 in
2149 1118 2386 1156 germinationem

1328 1153 1451 1184 hostium
1466 1153 1530 1183 fidei
2286 1154 2386 1186 subve-

1328 1191 1422 1260 memnii
1443 1192 1570 1222 voluntas
1592 1191 1768 1231 perficietur,
1784 1192 1831 1222 ubi
1846 1192 1918 1222 foret
1931 1192 2050 1231 congrui
2062 1194 2196 1232 temporis
2207 1192 2386 1234 possibilitas,

1328 1239 1398 1260 retar
1418 1238 1472 1261 ata·

1364 1255 1530 1300 Memir’iiffe
1547 1269 1630 1300 debet
1652 1268 1858 1313 magnificentia
1876 1267 1967 1308 Regia
1987 1268 2053 1299 dam
2074 1280 2109 1300 na
2121 1270 2212 1309 gravia
2228 1270 2260 1300 &
2275 1270 2386 1309 injurias

1325 1309 1462 1347 graviores
1482 1318 1547 1348 quas
1570 1324 1653 1331 -—--
2021 1306 2050 1337 C
2073 1308 2258 1339 risticolarum
2278 1311 2384 1340 exerci-

1327 1355 1389 1376 tum
1411 1346 1509 1386 pluries
1529 1347 1723 1386 intemptavit,
1741 1356 1801 1376 non
1822 1344 1936 1386 quidem
1958 1355 1992 1375 ex
2014 1346 2063 1376 suo
2078 1348 2196 1387 robore,
2210 1347 2248 1378 set
2260 1355 2306 1378 aut
2322 1357 2385 1385 per-

1326 1383 1455 1415 miffione
1476 1385 1570 1415 divina
1813 1385 1928 1423 gratiam
1949 1394 2148 1424 peccatorum,
2168 1395 2215 1417 aut
2234 1395 2269 1416 ex
2289 1386 2385 1417 multi-

1324 1422 1474 1460 plicatione
1487 1424 1596 1454 roboris
1735 1461 1740 1465 .
1924 1422 2034 1463 Regnis
2310 1424 2385 1464 adJa-

1324 1463 1452 1492 centibus
1473 1461 1605 1492 influebat
1617 1483 1627 1497 ,
1650 1468 1803 1490 exercitum
1818 1481 1822 1484 .
2091 1471 2191 1493 contra
2210 1461 2382 1494 Babiloniam

1323 1498 1502 1531 Christicolae
1517 1499 1696 1538 praevalerent
1708 1522 1718 1536 ,
1746 1498 1931 1528 concurrebat
1945 1498 2012 1529 undi
2034 1510 2068 1530 ue
2266 1501 2384 1532 infideli—

1323 1539 1383 1568 tatis
1401 1538 1456 1570 sure
2021 1545 2048 1567 et
2061 1551 2233 1562 —0-—-—-
2248 1538 2383 1579 Baitiaca,

1321 1585 1404 1615 atque
1423 1577 1558 1616 Halapia,
1577 1577 1610 1606 δε
1632 1574 1798 1612 Damascus,
1817 1573 2020 1612 opulentissima
2043 1583 2138 1606 revera
2162 1575 2263 1616 Regna
2275 1579 2308 1610 &
2323 1579 2382 1609 for.

1323 1616 1484 1646 mosiffimae
1505 1615 1655 1652 Civitates,
1673 1624 1707 1644 ex
1725 1614 1825 1653 quibus
1844 1614 1884 1643 uti
1905 1623 1957 1652 ue,
1977 1613 1997 1644 fi
2011 1614 2097 1645 robur
2119 1614 2243 1644 validum
2265 1617 2382 1647 accede—

1323 1654 1394 1694 bat,
1420 1655 1438 1685 si
1461 1653 1689 1685 confortabantur
1710 1652 1823 1683 brachia
1843 1661 1878 1691 pe
1902 1661 2026 1683 imorum

1319 1692 1451 1733 supplicat
1467 1694 1603 1723 rationem
1616 1701 1714 1722 verum
1732 1690 1806 1721 radix
1820 1690 1882 1721 haec
1894 1689 2008 1730 peffima
2026 1691 2108 1720 ramis

1321 1742 1406 1769 quarn
1427 1732 1462 1762 de
1484 1731 1556 1761 facili
1578 1731 1753 1772 cittii-pationi
1774 1736 1864 1770 pateat
1885 1730 1918 1760 &
1940 1729 2118 1760 eradicationi
2132 1728 2266 1767 subjaceat
2279 1730 2379 1761 leviori

1321 1770 1408 1800 distat
1421 1771 1490 1800 ratio
1499 1793 1509 1809 ,
1527 1770 1559 1800 &
1573 1779 1607 1799 ex
1809 1768 1978 1808 comprobat
2262 1767 2382 1800 Celsitu-

1320 1808 1417 1839 dinem
1439 1808 1564 1839 fidelibus
1583 1808 1703 1837 vocibus
1720 1814 1855 1845 quantum
1869 1805 2014 1844 possumus
2027 1805 2202 1849 obsecramus
2215 1807 2246 1836 in
2259 1806 2380 1839 Christo

1505 1855 1651 1884 potentem
1667 1847 1759 1876 virum
1772 1845 1927 1875 adventurn
1942 1845 1989 1875 vel
2002 1844 2096 1875 {altem
2109 1844 2242 1874 auxilium
2254 1846 2334 1883 quod
2348 1847 2380 1876 in

1319 1885 1461 1923 praedietae
1482 1885 1580 1915 Terrae
1604 1884 1706 1914 sanetae
1725 1882 1916 1914 defensionem
1939 1883 1972 1914 δε
1987 1882 2183 1913 confusionem
2196 1883 2380 1915 inimicorum

1319 1925 1409 1955 crucis
1429 1923 1535 1954 Christi
1556 1923 1714 1961 suspirantes
1733 1922 1766 1952 &
1785 1923 1859 1952 anxii
1882 1922 2049 1962 exponimus
2063 1921 2218 1960 dignemini
2232 1921 2301 1953 sicut
2313 1933 2381 1953 om-

1318 1972 1366 1992 nes
1387 1963 1501 2001 requirit
1522 1963 1669 2001 negotium
1689 1959 1817 1992 crucifixi
2101 1959 2255 1990 noviffimis
2267 1983 2278 1999 ,
2309 1960 2379 1992 Deo

1319 2001 1434 2031 auctore
1471 2000 1643 2039 temporibus
1662 2001 1692 2030 in
1717 1998 1859 2040 perhenne
1879 1999 2004 2029 nominis
2025 1997 2109 2029 vestri
2124 1999 2299 2036 praeconium
2315 2022 2325 2039 ,
2349 2002 2379 2030 in

1317 2040 1416 2070 Terrae
1430 2024 1530 2070 sinetae
1544 2039 1737 2069 liberationem
1753 2038 1786 2069 &
1798 2047 1897 2076 pacem
1906 2061 1917 2077 ‚
1935 2039 1969 2070 &
1985 2037 2085 2077 Regiae
2099 2036 2262 2068 strenuitatis
2278 2047 2378 2076 poten-

1314 2079 1351 2109 tia
1375 2078 1408 2108 &
1433 2077 1557 2108 hostium

1354 2116 1451 2149 Valeat
1463 2116 1577 2157 Regalis
1592 2114 1798 2155 magnificentia
1812 2124 1860 2154 per
1876 2122 2004 2155 tempora
2019 2113 2154 2154 longiora.

1977 1166 2093 1176 ..-

1651 2092 1729 2099 -e

1352 2195 1420 2230 Dat.
1439 2197 1534 2229 Acori.
1551 2196 1596 2228 die
1609 2196 1709 2228 mensis
1721 2194 1823 2234 Aprilis
1837 2202 1951 2235 quarto,
1965 2195 2037 2226 sexta
2048 2194 2217 2229 Indictione.

1937 2275 2037 2315 sigillis
2045 2277 2235 2315 pendentibus:

1314 2409 1404 2442 Bulla
1421 2408 1706 2442 recommendatoria
1723 2405 1880 2440 Edwardo
1891 2409 2086 2454 primogenito
2104 2411 2211 2457 Regis,
2239 2420 2294 2456 pro
2312 2410 2376 2442 De-

1340 2469 1412 2489 cano
1430 2458 1558 2501 Ecclefiae
1576 2457 1740 2504 Caffalenfis
1759 2466 1862 2488 contra
1879 2453 2140 2504 Archiepifiopum
2152 2455 2342 2506 protegendo.

1312 2545 1519 2619 ALexander
1533 2545 1704 2590 Episcopus,
1719 2544 1809 2589 servus
1823 2544 1967 2589 servorum
1980 2543 2054 2589 Dei,
2073 2545 2181 2590 dilei‘lto
2192 2546 2251 2592 filio
2257 2546 2374 2593 Edwafl'

1387 2584 1427 2615 do
1447 2584 1581 2616 Domuio
1601 2583 1739 2622 iberniae,
1767 2591 1956 2623 primogenito
1976 2582 2106 2614 canffimi
2128 2595 2157 2615 in
2181 2583 2299 2617 Christo
2323 2586 2371 2617 filii

1311 2623 1416 2661 nostri,
1434 2623 1542 2653 illustris
1555 2624 1643 2663 Regis
1656 2622 1784 2662 Angliae,
1805 2622 1919 2653 salutem
1935 2621 1969 2652 &
1981 2622 2178 2659 Apostolicam
2192 2624 2370 2656 benediffio-

1311 2670 1388 2690 nem.

2397 271 2474 303 A'nn.
2492 271 2532 303 D.

2417 312 2502 341 1260.

2397 355 2462 378 Hen.
2483 360 2496 387 3
2503 371 2509 377 .

2403 694 2451 721 *L
2466 702 2529 729 70⁰.

2081 964 2115 995 ὃς
2135 965 2280 1003 progenies
2302 964 2391 994 simul*

2389 2556 2464 2590 Ann.
2481 2557 2522 2590 D.

2406 2597 2490 2627 1260.

2385 2639 2436 2663 Aa.
2448 2645 2497 2671 44.

2386 2678 2441 2701 Hm
2462 2683 2488 2709 3.

1347 2698 1391 2728 Ex
1405 2699 1470 2729 zelo
1483 2699 1672 2736 mestitudinis,
1699 2708 1764 2736 quae
1777 2706 1874 2729 tecum
1890 2698 2004 2729 infantia
2019 2704 2066 2728 tua
2081 2699 2197 2730 crevisse
2209 2701 2311 2739 debet,
2324 2704 2370 2740 ju·
2385 2716 2425 2739 Ex
2439 2714 2498 2739 Au-

1310 2736 1412 2767 stitiam
1430 2737 1560 2778 diligere,
1575 2748 1607 2768 ac
1627 2738 1802 2774 iniquitatem
1816 2745 1844 2766 te
1855 2736 1934 2766 odire
1945 2734 2105 2775 credentes,
2123 2738 2313 2776 prosecutores
2326 2742 2368 2777 ju-
2380 2758 2446 2787 togr.
2498 2744 2500 2747 ’

1310 2774 1393 2805 stitiae
1412 2785 1512 2807 contra
1534 2777 1593 2806 illos
1607 2798 1617 2813 ‚
1642 2777 1690 2812 qui
1711 2784 1776 2807 eam
1794 2775 1917 2804 maxime
1937 2772 2090 2803 Laicorum
2111 2777 2236 2811 potentia
2256 2778 2368 2808 turbare

1309 2813 1496 2854 praesumunt,
1512 2814 1681 2851 protectioni
1694 2821 1750 2843 tuae
1764 2809 1929 2843 fiducialiter
1944 2812 2186 2843 commendamus.

1348 2852 1420 2882 Sane
1435 2852 1550 2882 dilectus
1563 2852 1632 2882 filius
1646 2851 1790 2888 Keranu's,
1807 2850 1939 2881 Decanus
1953 2848 2087 2880 Ecclefiae
2102 2850 2373 2891 Caffeuenfis,con-

1311 2899 1351 2921 tra
1379 2891 1565 2921 venerabilem
1586 2891 1697 2920 fratrem
1717 2888 1844 2919 nostrum
1949 2887 2201 2932 Archiepiscopum
2223 2890 2373 2926 Caffellen.

1311 2929 1388 2969 super
1403 2929 1590 2967 recuperanda
1604 2927 1770 2968 posseffione
1785 2925 1946 2957 Decanatfis
1963 2926 2003 2956 sui
2018 2927 2138 2964 eiusdem
2153 2928 2374 2970 Ecclefiae,quo

1310 2977 1376 2997 eum
1395 2967 1626 3008 Archiepiscopus
1650 2967 1723 3008 ipse,
1760 2965 1805 2995 0st
1815 2965 2028 3005 appellationem
2043 2965 2166 3005 legitime
2178 2967 2212 2998 ad
2227 2968 2321 2998 sedem
2335 2970 2376 3000 Α-

1310 3005 1477 3046 postolicam
1494 3006 1685 3044 interjectam,
1704 3005 1732 3034 in
1753 3004 1844 3041 ebite,
1861 3003 2015 3047 ut-afferit,
2034 3003 2178 3044 spoliavit,
2198 3016 2314 3037 necnon
2327 3008 2374 3038 su-

1311 3054 1359 3083 per
1378 3044 1505 3084 sacrilega
1525 3046 1673 3084 captione,
1689 3043 1722 3074 &
1744 3043 1967 3073 incarceratione
1987 3042 2032 3078 sua
2044 3065 2054 3081 ,
2068 3042 2102 3073 &
2115 3043 2171 3074 aliis
2185 3044 2296 3076 diversis
2309 3047 2373 3077 arti-

1312 3083 1381 3113 culis
1403 3083 1437 3113 ad
1463 3091 1553 3114 certos
1566 3083 1686 3122 judices,
1703 3080 1826 3120 nostras,
1843 3080 1892 3111 sub
1903 3088 1978 3112 certa
1992 3080 2102 3120 forma,
2122 3081 2224 3114 litteras
2239 3084 2372 3124 impetra-

1312 3130 1419 3198 mSed,
1434 3161 1513 3199 quia,
1539 3168 1653 3200 propter
1671 3158 1826 3196 potentiam
1847 3158 1968 3197 ejusdem
1987 3157 2215 3227 Archiepiscopi,
2235 3160 2310 3191 suam
2330 3162 2373 3193 su-

1312 3209 1361 3239 per
1381 3198 1438 3228 hoc
1459 3198 1538 3235 poffe
1555 3198 1687 3236 justitiam
1712 3195 1838 3235 prosequi
1857 3207 1917 3227 non
1940 3197 2075 3236 confidit,
2114 3199 2233 3228 umiliter
2248 3201 2327 3238 petiit
2342 3209 2373 3230 ut

1313 3247 1340 3267 te
1361 3237 1396 3267 ad
1415 3236 1606 3267 defensionem
1628 3237 1685 3275 ejus
1707 3236 1824 3266 excitare
1837 3234 2008 3275 Apostolicis
2022 3236 2262 3268 exhortationibus
2274 3237 2371 3278 digna-

1314 3285 1419 3305 remur:

1352 3314 1498 3381 (Ἧκίτςα
1517 3312 1710 3343 Nobilitatetn
1728 3322 1803 3343 tuam
1817 3322 1946 3353 rogamus
1959 3313 1993 3344 &
2007 3312 2154 3344 hortamur
2166 3316 2271 3345 attente
2284 3316 2374 3355 quati-

1315 3363 1366 3383 nus
1417 3360 1536 3381 ecanum
1558 3351 1664 3389 ipsum,
1683 3361 1735 3389 pro
1757 3351 1850 3382 nostra
1869 3352 1902 3382 &
1920 3350 2095 3389 Apostolicae
2115 3352 2183 3383 sedis
2200 3355 2371 3391 reverentia,

1314 3390 1479 3430 prosequens
1496 3389 1593 3419 favore
1614 3392 1754 3429 propitio,
1779 3392 1805 3420 ei
1825 3390 1904 3427 super
1943 3390 2085 3429 raemiffis,
2109 3391 2142 3421 ad
2163 3392 2369 3431 requisitionem

1315 3428 1457 3459 distorum
1473 3427 1619 3466 judicum,
1645 3437 1819 3466 oportunum
1839 3438 1872 3459 ac
1893 3427 1929 3458 de
1950 3429 2021 3459 itum
2039 3428 2170 3460 auxilium
2190 3429 2370 3469 largiaris31ta

1314 3467 1392 3507 quod
1411 3475 1460 3504 per
1481 3466 1539 3495 hoc
1562 3466 1612 3496 tibi
1628 3476 1642 3496 a
1657 3467 1805 3498 clementia
1819 3467 1906 3505 Regis
1919 3468 2015 3498 aeterni
2029 3468 2210 3504 promerearis
2223 3467 2300 3507 quod
2312 3466 2366 3504 ipsa

1315 3515 1368 3543 pro
1388 3506 1439 3542 piis
1459 3504 1566 3534 actibus
1587 3505 1801 3544 recompensat,
1828 3506 1936 3546 nosque
1955 3504 2072 3544 proinde
2095 3513 2174 3536 tuam
2189 3505 2371 3537 devotionem

1315 3543 1450 3582 poffimus
1462 3543 1565 3572 merito
1578 3544 1785 3575 commendare.

1351 3624 1419 3655 Dat.
1439 3622 1590 3662 Anagniae,
1611 3631 1643 3661 15
1661 3622 1725 3655 Kal.
1745 3625 1832 3664 Maii,
1848 3623 2034 3655 Pontificatsis
2048 3624 2136 3655 nostri
2148 3633 2225 3656 anno
2237 3621 2322 3653 sexto.

1795 3703 2014 3746 Plumbeofigillo
2028 3716 2047 3734 a
2056 3704 2105 3746 filo
2119 3703 2242 3735 canabw.

1320 3836 1340 3855 ²*
1362 3837 1481 3868 Littera
1498 3837 1571 3881 Regi
1592 3839 1816 3874 Romanorum;
1839 3838 1874 3870 de
1891 3849 2038 3884 apparatu
2053 3833 2153 3868 bellica
2171 3831 2216 3865 ad
2232 3836 2365 3881 Regnum

1611 3884 1796 3920 turbandum
1815 3889 1852 3924 ὠ·
1867 3884 2081 3918 invadendum.

1319 3966 1407 4029 RE

1319 4042 1418 4074 nostro
1439 4044 1568 4075 miserunt
1587 4046 1621 4076 ad
1660 4046 1754 4076 iversas
1768 4055 1855 4083 partes
1871 4045 1967 4083 Regni
1983 4043 2107 4074 Franciae
2121 4055 2173 4085 pro
2205 4054 2284 4082 ente,
2302 4053 2371 4074 curn

1318 4083 1400 4113 armis
1413 4105 1423 4120 ,
1431 4083 1632 4115 introducenda
1650 4085 1681 4114 in
1695 4083 1830 4124 Regnum
1843 4082 1973 4114 nostrum
1985 4090 2083 4114 contra
2100 4093 2152 4114 nos
2164 4096 2175 4122 3
2185 4054 2222 4115 {e
2253 4092 2292 4112 uo
2298 4082 2374 4112 idem

2274 4129 2380 4161 egnum

1416 3966 1446 3997 X
1462 3967 1572 4007 Angliae
1589 3970 1664 4010 Regi
1679 3970 1896 4008 Romanorum,
1913 3969 2036 4000 salutem.

2390 3776 2406 3792 ”
2423 3776 2521 3812 1701.

2389 3813 2465 3844 Ann.
2478 3815 2519 3846 D.

2405 3852 2493 3884 1260.

2386 3894 2439 3956 ⁸gn.
2453 3902 2501 3928 44.

2389 3939 2479 4005 Clanis..

1417 4006 1532 4045 Sciam,
1556 4009 1633 4046 quod
1666 4018 1698 4038 ro
1714 4017 1792 4038 certo
1804 4008 1975 4043 audivimus,
1999 4004 2205 4049 quodquidam
2217 4006 2254 4037 de
2265 4006 2370 4046 Regno
2382 4003 2451 4040 fal?-
2469 4007 2496 4033 in

2390 4045 2526 4080 ἵκω-44.

2393 4084 2427 4108 Η.
2446 4090 2471 4117 3.

2394 4128 2430 4148 κο,
2442 4128 2464 4147 1.
2472 4120 2498 4148 d.
