2570 4261
688 210 800 250 ET
884 209 1151 250 ACTA

0 297 60 331 kun.
75 294 107 325 D
130 299 262 329 habentes
276 320 286 336 ,
307 306 369 328 eam
391 295 528 334 praesent'is
549 295 642 333 scripti
661 294 823 326 testimonio
845 293 975 325 duximus
996 294 1183 325 corroboran-

4 344 85 374 1251.
131 337 206 367 dam.

0 381 50 404 im-
73 383 98 410 3-

166 412 256 444 Teste
268 411 374 449 meipso
388 410 462 449 apud
476 410 634 440 Windesor.
650 409 764 440 decimo
776 408 880 439 octavo
893 409 938 439 die
949 409 1081 447 Januarii.

311 536 368 567 Pro
384 533 594 582 Crucqs‘gnatis
611 531 647 564 de
666 529 919 578 Redemptionibus
936 535 1010 566 voti.

0 626 65 657 Knn.
77 625 118 656 D.
135 618 191 682 R
203 620 265 651 EX
282 620 430 657 omnibus,
447 618 498 649 &c
519 617 641 661 salutern.
1166 656 1172 662 ἱ

12 673 94 702 1251.
234 660 401 699 Qioniam,
419 667 449 701 ut
463 655 619 699 audivimus
632 680 641 693 ,
665 656 746 686 multi
761 657 789 699 in
807 655 912 695 Regno
926 655 1041 701 nostro,
1060 656 1093 687 δε
1108 663 1186 700 terris

0 707 41 731 471.
58 712 101 739 35.
134 698 217 728 nobis
232 698 359 739 subjectis
374 695 577 733 trepidaverunt
591 703 709 738 timore,
728 695 775 724 ubi
789 704 849 724 non
862 703 919 738 erat
933 704 1036 738 timor,
1054 704 1084 725 ut
1095 704 1188 724 omnis

0 746 24 769 3.
44 750 56 777 3
134 737 243 775 suspitio
255 737 321 767 mali
337 734 448 766 tollatur
469 733 503 762 de
523 732 619 762 medio
631 756 640 769 ,
667 733 743 762 bona
759 732 813 762 fide
828 741 1018 771 promittlmus
1035 732 1110 771 quod
1127 734 1189 762 nul-

98 800 103 805 .
136 776 196 805 lum
210 775 443 814 crucesignatum,
461 771 506 801 vel
519 771 766 810 crucesignandum
779 772 809 800 in
820 770 957 810 praedietis
967 771 1075 809 Regno
1089 770 1188 801 nostro

137 815 169 845 Sc
183 814 259 843 terris
279 811 479 852 compellemus
494 832 503 847 ,
527 818 573 840 aut
588 809 720 846 compelli
740 808 873 838 faciemus
889 831 898 847 ‚
925 811 1029 840 ratione
1045 809 1134 839 crucis
1149 819 1190 838 as-

81 876 87 882 .
135 853 271 891 sumptae,
288 850 334 881 vel
351 847 522 880 affumendae
535 871 543 884 ,
564 847 597 878 ad
617 846 783 877 solvendum
800 848 933 884 majorem
953 848 1089 878 summam
1104 856 1189 883 pecu-

135 891 207 927 niae,
229 900 281 929 pro
294 888 488 925 redemptione
498 887 576 925 voti,
592 895 676 926 quam
687 885 844 926 promiserit
857 887 885 915 in
898 887 952 927 ipsa
965 887 1055 917 crucis
1069 885 1190 923 affurnp-

135 930 221 960 tione.

171 966 206 996 In
225 966 318 1004 cujus,
338 966 398 996 &c.

169 1041 258 1073 Teste
272 1040 353 1080 Rege
366 1040 439 1080 apud
453 1040 616 1071 windesor.
634 1048 668 1077 17
683 1039 728 1070 die
740 1039 871 1078 Januarii.

135 1168 256 1198 Littera
279 1167 362 1198 Dnci
379 1162 563 1205 Brabantiae‚
589 1163 624 1196 de
641 1167 751 1210 negotio
769 1167 847 1196 inter
869 1166 975 1210 Regem
994 1166 1030 1201 ὠ·
1054 1161 1190 1195 eundem.

0 1261 56 1293 qm,
82 1261 114 1292 D
138 1249 259 1306 REX
280 1249 359 1279 Duci
374 1249 526 1280 Brabantiae
540 1248 662 1279 salutem.

10 1311 43 1331 1⁶
61 1285 84 1330 Ἰ
118 1285 124 1291 ’
230 1288 285 1318 Per
296 1287 427 1327 quosdam
441 1287 476 1317 de
491 1286 586 1317 vestris
600 1296 687 1325 nuper
702 1285 915 1316 intellexerimus
929 1309 938 1324 ,
963 1286 1039 1326 quod
1052 1286 1130 1327 super
1144 1296 1193 1317 ve-

0 1309 63 1367 4.,‘5
85 1324 107 1365 ζ,
142 1327 200 1357 stro
214 1327 395 1357 matrimonio
409 1348 418 1363 ,
444 1335 502 1354 non
515 1325 595 1355 vultis
609 1334 660 1354 vos
678 1325 855 1354 committere
868 1325 948 1354 dieto
967 1323 1083 1363 nostro,
1104 1325 1154 1364 set,
1174 1325 1194 1355 si

0 1355 40 1406 ql*
64 1349 91 1404 ¹3>
141 1365 323 1396 desideramus
339 1364 485 1402 negotium
501 1385 511 1400 ,
536 1362 571 1392 de
591 1373 648 1400 quo
668 1362 777 1392 dudum
795 1363 866 1392 inter
887 1373 938 1392 nos
954 1364 988 1394 δε
1001 1373 1052 1393 vos
1067 1363 1196 1394 tradiatus

0 1387 73 1452 «imfs
140 1403 181 1433 est
194 1403 301 1433 habitus
314 1425 323 1440 ,
349 1401 443 1437 perfici
455 1424 464 1437 ,
490 1400 667 1431 conferendo
681 1400 782 1430 decem
797 1401 881 1430 millia
898 1400 1061 1432 Marcamm
1077 1425 1086 1440 ,
1109 1403 1141 1433 &
1161 1402 1196 1432 de

0 1435 38 1490 ss·
52 1458 79 1481 H
97 1462 120 1489 3⁷
139 1442 287 1472 Scaccario
302 1439 400 1469 nostro
412 1440 624 1478 quingentarum
640 1439 771 1469 librarum
792 1439 932 1469 redditum
951 1449 1075 1470 annuum
1089 1463 1097 1478 ,
1121 1440 1196 1470 diem

80 1475 85 1481 ’
139 1480 298 1516 &locum,
319 1479 526 1517 quamprimum
548 1476 605 1507 fieri
622 1477 730 1515 valeat,
755 1476 904 1508 statuamus
917 1501 926 1515 ,
950 1478 985 1508 ad
1006 1488 1075 1517 quos
1089 1478 1196 1516 poffitis

136 1518 172 1548 N
175 1519 272 1548 uncios
285 1516 391 1547 vestros
407 1517 518 1546 mittere
533 1525 585 1554 pro
599 1516 845 1546 consummatione
860 1518 966 1555 negotii
980 1517 1117 1557 praedicti.

174 1555 282 1586 Verum
295 1578 304 1593 ,
323 1564 491 1593 quamquam
507 1553 574 1584 illud
591 1554 767 1592 summopere
788 1556 933 1595 cupiamus
955 1555 1111 1594 compleri,
1131 1556 1194 1594 quia

136 1603 230 1626 tamen
245 1594 278 1625 P.
292 1593 328 1624 de
343 1592 492 1631 Sabaudia,
510 1594 559 1632 qui
570 1594 725 1630 inceptioni
741 1592 810 1622 dieti
823 1591 973 1633 tractatus,
995 1594 1028 1625 δε
1043 1604 1128 1631 quem
1141 1604 1195 1632 op-

136 1642 227 1664 tamus
242 1634 298 1670 ejus
312 1632 549 1662 consummationi
569 1632 661 1661 modis
678 1631 812 1661 omnibus
832 1632 984 1670 interesse,
1011 1632 1141 1663 nondum
1159 1632 1195 1662 de

135 1672 254 1709 partibus
270 1670 436 1714 Burgundiae
451 1669 548 1707 rediit,
566 1669 691 1700 nostram
707 1669 759 1700 hac
774 1670 837 1701 vice
853 1671 1027 1702 voluntatem
1047 1671 1129 1709 plene
1142 1681 1195 1702 vo-

138 1711 180 1742 bis
192 1720 253 1740 non
264 1709 405 1749 possumus
420 1707 591 1738 remandare.

175 1749 354 1788 Quapropter
368 1746 551 1777 Serenitatem
566 1746 687 1777 vestram
701 1756 845 1785 rogamuS,
864 1747 948 1786 usque
961 1748 991 1777 in
1007 1758 1097 1778 unum
1112 1757 1192 1779 men-

136 1788 193 1817 sem
207 1786 271 1825 post
286 1785 407 1823 Pascha,
422 1784 531 1816 dietum
547 1786 693 1824 negotium
714 1787 743 1815 in
762 1785 886 1823 suspenso
902 1794 996 1816 tenere
1011 1786 1099 1817 velitis
1114 1798 1124 1825 3
1147 1795 1195 1825 ut,

137 1826 258 1862 praefato
278 1824 365 1855 Petro
383 1823 492 1854 reverso
507 1847 516 1862 ,
540 1824 622 1853 vobis
641 1823 706 1854 inde
726 1824 800 1853 bene
819 1824 953 1864 placitum
975 1824 1102 1855 nostrum
1116 1847 1126 1864 ,
1146 1835 1195 1863 per

138 1863 273 1894 Nuncios
287 1862 397 1893 nostros
411 1885 420 1900 ,
444 1870 511 1892 tunc
527 1861 677 1901 significare
690 1861 825 1901 poffimus
838 1874 848 1901 3
874 1863 919 1893 vel
932 1864 1045 1893 interim
1060 1873 1107 1904 per
1123 1864 1194 1901 ipsos

139 1902 270 1932 mandare
284 1901 359 1939 quod
375 1900 410 1930 de
428 1900 523 1931 vestris
539 1901 646 1939 aliquos
667 1901 782 1932 mittatis
799 1899 834 1930 ad
853 1900 1058 1939 expediendum
1080 1902 1195 1933 feliciter

136 1941 284 1980 negotium
296 1938 476 1971 antedierum.

0 1502 26 1520 n.
44 1492 122 1519 20.‹l.

174 2016 261 2048 Teste
277 2017 358 2057 Rege
371 2016 444 2056 apud
458 2015 613 2055 Windsor,
631 2025 668 2047 21
684 2015 729 2046 die
737 2014 867 2054 Januarii.

420 2079 422 2081 ’
780 2095 833 2123 Per
848 2092 883 2132 J.
900 2092 1036 2132 Maunfil.

164 2216 190 2243 ’κ’
209 2217 296 2251 Bulla
312 2217 348 2251 de
359 2221 484 2264 pecnnia
501 2221 532 2250 in
551 2215 702 2251 Hibernia
714 2228 770 2263 pro
792 2220 903 2264 negotio
924 2220 1027 2250 Crucis
1041 2218 1170 2251 collefi‘a.

0 2303 67 2335 nnn.
81 2305 122 2336 D.
140 2302 362 2364 INnocentius
375 2303 546 2342 Episcopus,
565 2303 655 2334 servus
668 2302 810 2333 servorum
824 2303 899 2341 Dei,
917 2303 1056 2334 carissimo
1069 2304 1098 2333 in
1107 2302 1196 2334 Chri-

9 2353 92 2382 1251.
178 2341 222 2372 sto
234 2341 292 2373 filio
396 2342 471 2382 Regi
484 2342 643 2382 Anglorum
657 2341 768 2379 illustri,
785 2341 898 2372 salutem
913 2343 947 2373 &
1052 2341 1196 2381 Apostoli-

0 2385 39 2410 4η.
59 2392 103 2419 35.
137 2390 201 2411 carn
216 2380 456 2411 benedietionem,

0 2424 25 2448 ἵ.
48 2430 72 2456 3.
173 2419 272 2449 Solitae
292 2420 470 2458 benignitatis
490 2417 596 2449 affecitu
617 2418 780 2460 devotionis
798 2425 854 2448 tuae
879 2419 1007 2456 precibus
1029 2427 1198 2458 annuentes,

0 2462 29 2485 ix
43 2463 102 2486 Au·
138 2456 248 2487 dilecto
266 2457 326 2487 filio
351 2456 491 2496 Magistro
504 2456 628 2494 Johanni
648 2456 685 2486 de
707 2456 854 2486 Frusinon.
873 2456 989 2487 Clerico
1005 2457 1149 2497 quondam
1167 2459 1196 2488 in

1 2506 51 2533 ogr,
138 2493 247 2525 Ibernia
281 2495 406 2525 Nuncio
419 2495 516 2525 nostro
532 2504 584 2532 pro
598 2494 698 2525 Crucis
710 2496 824 2534 negotio
837 2495 959 2534 ibidem,
977 2496 1046 2526 sicut
1060 2496 1130 2526 olim
1146 2497 1198 2527 tibi

136 2542 229 2563 conce
254 2543 325 2577 imus
341 2557 351 2572 ,
372 2533 553 2573 exequendo,
570 2533 712 2564 licentiam
728 2532 858 2564 dedimus
875 2534 910 2564 ad
925 2542 1004 2565 tuam
1023 2534 1196 2574 praesentiam

135 2571 294 2648 mdhgililgsei
313 2610 347 2640 de
361 2611 480 2648 pecunia
495 2610 524 2640 in
536 2609 654 2640 iberniae
666 2610 804 2649 partibus,
825 2619 879 2650 pro
892 2610 993 2641 Terrae
1010 2611 1112 2641 sanctae
1132 2610 1197 2640 sub-

137 2647 222 2686 sidi0,
243 2649 407 2680 auctoritate
422 2648 513 2678 nostra
530 2649 664 2686 collecta,
685 2658 737 2692 pro
750 2659 804 2692 qua
819 2657 877 2678 tuas
895 2658 984 2687 nuper
1001 2649 1084 2679 nobis
1097 2649 1198 2680 litteras

135 2685 290 2726 destinasti,
311 2697 343 2717 ex
357 2695 434 2725 parte
448 2687 542 2717 nostra
556 2695 613 2718 tuae
627 2686 792 2718 Celiitudmi
805 2686 989 2725 respondebit.

136 2761 241 2831 taxigar.
257 2762 388 2802 Lugdun.
402 2771 502 2805 quarto
523 2762 586 2796 Kal.
599 2763 701 2795 Martii
711 2787 722 2803 ,
747 2763 934 2796 Pontificatfis
946 2763 1038 2796 nostri
1056 2774 1132 2796 anno
1145 2774 1200 2796 oc-

653 2872 707 2904 Sub
720 2852 812 2912 Sigillo
819 2873 938 2914 plumbeo
949 2886 968 2905 a
975 2873 1028 2915 filo
1040 2873 1164 2905 canabeo.

134 2998 184 3029 De
204 2995 411 3031 Distatoribus
430 3000 621 3044 Treugarum
639 3003 716 3033 inter
732 3002 860 3047 Regem,
887 3004 924 3040 ὠ·
942 3005 1052 3050 Regem
1066 3005 1199 3036 Francia

553 3045 775 3092 ficbstituendis.

0 3139 67 3171 ihm,
80 3137 121 3168 D,
139 3128 275 3191 REX
293 3129 454 3175 Omnibus,
471 3132 531 3163 &c.
546 3131 669 3176 salutem.

10 3187 94 3216 1251.
239 3168 387 3213 Noveritis
407 3180 458 3200 nos
478 3170 651 3214 constituisse
669 3154 788 3203 dileetos
810 3175 845 3206 &
863 3172 956 3204 fideles
977 3173 1090 3206 nostros
1111 3175 1144 3206 P.
1161 3174 1197 3207 de

0 3221 38 3244 (a.
55 3225 100 3253 35,
139 3205 286 3243 Burdegal.
301 3207 451 3250 ,Iuniorem
463 3231 480 3252 ,ι
497 3207 682 3239 Amalvtnum
696 3210 732 3240 de
752 3211 886 3250 Varetto,
903 3213 937 3243 &
955 3212 1118 3245 Galfridum
1134 3214 1199 3251 Ry-

0 3260 22 3283 q·
43 3264 67 3291 3,
141 3245 213 3290 delly
228 3244 390 3289 Dominum
403 3245 525 3285 Blaviae,
541 3248 609 3276 loco
630 3247 692 3277 Boz
706 3248 742 3279 de
758 3249 899 3281 Mastane.
915 3251 1058 3291 quondam
1073 3252 1200 3284 Comitis

0 3297 48 3321 s’at.
64 3303 75 3329 3
81 3302 109 3329 5·
140 3283 232 3328 Bigor.
252 3283 379 3327 &Petri
399 3283 436 3314 de
455 3284 597 3329 Burdegal.
619 3285 819 3319 defunetorum
833 3313 843 3327 ,
867 3289 1018 3320 di6tat0res
1039 3300 1199 3331 treugarum

0 3336 24 3359 εἰ,
48 3341 73 3368 3,
140 3332 272 3366 initarum
287 3329 359 3365 inter
376 3321 558 3367 Ludovmutn
570 3323 703 3367 illustrem
720 3324 831 3365 Regem
846 3327 868 3357 F
870 3329 989 3368 ranciae,
1007 3330 1041 3360 &
1056 3340 1125 3368 n0s3

0 3379 28 3396 ῃ,
45 3379 54 3396 1
64 3379 73 3396 1
178 3360 218 3391 Ira
231 3360 361 3390 Videlicet
373 3359 470 3399 quod,
487 3362 506 3391 fi
517 3362 614 3400 aliquis
628 3362 792 3394 eorumdem
807 3365 976 3397 did'tatorum
997 3369 1100 3399 obierit
1115 3392 1124 3407 ,
1147 3379 1198 3400 ne-

139 3400 274 3437 quiverit,
291 3398 337 3428 vel
351 3398 471 3428 noluerit
484 3399 564 3429 dicto
580 3402 696 3438 negotio
710 3402 869 3441 intendere,
887 3405 1054 3444 potestatem
1069 3406 1197 3438 dedimus

139 3438 244 3468 diiezfro
255 3439 288 3468 ὃς
303 3436 378 3466 fideli
389 3435 488 3466 nostro
501 3437 613 3468 Simoni
627 3439 664 3468 de
677 3438 879 3481 Monte—forti,
895 3442 1007 3475 Comiti
1023 3445 1198 3484 Leicestriae,

138 3477 207 3506 loco
230 3476 309 3515 ipsius
327 3475 411 3505 alium
431 3474 610 3505 substituendi
632 3476 799 3509 dieratorem
813 3502 822 3518 ,
848 3491 933 3519 quern
955 3483 989 3513 ad
1009 3484 1066 3514 hoc
1087 3487 1198 3515 noverit

139 3516 196 3544 effe
209 3516 353 3554 ydoneum
368 3525 378 3551 ς
403 3512 510 3543 Ratum
525 3513 649 3544 habituri
664 3516 797 3556 quicquid
815 3520 944 3556 praediffl
960 3521 1126 3561 dictatores,
1144 3525 1199 3554 una

139 3563 208 3584 cum
223 3553 294 3595 hiis,
309 3562 378 3591 quos
392 3551 485 3582 dietus
500 3551 562 3581 Rex
571 3551 594 3581 F
596 3553 696 3583 ranciae
707 3555 854 3587 dietatores
866 3560 1024 3589 earumdem
1038 3568 1196 3600 treugarum

138 3601 173 3621 ex
189 3601 264 3636 parte
278 3596 324 3621 iiia
336 3589 529 3634 affignaverit,
543 3590 623 3628 super
636 3591 902 3638 interceptionibus,
919 3597 965 3628 seu
984 3599 1199 3639 tranigreffioni-

139 3630 209 3668 bus,
223 3630 294 3660 infra
308 3628 451 3667 praedieoes
465 3637 571 3667 treugas
584 3629 679 3668 factm
696 3629 826 3664 duxerint
838 3634 1008 3667 faciendum,

140 3713 151 3737 t
183 3668 218 3698 In
239 3669 320 3707 cujus
341 3668 380 3698 rei
400 3666 595 3699 testimonium
614 3667 662 3699 has
680 3667 781 3700 litteras
800 3671 908 3704 nostras
931 3674 991 3705 fieri
1010 3676 1129 3707 fecimus
1146 3686 1196 3715 pa-

152 3715 236 3737 entes.

142 3783 393 3859 str{{{.meipsp
412 3784 486 3823 apud
500 3783 625 3815 Westm.
640 3784 732 3822 primo
746 3783 792 3815 die
802 3783 898 3818 Martii
912 3810 922 3827 ‚
945 3800 1021 3821 anno
1034 3790 1131 3832 Regni
1144 3802 1198 3823 no-

177 3898 220 3926 Et
232 3899 391 3944 mandatum
403 3898 440 3945 est
449 3900 586 3937 praedirflis
602 3901 635 3929 P.
656 3900 810 3930 Amalvino
829 3899 867 3935 ὠ·
887 3903 1011 3942 Galfrido
1024 3931 1034 3944 ,
1058 3907 1130 3947 quod
1140 3920 1195 3939 una

140 3945 198 3964 cum
204 3937 333 3973 praedaelo
346 3941 446 3969 comate
458 3937 653 3980 adpraefatum
667 3942 798 3977 negotium
812 3938 951 3978 diligenter
962 3945 1115 3977 intendant.

176 4010 263 4042 Teste
275 4019 305 4042 ut
319 4013 405 4052 supra.

202 4127 273 4156 Tem.
289 4129 315 4157 Ι.
336 4127 368 4158 Ρ.
387 4131 413 4158 Ι,

1230 209 1262 248 Ρ
1302 209 1347 249 U
1386 213 1418 252 Β
1455 212 1489 251 L
1526 213 1546 253 1
1582 213 1619 252 o
1661 215 1708 254 A.
2201 214 2275 263 163

2297 291 2428 368 Agr-41⁴).

1229 386 1317 417 Bulla
1335 384 1414 431 qnod
1421 385 1595 429 familiares
1609 384 1714 416 Clerici
1723 386 1847 417 Domini
1867 389 1952 433 Regis
1966 385 2001 418 de
2017 396 2110 417 caetero
2127 396 2182 415 non
2198 393 2283 414 conr-
2299 374 2361 397 Heu.
2380 379 2405 405 3‘

1272 443 1373 465 tenrur
1396 433 1440 465 ad
1456 430 1664 464 exhibitionem
1691 432 1951 475 Ecclefirfflicornm
1972 443 2171 480 proventuum
2188 435 2284 477 primi

1248 500 1253 504 ·
1274 485 1348 513 anni
1358 491 1412 527 per
1429 480 1670 525 Cantuariensbm
1690 479 1954 526 Archiepiftopum.

1230 565 1452 626 INnocentius
1466 565 1633 606 Episcopus,
1652 564 1741 595 servus
1756 564 1897 594 servorum
1912 564 1984 603 Dei,
2000 564 2137 595 carissimo
2152 565 2180 595 in
2196 565 2282 596 Chri·
2299 567 2351 591 An·
2372 573 2416 600 π-

1268 603 1312 633 sto
1325 604 1383 635 filio
1507 603 1604 633 illustri
1620 604 1694 643 Regi
1705 602 1834 641 Angliae,
1855 603 1967 633 salutem
1983 605 2015 634 &
2027 603 2217 643 Apostolicam
2232 605 2282 634 be-
2301 606 2334 629 H·
2357 611 2381 637 3-

1229 642 1428 673 nedielionem.
2304 645 2343 668 Ex
2356 644 2415 667 Au-

1266 678 1313 710 Ut
1332 682 1385 711 tuis
1405 680 1554 711 insistentes
1569 680 1706 721 obsequiis
1725 681 1909 717 praerogativa
1923 679 2022 710 favoris
2036 679 2067 710 ὅς
2089 680 2181 719 gratiae
2198 679 2286 717 perse-
2301 686 2365 715 togr.

1231 727 1366 757 quamur,
1385 726 1441 748 tuae
1456 719 1613 749 finceritatis
1629 719 1789 759 precamina
1802 728 1852 748 nos
1868 718 2019 749 hortantur.

1270 755 1348 786 Cum
1363 758 1445 794 igitur
1460 758 1530 786 olim
1545 756 1698 788 venerabili
1712 757 1784 786 fratri
1799 756 1894 786 nostro
1982 754 2202 794 Archiepiscopo
2210 754 2290 785 Can-

1232 795 1357 825 tuarienfi
1372 796 1503 825 omniurn
1525 804 1720 825 vacaturorum
1742 795 1944 825 beneficiorum
1961 795 2016 825 suae
2035 793 2212 831 Provinciae,
2230 795 2289 833 pri-

1234 833 1273 860 mi
1289 834 1351 862 anni
1368 841 1535 870 proventuS,
1553 834 1635 874 usque
1647 833 1681 863 ad
1695 834 1764 863 certi
1776 836 1910 871 temporis
1924 833 2038 871 spatium
2053 854 2063 870 ,
2088 842 2140 870 pro
2154 840 2287 862 exonera-

1233 870 1311 899 tione
1326 871 1483 901 debitorum
1499 870 1700 902 Cantuariensis
1714 871 1847 902 Ecclesiae
1859 871 2014 901 duxerimus
2026 871 2242 909 concedendos3

1270 908 1354 947 Nos,
1373 909 1498 939 volentes
1512 911 1562 940 tibi
1575 910 1771 941 famulantibus
1785 932 1794 948 ,
1820 910 1857 939 tui
1874 910 2093 940 consideratione
2106 932 2116 947 ,
2142 909 2287 948 specialem

1235 948 1352 982 gratiam
1365 948 1457 977 facere
1470 970 1478 983 ,
1505 949 1533 977 in
1546 948 1597 978 hac
1615 956 1692 988 parte
1705 950 1757 977 tuis
1778 949 1905 986 precibu<
1919 948 2041 978 inclinati
2058 949 2221 977 auctoritate
2236 949 2289 978 tibi

1233 984 1412 1023 praesentium
1428 985 1600 1024 indulgemus
1615 1008 1625 1024 ,
1650 995 1680 1016 ut
1694 985 1838 1016 familiares
1857 986 1962 1016 Clerici
1977 987 2017 1016 tui
2039 986 2073 1016 ad
2086 986 2291 1016 exhibitionem

1235 1030 1425 1059 proventuum
1440 1023 1598 1061 hujusmodi
1612 1033 1747 1061 nequeant
1759 1025 1796 1054 de
1813 1034 1917 1054 caetero
1938 1025 2073 1062 coartari,
2089 1024 2125 1054 set
2140 1023 2175 1052 ab
2189 1034 2290 1054 eorum

1235 1060 1413 1099 praestatione
1426 1061 1476 1092 sint
1490 1062 1570 1092 liberi
1583 1063 1691 1099 penitus
1704 1063 1736 1092 &
1752 1063 1900 1091 immunes.

1273 1098 1356 1129 Nulli
1371 1109 1438 1137 ergo
1455 1100 1576 1130 omnino
1595 1100 1746 1130 hominum
1766 1100 1846 1129 liceat
1863 1100 1936 1129 hanc
1957 1101 2087 1137 paginam
2103 1099 2205 1131 nostrae
2220 1111 2278 1131 con

1237 1136 1364 1167 cesiionis
1379 1137 1544 1177 infringere,
1560 1138 1606 1169 vel
1620 1140 1646 1168 ei
1660 1138 1722 1168 ausu
1738 1137 1881 1168 temerario
1897 1140 2052 1173 contraire3
2275 1153 2282 1163 ι.

1273 1176 1292 1194 *⁵
1309 1175 1402 1213 Siquis
1413 1184 1506 1206 autem
1519 1175 1575 1206 hoc
1588 1185 1752 1216 attemptare
1765 1176 1982 1215 praesumpserit,
2000 1177 2218 1214 indignationem
2230 1186 2294 1207 om-

1237 1214 1388 1251 nipotentis
1403 1214 1480 1253 Dei,
1497 1215 1530 1246 &
1543 1215 1690 1246 beatorum
1704 1214 1780 1245 Petri
1796 1215 1829 1245 &
1849 1214 1944 1252 Pauli,
1962 1214 2165 1252 Apostolorum
2179 1216 2252 1254 ejus,
2267 1216 2294 1246 se

1237 1253 1348 1282 noverit
1360 1253 1543 1283 incursurum.

2313 1183 2328 1201 ⁸⁸
2344 1183 2441 1220 1463.

1275 1327 1342 1359 Dat.
1358 1328 1491 1369 Lugdun.
1506 1331 1586 1361 tertio
1599 1330 1685 1361 Non.
1702 1328 1822 1367 Martii,
1846 1327 2028 1360 Pontificatus
2043 1327 2133 1358 nostri
2152 1337 2229 1359 anno
2244 1338 2295 1359 oc-

1236 1374 1310 1397 tavo.

1344 1436 1471 1468 plumbeo
1487 1439 1577 1477 Sigillo
1585 1439 1717 1479 pendente
1731 1449 1749 1467 a
1757 1435 1816 1478 filis
1823 1436 1917 1476 firicir
1934 1440 2014 1466 crocei
2026 1434 2151 1476 rubeique
2165 1433 2263 1465 coloris.

1427 1566 1516 1598 Bulla
1535 1565 1571 1599 de
1586 1564 1774 1599 abutentibus
1791 1567 1915 1598 Litteris
1930 1562 2113 1610 Apostolicis.

1237 1647 1455 1702 INnocentius
1468 1651 1641 1690 Episcopus,
1658 1650 1747 1683 servus
1760 1650 1902 1681 servorum
1918 1649 1994 1688 Dei,
2011 1648 2119 1680 dileetis
2132 1648 2193 1680 siliis
2204 1648 2295 1681 Priori
2312 1654 2389 1685 Ann,
2404 1655 2445 1687 D,

1273 1687 1408 1720 Norwic.
1422 1690 1456 1721 &
1470 1690 1683 1721 Archidiacono
1702 1689 1915 1728 Norphochiae,
1933 1687 2128 1719 Norwicensis
2141 1687 2294 1728 Diocaefis,
2335 1702 2418 1733 ¹251·

1236 1727 1368 1764 salutem,
1387 1728 1419 1757 ὃς
1435 1727 1628 1767 Apostolicam
1643 1729 1880 1759 benedietionem.
2312 1737 2366 1761 An.
2385 1742 2429 1770 35„

1274 1765 1327 1795 Sua
1343 1766 1424 1796 nobis
1433 1767 1528 1797 dileffi
1541 1767 1589 1798 filii
1693 1767 1772 1797 Prior
1786 1767 1818 1796 ὅ(
1834 1766 2001 1797 Conventus
2021 1766 2131 1797 Sanctae
2147 1765 2294 1797 Trinitatis
2312 1776 2346 1799 H.
2364 1781 2388 1807 3.

1239 1803 1419 1834 Londonien.
1443 1805 1559 1835 Ordinis
1587 1806 1683 1837 Saneti
1707 1804 1853 1845 Augustini
1878 1804 2081 1843 conquestione
2107 1805 2294 1835 monstrarunt
2312 1814 2350 1837 Ex
2364 1813 2422 1837 Au-

1238 1843 1315 1879 quod
1325 1865 1334 1880 ,
1352 1853 1419 1873 curn
1434 1854 1485 1874 nos
1501 1844 1640 1884 Magistro
1657 1844 1777 1875 Berardo
1789 1844 1823 1874 de
1837 1843 2120 1881 Nimplia,script0ri
2132 1843 2247 1882 nostro,
2263 1844 2294 1874 in
2312 1857 2377 1885 togr.

1239 1881 1343 1918 Anglia
1355 1885 1563 1921 commoranti,
1581 1892 1678 1914 contra
1692 1884 1820 1913 abusores
1835 1883 1986 1913 litterarum
2003 1882 2159 1913 nostrarum
2172 1884 2202 1912 in
2216 1882 2297 1922 Reg-

1238 1929 1278 1949 no
1293 1919 1403 1958 Angliae
1418 1922 1627 1959 inquisitionem
1641 1921 1798 1959 duxerimus
1812 1921 2064 1959 conimittendam3

1278 1957 1417 1989 Ricardus
1427 1959 1517 1989 dietus
1529 1959 1629 1999 Biscop
1643 1960 1769 1990 Clericus
1784 1959 1962 1989 Londonien.
1982 1959 2136 1998 Diocaefis,
2153 1959 2223 1990 falso
2238 1960 2299 1999 sug-

1239 2005 1336 2035 gerens
1348 1997 1470 2037 scriptori
1485 1999 1620 2035 praeditsto
1634 1999 1713 2036 quod
1727 1999 1812 2029 iidem
1827 1997 1908 2030 Prior
1922 1999 1955 2029 ὃς
1969 1997 2135 2028 Conventus
2150 1999 2224 2029 abusi
2239 1999 2300 2029 sue-

1240 2043 1301 2065 rant
1317 2035 1411 2066 litteris
1427 2035 1595 2073 Apostolicis
1610 2046 1707 2068 contra
1720 2047 1785 2067 eum
1801 2061 1810 2074 ,
1833 2036 1910 2077 super
1923 2038 1999 2076 hoc,
2021 2037 2142 2068 obtinuit
2158 2038 2299 2078 Magistro

1241 2072 1345 2104 Ottoni
1361 2073 1396 2104 de
1410 2073 1504 2105 saneto
1517 2075 1687 2113 Eustachio,
1705 2075 1857 2106 Canonico
1877 2075 1987 2106 Reatin.
2004 2077 2033 2105 in
2048 2076 2149 2116 Anglia
2165 2087 2299 2108 commo-

1240 2112 1327 2156 ranti,
1346 2112 1382 2143 ab
1398 2112 1499 2156 eodem
1512 2113 1649 2154 scriptore
1659 2115 1695 2145 de
1708 2113 1800 2152 facito,
1817 2124 1886 2144 cum
1898 2114 1934 2145 de
1944 2116 2007 2152 Jure
2018 2125 2079 2146 non
2091 2117 2197 2157 posset,
2216 2129 2299 2150 com-

1241 2159 1314 2181 mitti
1329 2151 1446 2182 totahter
1461 2152 1536 2183 vices
1548 2153 1619 2183 suas:

1280 2189 1340 2228 Qii
1355 2212 1365 2228 ,
1389 2199 1534 2229 perperam
1550 2190 1704 2230 procedens
1720 2192 1748 2221 in
1771 2191 1849 2225 causa
1862 2214 1873 2230 ,
1893 2193 2016 2230 iniquam
2037 2193 2100 2224 tulit
2120 2193 2300 2225 diffinitivam

1237 2226 1399 2258 sententiam
1412 2237 1509 2260 contra
1521 2239 1583 2268 eos,
1601 2241 1616 2261 a
1630 2241 1684 2269 qua
1697 2229 1751 2260 fuit
1763 2239 1797 2260 ex
1811 2238 1890 2269 parte
1905 2240 2004 2261 eorum
2017 2231 2051 2261 ad
2067 2231 2160 2262 sedern
2174 2232 2301 2274 Aposto-

1239 2265 1321 2296 licam
1334 2266 1517 2304 appellatum:

1276 2304 1416 2343 Atidem,
1434 2306 1591 2344 hujusmodi
1603 2307 1785 2347 appellatione
1797 2315 1979 2348 contempta,
1998 2310 2301 2343 excommunicationis

1240 2343 1303 2373 tulit
1316 2343 1480 2375 sententiam
1495 2346 1526 2375 in
1540 2345 1660 2376 eosdem.

1276 2381 1401 2420 Ideoque
1414 2382 1572 2414 discretioni
1588 2384 1688 2415 vestrae
1702 2394 1750 2423 per
1766 2383 1929 2423 Apostolica
1946 2385 2043 2425 scripta
2057 2386 2219 2418 mandamus
2233 2398 2300 2426 qua-

1238 2420 1331 2460 tinus,
1348 2423 1453 2451 vocatis
1466 2423 1513 2462 qui
1527 2423 1629 2454 fuerint
1643 2422 1796 2460 evocandi,
1816 2425 1850 2455 &
1865 2423 1961 2454 auditis
1973 2423 2042 2454 hinc
2057 2424 2122 2455 inde
2134 2428 2280 2466 propositis
2288 2451 2300 2467 ,

1240 2459 1318 2502 quod
1340 2457 1522 2490 Canonicum
1542 2461 1624 2492 suerit
1635 2484 1645 2499 ,
1668 2461 1850 2500 appellatione
1904 2461 2014 2502 stpofita
2027 2486 2037 2501 ,
2059 2463 2196 2503 statuatis,
2213 2466 2245 2497 ὃς
2261 2467 2301 2497 fa-

1239 2498 1314 2566 ?iatis
1332 2497 1408 2542 quod
1430 2497 1604 2530 decreveritis
1625 2509 1674 2537 per
1696 2500 1839 2531 censuram
1888 2501 2086 2532 cclefiasticam
2105 2502 2224 2534 firmiter
2245 2505 2300 2535 ob-

1252 2545 1349 2566 ervari.

1277 2573 1377 2605 Testes
1389 2584 1500 2614 autem,
1516 2576 1563 2616 qui
1578 2576 1681 2607 fuerint
1694 2577 1850 2616 nominati,
1869 2577 1888 2608 si
1901 2577 1927 2607 se
1959 2578 2038 2617 tatia,
2052 2578 2138 2617 odio,
2158 2580 2202 2610 vel
2215 2581 2301 2611 timo-

1239 2622 1270 2642 re
1284 2613 1480 2652 subtraxerint,
1499 2624 1549 2652 per
1564 2615 1707 2645 censuram
1723 2615 1856 2655 eandem,
1875 2616 2060 2656 appelatione
2079 2618 2199 2650 ceflante
2213 2642 2223 2658 ,
2249 2629 2301 2651 co-

1238 2652 1307 2690 gatis
1319 2652 1426 2682 veritati
1438 2652 1631 2683 testimonium
1644 2653 1797 2694 perhibere.

1242 2725 1344 2798 migale
1362 2728 1493 2769 Lugdun.
1512 2729 1594 2762 tertio
1610 2729 1675 2762 Kal.
1696 2730 1798 2773 Aprilis
1809 2754 1820 2770 ,
1843 2730 2026 2764 Pontificatus
2046 2732 2135 2764 nostri
2154 2743 2230 2766 anno
2249 2744 2302 2767 oc-

1770 2838 1896 2869 Plumbeo
1910 2839 1999 2878 Sigillo
2012 2851 2031 2870 a
2035 2840 2087 2882 filo
2101 2841 2224 2872 canabeo.

1237 2962 1327 2996 Bulla
1346 2965 1509 2996 Innocentii
1520 2966 1600 3010 Papae
1615 2966 1737 3012 Qarti
1752 2991 1762 3007 ,
1781 2975 1836 3010 per
1848 2976 1943 3011 quam
1960 2979 2016 2998 non
2034 2966 2159 3001 exaudit
2176 2971 2301 3002 Petilio-

1284 3024 1333 3044 nes
1348 3014 1435 3059 Regis
1449 3012 1565 3058 Angliae
1580 3039 1590 3054 ‚
1624 3017 1693 3046 viz.
1718 3011 1817 3061 Qod
1833 3016 1899 3046 Rex
1917 3016 2015 3047 Scotiae
2033 3028 2089 3048 non
2103 3015 2184 3063 poffit
2196 3021 2303 3066 'inungi

1283 3061 1336 3092 vel
1352 3064 1486 3093 coronari
1494 3061 1558 3103 fine
1577 3061 1696 3093 licentia
1705 3062 1766 3107 fica
1777 3088 1788 3104 ‚
1813 3064 1849 3100 ὠ
1869 3061 1905 3094 de
1922 3061 2038 3097 decima
2055 3064 2217 3109 Ecclefiast.
2229 3078 2302 3114 pro-

1285 3118 1431 3141 ventuum
1452 3106 1599 3142 habenda.

1238 3193 1456 3252 INnocentius
1470 3193 1639 3234 Episcopus,
1658 3193 1749 3225 servus
1765 3194 1908 3227 servorum
1923 3195 1998 3236 Dei,
2016 3198 2156 3229 cariffimo
2169 3200 2199 3230 in
2211 3200 2296 3230 Chri·
2314 3201 2392 3234 Ann.
2406 3203 2449 3235 D.

1237 3233 1316 3302 dgr>
1329 3232 1387 3263 filio
1480 3232 1560 3270 Regi
1571 3232 1686 3272 Angliae
1698 3232 1810 3272 illustri,
1827 3235 1940 3266 salutem
1955 3236 1989 3267 &
2003 3236 2196 3275 Apostolicam
2209 3238 2295 3269 bene-
2340 3251 2425 3281 1251.

1258 3282 1264 3301 1
1297 3281 1401 3301 ionem.
2278 3305 2286 3312 ,
2309 3283 2362 3309 Aa.
2418 3303 2427 3312 .

1276 3309 1320 3339 Ex
1334 3318 1409 3349 parte
1422 3317 1468 3340 tua
1486 3309 1540 3339 fuit
1560 3309 1642 3340 nobis
1663 3320 1730 3341 cum
1753 3311 1881 3342 instantia
1901 3312 2103 3352 supplicatum,
2122 3321 2152 3344 ut
2169 3314 2239 3353 tibi,
2256 3316 2294 3346 ne
2311 3322 2345 3346 H.
2362 3291 2416 3356 ἐς

1238 3347 1389 3378 cariffimus
1404 3349 1432 3378 iii
1449 3347 1565 3378 Christo
1584 3348 1655 3379 filius
1673 3348 1768 3380 noster
1847 3350 1913 3381 Rex
1927 3351 2031 3382 Scotiae
2044 3351 2151 3381 illustris
2162 3374 2172 3390 ,
2195 3353 2296 3393 absque
2313 3361 2353 3384 Ex
2366 3362 2426 3387 Au-

1238 3394 1289 3416 tuo
1302 3386 1407 3416 assensu
1419 3387 1533 3430 inungi,
1551 3386 1594 3416 vel
1609 3389 1736 3418 coronari
1756 3388 1866 3427 poffet,
1886 3399 1954 3419 cum
1969 3390 2000 3420 sit
2019 3390 2097 3428 ligius
2111 3389 2203 3421 homo
2219 3400 2295 3432 tuus,
2314 3404 2379 3434 togr.
2422 3389 2429 3393 ⁴

1238 3425 1344 3463 tibique
1356 3424 1521 3463 homagium
1535 3424 1649 3464 fecerit,
1668 3427 1826 3457 concedere
1840 3437 2008 3457 curaremus.

1277 3463 1354 3502 Qiia
1378 3473 1446 3494 vero
1464 3463 1527 3493 talia
1546 3464 1701 3495 concedere
1717 3465 1790 3495 sedes
1808 3464 1974 3504 Apostolica
1996 3466 2116 3496 minime
2138 3467 2299 3509 consuevit,

1238 3511 1297 3532 non
1313 3502 1436 3540 miretis,
1461 3501 1479 3531 fi
1493 3509 1521 3531 te
1536 3511 1595 3531 non
1616 3503 1806 3533 exaudivimus
1826 3505 1854 3533 in
1874 3503 1926 3532 hac
1947 3512 2036 3542 parte:
2055 3503 2184 3537 Noveris
2201 3515 2297 3539 tamen

1237 3539 1314 3578 quod
1327 3541 1407 3570 alicui
1423 3549 1482 3570 non
1494 3539 1712 3571 concederemus
1726 3541 1845 3579 aliquid,
1864 3541 1943 3578 quod
1956 3542 2109 3574 redundare
2121 3544 2299 3578 crederemus

1237 3579 1266 3608 in
1303 3579 1476 3616 raejudicium
1490 3577 1589 3617 Regiae
1603 3579 1750 3618 dignitatis.

1298 3627 1364 3654 uper
1378 3627 1414 3647 eo
1428 3617 1498 3646 vero
1511 3617 1589 3655 quod
1604 3618 1714 3656 petebas
1730 3618 1782 3648 tibi
1796 3617 1938 3648 decimam
1952 3617 2211 3653 Ecclefiastieorum
2226 3621 2298 3655 Pro-

1237 3664 1375 3685 ventuum
1390 3656 1468 3696 ipsius
1484 3654 1578 3693 Regni
1590 3656 1729 3694 concedi,
1748 3657 1909 3694 petitionem
1925 3665 2001 3687 tuam
2013 3680 2022 3695 ‚
2048 3657 2084 3689 de
2096 3669 2154 3699 quo
2168 3671 2229 3692 riori
2241 3671 2299 3693 tur-

1238 3695 1329 3732 beris,
1348 3704 1406 3724 non
1421 3693 1596 3732 admisimus3
1613 3695 1676 3731 quia
1690 3717 1700 3732 ,
1723 3693 1799 3731 quod
1818 3694 1876 3725 hoc
1897 3695 1928 3725 in
1941 3695 2051 3727 alterius
2063 3696 2170 3737 Regno
2189 3710 2300 3731 conce-

1237 3732 1347 3762 deretur
1360 3732 1459 3770 alicui,
1475 3730 1516 3760 est
1567 3732 1639 3762 nitus
1653 3732 1816 3762 inauditum.
1924 3736 1928 3742 ’

1276 3770 1343 3800 Dat.
1357 3770 1491 3810 Lugdum
1505 3741 1610 3802 offivo
1630 3768 1673 3802 Id.
1694 3770 1797 3811 Aprilis
1809 3794 1820 3810 ,
1842 3769 2027 3804 Pontificatfis
2045 3773 2136 3806 nostri
2155 3786 2232 3808 anno
2246 3787 2297 3808 oc-

1237 3818 1313 3841 tavo.

1898 3880 1953 3912 Sub
1966 3880 2055 3920 sigillo
2061 3881 2193 3922 plumbeo.

1768 4138 1837 4172 Xz
