2570 4261
217 131 271 171 26

64 213 142 246 Anti.
153 212 194 244 D.
213 216 250 245 ita
262 211 357 251 quod,
375 219 426 242 tuo
439 207 614 245 ministerio,
631 206 710 237 idem
724 206 944 247 primogenitus,
959 204 1081 235 faciente
1102 203 1151 241 qui
1174 200 1285 240 potest,

85 253 171 284 1288.
214 252 320 283 restitui
332 250 420 280 valeat
433 248 561 286 plenariae
576 247 703 276 libertati.

64 294 133 320 Edv.
157 302 180 320 L
256 327 323 357 Dat.
346 325 429 355 Reat.
451 323 571 361 septimo
594 321 661 353 Kal.
677 322 756 361 Junii
769 345 780 361 ,
806 318 994 352 Pontificati'is
1016 316 1107 348 nostri
1128 326 1204 347 anno
1228 326 1286 354 prl-

220 375 280 398 mo.

218 486 309 519 Bulla
327 487 403 531 Regi
420 486 573 531 rogatoria
585 481 859 564 prodeAlfhnsbfillio
871 481 989 526 fratris
1007 477 1130 524 Valafti
1154 476 1284 509 Gometii

690 535 822 577 Portaga
837 533 879 563 ia.

66 620 144 652 Ann.
159 619 201 649 D.

89 659 173 690 1288.

67 704 120 728 Aa.
140 708 182 733 ¹5·

219 616 406 678 NIcolaus
417 618 590 657 Episcopus,
607 617 700 648 servus
715 616 862 647 servorum
875 613 951 651 Dei,
970 611 1111 655 carissimo
1123 612 1152 640 in
1166 607 1287 640 Christo

219 695 238 727 d
314 657 374 688 filio
450 658 527 697 Regi
542 657 655 695 Angliae
669 654 783 692 illustri,
801 654 916 684 salutem
930 654 964 683 ὃ(
980 650 1179 692 Apostohcam
1198 649 1287 677 bene-

240 696 387 727 ustionem.

258 734 360 774 Regiae
373 735 536 766 devotionis
550 732 688 763 sinceritas
702 729 740 760 fic
755 739 819 769 erga
833 729 1000 760 Romanam
1013 726 1172 758 Ecclesiam
1186 725 1288 769 fervet,

221 782 251 804 ut
267 773 425 812 credimus,
444 773 524 811 quod
538 781 634 810 preces
645 769 753 800 nostras
766 778 914 809 promptus
928 768 1063 805 excipias,
1082 765 1180 804 easque
1195 765 1286 794 liben-

220 821 263 843 ter
279 811 386 842 studeas
401 810 563 853 adimplere.
918 845 933 850 ..
1155 841 1175 851 Ἀ
1268 840 1273 845 .

257 851 330 881 Sane
343 851 459 881 diledtus
475 850 546 880 hlius
559 848 643 879 frater
656 845 785 877 Valascus
801 845 934 876 Gometu
958 843 993 874 de
1014 842 1196 881 Portugalia,
1212 839 1289 871 ord1-

218 890 261 920 nis
284 889 439 920 Minorum
452 912 461 926 ,
486 889 515 918 in
536 887 630 918 nostra
651 885 796 923 proposuit
826 884 968 922 praesentia
992 882 1160 913 constitutus
1175 904 1184 919 ,
1206 878 1288 923 quod

220 929 309 967 olim,
326 928 396 958 dum
421 927 513 957 adhuc
534 927 563 956 in
584 925 679 956 seculo
695 932 866 961 moraretur,
885 921 974 952 filiurn
991 921 1151 959 quendam,
1170 927 1288 963 nomine

220 967 390 1005 Alfonsum,
409 975 442 996 ex
465 966 593 1005 legitimo
614 964 699 994 thoro
721 962 837 999 suscepit
851 985 861 999 ,
882 962 929 999 qui
947 961 1123 990 mansionem
1142 960 1175 1003 'in
1195 966 1287 1000 terra,

220 1006 317 1045 Regio
330 1004 454 1044 subjecta
468 1004 631 1041 Dominio,
649 1011 720 1033 cum
733 1000 867 1031 nonnulla
881 1001 958 1030 bona
972 999 1002 1029 in
1023 998 1068 1030 illa
1087 999 1229 1035 obtineat,
1245 994 1289 1025 di-

221 1045 294 1075 citur
307 1044 427 1075 eleoiffe.

259 1070 409 1123 Rogaffius
432 1083 526 1120 itaque
545 1078 751 1111 Celsitudinem
774 1078 915 1115 Reoiam,
933 1077 967 1107 &
993 1076 1142 1107 hortamur
1162 1074 1286 1111 attente,

218 1123 348 1160 quatinus
366 1121 514 1163 praesatum
534 1118 704 1156 Alfonsum‚
725 1117 772 1156 qui
796 1103 883 1160 Εὲςϋε
905 1115 964 1145 effe
986 1115 1155 1159 proponitur
1163 1138 1177 1156 ,·
1191 1114 1224 1143 ὃς
1238 1112 1288 1141 de-

221 1170 323 1200 votus,
340 1161 440 1192 habeat
455 1160 564 1189 bonitas
577 1157 668 1197 Regia
683 1166 736 1194 pro
755 1156 869 1193 nostra,
887 1155 919 1185 ὃς
935 1153 1112 1194 Apostolicae
1125 1153 1192 1182 sedis
1208 1161 1289 1195 reve-

223 1199 327 1238 rentia,
347 1201 375 1229 in
391 1200 442 1230 suis
451 1198 559 1236 juribus
574 1195 761 1227 favorabiliter
776 1192 1077 1230 commendatum3ita
1092 1190 1173 1230 quod
1187 1189 1287 1234 exinde

223 1237 310 1268 laudis
323 1239 373 1269 tibi
387 1237 533 1277 proveniat
552 1235 663 1273 titulus,
681 1233 789 1271 nosque
807 1233 995 1263 devotionem
1016 1231 1139 1271 Regiam
1161 1239 1222 1260 non
1234 1238 1289 1258 im-

223 1278 328 1307 merito
343 1274 591 1308 commendemus.

65 781 108 803 Ex
123 780 179 804 Au-

65 823 130 852 togr.

259 1352 326 1384 Dat.
340 1353 423 1385 Reat.
440 1352 481 1384 Id.
497 1352 571 1392 Aug.
586 1347 773 1382 Pontificatfis
786 1346 876 1379 nostri
887 1357 963 1377 anno
979 1347 1082 1384 primo.

911 1423 965 1454 Sub
977 1423 1030 1466 filo
1050 1422 1174 1454 canabeo.

222 1554 393 1599 Protestatio
407 1583 416 1598 ,
438 1565 492 1602 per
521 1558 633 1602 Regem
660 1553 778 1600 Angliae.
803 1551 909 1596 faffa,
934 1550 1037 1598 quod,
1061 1554 1206 1597 quamvis
1221 1549 1289 1596 Ja-

272 1603 376 1638 cobum
391 1604 518 1651 appellat
534 1606 643 1651 Regem
659 1602 766 1635 Sicilie
777 1628 787 1644 ‚
812 1613 880 1633 eum
895 1610 1009 1634 tamem
1028 1600 1115 1633 nollet
1128 1611 1184 1646 pro
1210 1601 1290 1645 ejus-

267 1653 337 1687 dem
357 1657 450 1700 Regni
466 1657 545 1701 Rege
559 1650 677 1685 haberi.

225 1739 291 1802 IN
307 1741 427 1771 nomine
443 1738 585 1776 Domini,
601 1737 706 1768 Amen.

293 1778 327 1809 In
342 1779 483 1817 praesentia
496 1778 555 1807 mei
567 1776 684 1807 Notarii
699 1776 732 1807 &
746 1773 860 1805 testium
882 1773 1102 1812 subscriptorum
1123 1771 1287 1812 magnificus

223 1817 374 1857 Princeps,
394 1817 540 1847 Dominus
554 1814 727 1852 Edwardus,
748 1813 805 1843 Dei
819 1813 924 1852 gratia,
942 1812 1052 1843 illustris
1072 1812 1138 1843 Rex
1154 1811 1265 1851 Angliae
1276 1835 1287 1850 ,

223 1856 370 1887 Dominus
393 1855 559 1892 Hiberniae,
578 1855 611 1885 &
632 1853 703 1884 Dux
725 1852 903 1890 Aquitanniae
924 1851 1091 1889 protestatus
1103 1851 1156 1882 fuit
1172 1850 1287 1889 puplice

222 1896 255 1926 ὅ(
276 1895 418 1933 expresse,
438 1892 518 1932 quod
538 1903 587 1931 per
605 1892 870 1923 denominationem
893 1890 1030 1930 Regiam,
1048 1889 1173 1929 Egregio
1185 1890 1248 1921 viro
1267 1890 1286 1908 ’¹‘

223 1933 358 1964 Domino
368 1933 500 1971 Jacobo,
519 1941 585 1962 nato
603 1931 726 1961 Domini
742 1930 817 1960 Petri
833 1929 979 1967 quondam
997 1928 1085 1968 Regis
1106 1929 1230 1968 Aragon.
1252 1927 1289 1959 de

225 1972 331 2012 Regno
345 1972 463 2009 Sicilire,
483 1972 512 2001 in
527 1971 703 2008 traslatibus,
722 1969 801 2007 super
814 1968 979 1998 liberatione
992 1966 1288 2006 magnificiviri,D0—

224 2012 293 2041 mini
308 2011 409 2041 Karoli
421 2010 560 2048 Principis
575 2009 755 2046 Salernitani,
773 2005 846 2045 apud
857 2005 1017 2037 Oleronem
1029 2007 1064 2037 &
1073 2006 1193 2045 Jaccam
1208 2005 1288 2037 habi-

222 2051 256 2080 tis
291 2052 459 2080 traetatuum
473 2048 632 2087 hujusmodi
647 2046 840 2077 instrumentis
855 2044 1018 2083 ascriptam,

259 2074 324 2118 guaz
346 2088 510 2119 intentionis
529 2097 589 2117 non
611 2087 718 2124 extitit,
737 2094 792 2127 nec
810 2083 901 2114 existit
914 2083 1005 2122 ipsum
1023 2082 1188 2113 Dominum
1199 2082 1287 2122 Jaco-

221 2126 293 2157 bum
307 2127 376 2157 dicti
392 2126 488 2165 Regni
501 2125 605 2156 Sicilia:
617 2124 754 2163 appellare
767 2126 805 2154 lic
819 2123 949 2162 Regem,
968 2121 1049 2161 quod
1063 2132 1117 2161 pro
1139 2122 1224 2162 Rege
1242 2124 1286 2161 ip-

221 2165 274 2196 sius
288 2165 383 2205 Regni
396 2165 498 2195 Siciliae
513 2163 665 2201 habeatur,

259 2203 294 2234 N
297 2214 330 2234 ec
354 2203 449 2242 quod,
469 2212 516 2241 per
535 2201 799 2232 denominationem
820 2199 940 2230 eandem
954 2224 964 2238 ,
982 2198 1119 2230 Ecclefiae
1141 2199 1286 2231 Romanae

216 2243 290 2282 juri,
309 2242 355 2274 vel
376 2242 446 2273 dieti
466 2241 621 2281 Principis,
638 2249 685 2272 aut
704 2240 868 2279 cujusquam
880 2239 988 2270 alterius
1002 2238 1153 2277 aliqualiter
1168 2238 1286 2278 deroge-

219 2290 264 2313 tur
273 2291 279 2311 ἰ

258 2319 328 2350 Nec
342 2320 426 2349 etiam
441 2327 471 2349 ut
486 2317 588 2349 eisdem
605 2318 699 2356 Regi,
715 2316 868 2353 Ecclefiae,
886 2315 1027 2354 Principi,
1045 2324 1092 2346 aut
1106 2325 1207 2347 eorum
1214 2326 1286 2347 con-

220 2358 321 2390 siliariis
340 2357 583 2388 denominationes
603 2355 764 2396 hujusmodi
783 2354 818 2385 ad
837 2356 939 2385 vitium
953 2356 1070 2395 impingi
1085 2355 1193 2385 valeant
1209 2365 1284 2394 quo-

219 2397 395 2435 modolibet,
414 2397 470 2427 sive
485 2396 614 2435 culpam,
634 2395 787 2434 praesertim
802 2403 872 2424 cum
893 2393 958 2432 ipsae
979 2395 1226 2425 denominationes
1249 2402 1284 2425 ex

219 2437 315 2467 anirno
329 2445 389 2466 non
400 2435 602 2474 processerint,
619 2443 649 2465 ut
663 2433 704 2464 est
718 2433 838 2464 dictum.

257 2474 428 2505 Protestatus
442 2473 484 2505 est
498 2473 608 2512 insuper
621 2473 698 2504 idem
712 2472 859 2503 Dominus
873 2470 940 2501 Rex
952 2470 1063 2512 Angliae
1075 2470 1171 2510 quod,
1190 2470 1209 2502 fi
1225 2471 1285 2502 for-

219 2513 265 2544 san
280 2523 452 2544 memoratus
466 2513 616 2550 Princeps,
635 2514 663 2542 in
678 2510 906 2550 quibuscumque
920 2509 1110 2541 instrumentis
1120 2519 1167 2541 aut
1179 2510 1285 2549 litteris,

221 2552 449 2592 contingentibus
464 2552 632 2582 liberationis
645 2551 699 2581 suae
708 2552 767 2589 jam
782 2549 867 2579 dietae
880 2549 1010 2579 tractatus
1045 2549 1156 2579 dietum
1176 2548 1285 2579 Domi-

221 2601 292 2622 num
308 2591 451 2629 jacobum
474 2590 587 2629 Regem
609 2589 712 2620 Siciliae
727 2589 930 2626 nominaverit,
949 2587 995 2618 vel
1010 2572 1126 2626 secerit,
1144 2587 1190 2618 seu
1203 2588 1286 2619 faciat

218 2631 248 2660 in
268 2629 413 2667 posterum
433 2629 573 2660 nominari
587 2652 597 2666 ,
614 2627 642 2658 id
663 2628 731 2659 fecit
745 2651 754 2666 ‚
772 2628 806 2658 &
825 2626 908 2657 faciet
929 2626 1032 2665 absque
1051 2626 1096 2657 sua
1117 2626 1281 2667 voluntate,

223 2668 342 2699 consilio
357 2668 390 2699 δε
404 2667 517 2698 assensu.

71 1754 147 1786 Ann.
162 1751 204 1783 D.

92 1792 175 1823 1288.

69 1836 121 1861 Aa.
142 1833 183 1858 16.

70 1876 100 1899 E,
126 1880 148 1897 r.

69 1908 167 1946 L.B.f.

75 1957 134 1976 ιιι.
158 1948 182 1974 b.

67 1993 136 2024 penes
150 1991 201 2014 Ca-

71 2035 163 2051 ruera?-

69 2061 202 2101 *II.367.

258 2744 369 2776 Afrum
383 2744 457 2783 apud
468 2744 585 2783 Jaccam
597 2744 626 2773 in
640 2742 765 2782 Aragon.
777 2751 853 2771 anno
866 2750 882 2772 a
896 2740 1055 2772 Nativitate
1067 2739 1192 2771 Domini
1213 2740 1283 2771 mil·

220 2785 319 2814 lesimo
332 2783 526 2815 ducentesimo
540 2783 719 2813 ottooefimo
739 2781 854 2812 octavo.
890 2779 1050 2810 Indiffione
1071 2781 1170 2818 prima.
1205 2779 1285 2810 Pon-

219 2822 338 2854 tificatus
358 2822 483 2853 Domini
504 2807 644 2852 Nichofai
669 2821 754 2858 Papae
781 2819 885 2863 Quarti
908 2829 983 2849 anno
1012 2820 1115 2857 primo.
1160 2818 1285 2850 Decima

222 2863 318 2899 quinta
331 2861 376 2891 die
409 2862 527 2892 intrante
542 2860 636 2890 mense
647 2859 826 2898 Septembri,
844 2867 872 2888 in
888 2857 1038 2897 domibus,
1053 2859 1084 2889 in
1099 2858 1200 2897 quibus
1216 2858 1283 2889 hos-
1299 2881 1302 2887 .

219 2900 355 2938 pitabatur
368 2886 516 2930 Dominus
528 2898 593 2929 Rex
609 2899 721 2939 Angliae
732 2904 914 2927 memoratus.

259 2975 442 3007 Praesentibus
455 2976 661 3008 venerabilibus
677 2975 805 3006 Patribus
819 2973 973 3012 Dominis,

256 3053 398 3094 Bonifatio
412 3056 596 3092 Ravenaten,

256 3095 340 3122 Petro
356 3095 462 3121 Montis
475 3092 599 3131 Regalis,

259 3130 392 3168 Johanne
407 3130 557 3160 Eboracen.
572 3128 797 3169 Archieptjsiopis,
817 3127 855 3163 &-

259 3169 376 3199 Roberto
390 3169 553 3199 Bathonien.
570 3167 608 3203 ό·
623 3168 734 3198 Wellen.
750 3166 890 3207 Epzfiopo:

260 3211 306 3237 Ac
317 3207 448 3238 nobilibus
461 3211 532 3238 viris
547 3210 670 3237 Dominis
688 3211 775 3237 Henr.
789 3210 860 3236 Com.
877 3206 1042 3245 Lincolniae,

258 3250 348 3276 Otone
360 3247 391 3276 de
406 3244 575 3285 Grandisono
584 3269 594 3284 ,
611 3244 649 3281 ᾤ’

259 3285 394 3324 Johanne
409 3286 441 3315 de
457 3286 557 3315 Sancto
569 3284 711 3323 Johanne.

258 3326 301 3353 Et
315 3324 434 3364 dzscretis
448 3327 536 3362 viris,
557 3321 699 3363 Magistris
711 3321 842 3361 Johanne
855 3323 887 3353 de
902 3322 983 3363 Lafii
998 3320 1168 3353 Cancellario
1190 3320 1285 3352 Eccle-

305 3375 338 3393 ιε
351 3366 409 3392 Cice
434 3373 490 3392 ren.

257 3363 390 3469 {baanne
403 3362 499 3431 ἔθυε]
505 3423 515 3440 ,

287 3448 297 3469 t
313 3441 454 3471 nonnullis
470 3440 527 3470 aliis
540 3438 677 3470 Testibus
688 3437 722 3469 ad
736 3439 799 3469 haec
813 3439 921 3470 voeatis
934 3438 1086 3477 specialiter
1098 3438 1133 3470 δε
1147 3440 1260 3478 rogatis.

261 3511 300 3543 Et
313 3524 368 3558 ego
379 3516 524 3554 johannes
537 3515 632 3546 Erturi
646 3515 682 3560 de
693 3514 824 3547 Cadamo
833 3539 842 3554 ,
862 3515 1039 3553 Apostolicae
1054 3515 1123 3546 sedis
1143 3515 1286 3546 Notarius

225 3552 372 3589 pupplrcus
387 3578 396 3593 ,
419 3555 471 3585 hiis
493 3557 629 3586 omnibus
649 3555 787 3593 interfui,
812 3554 926 3593 propria
949 3565 1036 3586 manu
1054 3555 1146 3593 scripsi
1161 3580 1171 3593 ,
1198 3555 1231 3585 ὅ(
1249 3555 1286 3585 de

226 3590 358 3633 mandato
379 3594 485 3631 praefati
508 3592 631 3624 Domini
652 3593 740 3632 Regis
761 3593 872 3632 Angliae
885 3617 894 3631 ,
913 3594 944 3623 in
965 3595 1018 3624 hac
1040 3603 1118 3632 parte
1135 3594 1286 3632 specialiter

229 3628 317 3657 micln
338 3630 412 3661 fasto
425 3655 435 3674 ἶ,
460 3633 598 3670 praemissa
612 3656 622 3671 ,
646 3631 680 3661 ad
704 3632 864 3669 pleniorem
895 3632 1066 3663 evidentiam
1089 3632 1261 3663 eorumdem
1277 3654 1288 3671 ,

226 3674 339 3742 Ξῖὲῗωε
353 3691 363 3705 ,
377 3679 433 3700 mei
454 3671 521 3711 ligni
542 3671 725 3703 annotatione
738 3694 749 3709 ,
766 3672 796 3701 in
818 3671 891 3702 hanc
914 3672 1079 3710 pupplicam
1098 3672 1224 3703 sormam
1244 3681 1290 3701 re-

663 112 1469 165 coNVENTroNES‚

1525 112 1926 164 LITERAE,

2310 212 2315 213 ⁷
2411 218 2540 252 Ann.D.

2438 260 2522 289 1288.

1264 316 1269 322 .
1323 289 1575 320 procuratorium
1596 291 1740 322 Civitatis
1761 287 1864 335 Jaceae
1876 316 1886 332 ,
1911 285 2139 333 adjurandam
2150 285 2232 334 quod
2246 286 2391 322 inducant
2407 300 2477 327 Edv.
2500 308 2524 327 ι,

1370 336 1535 380 Alfonstam
1565 339 1675 384 Regem
1700 341 1878 385 Arragoniae
1905 347 1940 370 ut
1955 337 2099 383 compleat
2116 340 2217 369 omnia
2236 341 2392 383 tangentia

1370 382 1594 417 Liberationem
1611 387 1712 418 Caroli
1733 390 1880 432 Principis
1895 386 2092 420 Salernitani.

1324 467 1391 529 IN
1405 470 1526 499 nomine
1538 468 1682 509 Domini,
1701 470 1806 502 Arnen.

1394 506 1429 536 ln
1451 507 1595 545 praesentia
1615 510 1672 539 mei
1690 509 1808 540 Notarii
1827 510 1861 541 &
1881 509 1995 541 testium
2014 507 2236 547 subscriptorum
2249 533 2259 547 ,
2284 508 2384 540 Petrus
2408 507 2461 534 An.
2479 508 2523 536 ¹⁶·

1324 543 1591 589 CouyardiJustitia
1605 546 1735 578 Civitatis
1745 548 1859 587 Jaccae,
1877 551 1911 580 &
1923 548 2011 586 Jurati
2025 549 2059 579 ὃς
2073 547 2233 577 Conliliarii
2253 557 2288 578 ac
2311 547 2392 578 Uni·
2410 549 2437 570 E.
2462 554 2486 572 ¹-

1324 586 1436 627 veriitas
1458 584 1580 628 ejusdem
1602 584 1748 625 Civitatis,
1763 596 1828 617 ante
1848 588 1989 626 majorem
2002 586 2161 617 Ecclesiam
2172 585 2296 624 ejusdem
2309 585 2391 618 Civi-
2408 586 2427 609 L
2445 582 2503 621 Rs.

1323 629 1385 651 tatis
1398 623 1576 667 moresolito
1589 626 1770 664 congregati,
1785 625 1930 664 fecerunt,
1949 625 2176 663 constituerunt,
2195 625 2229 656 &
2241 623 2392 656 ordinave-
2413 630 2474 656 137·
2497 631 2525 649 a.

1325 669 1391 690 runt
1407 670 1577 705 unanimiter
1589 663 1623 693 &
1636 664 1837 702 concorditer,
1851 663 2016 702 Johannem
2029 663 2134 694 Arthol
2149 664 2183 695 &
2202 663 2321 694 Petrum
2341 663 2393 694 Al—
2406 665 2476 696 PM&
2487 664 2542 688 ca-

1326 698 1447 739 degam,
1466 710 1568 730 eorum
1589 700 1794 732 Procuratores
1816 704 1850 733 &
1870 701 2002 733 Sindicos
2016 702 2160 741 speciales,
2179 703 2213 734 &
2235 701 2394 740 quemlibet
2411 707 2507 726 merar.

1326 747 1428 768 eorum
1443 740 1471 768 in
1486 738 1608 769 solidum
1617 762 1627 778 ,

1367 776 1413 807 Ad
1438 777 1665 821 promittendum
1686 779 1806 809 nornine
1826 779 1860 810 &
1874 788 1928 819 pro
1941 787 2018 817 parte
2033 779 2175 820 ipsorum,
2194 779 2228 810 &
2242 779 2394 818 cujussibet

1329 816 1497 846 eorumdem
1510 840 1520 854 ,
1537 815 1574 845 de
1594 816 1649 854 ipsa
1667 816 1792 848 Civitate
1806 841 1817 855 ,
1843 819 1876 849 ὃς
1898 817 2046 848 'urandum
2059 842 2069 855 ,
2088 819 2117 848 in
2136 819 2241 849 animas
2259 820 2395 849 omnium

1328 854 1548 898 przedi&orum,
1567 854 1601 886 &3
1618 855 1766 894 cujussibet
1781 828 1969 895 eorumdem,
1989 856 2068 895 quod
2083 856 2133 894 ipsi
2166 866 2268 887 omnes
2282 858 2315 888 ὃς
2339 857 2394 887 sin-

1326 893 1402 931 guli,
1421 892 1537 924 fidehter
1551 892 1656 924 facient
1671 893 1752 932 poste
1764 894 1846 924 suum
1859 895 1938 933 quod
1952 894 2119 932 magnificus
2133 881 2269 933 Rrinceps
2285 894 2395 926 Domi-

1327 941 1379 961 nus
1400 931 1549 976 AlfonsuS,
1569 931 1627 962 Dei
1649 933 1752 972 gratia,
1769 932 1879 963 illustris
1901 933 1967 963 Rex
1982 934 2153 973 Aragoniae,
2174 934 2339 972 Majoricae,
2359 935 2395 966 &

1327 969 1483 1009 Valentiae,
1501 980 1533 1000 ac
1556 969 1667 1001 Comes
1687 971 1889 1009 Barchinonae,
1908 971 1992 1002 saciet
2012 974 2046 1003 &
2071 972 2232 1010 complebit
2243 974 2341 1003 omnia
2360 974 2395 1004 δε

1326 1008 1430 1053 singula
1453 1009 1606 1048 promissa,
1624 1019 1674 1048 per
1698 1020 1766 1041 eum
1785 1010 1929 1048 facienda,
1948 1020 2013 1049 quae
2035 1013 2217 1041 continentur
2239 1011 2269 1041 in
2289 1010 2394 1041 instru-

1328 1056 1430 1078 mentls
1441 1049 1690 1087 conventionum,
1707 1049 1846 1079 factarum
1860 1058 1913 1086 pro
1929 1048 2093 1079 liberatione
2114 1050 2218 1088 egregii
2241 1050 2310 1087 viri,
2328 1050 2396 1081 Do-

1332 1088 1404 1117 mini
1418 1086 1536 1125 Karoli,
1554 1087 1693 1125 Principis
1708 1088 1890 1126 Salernitani3

1363 1125 1442 1156 Tam
1456 1127 1485 1156 in
1499 1127 1618 1157 tractatu
1631 1126 1706 1164 apud
1719 1126 1880 1157 Oleronem
1893 1125 2008 1163 habito,
2026 1126 2115 1164 quarn
2136 1127 2166 1156 in
2189 1126 2394 1156 conventioni-

1326 1164 1380 1208 bus
1391 1164 1498 1202 scriptis
1513 1175 1599 1195 manu
1614 1164 1747 1204 Magistri
1759 1164 1898 1204 Johannis
1920 1163 1956 1195 de
1977 1163 2126 1204 Cadamo,
2147 1174 2205 1195 tam
2225 1164 2262 1195 de
2284 1163 2397 1195 restitu-

1326 1211 1406 1234 tione
1420 1205 1549 1241 pecuniae
1565 1205 1598 1235 &
1612 1204 1760 1242 obsidum,
1782 1204 1869 1242 quam
1884 1203 2048 1242 generaliter
2070 1203 2106 1234 de
2128 1203 2264 1234 omnibus
2286 1204 2320 1234 &
2342 1203 2397 1233 fin-

1326 1242 1415 1280 gulis,
1436 1252 1500 1280 quae
1516 1243 1698 1274 continentur
1712 1243 1816 1273 debere
1830 1242 1889 1272 fieri
1904 1252 1954 1279 per
1967 1242 2136 1273 Dominum
2150 1242 2267 1278 Regem
2282 1242 2395 1278 Arago-

1326 1281 1381 1310 niae
1395 1281 1603 1320 supradictum,
1622 1282 1655 1313 &
1670 1282 1750 1321 suos,
1768 1291 1826 1313 tam
1848 1279 2001 1319 magnifico
2021 1281 2162 1320 Principi,
2181 1280 2317 1311 Domino
2334 1280 2396 1311 Ed-

1326 1318 1440 1357 wardo,
1458 1319 1517 1349 Dei
1537 1319 1640 1359 gratia,
1658 1320 1735 1360 Regi
1758 1320 1805 1351 An
1825 1320 1869 1350 liae
1891 1319 2006 1358 illustri,
2024 1319 2159 1350 Domino
2174 1319 2341 1357 Hiberniae,
2359 1320 2394 1350 &

1328 1356 1408 1401 Duci
1428 1358 1447 1377 ³*
1468 1357 1647 1396 Aquitanniae
1660 1384 1670 1397 ,
1695 1359 1782 1397 quam
1828 1358 1928 1396 rincipi
1948 1367 2111 1389 memorato
2125 1383 2135 1396 ,
2155 1360 2189 1390 ὃς
2211 1358 2262 1388 suis
2278 1371 2288 1397 3
2309 1367 2395 1397 prout
2412 1352 2548 1391 *II-3⁶8·

1328 1406 1357 1426 in
1371 1395 1568 1428 Instrumentis
1582 1398 1724 1428 dicitarum
1739 1397 1979 1428 Conventionum
1992 1398 2100 1436 plenius
2115 1398 2287 1429 continetur.

1366 1472 1477 1504 Attum
1492 1471 1533 1503 est
1553 1474 1611 1504 hoc
1629 1483 1674 1513 14.
1689 1473 1811 1504 Kalend.
1824 1473 1949 1504 oetobr.
1963 1483 2039 1506 anno
2054 1474 2148 1506 Dom.
2169 1474 2251 1506 1288.

1365 1549 1551 1583 Praesentibus
1565 1552 1598 1583 &
1613 1550 1648 1581 ad
1661 1551 1720 1582 hoc
1733 1551 1841 1582 vocatis
1853 1550 1989 1582 Testibus
2026 1550 2161 1582 Domino
2173 1550 2300 1590 Johanni
2320 1551 2398 1582 Petri

1328 1587 1365 1633 de
1381 1588 1518 1629 Percusa,
1538 1591 1662 1634 portario
1677 1589 1802 1620 Domini
1815 1589 1922 1629 Regis,
1940 1591 1975 1621 &
1991 1574 2125 1622 Domino
2139 1589 2250 1620 Garffia
2263 1589 2402 1621 Brandre-

1328 1629 1376 1665 in,
1397 1628 1430 1658 &
1444 1639 1493 1660 me
1510 1628 1656 1659 Michaele
1670 1628 1705 1659 de
1719 1628 1802 1668 Sola,
1821 1629 1938 1666 publico
1953 1627 2051 1660 Curiae
2073 1628 2205 1660 Civitatis
2223 1628 2321 1668 Jaccae
2343 1639 2399 1667 pro

1327 1665 1464 1698 Domino
1485 1668 1570 1705 Rege
1590 1667 1716 1698 Notario
1732 1692 1742 1706 ,
1765 1669 1813 1706 qui
1832 1667 1974 1706 praeditstis
1989 1668 2124 1708 omnibus
2145 1668 2283 1706 interfui,
2303 1668 2337 1699 &
2356 1667 2394 1698 de

1326 1705 1461 1742 mandato
1474 1707 1607 1737 omnium
1621 1706 1826 1744 praedidlorum
1841 1707 1914 1737 hanc
1930 1704 2047 1737 Cartam
2061 1706 2211 1746 scrips1‚&
2228 1708 2257 1736 in
2270 1707 2397 1737 sormam

1325 1744 1470 1812 publicam
1484 1745 1603 1814 reciiegi,
1618 1747 1651 1777 &
1666 1745 1733 1776 huic
1750 1745 1862 1783 signum
1874 1754 1975 1776 meum
1988 1745 2128 1776 assuetum
2143 1745 2277 1786 apposui,
2295 1745 2329 1777 &
2348 1752 2399 1783 per

1348 1791 1429 1814 [teras
1445 1794 1509 1815 eam
1544 1794 1583 1815 1v1
1597 1796 1614 1814 l.

1325 1906 1375 1937 De
1399 1905 1547 1950 Promiffis
1573 1911 1719 1955 Principis
1742 1907 1862 1941 Salerni
1887 1911 2015 1942 minime
2041 1907 2192 1954 implens,
2217 1905 2255 1938 de
2287 1903 2396 1938 Condi-

1370 1954 1501 1989 tionibus
1521 1955 1706 1990 liberationis
1724 1956 1784 2002 fhae
1809 1970 1866 1990 non
1883 1955 2049 2003 observatis
2061 1983 2071 1999 ,
2095 1967 2133 1989 ac
2142 1955 2267 2002 proinde
2283 1952 2320 1986 de
2335 1956 2397 1986 Re-

1364 2015 1405 2049 ge
1423 2006 1582 2052 Aragoniae
1597 2005 1642 2039 ad
1671 2004 1796 2039 cundem
1810 2031 1820 2047 ‚
1856 2010 1888 2039 in
1918 2009 2076 2040 Carcerem
2104 2003 2292 2046 rediturum,
2318 2005 2397 2036 reci-

1365 2051 1512 2097 piendum
1524 2066 1648 2100 parato.

1367 2135 1539 2170 Erenisfimo
1559 2141 1593 2171 &
1613 2139 1844 2171 excellentiffimo
1864 2140 2008 2180 Principi,
2025 2139 2161 2171 Domino
2183 2136 2312 2175 Karolo,
2329 2135 2389 2167 Dei
2406 2134 2484 2166 Ann.
2496 2135 2541 2168 D:

1383 2177 1471 2214 gratia
1485 2178 1515 2209 R
1553 2179 1682 2218 iJerusal.
1695 2181 1728 2211 ὃς
1751 2179 1872 2218 Siciliae,
1892 2179 2021 2210 Ducatus
2042 2179 2170 2216 Apuliae,
2187 2178 2220 2208 &
2242 2176 2389 2213 Principa-
2435 2176 2522 2206 1288.

1323 2226 1368 2248 tus
1380 2215 1506 2262 Capuae,
1517 2188 1591 2249 {nd
1643 2219 1714 2256 viae,
1732 2218 1911 2257 Provinciae,
1928 2219 1962 2250 ὃς
1979 2217 2085 2248 Forch.
2100 2216 2191 2248 Corn.
2206 2213 2390 2259 Hugo,Mi-
2403 2218 2457 2242 An.
2478 2217 2520 2244 16.

1322 2255 1458 2299 seratione
1478 2257 1591 2296 divina,
1636 2257 1762 2296 aefiiraug.
1784 2256 1940 2295 Episcopus
1960 2256 2076 2287 salutem
2089 2280 2099 2294 ,
2117 2265 2186 2287 cum
2207 2264 2289 2285 omni
2308 2262 2386 2284 reve·
2404 2257 2434 2281 Ε.
2459 2264 2482 2281 ι.

1323 2304 1428 2332 renna,
1447 2295 1480 2326 &
1495 2304 1617 2336 paratam
1631 2295 1665 2326 ad
1681 2296 1738 2334 ejus
1750 2295 1884 2334 obsequia
1898 2295 2085 2326 voluntatem.
2400 2297 2430 2320 L.
2440 2291 2499 2329 B-f-

1361 2333 1511 2364 Noverint
1526 2333 1617 2365 vestra
1631 2333 1778 2365 Celsitudo
1792 2333 1821 2364 R
1858 2335 1883 2364 ia
1896 2342 2027 2373 me,tam
2043 2332 2117 2371 apud
2130 2331 2302 2363 illustremR
2340 2339 2388 2361 em
2406 2340 2468 2366 155.
2481 2330 2506 2357 b.

1323 2371 1449 2412 Aragon.
1471 2372 1559 2410 quam
1581 2371 1655 2411 apud
1674 2371 1814 2411 Barones,
1874 2372 1942 2403 'lites
1965 2383 1998 2403 ac
2012 2370 2099 2403 Cives
2114 2371 2241 2408 Aragon.
2256 2380 2289 2401 ac
2335 2378 2390 2400 ata·
2402 2375 2469 2406 penes
2484 2373 2539 2404 Car

1322 2410 1408 2442 loniae
1420 2433 1430 2450 ‚
1455 2410 1602 2450 diligenter
1624 2412 1658 2443 ὃ(
1676 2411 1829 2442 efficaciter
1847 2411 1987 2442 laborasse
1999 2434 2009 2450 ,
2027 2411 2061 2442 &
2079 2411 2115 2441 ab
2134 2410 2196 2449 ipsis
2219 2407 2390 2446 obtinuiffe,
2405 2417 2500 2436 mutar.

1322 2449 1424 2518 Rplod,
1451 2451 1481 2480 in
1502 2451 1555 2482 hac
1576 2451 1697 2488 generali
1719 2449 1808 2481 Curia
1830 2449 1943 2481 Montis
1962 2449 2056 2489 Soni,
2082 2449 2252 2487 eligerentur
2273 2447 2388 2478 Nuncii

1363 2490 1430 2527 agni
1451 2488 1527 2527 Viri,
1543 2491 1593 2528 qui
1613 2498 1647 2520 ex
1669 2497 1749 2528 parte
1767 2489 1795 2519 R
1834 2489 1854 2518 is
1867 2489 1900 2520 &
1916 2488 2012 2529 Regni
2021 2489 2107 2519 totius
2120 2487 2155 2518 ad
2167 2487 2333 2518 Dominum
2341 2485 2391 2524 Ja-

1321 2528 1433 2558 cobum
1452 2529 1646 2567 mitterentur,
1663 2537 1695 2559 ut
1716 2528 1752 2558 ab
1774 2528 1803 2565 ip
1814 2538 1833 2558 o
1849 2528 1959 2566 penitus
1970 2527 2132 2558 obtinerent
2148 2525 2227 2565 quod
2240 2525 2390 2557 tractatum

1321 2567 1397 2604 pacis
1404 2576 1520 2636 ‚bquem
1534 2566 1600 2608 Ego
1613 2576 1647 2598 ex
1661 2575 1737 2606 parte
1750 2566 1853 2598 vestrae
1867 2565 2052 2597 Excellentiae
2064 2567 2094 2596 in
2107 2565 2212 2604 scriptis
2226 2564 2392 2603 attidem,

1321 2614 1410 2643 appro
1432 2613 1503 2635 aret:

1358 2643 1408 2674 Set
1421 2668 1430 2682 ,
1445 2643 1538 2675 ‘eccel
1557 2643 1778 2682 supervenerunt
1797 2643 1914 2675 Nuncii
1933 2643 2018 2675 vestri
2033 2667 2043 2682 ,
2068 2643 2169 2674 latores
2191 2642 2393 2680 praesentium,

1321 2691 1390 2712 curn
1405 2681 1561 2721 legatione,
1581 2683 1642 2721 ipsis
1657 2691 1692 2712 ex
1704 2691 1782 2720 parte
1796 2681 1890 2713 vestra
1903 2681 2050 2721 impofita,
2070 2681 2149 2719 quod
2162 2681 2228 2711 Rex
2241 2679 2394 2718 praedretus

1321 2729 1431 2758 pararet
1453 2720 1480 2751 se
1502 2720 1537 2751 ad
1560 2720 1753 2758 recipiendum
1773 2730 1844 2756 vos,
1862 2721 1892 2749 in
1906 2718 2080 2757 Captionem
2094 2720 2175 2759 ipsius
2189 2718 2279 2748 redire
2291 2717 2395 2748 volen-

1321 2767 1397 2798 tem,
1416 2759 1450 2790 &
1464 2758 1499 2789 ad
1512 2758 1716 2789 restituendum
1730 2758 1814 2789 vobis
1828 2757 1966 2796 Obsides,
1984 2758 2019 2790 δε
2031 2758 2199 2795 pecuniam,
2217 2766 2269 2795 pro
2293 2755 2387 2787 vestra.

1323 2797 1465 2836 libertate,
1484 2798 1533 2835 ipsi
1548 2797 1622 2866 Εἰς.
1639 2797 1764 2837 Aragon.
1778 2796 1909 2836 obligata.

1358 2835 1414 2875 Et,
1433 2844 1467 2866 ex
1487 2836 1563 2874 hoc,
1615 2859 1620 2865 .
1640 2836 1674 2867 &
1694 2844 1796 2866 omnes
1816 2834 1954 2873 Ramnes,
1974 2833 2099 2872 Milites,
2116 2842 2201 2872 atque
2213 2833 2301 2865 Cives
2316 2841 2392 2871 ιπε-

1323 2871 1409 2913 dieti,
1427 2875 1456 2904 in
1475 2882 1582 2905 tantam
1605 2873 1826 2912 desperationem
1845 2874 1919 2912 pacis
1941 2874 1975 2905 &
1997 2872 2176 2904 Concordiae
2196 2871 2390 2908 devenerunt,

1346 2913 1402 2944 uod
1417 2914 1433 2943 a
1446 2912 1614 2944 destinandis
1628 2914 1662 2943 ad
1676 2912 1842 2943 Dominum
1851 2911 1996 2950 jacobum
2008 2913 2037 2942 in
2053 2910 2282 2942 Scicil.Nunciis
2296 2909 2394 2952 supra-

1323 2924 1406 2983 dietis
1426 2953 1536 2991 penitus
1556 2951 1757 2990 destituerunt,
1776 2958 1934 2989 reputantes
1956 2952 1986 2981 in
1999 2951 2152 2989 omnibus,
2170 2959 2235 2988 quae
2248 2949 2392 2988 promisis-

1325 2993 1359 3022 tis
1372 2990 1465 3021 eidem
1479 2990 1554 3030 Regi
1567 2991 1694 3029 Aragon.
1708 3000 1776 3021 cum
1791 2989 1878 3020 nichil
1891 2999 1992 3020 eorum
2012 2989 2248 3028 adimpleveriffl,
2265 2988 2293 3019 se
2313 2986 2394 3017 delu-

1324 3030 1386 3068 sos;
1404 3031 1438 3062 &
1449 3040 1514 3068 me,
1532 3030 1581 3068 qui
1595 3028 1717 3061 vestram
1731 3029 1928 3059 liberationem
1943 3027 2096 3059 efficaciter
2129 3026 2277 3065 rocuravi,
2296 3026 2329 3057 &
2344 3025 2395 3063 qui

1324 3068 1486 3100 fidelitatem
1507 3068 1629 3099 vestram
1650 3078 1683 3099 ac
1702 3068 1814 3098 bonum
1830 3067 2024 3106 propositum,
2043 3077 2102 3105 quo
2135 3066 2280 3097 habebatis
2295 3064 2330 3094 ad
2343 3073 2393 3101 pa-

1323 3117 1408 3146 cem,
1427 3106 1590 3138 multotiens
1609 3106 1774 3145 praedicavi,
1792 3105 1962 3137 mendacem
1982 3113 2130 3147 reputant,
2145 3106 2179 3137 &
2203 3103 2268 3134 inde
2280 3103 2388 3133 habent

1324 3147 1478 3185 plurimum
1496 3155 1544 3176 me
1559 3145 1725 3186 suspecfmm.

1362 3185 1443 3216 Parat
1461 3192 1556 3215 autem
1576 3183 1718 3222 praeditftis
1738 3183 1777 3213 R.
1796 3183 1916 3214 Obsides
1935 3185 1969 3216 δε
1991 3184 2159 3224 pecuniam,
2177 3191 2242 3221 quae
2254 3181 2338 3214 vobis
2351 3176 2387 3210 ad

1323 3222 1481 3254 Carcerem
1495 3223 1574 3253 suum
1587 3222 1782 3260 redeuntibus,
1800 3223 1939 3259 restituat,
1955 3230 1985 3252 ut
2000 3221 2136 3259 promisit.

1361 3262 1445 3293 Plura
1465 3261 1652 3292 dominationi
1672 3260 1773 3292 vestrae
1786 3260 1820 3291 ad
1834 3261 1952 3300 praesens
1965 3270 2027 3291 non
2040 3260 2148 3299 scribo,
2171 3258 2211 3292 set
2225 3268 2273 3290 me
2286 3257 2389 3291 vestrae

1322 3302 1420 3341 gratiae
1434 3299 1652 3332 recommendo.

1359 3378 1428 3410 Dat.
1439 3378 1471 3408 in
1486 3375 1596 3408 Monte
1608 3375 1690 3408 Sono
1710 3386 1755 3417 14.
1771 3375 1893 3408 Kalend.
1909 3375 2078 3407 Novembr.

1325 3510 1433 3541 Litera
1459 3503 1498 3538 ab
1523 3504 1650 3549 Alfhnsb
1678 3507 1755 3551 Rege
1775 3506 1952 3552 Arragoniae
1968 3501 2014 3535 ad
2028 3502 2172 3535 carolum
2190 3503 2300 3547 Regem
2325 3495 2389 3543 Je-

1370 3555 1501 3602 rusalem
1512 3580 1522 3596 ,
1534 3554 1614 3586 alias
1635 3551 1749 3586 dictum
1772 3556 1940 3600 Principem
1956 3551 2095 3594 Salerni,
2106 3549 2142 3583 de
2159 3547 2270 3581 Reditu
2280 3551 2311 3579 in
2319 3557 2389 3579 car-

1373 3615 1481 3638 cerem.

1324 3688 1465 3751 ILlustri
1486 3687 1520 3719 &
1540 3686 1699 3728 Magnifico
1721 3687 1867 3727 Principi‚
1894 3685 2115 3724 Consanguineo
2136 3683 2187 3714 suo
2207 3679 2360 3725 Carissimo
2373 3704 2384 3720 ,
2401 3689 2530 3723 ΛΜΗ)-

1371 3726 1508 3757 Domino
1531 3725 1656 3766 Karolo,
1676 3727 1735 3759 Dei
1753 3726 1857 3764 gratia,
1875 3725 1952 3765 Regi
1967 3723 2082 3763 Jefflsal·
2102 3720 2248 3765 AnngaV·
2262 3719 2286 3749 P
2288 3729 2385 3751 sovm·
2428 3731 2514 3762 1288.

1324 3766 1378 3796 ciae
1398 3766 1433 3796 ὃς
1457 3764 1562 3795 Forch.
1587 3764 1715 3804 Comiti,
1734 3765 1881 3802 Alfonsus,
1899 3774 1950 3802 per
1971 3761 2090 3793 eandem
2111 3767 2244 3799 gratiam,
2262 3757 2328 3788 Rex
2342 3758 2384 3789 A·
2397 3773 2449 3798 An·
2475 3771 2518 3798 16,

1324 3814 1353 3834 ra
1372 3814 1421 3834 on.
1436 3802 1567 3842 Majoric.
1580 3813 1613 3835 ac
1627 3804 1738 3836 Valent.
1752 3814 1786 3835 ac
1798 3802 1910 3834 Comes
1924 3797 2192 3832 Barchon.sa1utem
2212 3796 2246 3827 &
2268 3796 2383 3828 sincerae
2395 3813 2426 3836 E.
2453 3818 2476 3835 ,-

1346 3841 1482 3872 ‘efflonis
1495 3841 1641 3873 effestum.
1684 3860 1689 3867 ι
2139 3874 2144 3880 ,
2394 3845 2491 3882 L.B.f.

1363 3879 1554 3912 Meminimus
1571 3881 1690 3920 vestras,
1707 3890 1769 3912 non
1788 3878 1829 3911 est
1847 3879 1913 3916 diu,
1929 3877 2030 3908 litteras
2052 3873 2205 3918 recepisse,
2223 3881 2255 3904 ut
2266 3883 2384 3905 venera·
2399 3883 2493 3920 ις’-,6,

1322 3918 1373 3951 bili
1387 3916 1682 3959 Caesar·Augustinen.
1697 3919 1722 3950 E
1744 3918 1858 3956 iscopo,
1875 3926 1910 3946 ac
1923 3912 2070 3960 Religioso
2083 3912 2190 3943 Abbati
2210 3912 2332 3950 Sinaque
2347 3921 2383 3943 ex
2394 3929 2462 3961 penes
2476 3925 2533 3953 c„

1322 3965 1402 3995 parte
1413 3956 1515 3988 vestrae
1525 3960 1658 3989 amicitiae
1672 3968 1704 3989 cr
1741 3966 1868 3992 eremuS‚
1887 3964 1935 3992 qm
1950 3953 2033 3996 n9b1⁵
2050 3950 2196 3995 ¹quendarss
2213 3951 2384 3982 Traffatum
2394 3969 2489 3991 merar.
2548 3964 2549 3967 ’

1322 3997 1399 4034 pacis
1410 3997 1444 4028 ὃς
1459 3997 1623 4028 concordiae
1635 3998 1664 4027 in
1680 3995 1784 4033 scriptis
1819 3991 1915 4025 vestro
1929 3989 2075 4027 figulatum
2096 3989 2185 4034 slglllo
2203 3989 2330 4028 secreto,
2349 3997 2384 4019 ex

1322 4043 1400 4072 parte
1417 4034 1517 4068 vestrae
1531 4034 1709 4068 Celfitudinis
1723 4018 1942 4072 praesentarunt3
1958 4037 2027 4060 cum
2041 4026 2169 4060 instantia
2181 4038 2235 4060 nos
2257 4035 2387 4094 rogante?

2352 4074 2372 4094 u
