2570 4261
767 209 1741 267 ADVLECTOREM.

171 306 271 350 otiosi?
294 304 497 351 Confiamimus
511 302 700 349 Thesbarum
717 300 887 345 infinitum.-
911 300 1036 335 Recedat
1054 304 1144 333 tertia
1155 310 1246 346 pars:
1272 301 1346 332 Non
1360 301 1438 330 enim
1454 296 1605 330 audebunt
1622 301 1704 330 exire
1719 298 1755 331 de
1780 299 1905 332 civitate
1921 296 2143 343 Meanftedus‚
2167 308 2220 331 aut
2241 310 2327 332 exer*

171 358 248 387 citus
265 356 347 400 ejus:
371 358 446 386 Sunt
464 355 543 384 enim
560 353 645 397 quast
661 346 756 395 obsessi
770 353 806 389 ό*
825 350 929 394 inclusi
937 374 947 391 ‚
973 353 1016 382 Et
1027 348 1139 394 sufficit
1149 358 1222 394 gens
1236 349 1365 379 minima
1379 345 1424 378 ad
1437 357 1539 377 eorum
1555 356 1696 378 terrorem
1714 349 1749 385 (ὰ-
1765 345 1968 393 repreffionem.

218 404 375 446 Cumque
389 412 445 435 nec
465 398 572 434 adhuc
590 398 709 432 exirent
728 398 812 431 cives
824 424 834 440 ,
859 398 974 432 iterum
990 396 1098 431 dietus
1122 392 1321 430 Marchisius
1340 393 1518 429 exercitum
1536 393 1679 438 Papalem
1692 394 1872 437 mutilavit,
1899 395 1939 429 ita
1963 392 2058 441 quod
2074 395 2130 429 vix
2147 393 2255 428 decem
2272 392 2325 429 vel

170 447 344 484 duodecim
360 448 456 482 millia
471 457 661 482 armatorum
676 455 863 480 remanerent
882 455 958 479 cum
973 444 1098 479 eisdem.

223 497 301 531 Una
323 496 422 543 igitur
446 496 590 530 noctium
617 493 700 528 idem
729 492 902 534 Mai-chio,
929 504 1036 539 raptus
1060 504 1147 538 equo
1162 487 1359 526 velocissimo
1372 517 1382 534 ‚
1408 487 1494 523 venit
1510 487 1549 522 ad
1567 488 1725 524 civitatem
1741 488 1949 532 Nucheram‚
1976 495 2010 526 δε
2028 488 2143 525 affatus
2164 489 2325 524 Meanfre-

170 542 252 579 dum
274 543 379 588 dixit,
407 547 435 579 Ο
454 548 549 577 amice
572 541 752 585 chariffime‚
777 541 886 574 datum
909 540 948 584 est
972 540 1029 574 tibi
1049 542 1195 588 intelligi,
1219 539 1299 586 quod
1317 538 1374 572 tibi
1396 541 1500 580 nocui,
1525 541 1561 575 ὠ·
1589 550 1688 570 nocere
1697 539 1771 583 sitm
1783 549 1928 584 paratus.-
1953 543 2057 573 Miror
2073 550 2102 572 te
2125 539 2202 573 velle
2216 537 2326 571 talibus

170 590 285 626 Sibillis
302 605 407 626 aurem
426 593 587 633 inclinare,
610 601 665 624 aut
675 589 771 635 fidem
789 588 1001 636 quomodolibet
1015 587 1154 622 adhibere
1165 601 1176 620 .·
1202 590 1303 621 Novit
1320 584 1467 631 industria
1483 586 1579 629 vestra
1595 585 1713 632 quidem
1732 598 1824 632 quam
1833 586 1965 630 fideliter
1980 591 2065 633 patri
2083 597 2133 620 tuo
2151 588 2328 634 Imperatori

174 640 329 675 frederico
338 641 470 687 firvitia
485 644 516 673 in
533 638 680 686 ambiguis
697 636 805 682 cafibus
828 637 1040 685 impenderim:
1065 640 1107 671 Et
1122 636 1262 684 quomodo
1281 635 1383 682 possem
1399 633 1509 681 prolem
1528 635 1661 680 prosequi
1678 644 1744 666 tam
1761 633 1862 666 dileat·
1878 637 2020 672 Domini,
2045 639 2092 668 tui
2109 634 2262 668 reverendi
2271 647 2327 681 ge-

173 690 297 723 nitoris}
322 690 424 736 Jam,
445 693 516 735 jam
528 688 655 735 profesto
673 699 794 727 meam,
818 698 889 733 erga
913 697 942 718 te
967 685 1022 719 diu
1043 696 1226 732 conceptam,
1252 687 1408 729 experieris
1431 681 1612 715 devotionem
1638 685 1674 720 ὠ·
1685 681 1886 727 fidelitatem.-
1912 684 2090 715 Diminutus
2111 681 2166 725 est,
2192 682 2331 725 instinclu

173 749 256 778 meo,
282 738 400 784 Papalis
416 741 581 771 exercitus:
607 738 650 769 Et
665 739 725 769 vix
746 746 815 766 cum
831 734 1000 769 ottaviano
1022 733 1121 767 decem
1139 734 1236 767 millia
1246 742 1468 779 pugnatorum,
1493 742 1622 777 quorum
1631 735 1726 776 potior
1738 742 1809 776 pars
1835 741 1900 763 mea
1923 729 1981 775 est,
2006 730 2227 775 remanserunt:
2249 731 2331 764 Tolle

174 797 310 818 moram:
338 786 419 819 Illico
435 786 470 832 fi
494 795 608 819 arment
627 782 718 827 vestri
735 784 868 826 universi
878 782 981 828 fideles
999 793 1138 831 quotquot
1148 783 1222 827 fiant
1248 785 1279 814 in
1302 784 1428 813 civitate
1444 804 1454 819 ‚
1478 783 1514 817 (ᾧ
1534 791 1580 811 me
1589 782 1734 825 pravium
1750 779 1919 826 stquantur
1939 777 2136 826 pedetentim:
2162 780 2212 811 Tu
2226 782 2332 811 etenim

176 832 272 879 ipsum
291 834 500 868 Offavianum
519 836 556 872 &⁴
565 834 636 878 suos
651 831 694 865 ad
708 841 813 865 votum
831 829 990 878 occupabis.

223 882 315 916 Exiit
334 882 435 928 igitur
451 880 660 916 Meanfredus
681 883 713 914 &
730 891 837 913 omnes
851 880 935 914 cives
955 891 1031 914 cum
1047 891 1107 922 eo,
1135 881 1167 912 &
1187 876 1256 920 ejus
1271 874 1380 910 fideles
1400 878 1432 909 δε
1450 873 1612 909 familiares
1637 887 1743 909 omnes
1763 873 1801 909 ad
1829 887 1968 923 unguem
1990 874 2115 910 armati:
2144 875 2209 917 Et,
2232 872 2333 907 maxia

175 939 266 963 mum
284 929 452 965 conflantes
471 930 666 970 exercitum,
683 926 880 969 festinanter,
900 925 990 973 quasi
1009 928 1107 962 turbo
1123 923 1241 972 rapidae
1256 921 1469 970 tempestatiS‚
1495 922 1647 957 exercitui
1665 922 1768 969 Papali
1783 925 2142 971 appropinquaverunt:
2175 923 2240 964 Et,
2259 934 2334 955 cum

176 976 365 1025 occupasse,
388 976 477 1024 quasi
495 978 631 1012 aviculas
651 975 802 1013 irretitas,
829 973 1025 1010 credidissent
1043 972 1226 1015 universos,
1250 985 1323 1007 ecce
1340 972 1562 1013 Octavianus,
1587 983 1641 1018 per
1658 972 1797 1017 aliquem
1811 973 1948 1007 amicum
1967 970 2204 1019 praecordialem
2222 970 2251 1003 in
2272 969 2335 1015 ipsa

177 1027 390 1072 praemunitus
411 1026 506 1070 hora,
531 1026 589 1060 vix
608 1024 728 1072 elapsus
746 1022 862 1065 evasit,
888 1024 1008 1058 caeteris
1023 1023 1195 1061 omnibus,
1220 1032 1333 1069 praeter
1360 1017 1530 1055 Marchisii
1556 1018 1723 1058 familiam,
1747 1018 1920 1065 dissipatis,
1948 1021 2066 1068 captis,
2092 1019 2143 1054 vel
2157 1016 2335 1053 trucidatis.

229 1074 283 1109 Sic
300 1073 500 1110 Cardinalem
517 1074 655 1115 Italum,
680 1072 717 1107 ab
736 1071 863 1106 homine
879 1073 1042 1106 Germano
1054 1097 1064 1113 ,
1089 1070 1345 1105 circumventum
1357 1095 1367 1110 ‚
1391 1067 1521 1102 illusum
1533 1092 1543 1107 ,
1569 1070 1601 1101 &
1619 1068 1699 1101 belle
1716 1065 1887 1101 truffatum
1903 1068 2004 1103 habes.

224 1126 257 1156 A
278 1121 484 1172 Wolfgango
503 1122 604 1157 Lazio
621 1123 735 1157 citatur
753 1120 871 1154 Charta
886 1118 1047 1154 Frederici
1065 1117 1195 1153 secundi
1212 1117 1366 1152 Ducibus
1386 1116 1501 1163 Styriae
1521 1114 1681 1158 concessa,
1705 1128 1753 1149 an.
1776 1115 1876 1161 1248.
1895 1117 1951 1150 ubi
1968 1115 2081 1150 Testes
2098 1115 2189 1159 sunt,
2215 1113 2334 1148 Henri-
2350 1129 2397 1158 De
2408 1130 2469 1156 Mi-

179 1181 236 1205 cus
254 1173 329 1207 Rex
347 1172 481 1211 Siciliae,
507 1172 597 1211 (viz.
618 1169 751 1206 Isabellae
772 1167 918 1215 Anglicae
939 1168 1051 1212 filius)
1072 1166 1266 1202 Manfredus
1284 1164 1458 1207 Marchi0‚
1482 1168 1514 1199 &
1538 1162 1748 1199 Berthtoldus
1765 1163 1802 1197 ab
1819 1164 2028 1211 Hohemberg
2051 1167 2180 1198 Comes.
2228 1165 2272 1198 Et
2290 1163 2334 1197 ibi
2347 1169 2471 1203 gratiane

177 1219 278 1255 multa
294 1219 334 1255 de
351 1219 465 1254 familia
485 1217 741 1263 Hohembergica
754 1230 764 1257 ;
2350 1209 2489 1236 Genuum.

226 1267 288 1303 Sed
304 1267 343 1304 de
359 1268 442 1303 hisce
458 1265 725 1305 Marchionibus,
749 1262 837 1310 apud
856 1264 1001 1307 Siculos,
1027 1275 1081 1299 aut
1101 1264 1198 1300 Italos
1210 1291 1220 1308 ,
1249 1275 1285 1299 ne
1302 1263 1439 1299 verbum
1454 1261 1587 1308 quidem
1608 1273 1656 1296 me
1678 1260 1863 1309 comperisse
1879 1261 2017 1296 memini.

225 1317 445 1351 Octavianum
457 1343 468 1360 ,
492 1315 535 1349 ob
552 1327 617 1350 rem
633 1313 711 1349 male
730 1311 868 1359 gestam,
893 1325 907 1347 a
925 1312 1077 1361 legatione
1094 1324 1280 1348 revocatum
1296 1322 1488 1347 memorant:
1514 1321 1542 1345 at
1559 1322 1614 1358 per
1630 1321 1750 1357 partes,
1776 1322 1811 1344 ac
1825 1311 1868 1345 rei
1886 1311 1962 1344 male
1981 1307 2074 1357 gestae
2093 1308 2198 1344 seriem
2212 1335 2222 1352 ‚
2245 1311 2338 1344 mini-

179 1377 229 1401 me
247 1376 391 1413 tangunt.

224 1414 294 1460 Ipse
310 1413 461 1459 Sigonius
473 1437 483 1452 ‚
500 1412 560 1459 qui
577 1409 722 1458 alioquin
739 1410 894 1449 Parisium
912 1410 1021 1446 libenti
1035 1409 1139 1446 animo
1156 1408 1422 1456 transcribit‚qui
1443 1408 1572 1444 Ducem
1593 1412 1657 1456 (a)
1674 1406 1824 1442 Stollium
1844 1434 1855 1450 ,
1878 1420 1916 1443 ex
1943 1405 2049 1441 Parisii
2067 1404 2132 1441 fide
2149 1405 2336 1450 celebravit,
2358 1405 2492 1441 DeRegno

179 1460 261 1496 hanc
283 1461 361 1496 tanti
382 1473 535 1497 momenti
551 1462 754 1497 narrationem
773 1459 972 1510 premendam
986 1461 1108 1495 maluit.
2354 1443 2448 1512 aab}

226 1508 287 1544 Sed
306 1538 315 1552 ,
341 1508 434 1556 quod
462 1511 578 1558 aegrius
598 1508 667 1544 fero
684 1534 694 1550 ‚
717 1523 773 1545 nec
801 1509 887 1556 ipse,
917 1521 973 1544 nec
999 1508 1135 1555 plurima
1164 1505 1412 1544 Historicorum
1430 1504 1524 1541 turba
1547 1504 1672 1551 aliquid
1691 1502 1803 1540 habent
1816 1527 1826 1542 ‚
1852 1501 1917 1538 sive
1936 1503 1975 1539 de
1993 1503 2115 1550 nuptiis
2135 1504 2336 1551 Imperatoris
2356 1491 2432 1548 1³31}ss
2451 1503 2459 1509 '

179 1569 257 1592 cum
278 1558 424 1600 Isabella,
448 1558 514 1595 sive
530 1558 569 1593 de
589 1557 650 1593 isto
669 1571 707 1594 ex
726 1559 850 1594 Isabella
869 1556 961 1599 filio;
988 1557 1027 1591 de
1043 1570 1112 1603 quo
1130 1556 1216 1605 apud
1236 1555 1369 1592 eundem
1386 1553 1541 1589 Patisium
1557 1555 1666 1601 legunt
1681 1565 1744 1588 tam
1760 1552 1864 1588 nobile
1882 1552 2050 1600 Elogium.
2355 1557 2492 1600 Stolliopi-

221 1609 236 1627 ³
256 1610 323 1654 Spes
331 1608 503 1656 Anglornm
516 1634 526 1649 ‚
543 1611 580 1647 ῤ’
596 1607 694 1655 gloria
712 1611 879 1646 chricus,·
896 1611 948 1640 vir
966 1605 1172 1649 desideriorum
1183 1635 1193 1650 ‚
1217 1610 1296 1640 mirae
1300 1607 1407 1653 speciei
1422 1603 1592 1650 adolefiens.
2354 1603 2420 1642 ratu
2427 1596 2477 1639 [⁶²-

222 1656 269 1690 At
287 1668 324 1691 ne
339 1655 424 1691 solus
445 1656 483 1691 fit
506 1658 558 1691 M.
575 1659 612 1690 P.
628 1666 689 1691 tres
705 1656 781 1690 alios
800 1655 862 1691 hoc
882 1654 965 1689 idem
984 1653 1022 1689 de
1041 1655 1187 1689 Henrico
1207 1654 1316 1689 nostro
1334 1651 1508 1688 attestantes
1528 1651 1690 1699 produco,
2352 1636 2491 1703 {2¹5le

221 1701 238 1726 b
254 1705 360 1750 Laftio
377 1704 422 1738 ad
432 1708 564 1739 Henrico
580 1732 590 1747 ‚
617 1703 677 1739 Che
690 1717 742 1738 era
751 1705 899 1750 fanciullo
916 1730 925 1745 ‚
950 1716 1001 1736 ma
1019 1703 1052 1736 di
1057 1705 1194 1750 fiaprema
1209 1714 1391 1737 accortezza
1405 1715 1419 1735 e
1440 1700 1518 1733 belta
1529 1724 1538 1738 ,
1564 1702 1589 1734 il
1604 1704 1701 1748 Regno
1718 1701 1753 1734 de
1769 1702 1886 1735 Sicilia.
2360 1720 2443 1750 1254·
2464 1685 2494 1703 n*

223 1753 238 1770 ⁶
249 1753 319 1800 Egli
334 1765 387 1786 era
397 1754 422 1787 il
432 1757 487 1801 piu
499 1752 648 1800 praestante
660 1756 697 1792 (ῤ’
707 1757 762 1800 piu
773 1754 896 1799 specioso
906 1756 1032 1800 giovene
1054 1774 1063 1788 ‚
1087 1756 1124 1791 ὢν
1140 1752 1173 1785 di
1190 1753 1325 1799 migliore
1335 1752 1487 1798 speranza
1502 1747 1553 1781 che
1568 1750 1655 1782 alcun
1671 1751 1748 1783 altro
1757 1750 1792 1783 de
1798 1749 1947 1798 figliovoli
1963 1748 1996 1782 di
2013 1748 2157 1782 federico.
2354 1748 2496 1780 bTarcha-

224 1796 242 1821 ὁ
260 1801 369 1849 Qello
386 1815 438 1837 era
454 1802 481 1835 il
487 1806 543 1850 piu
559 1800 650 1844 bello,
675 1813 690 1834 e
709 1801 743 1834 di
758 1803 865 1851 miglor
880 1805 945 1850 inge
964 1814 998 1833 no
1017 1800 1050 1834 di
1067 1805 1142 1833 tutti
1159 1800 1396 1847 l'altrifiglivoli
1412 1798 1445 1832 di
1461 1797 1604 1832 Fiderico.
2350 1796 2443 1843 &²⁰²⁸-

227 1851 313 1885 Haec
331 1849 508 1886 testimonia
524 1849 596 1885 ideo
615 1849 667 1884 hic
687 1849 839 1897 profero,
862 1862 933 1896 quo
971 1848 1111 1892 mireris,
1138 1850 1276 1891 Lector,
1299 1850 1453 1895 Regnum
1470 1846 1585 1881 Siciliae
1597 1869 1606 1885 ,
1631 1844 1730 1889 hujus
1751 1846 1886 1881 Henrici
1905 1846 2148 1892 patrimonium,
2165 1856 2203 1880 eo
2220 1844 2333 1879 viven-
2354 1827 2472 1897 {uffff‘

177 1908 230 1941 te,
255 1898 402 1934 Ricardo
423 1898 760 1940 CornubiaeCmniti,
785 1909 840 1933 aut
855 1898 944 1945 Regi
963 1897 1091 1945 Angliae
1110 1898 1256 1932 Henrico
1274 1909 1289 1931 a
1306 1896 1430 1930 summo
1454 1895 1613 1930 Pontifice
1639 1893 1731 1929 fuisse
1750 1896 1911 1930 oblatum:
1940 1893 2043 1937 Quod
2064 1892 2247 1929 Richardus
2266 1895 2335 1926 Co·
2353 1907 2369 1929 <1
2388 1892 2465 1935 Sm‘n„

180 1957 244 1980 mes
259 1945 415 1982 recusavit
433 1975 444 1991 ,
469 1954 484 1970 ⁶
509 1952 583 1995 quia
599 1945 776 1990 inhonestum
792 1946 947 1981 videretur
965 1956 1092 1993 nepotem
1101 1947 1194 1993 stium
1203 1946 1413 1993 stepplantare:
2353 1952 2448 1975 montet

230 1996 276 2029 Et
293 1996 366 2030 Rex
378 1996 541 2031 Henricus
558 2008 623 2030 non
640 1995 816 2042 accepmvit
828 2023 838 2039 ‚
862 1992 877 2016 f
884 2007 936 2041 pro
953 2007 983 2028 eo
998 2006 1099 2029 tamen
1117 1994 1197 2042 quod
1212 1998 1243 2027 in
1261 1993 1359 2027 eodem
1374 1997 1473 2041 Regno
1488 1991 1584 2026 adhuc
1593 1992 1749 2038 fhpererat
1764 1995 1867 2025 unicus
1880 2003 1960 2038 nepos
1976 2001 2046 2025 tuus
2056 2014 2064 2029 ‚
2074 2003 2109 2024 ne
2121 1990 2266 2024 videreris
2269 1990 2339 2033 fiti-
2354 1991 2367 2006 ²
2383 1987 2425 2014 M·
2442 1985 2466 2012 Ρ
2467 2005 2475 2011 -

180 2054 214 2075 re
223 2045 401 2090 fhnguinem
412 2048 583 2092 proprium,
607 2047 645 2083 ᾤ’
655 2047 864 2091 proximorum
880 2055 1002 2076 tuorum
1012 2044 1109 2090 spolia
1125 2047 1293 2090 concupire‚
1316 2052 1436 2075 tantum
1453 2040 1589 2074 honorem
1608 2044 1645 2079 ῤ’
1661 2039 1846 2074 commodum
1863 2045 1985 2086 recipere
1995 2068 2004 2082 ,
2028 2042 2119 2086 usbue
2133 2039 2176 2072 ad
2191 2038 2245 2071 hcc
2260 2050 2335 2070 tcm—
2356 2024 2397 2092 (ἐξ
2410 2033 2457 2051 ⁰⁷¹·

175 2101 272 2136 pora,
296 2090 451 2137 distulisti:
479 2092 660 2127 verba'sunt
677 2091 846 2127 Pontificis
864 2091 901 2127 ad
930 2095 1110 2126 Henricum
1137 2094 1259 2138 Regem
1285 2091 1411 2139 Angliae
1424 2116 1434 2132 ,
1460 2090 1491 2124 in
1512 2089 1597 2124 bulla
1612 2087 1650 2122 ad
1669 2087 1895 2123 notificandam
1911 2099 2048 2123 mortem
2066 2087 2226 2135 saepedioss
2246 2088 2338 2121 Hen-
2359 2085 2482 2139 (55'13

180 2139 263 2182 rici,
290 2143 345 2184 &,
372 2153 410 2175 eo
427 2151 576 2183 mortu0‚
599 2139 638 2174 ad
655 2140 896 2187 procedendum
914 2140 1051 2187 impigre
1068 2140 1099 2174 in
1115 2140 1434 2186 tractationibus-pro
1454 2141 1574 2186 Regno
1592 2137 1718 2172 Siciliae.

231 2187 342 2223 Mense
367 2189 448 2224 Maii
476 2187 564 2224 hunc
584 2189 777 2225 Henricum,
791 2187 900 2223 obiisse
925 2189 966 2224 ait
985 2190 1040 2224 M.
1060 2188 1154 2223 Paris.
1201 2191 1247 2223 Et
1264 2187 1320 2223 ista
1342 2188 1435 2223 Bulla
1452 2187 1545 2221 datur
1561 2185 1674 2221 Idibus
1694 2186 1788 2222 Maii.
1838 2187 1891 2220 Ex
1908 2185 1972 2220 hoc
1989 2189 2021 2220 &
2038 2185 2205 2220 innumeris
2226 2183 2341 2228 hujus·
2360 2187 2416 2215 Ad
2432 2196 2480 2215 an.

184 2235 275 2271 modi
295 2236 374 2272 locis
394 2237 520 2283 videas,
548 2238 687 2279 Lector,
711 2237 808 2283 quam
833 2237 980 2281 justum,
1005 2250 1103 2282 quam
1128 2237 1324 2273 verissimum
1348 2235 1386 2270 sit
1407 2235 1580 2271 Cardinalis
1608 2233 1924 2282 BaroniiJudicium
1942 2233 1981 2268 de
2001 2233 2150 2268 Matthaei
2170 2232 2341 2268 Parifiensis
2364 2234 2446 2263 1254·
2481 2261 2496 2292 ἱ,

182 2283 282 2320 nostri
293 2284 512 2322 Historiarum
529 2286 611 2321 libro
623 2309 633 2325 ‚
661 2292 676 2317 g
695 2289 836 2320 Aureum
843 2289 919 2333 stine
935 2286 1049 2320 dixeris
1064 2289 1337 2325 Commentarium,
1355 2295 1452 2332 utpote
1468 2284 1548 2333 quod
1561 2296 1600 2317 ex
1610 2282 1737 2331 publicis
1753 2288 1946 2317 monumentis
1956 2305 1966 2322 ,
1982 2282 2104 2316 totidem
2121 2281 2220 2317 verbis
2233 2286 2343 2330 egregie
2361 2270 2478 2335 {fnjlm
2494 2289 2500 2295 ‘

182 2343 354 2368 contextum
373 2338 410 2374 ὠ
426 2345 664 2384 coagmentatum
684 2338 871 2370 inveniatur.
2384 2346 2429 2384 96
2460 2329 2466 2333 Ι

233 2381 294 2417 Sed
312 2383 498 2430 priusquam
515 2383 628 2418 Siciliae
648 2385 766 2430 Regno
786 2394 872 2431 terga
888 2383 1040 2419 vertimus
1054 2409 1063 2424 ,
1088 2383 1266 2419 monendus
1285 2395 1315 2418 es
1327 2411 1337 2427 ,
1364 2382 1503 2426 Lector,
1530 2381 1623 2428 quod
1643 2380 1697 2415 ista
1709 2408 1719 2423 ,
1746 2393 1843 2427 quam
1868 2380 1958 2415 vides
1970 2406 1980 2423 ‚
2005 2378 2022 2402 h
2038 2379 2126 2428 regni
2144 2378 2259 2413 Siciliae
2277 2381 2345 2413 Re·
2363 2355 2381 2407 ἕ
2396 2388 2501 2425 P.515o

186 2431 372 2476 nunciatio‚
399 2446 463 2467 non
478 2431 523 2468 est
545 2431 628 2478 Regi
647 2433 776 2479 Angliae
798 2433 963 2476 Hemico,
988 2445 1045 2466 nec
1065 2432 1242 2467 Edmundo
1263 2431 1333 2466 filio
1351 2430 1557 2477 imputanda;
1585 2429 1636 2465 sed
1664 2442 1716 2476 per
1740 2430 1900 2465 Simonem
1919 2429 1959 2464 de
1983 2428 2188 2472 Montefort,
2216 2427 2351 2462 Henrici

186 2478 290 2526 Regis
317 2482 449 2516 Nomen
471 2485 503 2515 δε
529 2480 701 2528 Sigillum,
732 2483 820 2528 Rege
837 2482 996 2528 captivato
1013 2509 1023 2524 ‚
1047 2481 1272 2528 usurpantem,
1297 2491 1334 2515 ut
1355 2480 1426 2515 inde
1448 2478 1546 2526 possit
1569 2478 1694 2512 Comiti
1719 2477 1912 2525 Andegaviae
1935 2477 2123 2524 gratificari,
2148 2480 2181 2511 &
2202 2475 2355 2511 Pontifici

186 2526 430 2580 quodammodo
451 2529 666 2576 complacere,
693 2529 858 2569 confecia3
885 2529 935 2564 sed
955 2533 986 2563 &
1007 2528 1061 2563 ista
1079 2530 1217 2564 Simonis
1235 2529 1341 2573 Acta,
1368 2540 1430 2563 tam
1449 2529 1479 2561 in
1497 2528 1600 2567 libro,
1628 2538 1725 2572 quam
1742 2527 1772 2560 in
1790 2526 1903 2562 Indice
1923 2526 2171 2573 Chronologico
2192 2525 2270 2560 bene
2289 2523 2353 2558 dis-

193 2577 370 2621 tinguenda
386 2579 586 2621 curavimus,
610 2578 705 2623 quia,
731 2577 795 2612 hoc
813 2590 876 2612 non
894 2578 1080 2622 observato,
1105 2578 1252 2612 maximas
1272 2578 1352 2612 inter
1371 2577 1457 2611 viros
1477 2575 1592 2610 doctos
1613 2575 1807 2609 turbationes
1827 2580 1859 2609 &
1878 2575 1957 2609 rixas
1978 2574 2132 2608 suscitatas
2149 2573 2303 2608 vidimus.

237 2625 291 2659 De
309 2625 383 2669 ista,
409 2639 505 2672 quam
526 2626 803 2660 summonitionem
818 2625 857 2660 ad
876 2627 1115 2660 Parliamentum
1132 2636 1249 2661 vocant
1268 2653 1279 2669 ,
1305 2625 1387 2671 quid
1404 2638 1467 2658 non
1485 2624 1561 2659 Viri
1580 2623 1748 2658 Clarissimi
1766 2623 1966 2657 commentati
1985 2622 2077 2664 sunt,
2105 2627 2137 2656 δε
2154 2622 2254 2667 usque
2268 2621 2346 2657 dum
2367 2640 2416 2671 49,
2429 2634 2504 2662 Hm„

188 2676 471 2710 commentantur}
498 2675 639 2708 Novum
666 2672 826 2719 quendam
855 2674 1050 2709 Parliamenti
1074 2673 1248 2708 modulum
1266 2675 1302 2708 ab
1331 2673 1474 2708 Henrico
1497 2675 1608 2719 Rege,
1635 2671 1674 2706 ad
1693 2674 1827 2706 Barones
1844 2671 2069 2706 recalcitrantes
2092 2669 2290 2715 fraenandos,
2317 2675 2349 2705 δε
2367 2680 2394 2712 3-

188 2722 362 2767 potentiam
380 2722 554 2758 eorundem
573 2722 761 2757 crescentem
780 2721 879 2756 indies
898 2726 930 2756 δε
951 2722 1181 2757 exorbitantem
1197 2722 1433 2769 deprimendam
1446 2750 1456 2765 ‚
1483 2721 1700 2769 excogitatum
1716 2720 1922 2761 somniantes;
1952 2732 2028 2754 cum
2043 2721 2152 2765 potius
2169 2718 2258 2753 vides
2269 2732 2285 2753 a
2302 2719 2353 2753 Si-

190 2780 285 2805 mone
304 2769 343 2805 de
363 2770 546 2807 Montefort
564 2769 723 2812 Abbates‚
751 2773 784 2803 &
802 2769 905 2805 nescio
924 2783 1009 2817 quos
1027 2769 1166 2806 fautores
1184 2775 1216 2806 &
1237 2771 1409 2819 complices
1432 2771 1525 2814 suos,
1553 2769 1592 2804 ad
1616 2768 1843 2816 deponendum
1860 2771 2006 2817 Regem,
2030 2772 2062 2803 &
2081 2769 2241 2803 Simonem
2257 2767 2354 2802 subli-

195 2816 367 2861 mandum,
391 2830 597 2854 convocatos.

215 2913 222 2919 ·
240 2868 298 2901 Per
312 2878 396 2914 quot
414 2868 596 2909 volumina,
622 2866 711 2915 apud
731 2867 948 2902 Willielmum
968 2868 1134 2903 Prinnium
1148 2894 1159 2910 ,
1183 2870 1320 2916 agitatur
1342 2867 1473 2910 isthaec,
1496 2881 1530 2903 ac
1548 2869 1663 2903 iterum
1680 2866 1783 2915 gliscit
1801 2877 1911 2902 vexata
1931 2864 2092 2911 quaestiOZ
2118 2863 2178 2899 Sed
2197 2863 2249 2898 hic
2269 2861 2358 2899 suffi-

195 2925 311 2950 cienter
328 2927 458 2951 cautum
479 2916 569 2963 spero
587 2929 624 2952 ne
648 2916 739 2955 alias,
765 2916 797 2949 in
816 2914 998 2962 posterum,
1027 2916 1217 2962 hujusmodi
1233 2917 1471 2965 opinationibus
1490 2917 1672 2952 laceraretur
1690 2915 1883 2962 Respublica
1904 2913 2079 2950 Litteraria.

241 2963 273 2997 Si
291 2965 442 2999 nonnulla
467 2964 521 3000 hic
540 2976 719 3000 occurrunt
738 2992 748 3008 ,
774 2976 850 3010 quae
867 2965 1057 3008 minutiora,
1087 2970 1119 3001 δι
1138 2965 1267 3014 indigna
1282 2966 1370 3014 typis
1390 2965 1572 3010 videantur,
1599 2964 1638 2999 de
1657 2963 1820 3010 Aesopico
1839 2963 1937 2999 Gallo
1963 2960 2206 2997 meditabundus
2221 2990 2231 3006 ‚
2256 2974 2293 2997 ne
2312 2973 2359 2998 te-

203 3023 287 3046 mere
303 3013 409 3048 credas
428 3012 607 3057 rejicienda.

243 3063 283 3094 In
307 3062 488 3109 exemplum
509 3062 612 3097 veniat
637 3061 749 3096 Salvus
770 3060 954 3097 conduc‘tus
974 3074 1033 3110 pro
1061 3062 1207 3098 Henrico
1223 3065 1321 3099 Duce
1339 3063 1378 3099 de
1395 3062 1576 3110 Limburg3
1606 3061 1670 3097 hoc
1687 3061 1761 3097 ideo
1778 3059 2019 3095 memorandum
2033 3059 2168 3102 vellem,
2192 3058 2286 3105 quod
2304 3058 2360 3095 iste

196 3107 239 3143 de
256 3109 416 3157 Limburg
430 3113 568 3145 Ducum
584 3109 648 3145 fuit
669 3110 815 3145 ultimus.
866 3113 912 3145 Et
930 3111 1002 3146 licet
1020 3112 1240 3160 Limburgum
1256 3124 1341 3146 nunc
1358 3110 1510 3157 temporis
1529 3123 1593 3145 non
1615 3110 1693 3146 tanti
1721 3108 1891 3156 ponderis:
1921 3112 2003 3143 Ante
2022 3106 2202 3145 Brabantiae‚
2229 3108 2358 3141 Hellan-

195 3156 267 3199 diae‚
291 3160 459 3203 Zelandiae,
485 3158 651 3203 Flandriae,
676 3170 712 3191 ac
736 3160 888 3192 Namurci
910 3164 1026 3208 cognita
1051 3165 1172 3194 nomina
1191 3186 1200 3203 ‚
1225 3159 1425 3209 Limburgum
1441 3160 1558 3192 clarum
1576 3158 1824 3206 notumquefuit.
1874 3160 1953 3192 Sunt
1981 3157 2071 3191 verba
2096 3157 2189 3190 Ponti
2209 3155 2357 3190 Heuteri.

198 3205 416 3254 Limburgum
432 3208 484 3243 vel
501 3208 622 3242 Carolo
644 3207 769 3253 Magno
788 3206 1053 3255 inexpugnabile,
1076 3209 1149 3243 alibi
1164 3209 1310 3257 legimus.

245 3255 299 3288 Ac
321 3254 446 3291 fortasse
462 3268 525 3290 non
543 3256 618 3303 plus
634 3266 665 3290 te
684 3265 793 3289 movet
811 3254 863 3290 hic
880 3257 960 3303 saepe
978 3258 1156 3293 nominatus
1176 3256 1370 3292 Ludovicus
1388 3258 1507 3290 Comes
1517 3255 1557 3290 de
1575 3255 1675 3295 Losa,
1693 3255 1794 3301 Regis
1813 3255 1939 3302 Angliae
1955 3253 2104 3301 Johannis
2120 3251 2217 3287 homo
2230 3251 2356 3298 Ligius.

244 3301 415 3351 Adsurge,
440 3305 580 3347 Le&or‚
606 3303 645 3338 de
664 3303 827 3350 Holgerio
848 3305 944 3338 Dano
969 3304 1072 3349 nosti,
1100 3305 1121 3339 si
1146 3306 1325 3352 quicquam
1352 3304 1456 3344 nosti;
1483 3304 1520 3338 ab
1549 3304 1708 3351 Holgerio
1727 3306 1843 3341 Dano,
1870 3301 2113 3337 decantatissimo
2130 3301 2185 3334 illo
2211 3300 2357 3334 Paladino

196 3355 321 3397 (quem
340 3352 479 3398 primum
503 3352 544 3387 de
566 3352 734 3387 Comitatu
751 3350 893 3386 Loffenfi
911 3366 926 3387 a
945 3355 1064 3389 Carolo
1086 3356 1212 3402 Magno
1232 3353 1419 3389 investitum
1444 3358 1639 3395 memorant)
1663 3352 1749 3387 hunc
1769 3350 1980 3386 Ludovicum
1999 3350 2162 3384 Comitem
2180 3349 2358 3384 Loffensem

200 3398 446 3445 proseminatum
469 3401 541 3435 scias
559 3428 569 3443 ,
605 3412 641 3435 ac
667 3398 771 3434 eidem
791 3427 801 3442 ,
826 3399 1023 3436 haereditario
1050 3402 1120 3446 jure
1139 3430 1149 3446 ‚
1175 3401 1366 3437 successisse:
1400 3402 1449 3435 Ut
1474 3399 1626 3436 testantur
1658 3400 1849 3435 Ludovicus
1875 3397 2143 3440 Guicciardinus,
2171 3400 2354 3440 Pomanus,

201 3445 382 3491 Deffelius‚
409 3447 634 3491 Bartholinus,
662 3447 841 3484 Scriverius
856 3453 890 3483 &
908 3450 957 3483 alii
974 3450 1152 3490 Historici‚
1178 3449 1396 3498 Topographi
1417 3453 1450 3484 δε
1471 3449 1677 3496 Genealogici
1698 3450 1775 3483 bene
1795 3447 1901 3481 multi.

247 3496 377 3530 Minuta
395 3496 495 3531 credis
519 3509 593 3542 quae
617 3496 670 3531 hic
696 3494 735 3530 de
758 3495 885 3532 Isabella
909 3501 942 3533 δέ
968 3501 1147 3547 Margareta
1173 3498 1346 3534 Alexandri
1361 3498 1462 3545 Regis
1479 3499 1653 3533 Scotorum
1669 3496 1828 3531 sororibus
1846 3493 1991 3528 maritatis
2013 3493 2142 3541 legenda
2160 3492 2290 3535 damus;
2322 3505 2351 3529 at
2370 3511 2401 3538 F.
2421 3505 2488 3541 278.

203 3544 272 3591 lege
297 3543 528 3579 Buchananum
551 3544 581 3578 in
602 3556 707 3579 rerum
733 3545 935 3580 Scoticarum
958 3547 1041 3581 libro
1064 3560 1097 3594 7.
1126 3551 1235 3581 Coram
1260 3547 1356 3582 eodem
1384 3547 1552 3591 Pandulfh,
1580 3550 1645 3580 Rex
1663 3550 1676 3583 (
1688 3548 1736 3580 H.
1764 3550 1820 3590 3.)
1833 3543 1937 3589 fhnhie
1946 3544 2072 3588 juravit
2088 3542 2163 3575 duas
2180 3541 2353 3576 Alexandri

192 3593 326 3639 sbrores,
346 3604 401 3639 pro
416 3595 490 3637 loci,
506 3592 584 3627 unde
599 3603 684 3626 erant
694 3615 704 3632 ,
721 3592 869 3640 dignitate
874 3595 912 3641 se
926 3596 1136 3630 collocaturum
1147 3621 1157 3638 ‚
1176 3600 1224 3629 uti
1239 3607 1327 3630 antea
1338 3605 1425 3642 pater
1440 3596 1502 3641 ejus
1509 3596 1685 3642 promifirat
1696 3608 1706 3626 .·
1735 3597 1844 3627 Verum
1860 3591 1957 3624 altera
1977 3592 2104 3629 elocuta,
2121 3591 2217 3624 altera
2234 3595 2356 3638 innupta

202 3640 326 3673 domum
343 3641 432 3676 redit.

252 3689 322 3723 Hic
337 3687 421 3725 duos
443 3690 570 3735 Angliae
586 3691 714 3736 Reges,
739 3689 874 3736 perjurii
889 3690 1030 3740 stigmate
1045 3705 1060 3727 a
1079 3693 1274 3728 Buchanano
1293 3691 1433 3733 inustos,
1458 3702 1607 3739 purgatos
1627 3690 1717 3725 habes
1737 3693 1769 3724 &
1790 3687 1878 3723 omni
1893 3687 1958 3722 labe
1976 3686 2156 3722 mundatos.

252 3738 304 3791 Sic
332 3736 520 3783 hujusmodi
546 3738 677 3773 minutis
703 3735 905 3774 documentis
932 3742 1172 3786 praeeuntibus,
1196 3742 1382 3776 Robertum
1410 3751 1442 3785 ς.
1468 3742 1640 3774 Scotorum
1667 3741 1809 3785 Regem,
1833 3737 1962 3771 minime
1981 3747 2019 3770 ex
2037 3735 2232 3777 concubina,
2259 3735 2360 3771 sedin

207 3786 352 3834 legitimo
368 3785 464 3821 thoro
486 3788 631 3833 genitum
646 3783 899 3822 demonstratum
924 3789 986 3824 Sed
1003 3788 1065 3824 hoc
1085 3790 1117 3824 in
1137 3789 1277 3825 secundo
1293 3791 1405 3823 Tomo
1421 3787 1684 3834 exepefitandum.

257 3836 427 3874 Quantum
443 3834 560 3870 exhinc
578 3832 786 3880 Genealogici
801 3845 862 3880 pro
878 3849 911 3872 re
929 3837 982 3872 sua
1000 3837 1188 3886 decerpant,
1215 3850 1279 3872 non
1293 3836 1338 3873 est
1358 3847 1394 3871 ut
1413 3836 1523 3871 multis
1541 3846 1572 3870 te
1591 3834 1745 3870 suadeam.
2286 3879 2308 3913 b

2252 3882 2284 3914 A
2310 3892 2362 3914 ne-

250 3979 307 4016 (a)
327 3982 371 4009 M.
390 3981 423 4009 P.
441 3981 470 4008 in
481 3978 582 4009 litteris
595 3980 726 4011 Frederici
737 3979 840 4018 legerat
853 3982 1026 4022 vidioriofitm
1044 3981 1192 4013 Galearum
1204 3980 1346 4021 Stollium‚
1362 3978 1419 4020 ὦ,
1437 3978 1544 4012 Italicae
1556 3977 1654 4017 linguae
1673 3978 1790 4019 nescius,
1799 3977 1873 4017 satis
1889 3976 1972 4016 lepido
1991 3986 2095 4014 errore,
2113 3979 2306 4015 Capitoneum,
2314 3976 2363 4015 fi’u
2380 3987 2435 4019 μή
2451 3986 2494 4016 hfc

215 4018 347 4047 duetorem
360 4021 474 4047 navium
487 4017 634 4056 reputabat
648 4018 788 4049 Stollium:
806 4029 862 4088 elus
876 4018 965 4050 verba
970 4020 1053 4061 fiant,
1074 4024 1103 4050 in
1112 4024 1204 4060 prima
1211 4020 1327 4061 fronte,
1343 4020 1437 4062 quibus
1452 4020 1620 4056 primicerius
1629 4024 1750 4056 praeerat
1767 4015 1893 4055 Stollius,
1911 4018 2076 4056 Pyratarum
2082 4014 2259 4055 perittffimus.
2298 4017 2320 4043 C
2337 4025 2363 4043 m
2376 4036 2404 4068 p·
2421 4034 2486 4065 394·

217 4065 315 4124 zezen?
333 4055 405 4087 nihil
424 4055 503 4087 aliud
521 4055 684 4096 intelligitur
697 4066 747 4098 per
765 4061 812 4089 Sto
824 4057 906 4098 lium,
921 4069 1003 4099 quam
1014 4058 1117 4099 claffis,
1133 4071 1152 4091 a
1165 4070 1231 4092 voce
1244 4057 1345 4091 Italica
1362 4056 1467 4090 Stuolo:
1485 4057 1536 4088 Ita
1553 4054 1626 4097 quod
1639 4053 1762 4088 stallium
1781 4054 1850 4089 idem
1871 4053 1952 4087 valet
1962 4077 1973 4092 ,
1988 4064 2021 4084 ac
2038 4052 2112 4092 apud
2122 4063 2188 4092 nos,
2203 4052 2284 4083 Flora
2301 4026 2365 4083 Nua-
