2570 4261
220 126 296 155 110

67 195 147 229 Anu.
168 197 207 230 D.
224 200 292 229 mite
314 193 485 237 praestanda,
502 191 578 232 quod
603 192 676 222 idem
696 190 803 220 Comes
818 189 943 218 iteratam
956 188 987 218 in
998 187 1103 227 Regno
1114 187 1213 218 nostro
1227 196 1285 219 tur-

97 238 180 268 1268.
221 238 365 268 bationem
378 244 436 263 non
450 238 594 266 moveret,
632 266 636 271 ι
728 265 732 270 .
915 265 920 270 .
973 264 978 269 ⁵
1247 265 1252 270 ·

67 279 130 305 Heu.
148 286 173 314 3.
262 275 300 305 Et
321 273 394 303 idem
413 271 533 300 summus
554 265 684 296 Pontifex
706 265 785 295 dicto
806 265 840 295 ὃς
860 264 1037 294 ordinatione
1056 264 1101 295 sua
1122 264 1282 310 protulerit,

219 313 297 353 quod
310 311 400 341 dicstus
415 308 522 338 Comes
536 305 619 335 filiam
631 304 708 334 suam
722 304 936 343 primogenitam
951 303 979 332 in
995 302 1152 333 custodirm
1169 302 1272 334 karissi-

218 361 273 381 mae
295 347 427 379 consortis
447 344 552 375 nostra:
573 343 730 380 Alianorae,
757 341 787 371 R
805 343 878 371 ‹rinae
899 341 1028 381 Angliae,
1046 343 1127 371 nobis
1149 342 1276 373 obsidem

216 388 408 419 committeret
433 383 467 414 ad
492 383 643 412 triennium
659 403 668 419 ,
692 388 738 410 aut
760 379 802 410 Ca
815 380 899 411 irum.
912 379 992 409 suuni
1010 379 1045 409 de
1063 380 1230 419 Tonebrigg
1249 381 1277 409 in

218 425 373 456 custodiam
399 420 530 453 kariffimi
550 420 658 458 nepotis
680 418 768 448 nostri
787 418 908 449 Henrici
928 418 975 448 filii
994 418 1082 458 Regis
1103 418 1278 449 Alemanniae

214 474 262 504 per
275 471 383 499 tempus
398 459 589 490 committeret
601 457 806 495 supradieturm

250 502 336 538 Nos,
355 499 388 529 ad
411 497 569 528 instantiam
593 496 725 528 karissimi
748 495 795 525 filii
817 495 948 525 Edwardi
970 495 1146 534 primogeniti
1171 494 1278 533 nostri,

213 539 304 569 eidem
320 537 430 567 Comiti
443 537 558 575 gratiam
572 534 662 565 facere
677 534 803 565 volentes
816 533 961 574 specialem
971 555 979 569 ‚
999 534 1152 564 remisimus
1165 535 1190 563 ei
1201 533 1278 564 secu-

215 579 322 607 ritatem
342 575 524 615 praedictam,
544 573 692 611 videlicet,
709 573 745 603 de
760 573 813 603 filia
824 595 833 611 ,
852 581 899 602 aut
914 570 1017 601 Castro
1031 571 1080 602 suo
1093 572 1278 602 committen-

213 616 271 654 dis,
292 616 319 644 in
340 616 431 644 forma
450 612 601 654 praediffia,
618 612 754 642 omnibus
767 611 825 642 aliis
838 609 1027 640 securitatibus
1042 612 1076 642 δε
1090 612 1199 648 poenis,
1218 610 1279 641 dic-

212 662 273 683 tum
296 654 442 692 negotium
466 652 657 691 tangentibus,
677 649 879 680 nichilominus
891 650 920 679 in
933 647 982 678 suo
994 650 1099 680 robore
1112 659 1278 690 permanen—

212 694 293 723 tibus.

255 730 289 760 ln
308 730 401 768 cujus,
421 729 480 760 &e

250 806 362 837 Datum
375 806 450 844 apud
463 803 658 841 wodestoke,
680 804 716 834 16
731 802 776 833 die
788 802 862 842 julii.

68 941 83 959 ’ν
96 943 117 969 1,
133 940 197 977 850.
212 931 239 958 ³5³
260 934 317 964 Pro
336 928 465 964 Ricardo
483 930 605 975 Gruftet
617 957 626 971 ,
637 928 672 962 de
688 930 791 962 Terris
800 938 853 973 per
870 929 1036 960 Beatricem
1053 925 1278 971 Britanniae-fibi

577 978 700 1011 traditis
729 976 772 1010 ad
779 977 920 1021 sirmam.

67 1073 143 1104 Αῃῃ,
161 1074 200 1105 Β,
219 1066 304 1121 RE
315 1066 345 1097 X
364 1065 498 1096 omnibus
513 1065 546 1096 &
561 1063 688 1095 fidelibus
701 1062 751 1093 suis
765 1062 886 1093 salutem.
1094 1101 1099 1106 ⁸

89 1113 172 1143 1268,
328 1105 498 1145 Inspeximus
511 1103 644 1140 scriptum
660 1101 894 1139 conventionale,
917 1100 994 1140 quod
1014 1100 1119 1131 Beatrix
1140 1100 1193 1131 filia
1214 1111 1280 1131 nos-

66 1155 119 1179 An.
136 1162 180 1185 52·
218 1153 276 1183 tra,
297 1143 420 1174 Consors
439 1142 533 1172 dilecti
556 1143 589 1172 ὃς
612 1140 695 1171 fidelis
715 1140 802 1170 nostri
810 1139 948 1178 Johannis
961 1139 1008 1169 filii
1021 1139 1113 1170 Ducis
1126 1139 1160 1170 de
1174 1139 1279 1170 Britan-

64 1198 101 1220 H·
124 1199 148 1217 ⁸.
218 1185 280 1221 nia,
298 1184 364 1213 fecit
383 1181 511 1212 Ricardo
539 1178 661 1210 Gruscet
685 1179 720 1209 de
743 1180 819 1209 terris
839 1179 872 1209 &
893 1179 1075 1217 tenementis,
1092 1188 1156 1217 quae
1169 1179 1280 1209 fuerunt

66 1210 180 1266 Par.³52.
210 1222 349 1260 'johannis
364 1220 492 1262 Poynre,
510 1220 601 1250 eidem
618 1217 745 1249 Ricardo
763 1216 879 1248 dimiffis
897 1216 931 1247 ad
952 1216 1063 1247 firmam
1073 1240 1084 1255 ,
1097 1218 1126 1248 in
1140 1217 1203 1248 haec
1217 1227 1281 1248 ver-

67 1271 102 1293 H.
114 1278 171 1303 'M'
215 1262 397 1328 baUniversis
411 1296 515 1327 Christi
529 1295 669 1332 fidelibus,
687 1295 721 1325 ad
737 1305 807 1334 quos
820 1293 964 1336 praesentes
976 1293 1075 1324 litterae
1089 1295 1280 1333 pervenerint,

215 1336 322 1368 Beatrix
338 1359 347 1374 ,
362 1336 414 1366 filia
429 1334 535 1366 illustris
550 1335 636 1374 Regis
651 1334 777 1372 Angliae,
795 1334 828 1365 &
843 1331 1111 1370 Consors-johannis
1125 1332 1172 1362 filii
1188 1333 1281 1365 Ducis

210 1375 246 1406 de
267 1375 422 1412 Britannia,
439 1374 552 1404 salutern
565 1373 592 1402 in
612 1372 752 1402 Domino.

248 1413 375 1444 Noverit
399 1412 554 1443 universitas
574 1411 664 1441 vestra
678 1421 730 1440 nos
745 1410 985 1448 conventionem,
1005 1419 1055 1447 per
1070 1410 1278 1441 dilectissimam

211 1461 329 1483 matrem
353 1451 477 1481 nostram
502 1450 662 1480 Dominam
685 1449 858 1490 Alyenoram
873 1472 882 1487 ,
906 1448 1049 1488 Reginam
1072 1449 1184 1488 Angliae
1205 1449 1279 1479 illus-

210 1499 298 1530 trem,
319 1489 482 1520 concessam
497 1489 530 1520 ὃς
548 1488 650 1519 fac‘tam
666 1487 792 1518 Ricardo
806 1487 946 1525 Gruscet,
964 1488 1138 1526 haeredibus,
1151 1488 1185 1518 &
1199 1488 1279 1528 affig-

210 1531 279 1560 natis
300 1529 368 1568 suis,
388 1530 423 1561 de
443 1528 520 1558 terris
539 1528 572 1558 &
595 1528 779 1565 tenementis,
797 1536 863 1564 quae
875 1526 988 1556 fuerunt
1001 1525 1138 1564 Johannis
1152 1526 1279 1565 Poynre,

211 1568 336 1598 tenendis
353 1567 387 1598 ad
409 1567 520 1597 firmam
535 1588 545 1605 ,
569 1565 653 1606 usque
675 1565 709 1595 ad
726 1566 879 1605 legitimam
901 1572 1014 1595 aetatem
1035 1565 1181 1595 haeredum
1200 1566 1280 1605 ipfius

207 1606 361 1647 Johannis,
377 1605 520 1644 inspexiffe
542 1604 575 1635 &
589 1604 722 1635 audivisse
739 1606 817 1643 (quas
830 1612 911 1634 terras
923 1605 956 1634 &
971 1611 1131 1634 tenementa
1143 1604 1278 1635 habemus

211 1646 247 1675 de
268 1645 347 1676 dono
366 1644 485 1676 Henrici
504 1644 585 1684 patris
609 1642 698 1673 nostri
714 1642 824 1683 Angli-ae
839 1641 960 1678 illustris)
977 1652 1063 1680 quam
1076 1642 1191 1682 quidem
1205 1653 1277 1674 con-

211 1685 392 1722 ventionem,
407 1691 492 1714 ratam
518 1682 648 1712 habentes
663 1681 697 1712 &
718 1690 840 1721 gratam,
858 1690 920 1711 eam
934 1680 1012 1711 dicto
1025 1680 1168 1720 Ricardo,
1187 1681 1277 1712 haere-

214 1722 311 1761 dibus,
331 1724 363 1754 ὅς
378 1721 516 1762 assignatis
528 1720 595 1759 suis,
612 1720 766 1751 secundum
783 1729 911 1750 tenorem
925 1719 1096 1758 litterarum,
1113 1730 1178 1758 quas
1193 1720 1277 1751 habet

213 1762 279 1792 inde
295 1762 330 1792 de
346 1761 456 1802 praefata
473 1769 559 1790 matre
574 1759 666 1789 nostra
676 1782 685 1797 ,
703 1767 801 1790 tenore
815 1758 992 1800 praesentium
1006 1757 1222 1798 confirmamus,
1241 1760 1274 1789 &

211 1800 300 1831 dietas
315 1809 398 1831 terras
413 1800 446 1830 &
461 1807 621 1828 tenementa
634 1807 733 1828 contra
747 1807 846 1828 omnes
858 1796 988 1827 homines
1001 1798 1035 1828 &
1050 1798 1180 1827 foeminas
1195 1797 1277 1828 dicto

214 1838 357 1877 Ricardo,
377 1837 551 1876 haeredibus,
568 1838 601 1867 ὃς
616 1836 752 1875 assignatis
764 1837 832 1876 suis,
847 1836 932 1874 usque
945 1836 979 1865 ad
995 1835 1149 1874 legitimam
1165 1845 1276 1867 aetatem

213 1877 356 1907 diciorum
377 1876 538 1915 haeredum‚
561 1876 819 1914 warantizabimus,
844 1875 1077 1914 acquietabimus,
1092 1875 1125 1905 &
1144 1874 1279 1906 desende-

213 1925 284 1945 mus.

251 1953 284 1984 In
307 1954 384 1991 cujus
406 1954 444 1984 rei
465 1951 660 1984 testimonium
683 1952 731 1983 has
744 1952 842 1983 litteras
857 1951 962 1982 nostras
975 1951 1163 1997 fierimfecimus
1180 1951 1281 1984 Paten-

212 2000 259 2024 tes

68 1313 111 1331 22.

250 2069 326 2114 Data
344 2069 417 2138 astpad
438 2070 618 2110 Gaytinton,
636 2070 674 2102 28
697 2069 744 2100 die
760 2067 846 2107 Julii,
863 2077 940 2099 anno
951 2057 1048 2108 Re'gni
1059 2067 1146 2108 Regis
1161 2067 1282 2101 Henrici

211 2117 292 2148 patris
306 2119 345 2139 no
373 2119 395 2139 ri
415 2118 461 2147 52.

253 2184 322 2215 Nos
335 2186 416 2224 igitur
425 2208 434 2223 ,
449 2186 671 2216 conventionem
685 2185 719 2215 &
733 2183 923 2214 dimissionem
934 2182 1078 2221 praedietas
1091 2192 1159 2214 ratas
1175 2185 1281 2216 haben-

215 2231 256 2254 tes
274 2225 307 2254 &
327 2232 430 2262 gratas,
448 2234 505 2262 eas,
518 2234 576 2264 ,pro
591 2225 674 2254 nobis
687 2224 721 2253 &
735 2223 890 2253 haeredibus
903 2221 1019 2261 nostris,
1037 2225 1214 2261 quantumin
1229 2234 1282 2254 no-

211 2262 259 2291 'bis
278 2261 338 2301 est,
354 2263 539 2293 concedimus
559 2263 592 2294 &
611 2261 811 2292 confirmamus
846 2261 915 2291 sicut
935 2260 1066 2300 scriptum
1082 2261 1206 2298 praesatae
1219 2262 1282 2293 siliae

216 2299 336 2339 nostrae,
353 2301 430 2340 quod
453 2301 602 2339 praedictus
618 2300 757 2332 Ricardus
776 2301 805 2330 in
825 2310 843 2331 e
864 2300 964 2338 habet,
982 2301 1180 2332 rationabiliter
1200 2300 1283 2333 testa-

218 2346 271 2369 tur.
1140 2358 1141 2361 =

255 2377 289 2408 In
305 2378 398 2417 cujus,
416 2378 476 2409 &c.

250 2453 340 2485 Teste
353 2464 385 2486 ut
398 2455 483 2495 supra.

216 2600 265 2632 De
282 2598 389 2644 forma
415 2602 499 2645 pacis
514 2598 623 2634 Wlliae
634 2624 644 2640 ‚
670 2601 706 2637 &⁹
728 2596 786 2630 hiis
797 2625 806 2639 ,
830 2610 891 2644 quae
905 2597 1092 2632 continentur
1108 2602 1139 2632 in
1155 2598 1259 2633 eadem
1269 2625 1279 2642 ,

648 2645 837 2693 complendis.

13 2751 15 2753 >
74 2733 152 2763 Arm.
165 2732 206 2764 D.
220 2733 308 2789 RE
320 2733 351 2764 X
369 2735 518 2779 omnibus,
535 2734 595 2765 &e
614 2733 737 2778 salutern.
917 2770 922 2775 ι

102 2772 185 2801 1268.
328 2773 404 2812 Qua
426 2773 547 2803 formam
564 2782 654 2810 paciS,
673 2780 744 2801 inter
765 2779 832 2809 nos,
850 2769 883 2801 &
895 2769 1030 2800 dilectum
1044 2771 1078 2802 δε
1092 2769 1202 2800 fidelem
1216 2779 1282 2800 nos-

73 2815 128 2839 An.
146 2820 190 2846 ²5-
220 2817 293 2840 trum
322 2811 502 2842 Lewelinum
529 2810 692 2854 Principem
719 2809 833 2839 Wailiae
849 2832 858 2848 ,
881 2809 996 2846 provida
1023 2809 1220 2840 deliberatione
1247 2809 1280 2839 &

75 2854 109 2876 Η.
126 2859 151 2885 3.
221 2852 368 2880 communi
387 2851 530 2881 voluntate
550 2859 638 2889 nuper
661 2850 759 2879 initam
780 2848 813 2878 ὃς
834 2849 948 2885 juratam
964 2870 973 2886 ,
1003 2847 1117 2879 firmiter
1143 2848 1283 2878 observari

73 2891 132 2914 Ru.
144 2896 190 2923 52.
221 2887 367 2927 volumus,
385 2898 415 2919 ut
431 2898 577 2926 tenemur,
596 2888 630 2918 &
646 2887 739 2926 quod,
758 2886 792 2917 ad
804 2887 878 2927 pacis
889 2886 922 2917 &
937 2887 1126 2927 tranquilitatis
1138 2886 1284 2917 conserva-

74 2930 109 2952 H.
121 2936 180 2962 3.n.
220 2925 345 2965 tionem,
360 2928 420 2957 tam
441 2927 518 2967 super
541 2925 794 2966 transgressionibus
805 2926 838 2957 &
854 2926 981 2962 dampnis
993 2925 1088 2964 fastis,
1106 2925 1190 2963 quam
1204 2924 1282 2964 super

78 2973 88 2990 ι
96 2973 122 3001 3.
218 2965 297 3031 {epis
312 2966 345 2996 &
360 2966 524 2996 tenementis
536 2965 603 2995 hinc
620 2965 685 2995 inde
699 2965 858 3006 occupatis,
870 2963 973 3003 justitia
986 2964 1224 3003 conquerentibus
1236 2971 1283 2994 ex-

241 3012 358 3033 meatur:

263 3042 349 3080 Nos,
366 3042 440 3080 pacis
460 3042 492 3072 δε
513 3041 675 3072 concordiae
698 3041 849 3081 zelatores,
868 3040 994 3072 volentes
1009 3051 1129 3072 omnem
1144 3040 1280 3081 imposte-

221 3085 284 3111 rum
299 3081 488 3110 contentionis
503 3081 536 3111 &
548 3080 694 3111 discordiae
707 3081 850 3111 materiam
863 3089 1019 3119 amputare,
1035 3081 1172 3111 mittimus
1184 3082 1199 3111 a
1213 3080 1281 3111 late-

220 3130 250 3150 re
271 3119 370 3150 nostro
389 3119 423 3149 ad
445 3127 531 3156 partes
552 3118 690 3149 Marchiae
710 3119 879 3150 venerabiles
900 3119 1009 3158 Patres,
1027 3118 1187 3149 Walterum
1202 3118 1280 3149 Exo-

223 3158 365 3195 nicnscm,
390 3156 538 3195 Rogerum
557 3156 779 3187 Coventrensem
797 3159 831 3188 &
855 3157 1089 3188 Lichfeildensem
1108 3157 1212 3195 Episco
1221 3168 1264 3188 *os

222 3196 258 3227 de
280 3197 408 3226 Tintem.
431 3196 463 3226 ἃ
484 3195 621 3226 Stanlawe
639 3196 777 3233 AbbateS,
797 3196 966 3235 Magistrum
976 3196 1137 3235 Johannem
1150 3196 1186 3226 de
1228 3197 1256 3225 lii
1268 3215 1281 3220 -

222 3235 270 3265 hul
298 3234 538 3265 Archidiaconum
561 3233 695 3263 London.
717 3233 832 3264 dilectos
852 3235 886 3265 &
909 3234 1000 3265 fideles
1015 3235 1124 3265 nostros
1158 3235 1283 3265 Williel-

223 3283 304 3303 mum
324 3273 359 3303 de
379 3272 458 3302 Bello
478 3281 581 3309 campo
602 3271 637 3301 de
649 3271 791 3312 Elmeley,
810 3273 861 3303 Ro
880 3283 959 3303 erum
971 3273 1007 3304 de
1019 3259 1159 3312 Clifforci‚
1173 3273 1282 3311 Johan-

225 3321 291 3341 nem
313 3311 339 3341 le
362 3311 482 3349 Breton,
506 3310 670 3340 Gilbertum
690 3310 830 3349 Talebot,
893 3312 1010 3342 alterum
1030 3312 1065 3342 de
1081 3311 1282 3351 Dunstanvill,

224 3350 318 3379 Adam
339 3349 374 3380 de
390 3349 540 3389 Grynvill,
558 3349 591 3380 ὃς
605 3348 719 3379 Traem.
737 3359 772 3388 ap
784 3348 879 3389 Hoel,
896 3351 932 3381 ita
946 3351 1024 3389 quod
1038 3350 1089 3381 sint
1103 3350 1175 3388 apud
1190 3350 1282 3382 Mun-

226 3396 342 3427 gomeiy
357 3388 402 3418 die
414 3387 584 3418 exaltationis
596 3386 698 3417 sanetae
712 3386 829 3425 Crucis,

264 3425 369 3456 Dantes
388 3426 488 3456 eisdem
507 3426 618 3463 plenam
639 3425 802 3462 potestatem
823 3426 996 3458 audiendi&
1011 3428 1197 3467 terminandi,
1211 3437 1281 3459 cum

229 3465 438 3494 continuatione
457 3465 490 3495 δε
511 3465 706 3504 prorogatione
723 3464 777 3494 diei
791 3465 823 3494 &
838 3464 910 3503 loci,
925 3467 1025 3505 quibus
1039 3467 1158 3497 viderint
1172 3467 1283 3505 expedi-

231 3503 983 3572 ἐἷςέἶᾟῗιέἰξέίὲἒῖὠὲἷέὴὲἶωὲἔὲἾῗῗίἕὲῑῗῗὲἶᾞέξ
997 3505 1031 3536 ‘⁴⁵⁵
1046 3504 1199 3574 s=e⁶⁰¹3i³⁹m
1212 3506 1286 3549 “ge-⁵

210 3564 214 3566 ’
226 3575 285 3618 ¹bus
294 3598 303 3613 ,
319 3578 351 3607 ad
364 3579 603 3623 conservationem
615 3563 757 3619 pradietae
771 3551 1288 3621 ξεείξᾶεεειίῖαιήῖεῗῖἓτᾞῃὶῐῑὲιὸιάἳᾞιῐιὶζ

232 3621 289 3643 rint
303 3614 335 3644 ὃς
348 3618 520 3653 complenda.

251 3654 255 3657 “
274 3649 326 3687 Et,
350 3653 368 3682 si
388 3663 484 3685 ornnes
505 3656 554 3686 hiis
576 3666 626 3686 exe
646 3656 742 3686 uendis
761 3666 820 3686 non
843 3657 1036 3698 interfuerint,
1059 3659 1147 3698 octo,
1170 3659 1289 3697 septem,

235 3687 352 3765 gffansiiir
366 3691 499 3732 illorum,¹
508 3695 555 3733 qui
568 3705 625 3733 prae
637 3703 712 3741 entes
726 3695 842 3733 fuerint,
860 3697 998 3735 praemiffa
1014 3698 1212 3730 nichilominus
1225 3707 1289 3729 exe-

274 3763 309 3793 In
327 3766 401 3801 cujus
408 3788 417 3804 ,
431 3768 489 3798 &c.

269 3839 359 3871 Teste
373 3840 455 3881 Rege
465 3844 537 3882 apud
550 3844 681 3878 Lincoln.
704 3856 739 3886 17
753 3847 798 3879 die
812 3847 939 3889 Augusti.

663 97 1469 149 coNvENTloNEs,

1524 95 1918 149 L1TERAE,

2397 180 2474 213 Arm.
2493 183 2536 216 D.

2419 222 2493 253 1268
2503 246 2511 253 .

2400 265 2464 289 Hm.
2485 271 2517 298 3.

2401 299 2532 338 ⁸1.85r.

1658 270 1685 297 ἕ*
1712 272 1757 303 De
1775 271 1900 315 Negatio
1911 265 2059 312 praedisto.

1325 352 1451 409 REX
1470 352 1622 392 omnibus,
1639 354 1701 385 &e
1712 355 1834 386 salutem.

1437 391 1534 422 Sciatis
1547 392 1625 428 quod
1642 402 1710 423 cum
1730 403 1778 435 per
1792 393 1913 424 formam
1926 393 2018 431 pacis,
2034 393 2106 422 inter
2116 401 2184 430 nOS,
2203 392 2236 423 &
2247 392 2382 424 dilediurn
2396 387 2450 413 ‘⁴¹²²-
2461 395 2480 420 5
2483 396 2508 415 2·
2527 416 2531 419 -

1322 431 1356 460 δε
1378 429 1491 460 fidelem
1509 429 1638 461 nostrum
1659 431 1836 463 Lewelinum
1857 431 2019 469 Principem
2037 429 2168 469 Walliae,
2187 441 2274 471 nuper
2287 433 2384 463 initam
2398 426 2432 466 H:
2454 433 2480 460 3·

1323 469 1357 499 &
1373 470 1493 506 juratam
1508 491 1518 506 ,
1535 467 1612 507 super
1632 471 1707 500 terris
1721 473 1755 502 δε
1768 472 1934 501 tenementis
1952 470 2022 499 hinc
2036 469 2102 499 inde
2112 471 2271 508 occupatis,
2287 470 2385 502 secun·
2395 460 2498 491 'bulen'-

1323 507 1394 536 dum
1405 506 1478 546 leges
1491 507 1525 537 &
1540 507 1752 539 consuetudines
1766 508 1924 548 Marchiae,
1941 507 2178 548 conquerentibus
2195 508 2275 546 plena
2286 509 2388 547 justitia

1322 545 1423 575 debeat
1439 544 1579 582 exhiberi,

1325 621 1331 627 ⁸
1359 583 1428 613 Nos
1442 606 1452 621 ,
1494 584 1549 614 acis
1571 584 1604 615 &
1624 586 1788 616 concordiae
1809 585 1959 623 zelatores,
1980 594 2013 616 ac
2028 583 2154 614 volentes
2167 585 2245 624 quod
2256 594 2305 624 ea,
2322 596 2387 627 quae

1322 631 1352 664 in
1368 622 1454 661 praedi
1487 632 1502 664 a
1523 622 1614 652 forma
1634 624 1709 663 pacis
1727 625 1844 663 provida
1863 624 2060 654 deliberatione
2074 623 2108 653 &
2120 624 2270 654 communi
2284 624 2388 657 assensu

1325 661 1582 729 ruerintgcordinatsa,
1597 669 1645 699 per
1658 664 1757 693 omnia
1769 663 1850 693 firma
1863 663 1896 694 &
1908 661 2073 693 inconcuffa
2087 670 2285 700 permaneant,
2302 664 2390 694 mitti-

1321 708 1400 737 mus,
1451 708 1477 729 c.
1499 709 1528 730 ut
1554 709 1628 737 upra.

1389 827 1509 858 Littera
1527 823 1628 856 Caroli
1650 827 1739 871 Regis
1760 825 1865 857 Siciliae
1884 826 1958 871 Regi
1975 826 2106 858 Franciae
2123 823 2159 857 de
2170 825 2315 872 prosperis

1729 870 1900 918 fitccqffibus
1908 873 1985 918 fitis.

1323 955 1615 1020 EXcellentiffimo
1635 957 1669 988 &
1694 956 1854 997 Magnifico
1870 956 2012 998 Principi,
2030 957 2171 989 karissimo
2185 957 2336 998 Domino,
2353 961 2388 993 &
2399 957 2476 989 Ann.
2492 959 2532 991 D.

1398 996 1485 1027 Fratri
1500 995 1549 1026 suo
1564 995 1636 1026 Lud.
1654 995 1712 1026 Dei
1728 997 1813 1035 gratia
1825 996 1923 1026 illustri
1937 996 2012 1035 Regi
2021 996 2119 1027 Franc.
2135 996 2271 1036 Karolus,
2289 999 2386 1029 eadem
2421 999 2507 1028 1268.

1323 1036 1423 1073 gratia,
1443 1035 1507 1065 Rex
1522 1034 1598 1064 Sicil.
1613 1033 1742 1065 Ducatus
1756 1034 1839 1074 Apul.
1854 1035 1887 1065 &
1902 1033 2036 1072 Princeps
2046 1034 2170 1074 Capu-x,
2188 1035 2283 1066 Almae
2298 1037 2388 1068 Urbis
2400 1039 2452 1064 Aa.
2461 1046 2508 1071 52-

1324 1075 1459 1113 Senator,
1477 1073 1587 1111 Andeg.
1607 1072 1741 1105 Provinc.
1761 1073 1795 1104 &
1809 1072 1908 1103 Folch.
1923 1072 2050 1112 Comes,
2067 1074 2181 1104 salutem
2194 1074 2227 1105 &
2242 1076 2386 1116 prosperos
2399 1079 2433 1102 H·
2456 1085 2481 1112 3·

1322 1112 1357 1143 ad
1371 1122 1439 1143 vota
1453 1112 1598 1143 succeffus.
2401 1113 2537 1151 clausszg

1359 1149 1498 1181 Indultam
1523 1150 1621 1181 celitus
1639 1150 1675 1180 de
1697 1149 1866 1181 Conradino
1887 1148 1921 1180 &
1940 1147 2100 1188 sequacibus
2121 1149 2173 1180 suis
2185 1149 2387 1183 Christianitati
2405 1156 2436 1179 Η.
2460 1161 2486 1188 3·

1322 1188 1483 1220 Victoriam
1494 1189 1674 1219 Excellentiae
1686 1189 1787 1220 vestrae
1801 1188 1835 1220 ad
1847 1187 1999 1229 gaudium,
2016 1197 2065 1227 per
2079 1187 2142 1220 alias
2153 1187 2258 1220 nostras
2273 1190 2372 1222 litteras
2381 1214 2392 1231 ,
2405 1199 2440 1218 m.
2451 1199 2476 1218 2.
2491 1191 2519 1225 ‹l-⁴

1323 1229 1380 1266 jam
1393 1228 1522 1259 duximus
1535 1227 1748 1267 declarandam,

1363 1266 1410 1297 Ut
1426 1276 1519 1298 autern
1539 1265 1699 1304 hujusmodi
1721 1265 1854 1306 gaudium
1875 1265 1957 1296 vobis
1977 1274 2012 1295 ex
2024 1266 2106 1296 omni
2119 1274 2195 1306 parte
2210 1265 2242 1297 sit
2256 1267 2389 1307 plenum,

1324 1313 1422 1336 tenore
1448 1305 1629 1345 praesentium
1649 1303 1750 1336 vestrae
1771 1303 1955 1344 magnitudini
1967 1305 2136 1335 nunciamus
2147 1304 2241 1343 quod,
2256 1307 2392 1345 omnipo-

1324 1352 1384 1374 tens
1401 1344 1547 1375 Dominus
1561 1343 1649 1374 finem
1670 1344 1748 1375 malis
1759 1344 1888 1383 dignatus
1902 1344 2064 1383 imponere,
2087 1343 2223 1375 conclusit
2247 1344 2278 1375 in
2294 1346 2393 1377 nostris

1323 1383 1452 1413 manibus
1464 1392 1564 1413 omnes
1597 1383 1733 1421 raecipuos
1748 1382 1886 1412 inimicos.

1361 1421 1443 1451 Nam
1459 1422 1553 1460 primo
1600 1421 1713 1451 ominus
1725 1420 1885 1458 HenricuS,
1903 1420 2047 1460 quondam
2064 1419 2180 1451 Senator
2195 1420 2300 1460 Urbis,
2319 1421 2389 1453 dum

1324 1458 1359 1489 de
1391 1460 1470 1490 raelio
1482 1460 1605 1499 fugeret,
1623 1467 1720 1497 captus
1733 1459 1768 1490 ad
1782 1458 1910 1488 nostrum
1924 1468 2068 1489 carcerem
2081 1459 2121 1489 est
2134 1460 2271 1490 addustus
2283 1472 2293 1499 3

1391 1498 1541 1529 onradinus
1567 1499 1639 1529 vero
1665 1496 1850 1538 postmodum
1878 1496 2050 1534 aliquamdiu
2079 1498 2184 1529 latitans
2199 1522 2209 1537 ,
2239 1500 2269 1529 in
2295 1509 2392 1530 manus

1326 1536 1432 1568 nostras
1468 1546 1513 1567 uas
1531 1535 1571 1566 est
1593 1544 1710 1567 conatus
1729 1535 1870 1575 effugere,
1888 1534 2005 1573 incidit,
2025 1536 2058 1566 &
2079 1537 2136 1566 una
2150 1546 2219 1568 cum
2233 1536 2318 1568 Duce
2332 1538 2393 1568 Au-

1324 1574 1417 1615 striae,
1435 1548 1570 1607 <galuam
1596 1575 1719 1613 Lantea,
1735 1576 1770 1606 &
1791 1575 1900 1605 duobus
1922 1573 2003 1611 ipsius
2015 1572 2056 1604 G.
2072 1573 2150 1613 filiis,
2167 1575 2269 1606 nostris
2284 1578 2394 1612 manci-

1322 1622 1401 1653 patus
1414 1614 1574 1645 carceribus
1587 1612 1736 1644 detinetur.

1359 1652 1428 1684 Nos
1439 1661 1533 1684 autem
1567 1662 1616 1690 per
1629 1652 1755 1682 divinam
1769 1650 1991 1689 providentiam,
2007 1651 2036 1681 in
2048 1650 2212 1682 Senatorem
2220 1651 2314 1684 Urbis
2324 1664 2394 1685 una-

1323 1692 1396 1721 mini
1409 1692 1515 1723 aflensu
1534 1675 1662 1734 Romani
1676 1690 1774 1734 populi
1787 1689 1879 1734 sumus
1893 1690 2040 1729 assumpti,
2055 1689 2166 1730 ejusque
2185 1690 2304 1723 habenas
2321 1695 2393 1732 regi-

1324 1731 1409 1761 minis
1423 1741 1472 1770 per
1487 1729 1617 1760 nostrum
1634 1738 1770 1760 vrcarium
1782 1728 1898 1759 feliciter
1915 1728 2103 1759 moderamur.

1360 1804 1428 1838 Aa.
1443 1806 1591 1846 Guazani,
1614 1815 1649 1837 12
1663 1805 1742 1848 Sept.
1758 1815 1794 1836 12
1809 1804 1911 1837 Indici.
1924 1804 2020 1845 Regni
2035 1805 2124 1837 nostri
2137 1816 2213 1837 anno
2226 1815 2337 1846 quarto.

1630 1949 1680 1980 De
1699 1944 1852 1983 Condnflu
1870 1947 1957 1993 Regis
1973 1948 2083 1982 Scotiae.
2130 1954 2133 1955 ’

1394 2031 1460 2064 EX
1479 2033 1630 2071 omnibus,
1649 2033 1710 2063 &c.
1722 2031 1847 2063 salutem.

1444 2070 1523 2103 Cum
1545 2073 1661 2102 dilectus
1678 2071 1749 2101 filius
1763 2072 1796 2102 &
1811 2069 1898 2101 fidelis
1915 2069 2010 2100 noster
2023 2070 2194 2110 Alexander,
2213 2071 2272 2102 Dei
2285 2073 2387 2112 gratia,
2405 2069 2480 2100 Ann.
2497 2070 2538 2102 D.

1324 2111 1391 2142 Rex
1406 2110 1512 2141 Scotiae
1525 2110 1651 2148 illustris,
1671 2111 1705 2141 &
1719 2109 1877 2149 Margareta
1888 2108 1999 2148 Regina
2008 2131 2018 2147 ‚
2036 2109 2132 2147 sponsa
2147 2110 2190 2140 sua
2202 2132 2212 2147 ,
2227 2110 2280 2140 filia
2293 2111 2387 2142 nostra
2423 2109 2506 2139 1268.

1324 2149 1462 2180 karissima
1475 2173 1485 2188 ,
1502 2149 1536 2180 ad
1552 2149 1711 2179 instantiam
1729 2148 1854 2178 nostram
1868 2169 1878 2185 ,
1896 2147 1974 2177 causa
1989 2149 2167 2178 recreationis
2184 2149 2218 2179 &
2231 2149 2336 2188 solatii,
2353 2150 2388 2180 ad
2403 2152 2445 2176 An
2472 2157 2520 2186 52·

1326 2188 1463 2232 Regnum
1491 2187 1619 2219 nostrum
1642 2187 1756 2226 Angliae
1772 2209 1782 2225 ,
1808 2185 1956 2217 nobiscum
1977 2185 2097 2217 locuturi
2121 2187 2256 2218 accedant
2277 2190 2311 2219 ὃς
2331 2188 2390 2228 spa-
2405 2191 2439 2214 H.
2458 2196 2483 2223 3-

1325 2236 1579 2308 cmltxlugs’praefatos
1598 2263 1711 2308 Regem
1731 2263 1765 2295 δε
1787 2262 1945 2306 Reginam,
1962 2272 1996 2294 ac
2010 2272 2126 2302 omnes,
2143 2273 2214 2303 quos
2232 2264 2328 2296 secum
2341 2229 2519 2299 &giga-tgr..

1324 2304 1449 2342 ducent,
1466 2303 1632 2340 suscepimus
1646 2313 1676 2333 in
1689 2302 1795 2332 salvum
1808 2303 1841 2332 &
1855 2305 1984 2332 iecurum
1998 2302 2175 2332 conductum
2191 2303 2335 2341 nostrum,
2356 2306 2389 2336 &
2404 2313 2429 2330 n.
2451 2311 2496 2330 21-

1323 2342 1526 2374 venerabilium
1538 2351 1664 2379 patrum,
1682 2340 1804 2370 Roberti
1821 2339 2022 2371 Dunolmensis
2041 2339 2189 2379 Episcopi,
2209 2342 2244 2373 δί
2257 2341 2297 2372 G.
2314 2343 2390 2384 Wy-

1323 2381 1475 2421 gorniensis
1487 2380 1578 2410 Electi
1586 2403 1595 2418 ,
1612 2378 1781 2410 Cancellarii
1795 2378 1882 2409 nostri
1891 2402 1900 2417 ,
1914 2388 1947 2409 ac
1961 2378 2133 2409 dileetorum
2143 2380 2178 2410 &
2191 2378 2315 2411 fidelium
2324 2392 2390 2413 nos-

1325 2430 1437 2465 trorum
1452 2419 1560 2465 Rogeri
1579 2419 1616 2462 de
1630 2418 1796 2462 Leyborne,
1815 2417 1849 2448 &
1865 2417 1988 2448 Roberti
2002 2416 2136 2456 Aquilon.
2158 2417 2283 2463 salvo&
2293 2420 2389 2464 secure

1325 2456 1804 2539 {atessaaraaasjasa
1816 2456 1945 2538 sasas
1956 2456 1990 2525 ἐξ
1999 2456 2260 2535 iuram
2276 2458 2394 2529 35:325.

1323 2536 1403 2568 disto
1415 2536 1562 2579 conductu
1574 2545 1623 2573 per
1635 2535 1813 2578 quadraginta
1826 2533 1884 2578 dies
1896 2543 1935 2574 po
1972 2543 2073 2578 eorum
2086 2534 2224 2565 recessum
2238 2536 2253 2566 a
2268 2536 2359 2567 nobis.

1359 2575 1413 2614 Et,
1430 2575 1466 2606 ad
1486 2583 1625 2613 maiorem
1644 2574 1724 2612 hujus
1741 2583 1780 2603 rei
1798 2571 1989 2611 securitatem,
2004 2572 2096 2603 dictos
2118 2572 2231 2612 Regem
2254 2574 2288 2605 &
2302 2573 2332 2604 R
2370 2576 2392 2600 ’-

1322 2624 1390 2645 narn
1405 2637 1415 2653 ,
1440 2623 1473 2644 ac
1489 2622 1588 2644 omnes
1610 2611 1672 2642 suos
1686 2635 1696 2650 ,
1713 2621 1785 2651 quos
1799 2611 1896 2641 secum
1910 2611 2032 2650 ducent,
2050 2612 2100 2642 sub
2119 2611 2198 2642 firma
2212 2621 2282 2651 pace
2295 2623 2335 2644 no

1323 2653 1498 2690 suscipientes
1517 2653 1552 2683 &
1568 2651 1745 2691 protectione
1757 2672 1767 2688 ,
1784 2648 1901 2679 firmiter
1921 2650 2080 2680 inhibemus
2091 2660 2128 2680 ne
2141 2651 2201 2690 quis
2215 2652 2253 2681 eis
2270 2652 2389 2691 malum,

1323 2690 1483 2721 molestiam
1495 2712 1505 2727 ‚
1523 2690 1653 2728 injuriam
1673 2697 1720 2718 aut
1737 2696 1889 2726 gravamen
1906 2687 2020 2726 aliquod
2040 2689 2144 2719 inferre
2156 2689 2319 2729 praestimat,
2335 2691 2387 2722 sub

1322 2739 1409 2798 poeIrIi¹a
1421 2727 1574 2797 amiffioggs
1584 2728 1652 2759 vitae
1665 2727 1698 2758 &
1716 2725 1921 2756 membrorum.

1415 2777 1510 2804 culus,
1561 2776 1587 2796 c.

1362 2842 1451 2875 Teste
1465 2842 1548 2882 Rege
1560 2840 1634 2880 apud
1643 2839 1808 2872 Geitinton.
1826 2848 1845 2870 2
1858 2839 1905 2870 die
1918 2837 2046 2878 Augusti.

1362 2919 1513 2963 consimiles
1528 2918 1639 2950 litteras
1651 2919 1683 2949 de
1693 2917 1820 2948 conductu
1831 2916 1936 2947 habent
1949 2913 2118 2954 tantum-fich
2131 2920 2235 2948 nemim
2247 2920 2337 2957 Regis.

1369 3061 1398 3090 ἔχ’
1420 3064 1470 3097 De
1486 3057 1733 3095 Procuratoribus
1756 3056 1918 3102 constitutis
1935 3061 1967 3090 in
1992 3060 2088 3092 Curia
2106 3060 2193 3106 Regis
2209 3061 2341 3093 Francia
2399 3059 2452 3090 *L
2469 3061 2532 3099 852.

1683 3112 1716 3140 in
1737 3111 1846 3154 negotio
1867 3111 1913 3142 Va
1927 3111 2020 3142 coniae.

1325 3196 1410 3252 RE
1419 3194 1450 3226 X
1467 3195 1543 3234 Regi
1558 3194 1684 3225 Franciae
1697 3193 1818 3223 salutem.

1431 3234 1466 3264 In
1479 3235 1595 3272 negotio
1607 3231 1684 3272 quod
1697 3233 1811 3263 vertitur
1819 3255 1829 3270 ‚
1847 3231 1893 3262 seu
1906 3231 1976 3262 verti
1989 3230 2108 3269 speratur
2119 3232 2190 3262 inter
2204 3242 2257 3263 nos
2268 3232 2303 3264 ὃς
2334 3243 2384 3264 en·
2399 3245 2464 3277 An„
2489 3246 2522 3278 D

1323 3284 1384 3306 tem
1398 3273 1522 3303 nostram
1535 3271 1687 3303 Gasconiae
1699 3280 1733 3301 ex
1746 3279 1820 3309 parte
1833 3281 1905 3308 una,
1923 3271 1957 3301 δε
1973 3270 2176 3302 Theobaldum
2190 3269 2303 3311 Regem
2354 3283 2384 3303 a·
2416 3270 2473 3314 126‘
2523 3271 2533 3279 ‘

1324 3322 1411 3344 varrae
1425 3310 1560 3341 illustrem
1574 3311 1609 3342 &
1626 3309 1687 3339 suos
1698 3319 1732 3340 ex
1745 3310 1843 3349 altera,
1860 3319 1958 3340 coram
1970 3309 2053 3339 vobis
2073 3309 2102 3339 in
2116 3307 2205 3340 Curia
2220 3309 2328 3349 vestra,
2347 3310 2381 3341 ad
2391 3325 2444 3351 An,
2458 3295 2500 3362 593'

1324 3351 1474 3383 instantem
1493 3348 1569 3378 diem
1588 3347 1744 3378 Brandenn.
1764 3349 1792 3379 su
1813 3358 1842 3378 er
1861 3347 2025 3387 quibusdam
2038 3347 2238 3385 interpreffiiris
2252 3348 2378 3392 Trquga-
2388 3365 2423 3388 H.
2440 3371 2452 3398 3
2499 3345 2507 3353 '

1324 3400 1407 3427 rum,
1425 3390 1496 3418 inter
1511 3396 1583 3425 nOS,
1601 3387 1635 3417 &
1653 3386 1764 3417 dicrum
1785 3358 1896 3427 Regem
1911 3385 2049 3417 Navarrae
2063 3387 2210 3425 initarum,
2228 3391 2377 3419 occasione
2391 3384 2514 3436 Pat.'52.

1324 3426 1514 3461 contentionis
1533 3426 1604 3455 inter
1627 3435 1679 3455 nos
1702 3425 1821 3456 subortae
1839 3428 1868 3456 in
1888 3424 2027 3456 Vasconia
2046 3425 2125 3455 factis
2159 3433 2190 3456 ut
2202 3425 2322 3464 dicitur,
2339 3425 2381 3456 di-
2397 3442 2426 3465 H
2450 3448 2462 3458 ,

1326 3467 1413 3499 ledros
1426 3465 1460 3496 &
1473 3463 1564 3508 fideles
1575 3463 1684 3494 nostros
1692 3487 1702 3502 ,
1720 3464 1748 3494 S.
1767 3463 1838 3496 Pars.
1852 3465 1885 3496 &
1898 3463 2104 3508 Reymundum
2117 3447 2153 3494 <se
2168 3463 2272 3495 Castro
2290 3472 2367 3495 novo
2375 3486 2384 3501 ,
2395 3459 2478 3505 ,⁸6³4-

1326 3505 1437 3537 nostros
1448 3502 1565 3534 facimus
1573 3524 1583 3540 ,
1602 3502 1763 3532 ordinamus
1775 3504 1808 3534 &
1822 3503 2016 3534 constituimus
2029 3501 2243 3540 Procuratores,
2456 3503 2460 3512 ⁴

1365 3543 1473 3574 Dantes
1495 3541 1533 3570 eis
1545 3563 1556 3578 ,
1574 3540 1619 3570 vel
1639 3542 1688 3570 uni
1704 3541 1825 3579 ipsorum
1838 3566 1848 3580 ,
1865 3551 1951 3582 quem
1970 3540 2133 3580 praesentem
2153 3539 2210 3570 effe
2224 3539 2388 3581 contigerit,

1329 3581 1480 3623 plenariam
1492 3578 1657 3616 potestatem
1671 3580 1703 3610 &
1718 3581 1833 3617 speciale
1847 3580 2009 3612 mandatum
2023 3578 2160 3610 tractandi
2177 3579 2214 3610 de
2226 3587 2294 3619 pace
2308 3581 2386 3615 iuper

1329 3617 1526 3657 interpreffuris
1539 3617 1736 3657 praedietis&
1749 3619 1814 3650 inde
1828 3618 1987 3652 faciendi&
2000 3617 2152 3658 recipiendi
2161 3615 2289 3648 emendas
2303 3625 2385 3646 com-

1330 3666 1472 3701 petenteS,

1368 3695 1477 3726 Rarum
1496 3693 1616 3724 habituri
1633 3694 1665 3725 &
1685 3694 1800 3726 firmum
1839 3694 1953 3733 uicquid
1967 3694 2015 3735 ipsi
2029 3694 2133 3732 ambo,
2150 3693 2194 3725 vel
2205 3701 2275 3722 unus
2287 3702 2385 3725 eorum

1319 3738 1360 3767 jn
1374 3731 1534 3771 praemiss'iS,
1552 3734 1669 3764 nomine
1683 3733 1799 3774 nostro,
1816 3706 1942 3767 guxerint
1950 3757 1960 3773 ‚
1978 3733 2024 3765 vel
2035 3733 2143 3764 duxerit
2155 3730 2323 3763 faciendum.

1370 3772 1404 3804 In
1417 3772 1511 3810 culm,
1529 3771 1590 3803 &c
