2570 4261
263 48 317 99 34-

116 133 195 166 'Anii
209 131 251 163 D.
264 131 324 163 &c.
343 129 478 161 ordinum
493 150 503 164 ,
528 123 634 163 praefati
652 122 742 162 Regis
756 118 863 151 Nuntii
877 142 887 156 ,
910 125 946 161 ex
958 124 1038 155 parte
1053 114 1099 145 sua
1111 122 1181 145 curn
1196 109 1323 156 'instantia

141 180 223 208 1291.
265 168 402 208 petivistis
435 165 529 196 eidem
544 163 620 201 Regi
633 161 740 191 dictam
751 158 893 192 decimam
908 166 937 185 in
953 165 1030 191 uno,
1048 155 1110 184 ὅτε.
1130 160 1243 182 nomim
1255 148 1318 191 dic-

120 212 186 238 Edv.
207 219 231 237 i.
264 210 286 238 ti
302 207 390 244 Regis
407 193 492 236 inobis
509 202 643 232 exhibitae
654 223 664 237 ,
686 198 723 228 de
735 196 876 234 ipsorum,
895 195 956 225 &c.
973 192 1106 235 Camerae
1120 189 1225 234 nostrae
1239 186 1320 217 dicto

265 245 344 282 Regi
366 243 402 273 de
421 242 546 280 ipsorum
561 261 570 277 ‚
592 239 652 269 &c-
671 237 853 274 quantitatem
875 231 1016 269 excedat,
1039 230 1201 273 discretioni
1221 224 1322 269 vestrae

267 293 318 323 per
340 280 507 319 Apostolica
526 278 625 314 scripta
645 273 812 305 mandamus
835 272 964 310 quatinus
985 271 1015 299 in
1035 269 1118 300 vob1s
1141 264 1300 306 constiterit
1311 283 1321 299 ‚

266 320 346 359 quod
366 317 501 357 praedicta
522 316 631 346 summa
645 337 654 351 ,
678 314 741 344 &c.
760 320 854 342 totum
873 319 926 340 vos
946 308 992 338 vel
1006 307 1065 351 duo
1078 305 1221 349 vestrum,
1239 309 1324 332 tertio

265 359 393 396 legitime
412 354 551 396 impedito
564 377 575 391 ‚
591 351 737 390 suppleatis
751 349 790 380 de
802 350 872 386 hiis,
891 356 956 385 quae
967 346 1004 376 de
1011 345 1070 389 'ipsa
1083 344 1194 389 decima
1208 349 1321 385 reman-

265 398 358 427 serunt
372 396 403 424 in
417 393 520 430 Anglia
533 389 740 427 conservanda,
758 388 842 418 vobis
857 395 956 429 autem,
973 382 1145 426 exigendum
1158 391 1175 424 a
1188 378 1324 418 quibussi-

267 436 318 464 bet
333 456 342 472 ‚
367 434 428 464 &c.
446 438 623 470 oportunum
637 452 648 467 ,
672 438 705 459 ac
725 425 848 458 faciendi
868 423 1057 456 sufficientem
1079 427 1266 459 quitationem
1288 415 1325 445 de

265 479 542 540 tec{OPtiisti’adiftores
559 515 694 545 praeterea
713 513 763 543 per
776 527 786 541 ,
810 504 870 534 δίε.
888 497 1104 542 compellendi,
1122 505 1182 526 non
1195 492 1325 536 obstante

268 549 289 579 si
301 548 438 586 aliquibus
452 547 468 577 a
481 545 556 577 Sede
569 542 741 583 Apostolica
755 542 805 572 sub
819 549 988 583 quacunque
1001 541 1095 567 torma
1109 536 1265 576 verborum
1281 540 1325 560 in-

268 586 380 617 dultum
394 585 507 622 existat,
525 588 605 622 quod
621 581 768 618 interdici,
782 578 926 617 suspendi,
945 577 990 607 vel
1004 581 1252 607 excommunicari
1266 579 1326 613 non

267 624 374 666 poffint
386 633 436 662 per
446 623 547 654 litteras
560 620 753 660 Apostolicas‚
770 628 832 648 non
846 617 980 647 facientes
995 613 1110 657 plenam
1121 612 1154 643 ὃς
1169 609 1325 653 exprellam

268 664 307 694 de
322 662 435 693 indulto
448 661 608 700 hujusmodi
624 658 802 690 mentionem
811 656 943 696 ,plenam
955 654 988 684 &
1004 652 1123 683 liberam
1138 647 1326 680 concedimus

268 701 555 777 pogffaffirgipletione
573 743 668 767 autem
687 732 847 772 hujusmodi
897 731 931 763 &
943 728 996 761 illis
1009 737 1139 771 qu-aenvos
1153 726 1261 770 solvere
1275 732 1329 763 pro

268 788 304 810 eii
324 779 491 816 contigerit,
509 784 630 814 apocam
643 773 781 811 recipiatis
796 781 846 810 per
862 757 965 813 litteras
979 770 1087 807 praeiati
1102 766 1190 806 Regis
1204 773 1327 802 apertas,

269 816 451 856 ejusdemque
464 815 560 854 Sigillo
574 813 670 852 Regio
685 810 819 850 pendenti
832 817 959 840 mumtaS.

307 891 376 922 Dat.
403 891 478 929 apud
504 889 623 921 Urbem
650 897 777 921 veterem
801 896 846 923 15.
865 883 987 917 Kalend.
1005 881 1126 922 Aprilis,
1141 877 1329 911 Pontificatfis

271 930 360 962 nostri
374 940 451 961 anno
467 937 577 969 quarto.

1016 995 1107 1037 Sigillo
1122 994 1226 1036 avulsb.

126 1141 254 1180 ⁰1¹·518·
272 1143 300 1171 ²*
324 1144 416 1180 Bulla
433 1142 576 1178 Nicholai
591 1145 672 1188 Papae
688 1142 745 1174 IV.
757 1150 812 1186 per
828 1147 920 1185 quam
930 1133 1072 1168 hortatur
1088 1144 1184 1167 omnes
1195 1131 1333 1179 perfimas

318 1191 531 1236 Ecclestasttcas
554 1195 586 1225 in
614 1193 712 1236 Regno
738 1191 837 1221 Scotiae
857 1213 867 1228 ‚
891 1183 972 1231 quod
996 1180 1154 1216 concedant
1181 1180 1333 1213 decimam

321 1245 454 1275 omnium
469 1240 610 1274 bonorum
620 1239 749 1284 ficorum
766 1231 1034 1279 Ecclqfiasticorum
1050 1233 1124 1279 Regi
1142 1229 1256 1277 Angliae
1267 1254 1278 1272 ,
1303 1232 1334 1261 in

314 1288 482 1338 fitbfidium
498 1291 594 1323 Terrae
610 1286 730 1321 Santffae.

125 1380 201 1412 Ann-
213 1379 254 1411 D·
361 1383 470 1415 Icolaus
489 1382 515 1414 E
537 1382 665 1421 iscopus,
683 1380 775 1411 servus
795 1377 942 1412 servorum
956 1375 1031 1414 Dei,
1050 1372 1266 1405 Venerabilibus
1280 1371 1335 1402 fra-

152 1427 235 1457 1291.
372 1424 477 1461 tribus,
532 1421 643 1452 niversis
666 1419 829 1457 Episcopis,
847 1417 881 1447 &
901 1415 1010 1459 dileffls
1029 1413 1109 1457 *Filiis
1213 1411 1335 1455 Eletris,

124 1462 176 1487 An.
199 1467 241 1493 ¹9·
278 1462 437 1496 Abbatibus
450 1483 461 1500 ,
478 1460 622 1492 Prioribus
637 1482 646 1497 ,
666 1458 790 1489 Decanis
803 1480 813 1494 ,
832 1453 1064 1497 ArchidiaconiS,
1083 1450 1259 1493 Praepositis,
1278 1448 1334 1493 Ar-

125 1501 156 1524 Ε·
174 1506 197 1523 “·
278 1501 493 1540 chipresbyteris
505 1523 515 1537 ,
538 1501 571 1532 ὃς
592 1499 648 1528 aliis
665 1495 856 1538 Ecclesiarum
878 1491 1001 1523 Praelatis
1016 1503 1030 1538 ⁸.
1043 1500 1166 1534 necnon¹
1183 1488 1337 1530 Capitulis,

124 1539 166 1562 Ex
180 1537 237 1563 ΑΨ
279 1540 480 1574 Conventibus
495 1561 504 1575 ,
522 1538 555 1568 &
577 1536 712 1575 Collegiis
733 1531 983 1575 CisterciensibuS,
1002 1515 1338 1573 CliniacensibusLPne-

124 1580 188 1610 ‘'I'·
276 1577 541 1614 monstiatensibuS,
558 1575 656 1606 Sansti
669 1571 831 1608 Beneditfti,
848 1570 944 1601 Saneti
959 1566 1125 1612 Augustini,
1144 1566 1336 1605 Cartulienlis‚

276 1615 538 1649 Grandimontensis
552 1615 584 1645 &
596 1614 716 1644 aliorum
732 1609 881 1653 ordinum,
900 1617 933 1639 ac
948 1606 1125 1650 caetel‘lsflhls
1137 1604 1259 1644 personis
1279 1603 1339 1635 Ec-

274 1655 429 1688 clesiasticis
463 1652 640 1686 Secularibus
662 1653 695 1683 &
718 1650 747 1680 R
813 1648 918 1689 aribus,
944 1653 1079 1683 exemptis
1099 1645 1133 1675 &
1155 1653 1216 1686 non
1241 1652 1338 1673 exem-

275 1697 349 1736 ptis,
364 1704 414 1733 pet
430 1677 567 1733 Regnum
581 1691 686 1723 Scotiae
699 1690 769 1720 cons
786 1688 875 1726 tutis,
891 1685 1007 1717 salutem
1027 1684 1060 1715 &
1075 1681 1273 1721 Apostolicam
1289 1682 1339 1712 be-

384 1742 483 1763 onem.

278 1733 438 1809 ηαὲωξῖκει·
459 1769 598 1802 miseriam
619 1768 720 1799 Terrae
742 1764 871 1808 Sanitae,
888 1761 990 1807 procul
1009 1759 1099 1805 dubio
1113 1760 1221 1804 inopis,
1239 1768 1339 1803 utpote

277 1821 335 1850 ope
347 1809 515 1841 defensionis
529 1807 706 1844 necessariae,
724 1812 823 1835 contra
836 1810 1020 1832 inimicorum
1034 1797 1099 1843 fidei
1113 1797 1340 1842 multitudinem,

279 1849 436 1881 destitutae:
457 1847 578 1885 Propter
598 1846 679 1885 iplius
699 1843 824 1883 pauperis
842 1842 983 1879 gemitum
1019 1838 1139 1882 opibus,
1157 1847 1204 1876 per
1219 1836 1338 1868 diutinas

279 1887 420 1921 molestias
441 1885 599 1917 eorundem
618 1884 820 1920 inimicorum,
837 1878 961 1910 exausta.
1008 1885 1101 1915 ropter
1123 1885 1283 1922 innumeras
1294 1876 1337 1922 κὅ(

277 1926 428 1959 immensas
439 1923 548 1961 insestae
562 1921 759 1962 persecutionis
771 1918 925 1959 angustias,
941 1916 1124 1955 deplorandas
1138 1923 1232 1958 potius
1252 1924 1339 1953 quam

276 1964 440 2002 narrandas,
459 1973 525 2003 quas
536 1964 566 1993 in
579 1972 641 1993 eam
650 1986 660 2000 ,
674 1959 811 1998 ipsiusque
823 1957 931 1988 incolas
946 1954 1156 1998 persecutorum
1171 1952 1292 1995 ejusdem
1308 1952 1341 1983 fi-

278 2004 326 2036 dei
347 2004 450 2035 diutius
468 2002 643 2034 continuavit
662 1999 804 2037 iniquitas·
826 1995 961 2026 Romana
981 2004 1025 2032 pia
1041 2002 1134 2037 ⁴mater
1146 1991 1287 2036 Ecclelia,
1306 1992 1342 2036 de

279 2043 363 2082 ipsius
383 2041 608 2074 tribulationibus
627 2039 706 2068 anxia
719 2061 728 2075 ,
746 2036 783 2067 de
798 2021 968 2078 liberatione
988 2032 1120 2070 sollicita,
1139 2036 1181 2074 lic⁴
1195 2030 1287 2062 eidem
1312 2041 1341 2060 in

279 2081 413 2113 auxilium
429 2081 591 2111 continuata
609 2075 794 2110 sollicitudine
811 2074 827 2104 a
846 2074 937 2113 longis
958 2073 1036 2113 retro
1060 2070 1237 2113 temporibus
1259 2078 1341 2100 exur-

280 2121 369 2158 rexit,
387 2118 468 2157 quod
482 2120 510 2148 in
524 2118 583 2148 hoc
599 2117 667 2154 suis,
685 2114 731 2146 vel
745 2111 900 2144 universalis
915 2110 1051 2141 Eccleliae
1065 2109 1206 2152 laboribus
1218 2117 1278 2139 non
1293 2118 1343 2146 pe—

320 2160 390 2196 rcit,
407 2158 452 2188 sua
464 2156 511 2188 vel
523 2156 593 2187 illius
607 2163 694 2185 onera
709 2163 770 2184 non
786 2151 897 2182 vitavit:
933 2149 988 2180 Sed
1002 2149 1042 2178 ob
1055 2146 1287 2191 subventionem,
1308 2148 1342 2178 &

296 2197 481 2227 'berationem
502 2192 709 2233 procurandam
730 2191 828 2229 ipsius,
845 2190 919 2219 inter
939 2196 1057 2231 caetera,
1076 2196 1168 2216 immo
1184 2196 1243 2224 prae
1258 2194 1342 2229 caete-

280 2236 332 2275 ris,
350 2236 383 2266 &
399 2233 566 2265 Concilium
574 2230 716 2264 Generale
729 2230 838 2268 coegit,
856 2227 1058 2265 &Principes‚
1079 2224 1243 2269 Magnates,
1261 2224 1343 2268 alios-

279 2284 338 2314 que
361 2272 529 2304 Catholicos
549 2269 754 2302 monitionibus
774 2267 854 2305 adiit,
869 2266 942 2304 apud
961 2275 1010 2296 eos
1031 2263 1128 2307 sedulis
1139 2263 1344 2307 'exhortationi-

280 2313 351 2351 bus,
369 2313 403 2343 &
424 2311 590 2341 suasionibus
611 2308 726 2345 institit,
742 2305 869 2344 ipsosque
890 2314 949 2335 non
970 2303 1070 2347 solum·
1083 2302 1279 2340 spiritualium,
1295 2301 1340 2332 sed

279 2352 315 2383 &
329 2349 527 2389 temporalium
542 2348 723 2386 largitionum
739 2343 944 2375 liberalitatibus
958 2343 1100 2385 invitavit.-

320 2389 405 2421 Licet
417 2398 511 2419 aurem
527 2388 604 2417 circa
616 2386 696 2423 haec,
713 2384 811 2414 multae
826 2380 1027 2420 compassionis
1039 2379 1172 2410 instine‘tu
1181 2402 1191 2417 ,
1208 2379 1341 2410 volunta-

279 2429 321 2460 ria
340 2427 448 2465 semper
468 2426 631 2463 intenderit,
649 2425 701 2454 hiis
723 2431 819 2453 tamen
841 2421 938 2451 diebus
958 2428 1056 2450 acutos
1075 2417 1266 2449 accelerandae
1288 2417 1343 2448 suae

279 2466 470 2499 subventionis
482 2465 594 2495 aculeos
608 2463 708 2501 adjecit
723 2461 861 2492 voluntati
875 2458 1029 2490 necessitas:
1050 2466 1117 2500 cum
1133 2465 1204 2499 terra
1225 2456 1324 2487 eadem

279 2506 355 2545 quasi
370 2505 442 2536 fatali
456 2503 565 2534 addieta
576 2501 746 2538 discrimini,
762 2498 906 2537 disposita,
924 2495 1129 2541 irreparabilem
1145 2494 1286 2538 Videretur
1309 2505 1324 2524 a

280 2544 389 2582 casum,
408 2544 441 2574 &
457 2550 545 2581 parata
559 2539 769 2580 irreparabiliter
786 2540 814 2569 in
828 2547 927 2568 manus
948 2534 1070 2566 incidere
1090 2543 1260 2565 immanium
1280 2543 1344 2572 per-

280 2584 439 2615 secutorum
454 2581 551 2620 ipfius,
776 2616 780 2621 ⁵
811 2616 816 2621 ‘
1233 2612 1239 2617 ·
1320 2611 1326 2616 .

318 2622 479 2659 Siquidem,
498 2619 562 2658 post
591 2617 691 2686 strages
710 2614 963 2659 Christicolarum,
979 2621 1082 2656 terram
1097 2610 1216 2642 eandem
1231 2610 1341 2640 mhabi-

281 2661 417 2698 tantium,
435 2659 537 2696 varias,
557 2656 621 2696 post
655 2655 739 2685 iversa
754 2654 891 2691 solennia,
909 2653 942 2695 ὃς
956 2651 1006 2695 alia
1026 2660 1085 2694 ejus
1102 2650 1164 2694 loca
1184 2648 1345 2692 destructa,

282 2699 318 2730 &
331 2697 493 2737 quamplura
504 2706 581 2727 nunc
596 2695 752 2731 violenter,
771 2701 848 2723 nunc
863 2691 1017 2733 proditorie
1029 2690 1045 2718 a
1058 2688 1140 2732 distis
1161 2690 1345 2731 persecutori-

283 2738 337 2768 bus
350 2744 501 2774 occupata,
520 2735 600 2773 ipsius
614 2732 753 2764 residuum
768 2730 859 2769 (quod
875 2729 1000 2759 nominis
1018 2726 1170 2770 Christiani
1181 2725 1344 2769 ‘cultoribus

283 2776 340 2808 spla
358 2773 465 2806 Divina
487 2774 609 2813 potentia
628 2770 788 2806 reservavit)
813 2767 1019 2800 &incolarum
1034 2775 1091 2804 ejus
1107 2773 1227 2802 paucitas
1238 2763 1344 2807 nullam

283 2814 362 2852 spem
376 2814 536 2845 sufficientis
551 2810 710 2842 resistentiae
745 2816 844 2839 contra
857 2804 1087 2836 numerositatem
1101 2802 1344 2841 persequentium,

284 2855 319 2885 &
335 2852 464 2883 infestam
479 2852 584 2882 rabiem
600 2833 819 2893 praetendebant.
1305 2881 1309 2885 ι

323 2891 433 2922 Verum
449 2890 498 2921 Ille
507 2913 516 2928 ,
534 2891 563 2919 in
577 2898 654 2926 cujus
668 2886 796 2917 manibus
810 2885 928 2922 Regum
940 2882 1028 2914 corda
1042 2879 1259 2924 consistunt,ab
1271 2879 1343 2910 olim

287 2929 417 2960 cariffimi
432 2931 461 2960 in
475 2927 592 2959 Christo
606 2926 669 2957 Filii
683 2924 773 2956 nostri
786 2923 918 2954 Edwardi
935 2922 1044 2961 Angliae
1059 2919 1088 2950 R
1125 2929 1145 2963 .¹⁵
1161 2917 1270 2962 illustris
1293 2918 1344 2948 be-

287 2969 373 3011 nigne
393 2978 444 2998 cor
463 2967 568 3007 tetigit,
586 2967 620 2997 ὃ(
643 2965 681 2995 sic
701 2963 736 2994 ad
756 2960 978 2994 subveniendum
1018 2959 1077 3003 erso
1124 2956 1342 3002 iterilliterrae,

287 3007 370 3043 ipsius
388 3005 516 3037 accendit
534 3004 672 3035 affectum
687 3025 697 3041 ,
723 3001 803 3040 quod
823 3009 981 3042 antequam·
1026 3007 1095 3042 egiae
1192 3004 1252 3026 tatis
1265 3019 1274 3033 ,
1294 2995 1345 3038 libi

287 3043 470 3076 successiones
488 3044 551 3082 jure
571 3043 688 3078 debitae,
707 3041 820 3072 culmen
842 3037 1012 3075 ascenderit,
1032 3047 1060 3080 in
1081 3045 1117 3074 pe
1142 3044 1199 3076 ona
1212 3043 1344 3072 propria,

287 3093 357 3115 cum
370 3082 516 3113 Comitiva
529 3081 656 3118 decenti,
674 3088 755 3110 terrae
768 3077 924 3117 praedie‘tae,
942 3074 1040 3116 grandi
1052 3083 1120 3118 tunc
1141 3073 1274 3116 subjectae
1295 3082 1344 3116 pe-

287 3121 396 3160 riculo,
414 3131 473 3152 non
495 3119 598 3158 absque
681 3119 722 3148 nis
744 3117 914 3155 sumptibus,
932 3117 966 3147 &
988 3113 1129 3145 laboribus
1150 3112 1278 3155 gravibus
1315 3121 1346 3141 in

286 3161 424 3199 temporis
443 3159 631 3196 oportunitate
664 3157 794 3188 ubvenit:
816 3154 853 3185 Et
877 3164 911 3185 ex
931 3163 1001 3185 tunc
1021 3159 1198 3189 conceptum
1219 3150 1277 3192 adi
1298 3159 1347 3180 em

286 3207 346 3230 tam
366 3200 444 3236 pium
466 3197 504 3227 sui
527 3195 727 3233 Redemptoris
747 3194 915 3232 obsequium
935 3189 1132 3223 continuando
1151 3191 1346 3230 propositum,

286 3237 423 3269 laudanda
441 3235 674 3273 magnanimitate
696 3241 901 3270 contempnens
923 3231 1001 3269 quod
1022 3231 1051 3259 in
1071 3228 1163 3260 Terra
1175 3227 1276 3271 eadem
1296 3237 1347 3266 per

286 3275 426 3308 insidiosas
439 3284 536 3305 manus
552 3272 683 3303 Asciscini
695 3271 835 3309 cujusdam
848 3269 1008 3300 vulneribus
1019 3268 1107 3299 fuerat
1123 3275 1203 3309 variis
1223 3267 1257 3297 &
1279 3275 1347 3310 pro-

287 3315 380 3346 fiindis
400 3313 499 3352 illisus,
518 3322 583 3352 quae
603 3310 677 3342 nulla
695 3309 742 3347 spe
760 3310 827 3340 vitae
841 3308 952 3347 reuera,
970 3308 1058 3339 solam
1071 3314 1170 3336 mortis
1184 3304 1342 3336 instantiam

310 3352 500 3383 raetendebant

287 3363 309 3393 P
324 3391 374 3423 De
387 3401 467 3421 novo
480 3376 601 3429 ejusdem
613 3396 694 3418 terrae
708 3387 871 3427 negotium,
889 3384 938 3416 suo
961 3382 1096 3423 personali
1117 3381 1292 3426 ministerio,
1310 3381 1344 3412 &

285 3430 386 3470 Regali
408 3429 534 3467 potentia
555 3426 803 3465 prosequendum,
834 3433 967 3462 tanquam
992 3423 1127 3459 Princeps
1156 3420 1322 3463 Catholicus
1335 3444 1345 3458 ,

288 3477 421 3508 tanquam
434 3468 570 3504 Princeps
592 3465 734 3502 strenuus,
753 3464 895 3501 animique
913 3462 1067 3492 constantis
1083 3459 1243 3504 affumplit,
1257 3468 1345 3490 trans-

288 3506 448 3546 fretaturus,
467 3506 535 3536 Deo
550 3504 674 3542 auspice,
692 3504 721 3533 in
742 3501 827 3532 Festo
842 3500 1010 3531 *Nativitatis
1030 3501 1103 3530 beati
1119 3497 1257 3536 Johanriis
1270 3497 1342 3540 Bap-

289 3543 379 3581 tistae,
396 3544 474 3583 quod
486 3545 538 3575 erit
547 3553 624 3574 anno
639 3541 761 3572 Domini
774 3539 922 3570 millesimo
941 3537 1136 3570 ducentesimo
1156 3539 1342 3579 nonagesimo

288 3583 383 3612 tertio·
405 3582 481 3621 quod
504 3592 539 3613 ue
548 3590 608 3613 tam
624 3580 688 3617 sibi,
704 3588 788 3617 quam
803 3578 859 3608 aliis
869 3577 1078 3617 crucesignatis,
1093 3576 1126 3606 &
1146 3580 1343 3618 crucesignan-

291 3618 334 3648 dis
345 3607 488 3659 ad'genera
500 3632 515 3652 e
530 3620 695 3659 paffigium,
712 3619 749 3648 de
763 3617 892 3647 Fratrum
905 3615 1070 3647 nostrorum
1088 3612 1226 3652 consilio,
1243 3621 1342 3644 termi-

294 3666 365 3687 num
377 3657 502 3690 duximus
518 3656 731 3697 praefigendum.
1151 3690 1157 3696 ,
1261 3690 1267 3696 ,

330 3694 473 3726 Attendite
490 3699 582 3736 itaque
605 3696 716 3734 fratres,
733 3695 767 3726 &
788 3693 852 3731 filii,
870 3691 1011 3731 praemissa
1032 3691 1159 3736 diligenti
1171 3696 1343 3734 attentione,

292 3732 424 3772 pensate,
441 3737 561 3774 cogitate
578 3734 728 3765 consultius
742 3757 751 3771 ,
776 3740 911 3771 quantum
934 3739 1085 3773 memorati
1105 3739 1141 3759 ne
1159 3738 1220 3771 otu·
1233 3727 1346 3796 {qualitas

292 3780 347 3801 vos
364 3771 495 3802 inducere
515 3775 614 3804 debeat
630 3773 664 3803 ad
682 3771 899 3802 subventionem
919 3770 948 3799 in
970 3769 1020 3798 hiis
1039 3768 1133 3799 eidem
1176 3776 1223 3804 egi
1245 3774 1346 3804 ponta-

293 3817 375 3839 neam
387 3832 397 3846 ,
415 3810 506 3840 immo
517 3812 550 3841 δε
563 3812 718 3841 ultroneam
732 3808 932 3839 exhibendam:
954 3807 1104 3846 Qantum
1125 3805 1224 3842 decet,
1242 3812 1272 3834 ut
1293 3813 1345 3834 vos

293 3847 452 3888 praecipue,
470 3849 498 3876 'iri
517 3848 619 3878 sortem
641 3848 765 3879 Domini
783 3847 909 3883 evocati,
926 3855 1064 3884 onerum,
1084 3853 1149 3883 quae
1168 3843 1279 3882 negotia
1299 3841 1344 3885 sua

149 3897 164 3914 σ
174 3896 281 3932 11519,
292 3886 454 3923 requirunt,
472 3885 517 3914 seu
530 3886 658 3916 ministris
670 3888 728 3930 ejus
746 3886 765 3905 '¹‘
781 3887 810 3915 in
822 3884 872 3915 illis
892 3885 1061 3921 imminent,
1075 3892 1129 3914 vos
1146 3891 1208 3912 non
1227 3879 1346 3924 reddatis

297 3931 419 3955 ⁶¹0³&
457 3922 606 3961 Quantum
616 3924 690 3957 foret
699 3924 849 3962 indecens,
866 3922 953 3962 quam
964 3922 1134 3961 absurdum,
1148 3919 1169 3952 si
1183 3918 1275 3951 Laicis
1286 3927 1343 3958 pro

693 18 1486 78 CONVENTIONES,

1563 18 1959 74 LITERAE,

1359 103 1520 144 hujusmodi
1533 104 1745 149 *Redemptoris
1763 105 1854 137 nostri
1873 106 2004 144 servitio,
2017 104 2095 136 ultro
2113 107 2320 145 exponentibus
2342 107 2370 139 se
2391 117 2425 140 ac
2442 110 2567 148 Amin·

1360 144 1424 182 sua,
1441 153 1492 174 vos
1514 153 1540 174 ei
1561 143 1598 175 de
1617 146 1667 176 suo
1686 145 1842 176 commisso
1866 146 1948 176 vobis
1960 145 2132 182 patrimonio
2146 153 2255 183 partem
2268 146 2428 186 ydoneam,
2469 143 2567 194 1291s

1360 182 1464 225 absque
1479 184 1630 225 monitoris
1643 185 1676 214 &
1689 184 1870 214 sollicitatoris
1881 182 1982 214 officio
1994 192 2056 213 non
2067 182 2176 213 offertis
2184 205 2195 221 ,
2204 183 2222 214 li
2231 206 2242 222 ,
2251 183 2332 222 quod
2342 186 2430 226 absit,
2443 194 2511 222 nv,
2530 202 2555 223 ι,

1361 220 1516 251 coacuoms
1529 220 1673 252 dexteram
1687 223 1846 260 expedietis.

1401 258 1573 297 Qianquam
1589 261 1673 297 igitur
1686 269 1847 291 memorato
1861 259 1956 298 Regi,
1970 257 2005 289 ad
2019 258 2248 297 prosecutionem
2262 269 2322 291 tam
2335 260 2433 301 ardui,

1363 305 1422 327 tam
1443 297 1555 327 onerosi
1574 299 1702 338 negotii,
1717 300 1850 330 omnium
1872 297 2138 329 Ecclesiasticorum
2158 307 2352 338 proventuum
2369 322 2380 338 ,
2396 302 2432 332 ὅ(

1364 334 1527 366 reddituum
1541 335 1700 376 decimam,
1717 339 1747 367 in
1762 337 1874 377 Angliae
1889 337 2052 374 Scotiaeque
2073 336 2198 376 Regnis,
2213 337 2247 368 &
2267 337 2296 366 in
2316 337 2431 369 Walliae

1363 383 1397 404 ac
1409 373 1568 412 Hyberniae
1582 375 1681 406 Terris
1690 399 1700 413 ,
1713 377 1789 414 juxta
1802 375 2011 406 ordinationem
2024 375 2150 406 Concilii
2165 375 2379 415 Lugdunensis,
2394 377 2429 408 ad

1363 412 1582 443 subventionem
1601 413 1701 444 Terrae
1719 414 1842 453 praefatae
1863 413 2030 451 comestam,
2050 414 2084 444 &
2104 414 2155 444 alia
2174 413 2304 452 quaedam
2320 413 2436 445 duxeri-

1365 460 1431 480 mus
1446 451 1650 490 concedenda,
1667 454 1701 484 ὃς
1713 452 1799 490 ipffim
1812 452 1972 490 decimam,
1989 452 2040 482 sibi
2052 461 2102 489 per
2117 452 2180 482 alias
2194 452 2303 483 nostras
2315 453 2435 493 litteras,

1365 488 1471 519 statutis
1491 489 1526 519 ad
1551 489 1608 520 hoc
1627 491 1752 521 terminis
1772 490 1897 531 assignari
1917 490 2103 528 mandemus,
2119 491 2185 530 quia
2205 499 2301 521 tamen
2315 500 2376 522 nori
2391 492 2432 522 est

1364 526 1485 558 dubium
1501 527 1578 558 idem
1592 530 1741 568 negotium
1755 529 1840 569 longe
1855 531 1966 568 majoris
1985 529 2179 560 subventionis
2200 529 2302 560 auxilio
2321 530 2434 568 indige-

1365 575 1412 603 re,
1429 565 1572 610 decimam
1585 569 1717 598 omnium
1735 567 1998 598 Ecclesiasticorum
2022 566 2203 606 reddituum,
2219 576 2434 608 proventuum,

1366 604 1399 635 &
1417 605 1629 635 obventionum
1648 605 1717 636 dieii
1740 606 1835 636 Reoni
1854 606 1960 637 Scotiae
1975 629 1986 645 ,
1999 606 2078 644 juxta
2099 614 2197 636 veram
2217 607 2432 638 extimationem

1368 652 1487 681 eorum,
1503 643 1621 681 praefato
1635 644 1711 683 Regi
1724 644 1760 674 de
1774 631 1904 675 (fonsilio
1917 645 2039 684 ipsorum
2053 644 2170 675 fratrum
2183 644 2372 676 concessimus
2386 655 2438 684 pei·

1367 681 1412 711 sex
1430 691 1520 725 annos
1535 705 1545 720 ‚
1575 683 1592 712 a
1611 682 1698 714 Festo
1717 682 1879 714 Nativinitis
1899 682 1976 713 Beati
2000 683 2140 720 Johannis
2159 681 2291 724 Baptistae
2311 691 2437 715 venturo

1367 721 1498 759 proxime
1512 722 1716 752 numerandos.

1409 758 1556 796 Qiocirca
1571 758 1793 790 Universitatem
1805 759 1927 790 vestram
1942 769 2112 799 monemus,
2126 769 2260 800 rogamus
2284 760 2318 792 &
2339 759 2436 792 horma

1371 804 1436 828 mur
1454 807 1504 835 per
1524 798 1627 829 viscera
1646 797 1845 828 misericordiae
1866 797 1927 828 Dei
1946 797 2036 829 nostri
2053 821 2062 836 ,
2088 799 2170 829 vobis
2191 800 2221 829 in
2239 798 2436 830 remissionem

1369 836 1587 874 peccaminum,
1605 845 1640 866 ex
1652 836 1759 866 affeiftu
1773 837 1876 867 intimo
1890 836 2048 875 suadentes,
2067 837 2100 868 &
2115 837 2315 868 nichilominus
2327 848 2376 876 per
2393 839 2437 869 A·

1371 873 1510 912 postolica
1532 874 1632 912 scripta
1654 874 1840 914 mandantes,
1863 876 1993 913 quatinus
2013 875 2145 914 saepefato
2167 875 2267 914 Regi,
2292 875 2437 908 decimam

1370 914 1503 944 omnium
1524 912 1684 944 vestrorum
1706 912 1968 944 Ecclesiasticorum
1989 914 2149 944 reddituum
2164 937 2174 953 ,
2189 923 2381 952 proventuum
2402 917 2439 947 &

1371 951 1594 983 subventionum
1609 975 1618 991 ,
1633 953 1712 990 juiita
1735 951 1885 989 praemissae
1905 951 2093 982 conceffionis
2116 954 2221 983 nostrae
2239 953 2365 984 formam
2376 976 2388 993 ,
2402 953 2440 985 ad

1371 989 1539 1021 vindicanda
1553 999 1628 1021 tanta
1642 989 1770 1029 Christi,
1785 991 1818 1022 &
1840 989 2051 1021 Christianitatis
2073 990 2246 1029 obprobria,
2263 992 2297 1022 &
2316 993 2435 1030 propul-

1371 1028 1453 1059 sanda
1467 1037 1524 1060 tam
1538 1030 1633 1068 gravia
1645 1028 1770 1067 ejusdem
1784 1029 1885 1059 Terrae
1899 1028 2187 1066 discrimina,divinae
2203 1031 2307 1067 pietatis
2319 1032 2438 1071 intuitu,

1374 1068 1410 1099 &
1433 1068 1474 1098 ob
1494 1068 1680 1099 reverentiam
1702 1066 1879 1106 Apostolicae
1898 1067 1991 1106 sedis,
2007 1067 2041 1098 &
2061 1066 2188 1098 nostram
2202 1090 2214 1106 ,
2230 1068 2268 1098 sic
2287 1068 2435 1101 liberaliter

1372 1106 1506 1137 exhibere
1519 1105 1724 1146 curetis,quod
1738 1106 1857 1136 liberalis
1870 1106 2047 1136 exhibitionis
2063 1105 2153 1136 vestra
2166 1107 2321 1138 voluntaria
2336 1117 2437 1145 prom-

1371 1144 1483 1182 ptitudo
1491 1144 1699 1184 ,necessitatem
1707 1144 1854 1183 cujussibet
1866 1144 2021 1175 coadtionis
2034 1144 2184 1175 excludens
2192 1167 2203 1183 ,
2217 1144 2245 1174 se
2258 1146 2432 1176 meritoriam

1372 1183 1447 1222 apud
1462 1183 1579 1222 Deum,
1597 1185 1631 1216 &
1645 1185 1662 1214 a
1677 1184 1758 1214 nobis
1773 1182 1996 1221 prosequendam
2010 1184 2158 1222 gratiarum
2170 1184 2346 1223 actionibus,
2364 1193 2435 1215 cuin

1374 1222 1628 1292 opoffljiafgoris
1647 1230 1818 1263 augmento,
1835 1222 2000 1260 cunctisque
2019 1222 2193 1253 audientibus
2214 1221 2343 1254 exhibeat
2357 1232 2442 1254 com—

1374 1270 1443 1292 men
1566 1284 1572 1291 .

1410 1337 1479 1383 Dar.
1497 1337 1570 1377 apud
1588 1337 1706 1369 Urbem
1727 1337 1864 1370 Veterem
1889 1345 1922 1377 15
1948 1336 2092 1369 Kalendas
2110 1336 2216 1376 Aprilis
2228 1360 2239 1377 ,
2255 1334 2444 1370 Ponnfieatfis

1373 1376 1464 1408 nostri
1480 1387 1558 1408 anno
1571 1385 1681 1415 quarto.

2078 1453 2136 1490 Sub
2141 1452 2196 1495 filo
2207 1453 2334 1485 candeo.

1570 1599 1678 1630 Litera
1697 1593 1732 1628 de
1748 1593 1866 1629 decima
1885 1592 2014 1628 Yberniae
2031 1593 2156 1641 concss'a
2174 1596 2261 1642 Regi.

1379 1680 1455 1743 N
1464 1681 1573 1712 Icolaus
1583 1680 1609 1712 E
1631 1681 1757 1720 iscopus,
1776 1681 1869 1712 servus
1882 1679 2026 1713 servorum
2038 1679 2096 1712 Dei
2130 1680 2282 1712 venerabili
2296 1680 2386 1712 Fratri
2401 1679 2443 1711 E·
2456 1686 2533 1719 Αῃῃ,
2547 1687 2570 1721 E

1413 1760 1418 1764 .
1472 1720 1549 1764 pisco
1605 1691 1730 1750 Kslidenli
1764 1720 1798 1751 ὃ(
1809 1719 1915 1764 dilecto
1929 1719 1989 1750 silio
2031 1758 2036 1764 ·
2071 1759 2074 1763 .
2093 1702 2217 1751 becario
2230 1718 2367 1751 Ecclefiae
2374 1719 2441 1751 Du-
2476 1736 2561 1767 1291.

1379 1758 1528 1798 bhnenlis,
1556 1758 1660 1789 alutem
1676 1759 1709 1790 &
1725 1743 1923 1797 Apostolicam
1934 1757 2175 1789 benedictionem.
2456 1770 2508 1795 An.
2531 1777 2539 1795 i
2545 1776 2570 1803 9.

1418 1797 1495 1828 Non
1505 1798 1607 1836 absque
1620 1797 1723 1828 laetitiae
1734 1797 1831 1828 multae
1845 1796 1977 1835 materia,
1994 1806 2054 1826 non
2065 1795 2168 1835 absque
2183 1796 2266 1829 causa
2279 1797 2388 1837 grandis
2395 1806 2444 1828 ex-
2458 1809 2488 1833 E.
2513 1815 2537 1833 ι,

1379 1835 1519 1867 ultationis
1531 1837 1560 1866 in
1575 1835 1709 1867 Domino
1743 1837 1813 1867 intra
1829 1837 1930 1866 mentis
1941 1835 2043 1866 secreta
2057 1837 2251 1875 revolvimus,
2267 1838 2301 1867 &
2315 1837 2371 1867 aliis
2391 1846 2444 1876 pu·
2456 1848 2495 1872 Ex
2508 1846 2570 1879 Aa,

1381 1874 1539 1920 blicamus,
1555 1875 1635 1913 quod
1648 1874 1698 1919 'ille
1712 1859 1796 1919 Rex,
1815 1875 1843 1904 in
1855 1875 1933 1919 cujus
1948 1883 2034 1919 manu
2047 1872 2163 1918 Regum
2178 1876 2266 1918 corda
2276 1873 2446 1919 consistunt,
2456 1890 2521 1920 ‘08⁷-

1381 1913 1512 1960 carissimi
1532 1923 1562 1944 in
1581 1912 1700 1958 Christo
1721 1913 1769 1944 filu
1794 1911 1883 1943 nostri
1898 1912 2030 1957 Edwardi
2046 1911 2134 1952 Regis
2148 1912 2260 1957 Angliae
2273 1913 2384 1958 illustris
2395 1913 2448 1944 be-

1382 1951 1837 2036 ffissirssassibfiifssssrssss‘sqffgissf
1849 1951 2450 2035 rfflsstesszissssffizffaessazffi¹ssffflffiff

1381 2029 1894 2113 ἑῗὲἒιῗὲἓῑὲῗῗῗρέἔὲἓὲωὲῗόρῗὲζ
1909 2028 2291 2112 ἷξὶῇἓῖἷὲἓὲἒὲἶνῗθῗὲξιξ
2301 2029 2447 2112 ’ςξιᾞὲἕξὲ

1382 2107 1528 2146 periculo,
1546 2117 1607 2138 non
1627 2106 1729 2146 absque
1751 2116 1859 2145 magnis
1878 2107 2033 2145 iumpnbus
2054 2108 2087 2138 &
2110 2105 2251 2137 laboribus
2289 2108 2398 2138 ravibus
2416 2115 2449 2137 in

1382 2148 1517 2185 temporis
1529 2156 1549 2176 o
1591 2146 1720 2176 rtunitate
1732 2145 1878 2183 subvenit,
1887 2146 1919 2176 &
1934 2155 1968 2176 ex
1983 2154 2052 2175 tunc
2066 2154 2240 2183 conceptum
2253 2116 2288 2176 a}
2302 2146 2379 2176 idem
2388 2154 2448 2175 tam

1405 2186 1464 2215 ium
1484 2185 1522 2216 sui
1575 2184 1747 2222 edemptoris
1767 2183 1934 2223 obsequium
1948 2206 1958 2222 ,
1975 2183 2171 2214 continuando
2189 2184 2383 2224 propositum,
2397 2193 2449 2214 ve-

1384 2194 1434 2254 iiid
1448 2224 1605 2254 immernor
1617 2224 1746 2262 gravium
1761 2223 1971 2260 periculorum,
1989 2231 2053 2260 quae
2067 2231 2116 2259 per
2132 2223 2270 2253 insidiosas
2285 2222 2449 2253 manusAs-

1386 2262 1481 2292 ciscini
1495 2262 1638 2301 cujusdam
1649 2263 1679 2291 in
1692 2261 1749 2299 ipsa
1760 2262 1852 2292 Terra
1866 2261 2000 2299 subierat,
2017 2262 2051 2292 &
2066 2259 2164 2291 eadem
2177 2260 2313 2292 laudanda
2334 2270 2449 2302 magna-

1383 2301 1510 2331 nimitate
1523 2309 1749 2338 contempnenS,
1765 2300 1802 2330 de
1815 2310 1895 2330 novo
1910 2298 2032 2342 ejusdem
2046 2299 2147 2330 Terrae
2160 2301 2308 2339 negorium
2329 2301 2360 2330 in
2381 2310 2447 2337 per-

1383 2338 1451 2369 sons
1468 2339 1599 2377 propria,
1617 2339 1651 2370 &
1674 2338 1773 2377 Regali
1793 2339 1922 2377 potentia
1943 2337 2189 2376 prosequendum,
2204 2347 2342 2380 tanquam
2365 2337 2447 2368 Prin-

1382 2376 2065 2455 {insilssssuszfflfflssi‘3353552‘0210122
2073 2375 2452 2447 {ess'm‘iffipffnieffliofffff

1383 2456 1540 2486 centesimo
1554 2453 1740 2494 nonagesimo
1752 2455 1852 2493 tertio,
1872 2453 1951 2493 quod
1964 2438 2025 2484 iam
2041 2454 2109 2492 fibi,
2128 2454 2214 2492 quarn
2229 2454 2286 2484 aliis
2309 2454 2450 2494 crucelig-

1384 2495 1472 2533 natis,
1490 2495 1523 2525 &
1548 2492 1772 2533 crucesignandis
1790 2493 1824 2522 ad
1846 2492 1976 2532 generale
1990 2491 2055 2530 pass
2083 2492 2143 2523 ium
2156 2492 2194 2524 de
2207 2492 2324 2524 fratrum
2335 2491 2452 2523 nostro-

1384 2542 1447 2563 rum
1467 2532 1588 2563 consilio
1601 2532 1756 2563 terminum
1770 2531 1900 2562 duximus
1914 2531 2048 2572 praefigen
2069 2540 2126 2562 um.

1422 2570 1507 2602 Licet
1520 2580 1614 2602 autem
1627 2570 1721 2601 eidem
1735 2570 1810 2609 Regi
1825 2571 1859 2600 ad
1874 2570 2103 2607 prosecutionem
2117 2579 2176 2600 tam
2189 2569 2267 2601 ardui
2275 2593 2286 2610 ‚
2304 2577 2363 2601 tam
2376 2578 2450 2600 one-

1384 2609 1439 2639 rosi
1452 2611 1576 2649 negotii,
1594 2610 1728 2640 omnium
1745 2608 2007 2640 Ecclesiasticorum
2022 2610 2273 2647 pi·oventuum,&
2290 2608 2450 2639 reddituum

1384 2646 1527 2678 decimam
1541 2649 1571 2679 in
1583 2647 1695 2687 Angliae
1711 2648 1874 2685 Scotiaeque
1889 2646 1919 2676 R
1938 2648 1999 2676 onis
2007 2648 2058 2684 ,&
2074 2648 2104 2676 in
2115 2646 2229 2677 Waniae
2243 2648 2277 2678 &
2290 2646 2451 2685 Hyberniae

1384 2685 1484 2716 Terris
1515 2688 1592 2725 juxta
1612 2685 1822 2716 ordinationem
1843 2657 1970 2715 Conciiii
1989 2681 2185 2727 Lugdunensis
2197 2707 2208 2722 ,
2225 2684 2259 2714 ad
2282 2684 2450 2715 subventio-

1369 2709 1577 2754 W'f‘errae
1600 2724 1723 2761 praefatae
1742 2722 1910 2765 colle6tam,
1931 2723 1965 2754 &
1981 2722 2032 2752 alia
2054 2722 2184 2759 quaedam
2200 2721 2329 2753 duximus
2343 2732 2454 2754 conce—

1386 2761 1493 2801 denda,
1512 2764 1546 2793 ὅ(
1568 2762 1652 2799 ipsam
1675 2761 1817 2791 decimam
1840 2762 1890 2791 libi
1912 2770 1962 2798 per
1981 2760 2045 2790 alias
2058 2759 2167 2791 nostras
2178 2760 2279 2792 litteras
2295 2761 2401 2792 statutis
2416 2761 2453 2792 ad

1385 2800 1445 2830 hoc
1464 2801 1591 2831 terminis
1613 2799 1658 2830 aff
1681 2800 1739 2830 nari
1760 2799 1945 2837 mandemus,
1965 2799 2028 2837 quia
2050 2806 2145 2829 tamen
2167 2809 2228 2830 non
2250 2799 2292 2830 est
2313 2799 2453 2838 dubium,

1386 2837 1464 2869 idem
1485 2840 1633 2878 negotium
1666 2847 1742 2878 onge
1763 2838 1875 2877 majoris
1894 2837 2087 2869 subventionis
2097 2836 2200 2868 auxilio
2214 2837 2355 2878 indigere,
2375 2837 2455 2869 deci-

1387 2886 1465 2908 mam
1479 2878 1611 2908 omnium
1632 2876 1895 2908 Ecclesiasticorum
1914 2874 2094 2915 reddituum,
2110 2885 2323 2917 proventuum,
2343 2878 2377 2908 &
2399 2877 2454 2908 ob-

1384 2917 1554 2948 ventionum
1579 2915 1747 2947 eorumdem
1767 2914 1939 2958 Regnorum
1960 2915 1994 2946 &
2008 2914 2185 2954 Terrarum,
2199 2917 2278 2955 juxta
2292 2925 2390 2947 veram
2403 2925 2454 2946 ex-

1384 2955 1565 2986 timationem
1584 2964 1686 2986 eorum
1701 2978 1711 2993 ,
1743 2959 1861 2994 praetato
1882 2952 1912 2983 R
1952 2954 1957 2960 '
1980 2953 2016 2984 de
2037 2952 2168 2984 Consilio
2188 2954 2312 2993 ipsorum
2333 2954 2452 2985 fratrum

1386 2992 1578 3024 concessimus
1600 3003 1650 3032 per
1667 2993 1712 3023 sex
1729 3002 1834 3031 annos,
1854 2993 1869 3022 a
1892 2992 1931 3022 Fe
1957 3002 1977 3022 ο
1997 2992 2016 3012 *
2033 2991 2198 3024 Nativitatis
2218 2992 2296 3025 Beati
2309 2992 2452 3032 Johannis

1386 3031 1514 3071 Baptistae
1526 3040 1649 3063 venturo
1662 3032 1792 3071 proxime
1806 3030 2001 3062 numerandos.

1425 3070 1452 3100 A
1466 3069 1646 3108 praestatione
1660 3080 1731 3101 vero
1744 3070 1863 3100 decimae
1877 3069 2038 3105 hujusmodi
2057 3070 2230 3108 exemimus,
2248 3069 2282 3101 δε
2302 3079 2384 3100 exem
2405 3079 2450 3102 tos

1387 3108 1445 3140 esse
1459 3108 1592 3139 volumus
1606 3109 1787 3146 Templarios
1803 3110 1836 3140 ἃ
1852 3108 2069 3150 Hospitalarios,
2090 3109 2138 3146 qui
2153 3117 2252 3140 contra
2271 3108 2366 3139 hostes
2405 3109 2452 3140 dei

1387 3146 1560 3186 christianae,
1578 3147 1605 3178 se
1617 3157 1650 3178 ac
1663 3147 1707 3177 sua
1723 3148 1751 3177 'in
1765 3147 1945 3178 ultramarinis
1958 3157 2101 3185 exponere
2121 3146 2242 3184 partibus
2264 3156 2325 3177 non
2348 3147 2452 3178 formi-

1387 3186 1470 3223 dant,
1489 3187 1594 3224 quique
1608 3194 1724 3224 propter
1737 3185 1917 3216 dillentiones
1931 3187 2014 3217 seculi
2029 3195 2096 3224 quas
2111 3185 2273 3223 frequenter
2286 3186 2315 3215 in
2337 3195 2374 3216 eo
2394 3187 2451 3217 sus-

1387 3226 1466 3255 citari
1481 3226 1638 3263 contingit,
1656 3226 1684 3254 in
1699 3223 1811 3254 diversis
1827 3224 1927 3255 mundi
1940 3224 2063 3263 partibus
2074 3223 2196 3261 dampna
2216 3225 2309 3263 gravia
2350 3225 2451 3255 eitule-

1386 3272 1598 3295 runtzinecnon
1619 3264 1653 3294 &
1676 3264 1772 3293 omnia
1793 3264 1874 3301 loca,
1893 3264 2037 3301 pei-sonas,
2055 3263 2089 3294 &
2108 3272 2167 3300 ree,
2185 3271 2250 3300 quae
2262 3272 2312 3300 per
2347 3263 2450 3293 eclara-

1385 3303 1478 3333 tiones
1496 3301 1569 3332 olim
1589 3311 1639 3339 per
1659 3300 1753 3332 sedem
1775 3301 1973 3340 Apostolicam
1995 3301 2097 3340 editas,
2115 3310 2182 3340 quas
2197 3300 2280 3332 vobis
2293 3302 2448 3339 mittimus,

1385 3341 1477 3377 excipi
1489 3339 1679 3370 dinoscuntur.

1423 3378 1471 3410 Ut
1484 3387 1580 3409 autem
1594 3378 1694 3409 eadem
1708 3378 1803 3409 nostra
1816 3378 1962 3410 concessio
1974 3378 2184 3417 promptiorem
2198 3377 2383 3417 consequatur
2403 3376 2448 3407 ef-

1386 3418 1514 3455 foetum,
1532 3417 1702 3448 venerabiles
1716 3418 1811 3448 fratres
1831 3417 1944 3448 nostros
2002 3417 2278 3456 Armachanensem,
2380 3415 2448 3446 Du-

1385 3455 1559 3494 blinensem,
1663 3455 1863 3488 Caffellensem
1875 3480 1885 3494 ,
1904 3457 1938 3488 &
2014 3455 2227 3486 Thuameniem
2248 3453 2445 3492 Archiepisco-

1385 3505 1438 3533 pos
1452 3503 1610 3532 eorumque
1624 3493 1835 3533 SuffraganeOS,
1853 3505 1886 3527 ac
1904 3494 2024 3526 dilectos
2041 3493 2113 3524 filios
2205 3493 2321 3524 Eiectos

1384 3533 1528 3571 Abbates,
1601 3531 1726 3576 Priores,
1800 3533 1953 3572 Decanos,
2008 3531 2252 3570 Archidiaconos,
2324 3515 2443 3568 Praepo-

1383 3572 1464 3610 sitos,
1539 3569 1812 3609 Archipresbiteros‚
1829 3573 1863 3605 &
1876 3572 1943 3602 alios
1956 3570 2147 3602 Ecclesiarum
2161 3570 2309 3606 Prxlat0s3
2326 3578 2442 3600 necnon

1383 3609 1514 3648 Capitula
1548 3608 1734 3648 Conventus,
1748 3611 1781 3641 δε
1797 3610 1927 3648 Collegia
1940 3608 2100 3640 Cistertien.
2113 3607 2280 3640 Cluniacen.
2294 3607 2445 3638 Praemon-

1384 3647 1495 3678 straten.
1511 3632 1606 3678 §ansts
1618 3646 1763 3691 Benedidti
1771 3672 1781 3688 ,
1798 3649 1894 3680 Saneti
1906 3649 1952 3679 Au
1973 3648 2078 3690 ustirii,
2090 3645 2243 3679 Cartusoen.
2252 3644 2442 3689 Grandimon.

1385 3687 1420 3717 &
1439 3686 1559 3716 aliorum
1580 3686 1732 3727 ordinum,
1748 3697 1781 3718 ac
1803 3697 1917 3719 caeteras
1934 3690 1997 3717 aias
2012 3690 2139 3725 personas
2153 3683 2373 3722 Ecclesiasticas,
2390 3685 2444 3716 Se-

1385 3723 1508 3762 culares,
1525 3726 1559 3756 &
1575 3723 1744 3764 Regulares,
1762 3735 1904 3764 exemptas
1917 3726 1951 3756 &
1963 3735 2022 3755 non
2044 3731 2201 3760 exemptaS,
2219 3731 2269 3764 per
2287 3721 2443 3754 Armacha-

1385 3762 1515 3801 nensem,
1534 3763 1758 3802 Dublinensem,
1777 3764 1994 3801 Cass'ellensem,
2012 3763 2046 3793 ὅτ
2064 3762 2276 3792 Thuamensem
2291 3783 2301 3799 ,
2318 3761 2442 3793 Provin-

1384 3802 1440 3832 cias
1462 3800 1641 3840 constitutaS,
1679 3813 1710 3834 er
1729 3804 1792 3834 alias
1809 3803 1918 3833 nostras
1940 3803 2041 3832 litteras
2054 3808 2222 3841 monemus,
2241 3807 2391 3839 rogamus,
2406 3802 2441 3832 &

1382 3839 1530 3870 hortamur
1549 3850 1598 3878 per
1618 3842 1646 3872 v‘
1658 3851 1723 3873 cera
1741 3841 1938 3874 misericordiae
1956 3839 2015 3870 Dei
2028 3836 2134 3874 nostri,
2153 3845 2190 3866 eis
2205 3837 2234 3866 in
2249 3837 2446 3881 remissionem

1383 3879 1585 3916 peceaminum
1603 3879 1746 3912 suadentes
1797 3881 1832 3912 &
1851 3878 2050 3910 nichilominus
2070 3883 2120 3918 per
2149 3874 2316 3912 Apostolica
2344 3877 2443 3915 scripta

1383 3916 1562 3957 uiandantes.
1579 3926 1611 3952 ut
1630 3918 1727 3953 eidem
1744 3903 1824 3958 Regi
1843 3916 2129 3950 deeimamommum
2143 3912 2257 3947 fiiorurn
2269 3914 2446 3948 Ecclesiasti-

2340 3961 2444 3986 corum

2461 3015 2478 3033 ⁰
2488 3015 2570 3053 11.52‹
