2570 4261
238 182 295 221 90

91 255 167 286 Anii.
178 251 218 283 D.
239 254 356 293 quidem
369 278 379 292 ,
401 260 516 291 propter
535 251 643 282 viarum
666 247 812 287 pericula,
828 247 931 285 scripto
946 245 1090 276 noluimus
1111 237 1298 273 commenda-

118 300 203 330 1223.
237 304 276 324 re.

91 335 155 360 Heu.
173 340 198 368 3.
1192 355 1196 360 ,

278 367 368 399 Teste
380 365 486 403 meipso
501 363 574 402 apud
590 363 726 395 London.
746 362 862 393 decimo
882 372 964 392 nono
979 359 1025 390 die
1038 356 1229 398 Decembris,
1247 362 1300 396 co-

242 418 303 439 ram
318 406 453 436 Huberto
464 404 500 434 de
513 403 609 441 Biirgo
619 402 797 441 Justiciario,
816 403 850 433 &
864 400 983 431 Bathon.
1003 400 1037 429 &
1056 397 1128 427 Sari.
1147 392 1302 431 Episcopis.

97 547 114 564 *
125 546 148 574 1.
162 544 226 578 264.
454 529 473 548 ’⁴‘
498 526 660 574 Ejusmodi
675 530 794 560 Littera
809 526 940 558 Domino
957 520 1097 555 Gualoni.

98 618 175 650 Ann.
185 616 224 647 D.
245 616 309 677 D
319 614 433 645 Omino
446 613 574 658 Guissoffl.
585 612 709 655 salutem..
851 648 857 653 υ
1209 641 1214 645 .

120 665 203 694 1223-
359 654 408 684 De
428 653 576 690 multiplici
601 652 635 682 &
657 650 737 680 solito
748 647 878 687 suffragio
893 644 1005 682 vestro,
1025 653 1084 681 quo
1099 641 1135 671 de
1148 638 1247 670 nubilo
1263 648 1307 668 re-

245 692 378 723 ducimur
393 694 422 722 in
437 691 565 721 serenum
577 713 585 727 ,
605 691 634 718 in
648 688 742 718 multis
758 686 902 724 promoti,
922 693 987 721 quas
1002 683 1035 713 &
1052 680 1145 719 quales
1159 678 1306 718 possumus

248 732 333 763 vobis
351 730 523 761 effundimus
546 728 697 768 gratiarum
719 726 861 762 affiones,
879 722 1026 753 dileffioni
1039 719 1139 750 vestr-ie
1155 728 1208 758 pro
1224 725 1305 759 certo

688 764 724 794 de
736 773 822 807 pace,
840 763 922 793 nobis
936 762 969 791 ὅ(
983 769 1065 790 terrce
1087 757 1192 788 nostrae
1214 754 1306 786 reddi-

96 699 149 725 ΛΗ,
168 696 195 722 8.

99 739 132 761 H.
156 743 180 769 3.

97 772 200 800 Ibidem·
245 770 395 801 referentes
411 767 506 806 quod,
525 765 676 804 postquam
1097 798 1101 802 ι

248 817 275 840 ta
290 833 300 846 ,
323 807 406 847 gavisi
427 806 518 836 sumus
532 830 541 843 ,
567 813 712 842 nunquam
733 812 869 840 majorem
889 800 966 838 spem
981 806 1169 842 concepimus
1184 796 1219 825 de
1231 803 1307 825 tran-

248 846 372 884 quilitate
392 846 426 876 &
449 844 644 874 melioratione
666 841 749 872 status
769 839 859 870 nostri
871 840 905 870 &
922 838 1017 877 Regni
1030 837 1135 874 nostri,
1154 843 1241 872 quem
1255 842 1307 877 ve-

244 885 375 916 nerabilis
389 885 423 915 ὃς
438 883 554 913 ἀίΙεᾶυε
568 881 651 912 nobis
665 882 693 910 in
709 878 827 909 Christo
841 886 916 916 patet
930 874 1135 907 Cantuai‘iensis
1147 873 1309 910 Archiepis-

248 933 340 961 copus
350 946 359 961 ,
378 923 434 953 unii
454 931 521 952 cum
535 919 722 951 Dunelmenfi
737 917 840 956 Episco
850 927 881 946 io
900 917 933 947 ὅ(
949 914 1125 946 Cancellario
1138 911 1255 950 nostro,
1274 911 1308 942 ὃς

247 962 432 1000 Coepiscopis
446 960 514 997 suis,
532 961 565 990 ὅ(
581 960 688 990 exteris
705 957 816 995 Angliae
855 955 968 992 raelatis,
988 952 1128 984 assistente
1149 951 1257 988 semper
1269 950 1308 979 la-

247 1002 301 1032 teri
314 999 412 1030 nostro
424 1007 554 1037 potenter
568 999 601 1029 ὃς
619 1006 742 1035 patenter
755 997 783 1025 in
797 995 880 1024 omni
894 993 1024 1024 fidelitate
1038 991 1174 1022 Huberto
1187 989 1223 1019 de
1238 989 1309 1019 Bur-

247 1039 454 1080 goJusticiario
466 1036 565 1068 nostro
579 1046 648 1066 cum
663 1035 769 1066 caeteris
784 1033 912 1064 fidelibus
925 1030 1043 1070 nostris,
1060 1029 1225 1069 prosperum
1239 1026 1310 1058 effe-

247 1080 288 1109 cit
300 1079 334 1108 &
347 1077 537 1115 tranquillum.

286 1116 352 1153 Set,
372 1126 441 1147 cum
462 1125 523 1144 non
543 1113 668 1144 dormiat
689 1113 753 1152 ille,
771 1111 819 1150 qui
841 1109 954 1149 pacifica
974 1108 1061 1140 corda
1074 1107 1183 1138 turbare
1198 1105 1311 1143 nititur,

248 1154 463 1193 supplicavimus
476 1153 610 1184 Domino
624 1152 708 1189 Papae
723 1160 770 1189 ut,
790 1150 809 1180 si
825 1160 879 1188 qua
893 1173 902 1187 ,
929 1158 962 1179 ex
986 1157 1063 1186 parte
1085 1145 1263 1185 quorundam
1276 1153 1311 1175 ex

251 1194 434 1234 Magnatibus
447 1191 548 1223 nostris
557 1216 566 1229 ,
585 1190 773 1221 simulantium
788 1189 814 1219 se
826 1188 900 1219 velle
912 1188 1026 1227 negotia
1038 1186 1134 1228 nostra
1155 1193 1311 1222 promove-

252 1243 302 1270 re,
319 1233 387 1263 sicut
410 1231 588 1270 praesentium
607 1229 689 1267 bajuli
713 1229 762 1258 sibi
778 1235 910 1265 poterunt
925 1227 958 1257 ὃ(
970 1226 1070 1262 vobis,
1090 1226 1109 1254 {i
1124 1223 1233 1261 placet,
1252 1221 1312 1260 ple-

252 1272 314 1302 nius
327 1280 468 1307 enarrare,
486 1270 598 1299 auribus
619 1268 742 1298 Domini
764 1266 848 1304 Papae
867 1263 992 1304 suggesta
1010 1264 1113 1295 fuerint
1132 1263 1184 1292 hiis
1199 1269 1312 1291 contra-

252 1311 310 1348 ria,
328 1310 418 1340 inania
429 1309 461 1339 &
476 1307 530 1338 fide
542 1309 635 1337 minus
649 1306 733 1346 digna
746 1305 813 1336 velit
828 1312 954 1342 reputare
967 1315 978 1341 3
1004 1303 1140 1341 quoniam
1154 1309 1223 1344 cum
1239 1299 1313 1329 mul-

251 1357 351 1380 torum
373 1347 478 1378 diversa
498 1347 529 1376 sit
551 1346 717 1384 plerumque
730 1344 876 1381 voluntas,
893 1352 953 1373 non
968 1341 1101 1372 omnibus
1115 1349 1228 1376 omnia,
1248 1347 1312 1376 quae

253 1389 329 1419 circa
342 1396 394 1416 nos
407 1394 558 1427 geruntur,
575 1385 636 1415 sunt
650 1391 773 1421 accepta.

290 1425 321 1456 Si
343 1424 409 1463 quid
429 1433 522 1454 autem
544 1422 775 1454 contradictionis
796 1420 936 1451 emerfiim
958 1419 1042 1450 fuerit
1056 1443 1065 1457 ,
1083 1416 1162 1456 quod
1176 1415 1261 1454 absit,
1283 1416 1312 1445 in

248 1464 362 1504 ,Regno
375 1462 490 1501 nostro,
509 1462 590 1492 facile
605 1461 696 1491 sedare
711 1461 866 1499 poterimus
881 1483 891 1497 ,
917 1459 1085 1496 propitiante
1106 1456 1257 1492 Domino,
1276 1463 1310 1484 ex

255 1503 405 1534 memorati
432 1501 555 1531 Domini
580 1500 712 1531 Cantuar.
739 1497 952 1536 Archiepiscopi
967 1521 977 1535 ,
1009 1495 1315 1534 coepiscoporumque

253 1543 310 1580 ejus
323 1566 331 1579 Ἰ
353 1540 468 1571 necnon
483 1539 635 1577 justiciarii
652 1538 741 1569 nostri
757 1562 767 1576 ,
789 1538 823 1569 &
843 1537 965 1568 aliorum
985 1534 1110 1566 fidelium
1125 1532 1309 1570 nostrorum,

254 1580 374 1612 consilio
388 1580 422 1611 &
434 1579 545 1609 auxilio.

294 1619 418 1649 Petimus
433 1619 517 1654 igitur
528 1628 542 1648 a
556 1617 709 1648 dilectione
720 1614 812 1647 vestra
825 1622 857 1645 ut
870 1613 1008 1644 Nuncios
1030 1610 1142 1643 nostros
1156 1634 1165 1648 ,
1184 1609 1315 1641 videlicet

254 1657 374 1688 dilectos
389 1658 422 1688 ὃς
438 1655 529 1687 fideles
545 1655 656 1685 nostros
671 1653 844 1694 Magistrum
859 1652 1033 1690 Stephanum
1053 1650 1090 1681 de
1107 1649 1205 1687 Lucy,
1223 1650 1256 1680 ὃς
1272 1648 1313 1679 G.

253 1696 290 1726 de
312 1695 489 1726 Crancumb.
511 1696 559 1732 qui
580 1704 630 1724 vos
650 1694 755 1731 plenius
776 1691 910 1722 instruere
931 1696 1065 1728 poterunt
1079 1688 1115 1719 de
1127 1687 1198 1718 statu
1214 1686 1316 1718 nostro

255 1736 291 1766 &
309 1734 405 1773 Regni
420 1733 511 1764 nostri
524 1757 534 1771 ,
558 1733 625 1763 beni
646 1742 681 1762 ne
703 1731 797 1762 audire
813 1755 821 1769 ,
845 1730 896 1768 &2
913 1730 942 1758 in
955 1726 1248 1770 conspesffltDomini
1262 1725 1316 1756 Pa-

255 1784 317 1813 pae,
332 1774 408 1804 solita
424 1783 477 1811 pro
492 1772 575 1803 nobis
587 1742 659 1801 fagia
673 1769 888 1806 intercessione,
908 1766 1024 1798 reddere
1045 1765 1134 1796 velitis
1153 1765 1315 1803 expeditos,

256 1812 427 1850 efficientes,
443 1811 463 1841 si
478 1811 568 1849 placet
583 1835 592 1848 ,
640 1808 698 1839 uod
719 1808 888 1848 diligentiam
902 1805 1026 1837 Domini
1039 1803 1261 1842 Cantuariensis,
1280 1804 1314 1835 &

255 1850 507 1889 Coepiscoporurn
529 1850 585 1887 ejus
597 1873 607 1886 ‚
649 1847 777 1878 usticiarii
797 1847 881 1877 etiam
897 1868 907 1882 ‚
933 1845 966 1876 δε
986 1843 1113 1874 fidelium
1132 1841 1315 1880 nostrorum,

255 1889 398 1927 specialius
420 1889 502 1918 nobis
527 1886 709 1917 assistentium
723 1911 732 1924 ,
757 1895 828 1924 quos
855 1884 939 1915 vobis
960 1891 994 1913 ex
1015 1882 1109 1913 ressius
1129 1881 1318 1911 nominabunt

257 1928 405 1967 praesentes
420 1926 551 1964 Nuncii,
569 1927 644 1956 circa
657 1935 708 1955 nos
722 1924 875 1962 appositam
889 1931 918 1953 ut
932 1932 989 1959 prae
1012 1922 1126 1958 iximus,
1144 1920 1244 1950 habeat
1252 1919 1319 1950 Do-

257 1968 350 1997 minus
371 1965 446 2003 Papa
467 1963 720 2001 commendatam,
746 1964 780 1994 ὃς
802 1962 903 1993 scribat
916 1961 966 1990 illis
980 1970 1011 1991 ut
1023 1959 1154 1997 spirituali
1186 1958 1260 1988 ladio
1276 1968 1320 1989 re-

257 2005 344 2036 belles
358 2005 458 2042 nobis,
473 2003 658 2042 appellatione
673 2010 796 2039 remota,
812 2000 1009 2038 compescant,
1026 1999 1077 2028 illis
1099 2006 1146 2036 ut,
1176 1996 1320 2028 ecundum

258 2045 332 2074 vires
345 2042 530 2081 temporales,
545 2042 628 2072 nobis
642 2039 760 2071 fideliter
776 2041 809 2071 &
828 2046 958 2078 potenter
976 2036 1179 2076 obsequendo,
1197 2035 1321 2066 laudabi-

258 2082 332 2114 libus
346 2083 463 2120 inceptis
476 2081 527 2112 suis
539 2079 657 2110 firmiter
671 2078 802 2109 insistant.

297 2120 389 2151 Scribi
403 2121 489 2150 etiam
501 2119 656 2157 impetretis
668 2128 684 2148 a
696 2117 829 2148 Domino
848 2115 924 2154 Papa
937 2115 1020 2146 certis
1036 2113 1182 2153 Personis,
1200 2122 1216 2144 a
1231 2112 1321 2144 Nun-

259 2159 310 2190 ciis
329 2158 430 2189 nostris
450 2158 532 2189 vobis
552 2156 732 2188 nominandis
746 2181 756 2193 ,
781 2154 860 2194 quod
874 2179 884 2192 ‚
910 2154 929 2184 si
944 2153 1012 2193 quid
1024 2154 1053 2183 in
1067 2153 1164 2183 animo
1179 2162 1321 2190 concepe-

259 2198 316 2228 rint
335 2206 435 2228 contra
451 2206 504 2226 nos
518 2220 528 2233 ,
553 2195 600 2227 vel
616 2194 809 2233 Justiciarium
828 2193 959 2224 nostrum
975 2215 984 2231 ‚
1009 2192 1055 2224 vel
1070 2191 1138 2222 alios
1153 2191 1190 2222 de
1204 2190 1321 2229 nostris,

259 2237 310 2274 qui
324 2235 406 2266 nobis
420 2234 545 2265 assistunt
557 2259 567 2273 ,
591 2243 608 2264 a
622 2233 768 2272 proposito
784 2232 830 2263 tali
843 2232 979 2270 resiliant,
998 2231 1031 2261 &
1046 2231 1129 2261 nobis
1143 2229 1260 2261 firmiter
1273 2229 1322 2260 ad-

258 2275 384 2305 haereant
397 2298 407 2312 ,
427 2273 553 2312 alioquin
570 2273 649 2312 jiutta
670 2271 877 2311 providentiam
899 2269 1026 2301 Domini
1048 2269 1134 2308 Papae
1153 2267 1323 2302 &vestram

258 2313 482 2351 compescantur.

298 2351 346 2382 Ut
365 2360 460 2382 autem
482 2350 554 2389 hiis,
578 2356 642 2388 quae
663 2349 750 2380 vobis
766 2346 913 2379 scribimus
927 2371 937 2386 ,
956 2347 1046 2386 major
1061 2345 1128 2377 fides
1142 2346 1321 2385 adhibeatur,

258 2391 418 2429 paternitati
429 2389 530 2420 vestrae
541 2389 624 2419 nobis
635 2387 747 2418 dilectae
760 2396 863 2417 notum
877 2386 996 2417 facimus
1010 2385 1089 2424 quod
1102 2386 1161 2416 tam
1175 2385 1323 2423 praesentes

260 2430 379 2467 littetae,
398 2430 484 2467 quam
497 2428 557 2458 aliae
571 2427 670 2458 litterae
683 2425 802 2464 nostrie,
821 2425 957 2455 Domino
972 2424 1056 2461 Papce
1070 2423 1202 2469 directae,
1219 2434 1235 2454 a
1249 2433 1322 2454 con-

260 2468 375 2498 scientia
394 2468 428 2498 &
450 2474 594 2506 praecepto
616 2465 716 2496 nostro
736 2472 924 2502 emanarunt,
957 2464 991 2495 &
1011 2464 1041 2493 in
1061 2463 1206 2501 praesentia
1225 2461 1323 2494 nostrai

260 2506 406 2538 confeetae
419 2506 453 2537 &
467 2505 588 2546 sigillatae
602 2504 726 2535 fuerunt.

295 2583 388 2615 Teste
403 2590 434 2614 ut
447 2582 526 2622 supra
541 2592 640 2614 coram
656 2581 767 2612 eisdem.

262 2729 382 2773 Littera
406 2726 596 2773 quorundam
620 2728 811 2772 Adagnatum
837 2725 973 2755 Honorio
988 2724 1089 2766 Papae,
1116 2733 1151 2752 ne
1159 2720 1326 2766 proditores

307 2780 340 2808 in
359 2773 498 2822 partibus
526 2775 657 2821 ejusdcm
677 2778 759 2820 Papa
783 2781 984 2814 remanentes,
1010 2773 1041 2802 in
1057 2771 1190 2816 Regnum
1209 2770 1326 2816 Angliae

306 2834 511 2858 revertantur.

114 2917 242 2950 AnffD,
263 2909 302 2971 S
312 2907 483 2953 AnCtiffimo
495 2908 572 2952 Patri
585 2917 617 2952 ac
633 2908 767 2938 Domino
780 2905 935 2942 Honorio,
944 2902 1003 2934 Dei
1020 2904 1106 2947 gratia
1120 2903 1235 2946 summo
1247 2903 1326 2934 Pon-

321 2947 388 2978 tifici
439 2948 536 2978 devoti
559 2947 597 2977 sui
618 2947 766 2977 Hubertus
787 2945 824 2975 de
848 2944 944 2983 Burgo
954 2941 1126 2981 Justiciarius
1139 2942 1265 2980 Angli-at,
1285 2942 1324 2972 R.

112 2966 225 3024 2422}ss
263 2985 372 3029 Comes
394 2971 513 3016 (lestriie
561 2985 695 3015 Falcasius
716 2985 753 3014 de
778 2983 918 3020 Boeanre,
944 2980 1149 3024 Philippus-de
1172 2980 1325 3020 Aubigny,

113 3040 148 3062 H.
172 3044 196 3063 a,
263 3024 438 3055 Willielmus
455 3023 491 3054 de
510 3009 664 3062 dantilupo
678 3048 688 3061 ,
711 3022 855 3053 Galfridus
870 3021 906 3051 de
920 3019 1039 3062 Nevill,
1059 3019 1148 3049 Brian.
1167 3018 1203 3048 de
1218 3018 1326 3057 Insula,

114 3077 154 3100 Ex
169 3056 240 3109 (³303,
262 3061 437 3104 Engelardus
450 3062 487 3092 de
502 3062 652 3102 Cigogny,
668 3061 761 3099 Hugo
774 3061 810 3091 de
822 3060 961 3098 Nivona,
979 3057 1073 3088 ndeles
1089 3057 1214 3088 Domini
1238 3057 1326 3098 Regis

113 3112 139 3137 ιη,
153 3115 230 3139 Turre
263 3101 312 3133 An
334 3101 396 3139 lioe,
414 3100 512 3145 seipsos
525 3111 540 3129 a
576 3101 669 3130 oscula
682 3101 788 3139 pedum
804 3100 964 3130 beatorum.

114 3150 190 3178 Lena,
327 3140 462 3171 aternitati
476 3138 577 3169 vestrae
592 3139 769 3176 quascunque
790 3138 935 3180 possumus
972 3136 1104 3167 ratiarum
1121 3134 1268 3165 referimus
1279 3144 1327 3166 ac-

263 3179 354 3210 tiones
402 3188 439 3208 eo
462 3176 540 3216 quod
554 3201 562 3214 ,
587 3178 660 3207 circa
677 3177 889 3207 devotissimum
910 3179 958 3207 ves
975 3185 1038 3206 rum
1053 3198 1062 3213 ‚
1082 3173 1247 3204 Dominum
1260 3183 1328 3204 nos-

264 3226 341 3248 trum
361 3203 526 3247 s-Ienricum
550 3215 663 3254 Regem
684 3215 844 3244 Anoiorum
860 3214 997 3245 illustrem
1010 3237 1020 3252 ,
1043 3222 1103 3243 tam
1123 3222 1173 3250 per
1186 3211 1309 3242 vestram
1316 3234 1328 3250 ,

264 3266 349 3299 quain
364 3266 414 3299 per
427 3255 551 3286 Domini
566 3252 723 3297 pandulphi
732 3239 939 3283 &orwi'cenfis
960 3252 1054 3283 Eiecii
1068 3275 1078 3290 ,
1104 3251 1203 3290 Legati
1222 3250 1326 3288 vestri,

263 3294 498 3331 sollicitudinem,
518 3302 635 3323 manum
648 3292 785 3323 invictam
800 3292 833 3321 &
848 3301 947 3321 curam
962 3290 1177 3331 vigilantem,in
1191 3290 1325 3319 omnium

263 3331 377 3362 suorum
399 3333 582 3370 promotione
595 3332 758 3367 bonorum,
773 3330 901 3368 dignatur
923 3330 1015 3360 vestra
1035 3328 1161 3359 sanctitas
1176 3337 1326 3365 exercere,

117 3383 135 3401 n
144 3384 168 3412 1·
181 3385 245 3420 255·
264 3371 388 3401 universa
403 3372 421 3390 ²¹²
439 3370 561 3405 eiusdem
573 3369 698 3399 Domini
711 3367 799 3398 nostri
814 3369 924 3407 negotia
937 3392 947 3407 ,
973 3367 1119 3407 plusquam
1132 3365 1270 3405 poffimus
1283 3365 1326 3396 di-

264 3417 344 3446 cere,
362 3406 532 3440 laudabiliter
544 3407 756 3446 promovendo.

302 3447 410 3477 Verum
424 3458 492 3477 curn
501 3471 510 3485 ,
525 3448 602 3485 quta
616 3447 739 3477 verbum
753 3444 878 3482 sapientis
887 3466 897 3482 ,
914 3453 976 3473 non
997 3444 1028 3474 sit
1043 3444 1132 3481 major
1146 3444 1233 3474 virtus
1247 3453 1327 3482 quae-

264 3493 342 3521 rere,
362 3495 446 3522 quam
468 3495 536 3516 warta
549 3487 639 3523 tueri,
655 3484 883 3515 dominationem
898 3481 1021 3512 vestram
1034 3491 1095 3511 non
1117 3481 1267 3512 definimus
1281 3483 1327 3520 pia

264 3521 409 3553 sollicitare
424 3497 568 3560 insiantia,
584 3532 632 3560 ut,
650 3523 855 3553 considerantes
876 3519 995 3551 infinitas
1015 3518 1153 3558 angustias
1167 3521 1200 3551 &
1216 3520 1327 3551 labores

265 3567 362 3601 graves
376 3572 440 3599 quas
455 3561 545 3592 vestra
559 3561 684 3592 ianetitas
700 3586 709 3599 ,
738 3561 788 3591 sibi
807 3570 868 3590 non
882 3568 997 3597 parcens
1010 3567 1041 3589 ut
1053 3558 1137 3587 nobis
1151 3558 1244 3598 poffet
1259 3569 1327 3596 pro-

267 3600 368 3641 heere,
386 3610 435 3636 per
450 3599 477 3629 se
488 3610 520 3630 ac
537 3600 616 3638 suOS,
634 3601 664 3629 in
678 3600 841 3630 defensione
855 3597 980 3628 Domini
994 3596 1083 3628 nostri
1097 3596 1131 3627 &
1145 3598 1230 3627 totius
1244 3597 1326 3636 Reg-

266 3645 297 3665 ni
309 3659 319 3674 ,
343 3646 402 3679 non
422 3639 556 3669 recusavit
576 3648 630 3668 nec
650 3640 744 3668 timuit
766 3637 914 3675 sustinere,
932 3638 1141 3667 incrementum
1163 3635 1236 3665 adeo
1255 3635 1327 3666 boni

267 3684 391 3717 nominis
404 3698 413 3712 ,
437 3676 470 3704 &
490 3686 557 3706 curn
579 3686 653 3708 tanta
676 3675 841 3706 difficultate
862 3676 966 3706 exculti
986 3674 1156 3705 conservetis
1168 3673 1204 3703 ab
1217 3674 1326 3704 inimici

266 3711 627 3756 honi-misconculcatione
645 3715 788 3753 maligna,
812 3724 849 3743 ne
871 3713 1001 3751 perdatur
1023 3722 1073 3751 per
1092 3712 1253 3750 aliquorum
1275 3722 1326 3742 ne-

266 3758 387 3793 quitiam
398 3749 426 3779 id
436 3773 445 3787 ,
460 3751 536 3788 quod
571 3762 620 3789 per
633 3762 739 3783 tantam
751 3752 975 3791 providentiam,
990 3751 1077 3784 vestri
1095 3752 1197 3790 gratia,
1214 3751 1245 3780 in
1258 3749 1325 3781 Do-

267 3798 350 3832 mino
363 3788 462 3831 nostro
478 3777 640 3820 condidistis
653 3802 686 3821 ac
700 3791 791 3821 nobis.
915 3786 920 3794 k

305 3826 385 3857 Sicut
399 3836 475 3856 enim
491 3829 715 3869 exssquorundam
749 3827 847 3859 rovida
860 3828 1062 3867 significatione
1072 3826 1221 3858 didicimus
1233 3851 1244 3866 ,
1262 3828 1327 3866 qui-

266 3864 351 3909 dam,
370 3864 587 3909 persuasionibus
600 3867 649 3896 suis
668 3868 713 3897 san
746 3869 841 3898 itatem
862 3867 983 3897 vestram
1004 3867 1215 3898 circumvenire
1226 3868 1326 3896 intenti

267 3903 346 3941 illos,
365 3914 413 3945 qui
427 3912 480 3940 pro
501 3902 556 3932 suae
578 3906 763 3935 immensitate
785 3905 898 3934 malitie:
912 3929 922 3943 ‚
941 3906 974 3936 &
989 3906 1168 3937 sacrosan&ae
1181 3904 1327 3936 Romanae

267 3939 402 3986 Ecclesiae
424 3949 593 3985 contemptu
607 3966 616 3979 ,
642 3953 675 3972 ac
697 3943 766 3974 laesae
782 3942 936 3981 Maiestatis
956 3943 1059 3981 Regiae
1079 3945 1150 3975 vitio
1163 3968 1173 3982 ,
1192 3943 1227 3974 &
1241 3945 1328 3974 totius

268 3979 365 4017 Regni
380 3980 540 4010 turbatione
555 4003 564 4017 ,
590 3990 639 4021 per
660 3981 780 4011 vestram
796 4006 806 4019 ,
821 3983 854 4012 &
878 3981 1055 4021 Apostolicae
1068 3981 1138 4013 sedis
1150 3981 1329 4012 deliberatio-

267 4027 335 4048 nem
352 4029 367 4047 a
387 4027 451 4061 toto
464 4018 570 4057 Regno
591 4019 781 4049 sententialiter
799 4019 861 4049 sunt
875 4019 995 4057 exclusi,
1009 4021 1043 4050 ad
1060 4020 1196 4059 Regnum
1210 4031 1327 4051 revoca-

266 4066 313 4096 re,
335 4058 368 4089 &
389 4067 419 4087 in
437 4056 497 4095 ipso
521 4066 694 4094 promovere
713 4058 855 4095 nituntur·²
872 4067 906 4096 ac
921 4058 1006 4088 etiam
1020 4058 1100 4096 super
1112 4059 1204 4096 ipsum
1216 4058 1326 4090 Domi-

695 149 1507 203 CONVENTIONES,

1562 149 1951 200 LITERAE‚

1335 247 1406 305 inim
1428 236 1543 277 Regem
1563 237 1597 268 &
1626 237 1766 278 Regnum
1779 262 1789 277 ‚
1813 237 1984 277 potestatem
2003 236 2079 269 suam
2101 237 2135 270 δε
2150 236 2330 268 Dominium
2344 246 2404 269 am-
2420 227 2550 306 Ami-31).

1337 285 1431 313 piare.
2443 277 2498 298 122
2520 290 2528 296 ·

1362 313 1512 357 ‘Cum-que
1524 313 1592 344 nulli
1607 314 1639 345 sit
1653 315 1791 354 dubium,
1807 317 1877 354 quin
1890 315 2016 347 universa
2029 315 2153 346 Domini
2169 312 2258 354 Regis
2277 314 2311 346 &
2323 314 2404 355 Reg-
2420 312 2493 345 ΗΜ,
2504 316 2530 344 3-

1340 362 1368 381 ni
1387 352 1555 382 detrimenta
1575 353 1684 396 valeant
1699 355 1849 393 pullulare,
1865 355 1885 384 si
1900 355 1967 386 tales
1979 354 2149 386 scismaticos
2164 355 2198 385 &
2213 353 2357 392 perversos
2369 354 2404 385 ad

1340 390 1477 430 Regnum
1491 415 1505 434 ,ι
1527 391 1605 428 quod
1626 393 1723 436 abiit,
1744 394 1870 423 revocari
1886 405 1896 431 3
1914 402 1962 424 aut
1979 393 2102 423 fautores
2113 392 2239 431 ipsorum
2253 393 2282 422 in
2295 392 2406 430 Regno

1341 439 1522 474 promoveri,
1541 430 1587 460 vel
1601 431 1709 461 exaltari
1724 433 1887 470 contineat,
1905 433 2099 469 paternitatem
2119 431 2244 462 vestram
2257 440 2407 462 exoramus

1339 476 1469 498 attentius
1485 477 1531 506 ut,
1550 478 1619 499 cum
1636 469 1800 501 Dominum
1815 456 1932 510 Regem
1944 481 1977 501 ac
1992 470 2129 509 Regnum
2149 478 2230 500 tanto
2244 470 2406 509 diligentius

1342 516 1395 550 vos
1410 515 1553 551 'opor-teat·
1566 507 1732 539 conservare
1745 534 1755 547 ,
1773 517 1879 546 quanto
1897 509 2039 550 specialius
2054 508 2154 540 vestr-ae
2166 508 2260 538 sumus
2271 508 2405 539 domina-

1344 552 1418 574 tioni
1438 545 1555 590 subjecti
1568 570 1577 584 ,
1603 546 1709 584 placeat
1730 547 1865 578 sanctitati
1884 547 1985 579 vestrae
2006 546 2122 586 proditis
2144 546 2302 578 scismaticis
2315 547 2406 578 taliter

1344 582 1474 627 claudere
1496 594 1571 614 Viam
1593 586 1756 616 reversionis
1773 585 1808 615 ad
1829 586 1969 623 Regnum
1983 610 1993 625 ,
2017 596 2054 616 ne
2071 585 2107 616 de
2118 592 2223 616 caetero
2237 595 2289 615 nos
2304 585 2407 624 praesu-

1345 629 1404 664 mat
1419 621 1565 660 quisquam
1587 622 1667 667 super
1689 624 1747 654 hoc
1770 623 1899 655 infestare
1913 636 1923 663 3
1942 635 1997 655 nec
2010 624 2091 655 liceat
2105 623 2156 654 'illis
2169 631 2217 654 aut
2231 633 2332 654 eorum
2345 624 2408 655 fau-

1345 658 1454 689 toribus
1470 670 1530 703 *nos
1543 683 1553 698 ‚
1580 672 1628 699 qui
1646 673 1700 703 pro
1719 662 1850 693 fidelitate
1869 662 1993 694 Domini
2006 662 2096 693 nostri
2112 664 2145 694 &
2160 662 2271 700 vestra,
2288 672 2321 693 ac
2337 662 2407 693 sedis

1343 697 1520 741 Apostolicae
1535 699 1707 739 devotione,
1722 703 1807 739 parati
1819 702 1912 732 sumus
1932 702 1966 733 ὃς
1986 701 2090 732 fuimus
2106 700 2240 740 quaelibet
2261 702 2406 732 incurrere

1343 736 1528 781 detrimenta,
1545 737 1580 767 ad
1593 737 1762 770 effusionem
1776 740 1866 771 nostri
1878 740 2030 780 sanguinis,
2049 741 2083 772 ὃς
2100 740 2291 771 turbationem
2308 741 2410 779 quietis

1345 777 1379 808 &
1396 785 1470 813 pacis
1485 775 1591 806 nostrae
1603 777 1716 808 ulterius
1729 789 1894 816 provocare.

1383 814 1430 845 Ut
1444 824 1539 845 autern
1552 815 1630 853 super
1643 816 1702 847 hoc
1715 816 1850 848 sanctitati
1864 817 1966 849 vestrae
1987 817 2084 849 nostra
2099 818 2220 849 intentio
2233 817 2347 855 penitus·
2358 816 2410 847 de-

1346 853 1490 897 claretur,
1516 864 1569 898 pro
1590 863 1672 885 certo
1693 864 1785 886 teneat
1806 856 1898 887 vestra
1920 858 2067 894 paternitas
2082 881 2093 896 ,
2112 856 2191 894 quod
2203 857 2232 885 in
2244 856 2345 886 nullius
2360 865 2411 886 ne-

1346 892 1474 936 cessitatis
1488 892 1607 923 articulo
1622 903 1638 922 a
1649 892 1804 925 devotione
1816 895 1884 925 sedis
1900 895 2078 934 Apostolicae
2091 920 2101 934 ,
2127 897 2161 928 &
2173 894 2305 926 fidelitate
2320 894 2413 935 Regia

1346 931 1510 969 ahquatinus
1522 930 1694 962 recedamus.

1383 969 1475 1014 Unde
1490 979 1519 1000 ut
1532 972 1561 1000 in
1575 971 1627 1014 hiis
1641 968 1716 1001 firmi
1729 971 1763 1002 δε
1780 970 1888 1003 stabiles
1902 972 2094 1011 persistamus,
2111 982 2271 1010 praecavere
2284 971 2414 1003 volent&

1346 1008 1462 1053 cuilibet
1477 1018 1592 1040 eventui
1608 1011 1665 1053 sive
1678 1009 1772 1048 facio,
1791 1020 1840 1048 per
1859 1010 1938 1049 quod
1952 1011 2044 1049 posset
2063 1012 2164 1042 nostro
2179 1011 2325 1052 proposito
2339 1020 2413 1048 prae-

1344 1047 1483 1091 judicium
1498 1058 1640 1093 generari,
1660 1047 1815 1079 nullatenus
1828 1050 1963 1080 volumus
1995 1050 2044 1081 vel
2055 1051 2251 1088 permittemus
2265 1049 2355 1087 aliqua
2369 1059 2413 1079 ra-

1348 1094 1428 1131 tione
1442 1096 1473 1118 ut
1487 1087 1525 1118 hu
1543 1088 1604 1126 (qui
1624 1097 1654 1118 in
1669 1088 1792 1125 partibus
1807 1087 1905 1119 vestris
1920 1097 1966 1118 ma
1977 1098 2062 1119 orum
2081 1090 2216 1119 omnium
2236 1089 2350 1119 initium
2365 1096 2414 1117 ex-

1347 1134 1488 1170 titerunt)
1519 1128 1578 1171 qui·
1588 1126 1789 1169 sacrosantftam
1810 1126 1977 1157 Romanam
1989 1125 2146 1157 Ecclesiam
2159 1135 2414 1165 contempnentes,

1349 1163 1475 1208 Domini
1491 1164 1580 1195 nostri
1592 1164 1767 1202 majestatem
1782 1165 1902 1196 nitentes
1915 1165 2028 1195 honore
2042 1164 2139 1204 Regio
2152 1165 2286 1202 spoliare,
2301 1165 2335 1195 ὃς
2351 1165 2414 1203 glo-

1349 1211 1451 1247 riantes
1466 1202 1492 1234 se
1507 1203 1617 1248 causam
1629 1203 1735 1234 dedisse
1749 1205 1849 1235 mortis
1863 1204 1946 1234 clarae
1966 1204 2116 1234 memoriae
2127 1202 2252 1242 Johanni
2264 1202 2340 1242 Regi
2353 1202 2416 1232 An-

1350 1241 1572 1286 gliae,·Domini
1594 1242 1682 1273 nostri
1702 1242 1748 1272 filii
1770 1242 1825 1280 sui,
1844 1252 1877 1273 ac
1889 1241 2052 1273 nostrorum
2066 1243 2199 1272 omnium
2216 1241 2341 1272 fidelium
2355 1243 2414 1279 ejus

1350 1284 1514 1326 sanguinem
1535 1281 1674 1319 sitiebant)
1696 1281 1731 1311 ad
1746 1281 1887 1319 Regnum
1899 1281 2062 1319 aliquatinus
2078 1288 2269 1319 reveitantur,
2287 1280 2333 1311 vel
2347 1279 2415 1318 ipsi,

1351 1319 1398 1350 vel
1416 1319 1500 1364 aliqui
1515 1344 1525 1358 ,
1550 1321 1600 1359 qui
1622 1321 1660 1351 eis
1680 1320 1848 1351 consensum
1870 1319 2055 1359 praestiterant
2075 1328 2122 1350 aut
2139 1320 2288 1358 favorem,
2307 1318 2416 1360 Regno

1352 1357 1556 1397 praefiCiantur3
1573 1367 1620 1389 aut
1637 1359 1750 1390 ulterius
1765 1367 1989 1397 promoveantur
2000 1361 2030 1389 in
2045 1359 2114 1396 ipso.

1390 1396 1466 1441 Non
1485 1398 1563 1428 enim
1581 1397 1663 1428 decet
1684 1406 1714 1427 ut
1734 1398 1819 1437 aliqui
1832 1397 1914 1436 super
1927 1397 2052 1428 Domini
2064 1397 2094 1428 R
2123 1398 2154 1435 fs
2169 1398 2202 1428 &
2214 1395 2310 1427 nostra
2326 1396 2417 1434 capita

1351 1434 1554 1479 dominentur,
1571 1435 1608 1466 de
1622 1436 1723 1474 quibus
1736 1436 1850 1468 constet
1864 1447 1917 1467 nos
1938 1436 2051 1467 mortali
2064 1436 2105 1466 fui
2131 1446 2146 1466 e
2161 1435 2230 1466 odio
2246 1435 2417 1474 persecutos
2440 1446 2456 1453 s*

1390 1473 1544 1518 Paternitas
1564 1475 1648 1514 igitur
1668 1474 1759 1505 vestra
1781 1476 1856 1506 circa
1870 1475 1920 1505 ista
1933 1474 2109 1512 consideret,
2127 1474 2162 1505 &
2174 1474 2297 1505 attendat
2309 1483 2342 1504 ea
2353 1483 2420 1511 quae

1353 1512 1458 1543 honori
1475 1513 1530 1556 ⁴suo
1550 1513 1698 1551 expediant
1712 1537 1722 1552 ,
1745 1515 1779 1545 &
1800 1513 1834 1544 ad
1855 1512 1981 1544 Domini
1998 1512 2088 1552 Regis
2102 1513 2137 1544 δε
2152 1513 2249 1553 Regni
2263 1513 2421 1551 pertineant

1352 1552 1570 1590 tranquilitatem
1582 1553 1617 1584 &
1631 1561 1742 1590 pacem.
2466 1566 2468 1569 v

1445 1681 1497 1712 De
1506 1689 1580 1726 pace
1603 1681 1640 1718 (9-
1655 1679 1819 1725 ficuritate
1836 1677 1917 1712 datis
1933 1674 2163 1713 Mercatoribus
2180 1677 2325 1710 Francia.

1354 1763 1556 1825 Hermen?
1576 1764 1635 1809 nei
1656 1766 1742 1807 gratia
1762 1764 1836 1809 Rex¹
1851 1765 1963 1809 Angiiae
2011 1763 2227 1808 &eornmbus
2239 1761 2368 1792 fidelibus
2386 1762 2420 1793 sc
2433 1749 2560 1782 ΑΜΒ-

1435 1802 1558 1847 ¹Ballivis
1572 1803 1639 1842 suis,
1658 1807 1805 1848 praesentes
1820 1804 1920 1834 litteras
1975 1804 2115 1841 pecturis,
2131 1801 2256 1844 salutem..
2458 1799 2544 1829 1224.

1378 1840 1491 1909 'gciatis
1508 1842 1587 1879 quod
1601 1841 1730 1886 dedimus
1743 1843 1776 1874 δε
1791 1841 1982 1885 concessimus
1994 1841 2150 1884 pacem&
2165 1839 2341 1884 securitatem
2352 1847 2420 1869 om·
2435 1833 2489 1897 gn·
2503 1831 2531 1857 S.

1355 1890 1452 1949 ¹931.ssss
1458 1880 1768 1964 {ffffissssffifffiisdssef
1770 1881 1857 1957 ἓξὲξ
1859 1880 1999 1963 [Sosiis
2005 1880 2028 1957 ῗ
2029 1886 2268 1951 &assistitis
2275 1878 2418 1955 ῖρῇῒωῗ
2435 1878 2543 1936 Pit-³³⁵-

1357 1967 1373 2002 a
1386 1956 1506 2002 Pascha,
1524 1967 1658 2002 proximo
1671 1958 1736 1996 post
1751 1959 1866 2003 obitum
1879 1957 2003 2002 Philippi
2017 1957 2106 2002 Regis
2122 1956 2317 2000 Francorum,
2335 1955 2422 1993 usque
2438 1950 2471 1974 H.
2491 1955 2517 1983 3·
2529 1953 2570 1974 ²²¹-

1358 2005 1388 2026 in
1402 1995 1572 2041 quin-decim.
1582 1997 1640 2028 dies
1651 2007 1667 2027 a
1679 1997 1753 2027 festo
1765 1996 1851 2027 sanCti
1861 1996 1998 2036 johannis
2013 1995 2142 2034 Baptistae
2157 2003 2291 2034 proximo
2304 1994 2423 2034 sequen-
2439 1994 2469 2021 9·

1358 2043 1402 2066 te·
1421 2035 1551 2079 facrendo
1565 2035 1632 2080 inde
1645 2035 1856 2081 recitas-debitas
1871 2034 2097 2081 consuetudines,
2277 2072 2283 2078 .
2363 2070 2369 2075 ,

1379 2059 1431 2118 'ln
1450 2083 1528 2114 cujus
1550 2085 1589 2105 rei
1603 2073 1801 2107 testimonium
1821 2075 1869 2106 has
1884 2074 1985 2107 htteras
1999 2074 2108 2105 nostras
2121 2079 2245 2112 patentes
2259 2081 2297 2102 eis
2311 2070 2371 2102 fieri
2382 2068 2424 2101 fe-

1359 2122 1458 2144 cimus.

1359 2188 1614 2260 taxgestem-eipso
1636 2190 1710 2230 apud
1728 2190 1868 2225 Sanctum
1881 2190 2042 2229 Albanum,
2058 2198 2136 2221 anno
2151 2187 2252 2228 Regni
2267 2185 2359 2218 nostri
2369 2194 2422 2218 oc-

1399 2351 1422 2374 *
1444 2354 1494 2385 De
1510 2352 1622 2399 Anglii
1640 2351 1843 2397 damnificatis
1858 2361 1962 2385 contra
1977 2352 2129 2399 Treugam
2146 2362 2216 2384 cum
2234 2351 2380 2384 Francia.
2445 2357 2497 2386 Ἰ.
2512 2355 2570 2386 266.

1361 2436 1450 2493 RE
1460 2436 1492 2468 X
1509 2436 1730 2468 Constabulario
1745 2436 1840 2467 Dour.
1858 2437 1983 2468 salutem.
2444 2430 2523 2462 ΑΗΒ·
2533 2430 2570 2462 D·

1463 2475 1637 2506 Mandamus
1655 2477 1705 2506 tibi
1724 2475 1803 2514 quod
1825 2476 1978 2507 denuncies
1991 2475 2150 2506 Baronibus
2163 2473 2265 2505 nostris
2278 2473 2316 2504 de
2329 2473 2426 2513 Qin-
2468 2479 2558 2509 1224,

1361 2515 1570 2557 que-portubus
1584 2537 1594 2553 ‚
1619 2516 1653 2546 &
1676 2513 1888 2546 Mercatoribus
1908 2523 1991 2545 terrae
2012 2513 2119 2544 nostrae
2140 2513 2333 2552 frequentibus
2353 2515 2426 2544 inter
2442 2513 2496 2537 An·
2512 2510 2542 2540 8-

1361 2552 1450 2620 ffbs,
1469 2561 1501 2583 ut
1513 2552 1612 2591 seipsos
1624 2552 1782 2584 certificent
1795 2554 1824 2583 in
1840 2553 1959 2592 quibus,
1976 2553 2010 2585 &
2023 2553 2053 2583 in
2068 2553 2178 2590 quantis
2191 2576 2202 2590 ,
2220 2553 2254 2583 &
2269 2561 2319 2590 per
2334 2561 2424 2590 quos,
2443 2553 2478 2576 H·
2500 2557 2528 2585 3·

1382 2601 1398 2623 .e
1416 2591 1497 2630 posse
1515 2591 1605 2631 Regis
1622 2591 1750 2622 Franciae
1769 2591 1963 2630 dampnificati
1979 2591 2083 2622 fuerint
2096 2599 2197 2621 contra
2208 2591 2282 2621 hanc
2293 2589 2423 2622 ultimam
2441 2586 2531 2624 Claus.
2546 2584 2570 2615 3«

1361 2638 1490 2670 treugam
1512 2639 1637 2668 quatuor»
1649 2640 1807 2669 annorum,
1824 2638 1935 2668 captain
1949 2631 2023 2660 inter
2034 2639 2087 2659 nos
2101 2630 2135 2660 &
2150 2629 2316 2667 Philippum
2328 2639 2424 2667 quon·
2441 2629 2478 2653 H·
2494 2635 2521 2662 3-
2537 2633 2570 2653 Μ

1362 2668 1429 2711 darn
1450 2668 1563 2707 Regem
1582 2668 1708 2699 Francia:
1724 2692 1734 2706 ,
1754 2678 1819 2706 quae
1839 2668 1943 2699 scilicet
1964 2676 2060 2706 treuga
2076 2666 2207 2698 duratura
2227 2667 2270 2698 est
2290 2666 2427 2706 usquead
2445 2673 2488 2693 ¹¹-
2502 2663 2530 2693 l·

1363 2706 1466 2736 instans
1480 2706 1593 2736 Pascha.

1377 2784 1382 2788 .
1398 2744 1437 2775 Et
1448 2744 1615 2781 provideant
1627 2743 1676 2782 ipsi
1689 2743 1810 2774 Barones
1822 2745 1856 2775 &
1866 2743 2045 2774 Mercatores
2059 2751 2091 2774 ut
2105 2742 2142 2774 de
2155 2744 2291 2774 omnibus
2305 2744 2427 2782 praedic-

1362 2792 1396 2814 tis
1417 2783 1503 2814 sciant
1524 2782 1680 2814 certificare
1700 2782 1836 2813 Nuncios
1849 2783 1978 2821 nostros,
2017 2792 2069 2812 uos
2091 2783 2237 2812 mittemus
2252 2782 2326 2823 apud
2337 2782 2426 2813 Sanc-

1362 2830 1426 2865 tum
1440 2821 1573 2852 Ademar.
1591 2822 1621 2851 in
1635 2821 1787 2852 occursum
1802 2821 1991 2851 Nunciorum
2038 2821 2094 2860 egis
2109 2820 2252 2859 Franz-ize,
2269 2820 2304 2851 ad
2317 2821 2427 2852 Domi-

1363 2870 1457 2890 nicam
1486 2861 1647 2897 proximam
1671 2868 1738 2890 ante
1764 2859 1868 2891 Pascha
1894 2858 2064 2897 Floridum,
2088 2869 2142 2898 pro
2162 2859 2261 2891 talibus
2280 2860 2430 2898 interprifis

1364 2900 1559 2931 communiter
1571 2897 1762 2929 emendandis.

1401 2937 1439 2967 Et
1467 2937 1545 2975 quod
1571 2946 1671 2967 contra
1693 2937 1847 2967 terminum
1876 2936 1956 2967 illurn
1975 2937 2156 2975 probationes
2175 2935 2233 2967 suas
2254 2945 2359 2974 paratas
2376 2936 2428 2968 ha-

1363 2975 1448 3006 beant
1463 3000 1472 3013 ,
1497 2976 1530 3006 ὃς
1549 2975 1587 3005 illi
1607 2977 1734 3013 prompti
1749 2975 1801 3005 sint
1816 2974 1851 3005 ad
1863 2974 2094 3014 prosequendum
2108 2976 2141 3007 &
2154 2974 2189 3005 ad
2203 2974 2430 3013 respondendum

1363 3013 1476 3084 Ξὲίὲεῂῗξ
1494 3014 1602 3055 Regno
1619 3014 1745 3045 Franciae
1757 3037 1767 3051 ‚
1786 3013 1806 3044 fi
1820 3024 1891 3052 quos
1905 3013 2080 3046 offenderint
2092 3023 2194 3046 contra
2213 3023 2341 3054 treugam
2355 3024 2429 3053 prae-

1401 3129 1492 3160 Teste
1504 3128 1543 3174 ,Ε
1564 3128 1692 3173 Londoii
1713 3127 1857 3168 Episcopo
1879 3129 1952 3169 apud
1965 3127 2278 3170 Westmonasterium,
2293 3128 2431 3163 vicefimo

1365 3178 1467 3207 quarto
1482 3167 1528 3199 die
1541 3167 1564 3198 F
1565 3169 1691 3199 ebruaru.

1364 3245 1466 3275 Eodem
1481 3245 1555 3275 modo
1561 3243 1692 3283 firihitur
1700 3269 1710 3283 ,
1914 3244 2001 3276 Simili
2016 3245 2090 3276 modo
2094 3243 2245 3285 scribitur,

1365 3321 1472 3359 Maiori
1485 3320 1524 3356 &⁴
1538 3321 1736 3351 Vicecomitibus
1754 3322 1875 3352 London.
1915 3320 2119 3363 constabulario
2135 3319 2255 3362 Bristoll.

1365 3360 1472 3405 lllajori
1487 3357 1525 3394 ὠ·
1541 3359 1660 3389 Ballivis
1673 3363 1763 3390 Lenn.
1914 3362 2021 3401 lllajori
2035 3359 2074 3398 ό-
2084 3360 2176 3400 probis
2183 3357 2332 3390 hominibus
2339 3359 2383 3390 W
2380 3361 2424 3390 in-

1364 3397 1489 3428 Ballivis
1507 3398 1539 3427 de
1548 3398 1699 3437 Jernemue
1714 3397 1752 3435 ό·
1767 3399 1799 3429 de
1815 3401 1877 3428 Du·
1952 3406 2009 3430 ton.

1403 3435 1522 3468 newich.
1915 3437 2039 3470 Balliw's
2052 3436 2211 3469 Sahamton.

1402 3513 1477 3558 Hoc
1489 3521 1599 3544 mutato
1612 3513 1690 3552 quod
1705 3514 1877 3546 certificandi
1892 3514 1954 3547 sunt
1965 3514 2080 3546 Nuncii
2093 3513 2218 3544 Domini
2231 3512 2261 3543 R
2299 3513 2306 3520 ¹
2325 3536 2334 3549 ‚
2355 3519 2428 3549 quos

1366 3555 1458 3584 mittet
1470 3562 1502 3583 in
1516 3552 1653 3584 Marchiis
1666 3553 1801 3585 Pictaviae
1815 3555 1848 3586 &
1863 3554 2054 3595 Andegaviae,
2072 3553 2148 3583 circa
2163 3551 2267 3583 instans
2306 3549 2394 3580 ascha.

1364 3699 1414 3732 De
1431 3696 1552 3731 damnis
1565 3725 1575 3740 ‚
1599 3699 1699 3742 illatis,
1716 3711 1819 3733 contra
1844 3701 1998 3746 Treugam
2020 3692 2250 3731 Mercatoribus
2273 3694 2425 3735 Panem,

1796 3745 1999 3783 emendandis.

1366 3830 1498 3900 Rlzleffi
1516 3832 1652 3864 omnibus
1665 3858 1675 3872 ,
1700 3834 1733 3865 ad
1754 3844 1826 3873 quos
1849 3833 1995 3872 praesentes
2013 3831 2112 3863 litterae
2134 3827 2336 3868 pervenerint,
2359 3827 2428 3860 salu-
2444 3831 2522 3864 Ann.
2533 3831 2570 3862 D.

1387 3893 1550 3950 'Nover'itis
1570 3919 1623 3939 nos
1644 3910 1811 3955 concessisse
1823 3935 1834 3949 ,
1858 3911 1893 3941 δε
1913 3909 2031 3954 firmiter
2051 3903 2204 3937 creantaffe
2220 3904 2299 3950 quod
2313 3915 2345 3950 ea
2359 3914 2425 3949 om·
2445 3879 2559 3938 Αῗξῗ.

1365 3955 1635 4017 ffssassgffiffmffi
1637 3958 1799 4018 {1330320
1811 3942 2253 4016 'rtssussoffifficffssiet'ssge‘tossssss’
2254 3953 2326 4013 ”³¹2¹ss
2337 3943 2428 4013 ἓξὲξ
2445 3953 2536 4014 ξ’,ἕὲ

1365 4030 1495 4067 mentum
1511 4010 1593 4054 suuin
1605 4025 1725 4056 dixerint
1739 3996 1922 4063 perigivenda
1939 4008 2019 4066 supet
2029 4021 2128 4051 debitis
2137 4045 2147 4059 ‚
2162 3993 2295 4065 dampni}>
2304 4044 2315 4060 ,
2333 4021 2367 4052 &
2377 4019 2428 4050 de-
2446 3996 2481 4051 Ha
2499 4033 2524 4060 3.
2539 4031 2570 4051 m

1367 4060 1480 4099 perditis
1500 4061 1701 4095 Mercatorum
1714 4086 1725 4101 ‚
1747 4063 1781 4095 &
1801 4062 1920 4092 aliorum
1933 4060 2087 4093 hominurn
2100 4059 2225 4092 Domini
2238 4059 2328 4101 Regis
2342 4058 2431 4090 Fran·
2449 4071 2477 4098 5.
2493 4061 2520 4091 A.

2382 4105 2435 4128 co-
