2570 4261
114 222 192 254 Ann.
209 222 251 254 D.

113 271 231 329 I}{?3¹-·

114 342 131 355 nv
150 341 188 367 11.
202 349 230 374 4.

112 400 167 423 An.
190 405 213 422 i.

113 438 146 461 Ε.
169 443 191 461 1.
212 437 252 461 Ex

114 471 231 499 Runilela

114 511 247 542 Brevium‚

115 547 174 580 &aa
193 550 218 575 in

111 587 188 614 Turn*

113 625 223 652 Laudem.

113 667 149 689 A.
173 672 194 688 i.

113 702 143 728 Σ.
168 710 189 728 ι.

114 1148 191 1179 Ami.
210 1149 250 1180 D.

135 1197 220 1227 1273.

114 1231 167 1255 Aa.
187 1238 209 1255 i.

113 1271 144 1294 Ε.
170 1276 192 1293 i.

113 1309 145 1334 L,
163 1303 228 1341 B.f.

116 1353 180 1380 3¹¹·
196 1353 222 1370 a.

113 1385 246 1410 PenesCa-

114 1430 207 1448 merar.

274 152 354 193 ¹30

401 313 428 339 θ’*
451 317 500 348 De
516 310 615 346 eodem
634 315 831 346 Sacramenta
850 319 956 358 negato
975 311 1205 358 Certtflcatoria.

268 397 557 462 EXcellentiffimo
579 399 658 436 viro,
676 398 711 429 &
728 400 810 429 omni
829 399 1010 430 veneratione
1029 397 1211 437 dignissim),
1228 394 1337 425 Domi-

342 448 382 468 no
396 437 447 467 W.
463 436 499 467 de
514 435 634 467 Merton
649 436 775 468 Domini
788 437 876 477 Regis
889 436 1082 474 cancellario,
1101 436 1162 465 suus
1173 435 1280 472 stinper
1295 432 1334 462 R.

268 475 442 518 Sperughose
461 475 692 506 Constabularius
712 475 747 506 de
770 475 988 516 Montgomeri‚
1013 475 1128 505 salutem
1148 473 1181 504 &
1202 472 1338 502 devotam

268 526 337 547 cum
351 516 432 544 omni
447 513 558 544 honore
569 515 761 545 reverentiam.

307 552 482 585 Venerandae
495 552 698 584 Dominationi
708 552 810 585 vestrae
822 553 889 584 duxi
902 550 1129 591 flgnfficandum,
1137 548 1215 588 quod
1230 548 1284 578 viri
1297 556 1340 577 re-

266 593 354 632 ligiosi
387 592 423 623 de
446 593 528 623 Dore
547 592 581 623 &
602 592 638 622 de
659 591 832 631 Hagenham
848 591 989 628 Abbates,
1003 591 1080 627 juxra
1094 588 1257 618 mandatum
1272 585 1339 615 Do-

264 633 336 663 mini
359 614 465 670 Regis,
482 639 531 669 per
552 639 604 661 vos
626 632 664 661 eis
683 629 846 668 directum,
863 629 890 660 in
912 628 1033 659 octabis
1051 627 1148 657 Sancii
1163 625 1263 655 Hilarii
1278 633 1340 668 per-

264 670 392 702 sonaliter
409 669 582 701 accelserunt
601 669 635 699 ad
652 668 758 699 vadum
775 668 846 699 ultra
864 667 1082 705 Montgomeri‚
1097 665 1215 695 obviam
1231 663 1340 694 Domi-

266 720 306 740 no
329 708 362 738 L.
387 707 445 738 filio
459 706 594 744 Griffini,
612 707 706 737 Princi
728 706 882 744 iWalliae‚
901 706 935 736 ad
952 703 1151 743 accipiendum
1164 703 1200 732 ab
1213 712 1266 740 eo,
1286 711 1339 731 no-

265 750 344 778 mine
364 746 434 778 dicti
454 746 580 777 Domini
600 744 690 775 nostri
746 746 819 785 egis,
838 745 1053 776 Sacramentum
1067 741 1216 780 fidelitatis,
1236 741 1338 778 quibus

263 786 397 817 associavi
417 785 554 825 quosdem
574 783 610 814 de
631 784 796 814 hominibus
817 783 930 814 Ballivae
951 792 1041 820 meae,
1059 782 1107 820 qui
1129 779 1337 823 apuddictum

264 826 370 857 vadum
393 824 516 855 multum
532 823 603 853 ultra
617 822 716 852 horam
733 822 833 853 Nonne
845 822 1000 853 adventum
1012 820 1082 851 diffi
1095 818 1219 849 Domini
1235 818 1269 848 L.
1291 826 1339 847 ex-

264 864 425 904 pe&anteS,
444 873 498 894 nec
511 861 568 903 ipse
580 862 673 900 venit,
692 871 747 892 nec
760 861 873 902 aliquod
888 859 1052 891 mandatum
1066 859 1104 889 eis
1117 857 1225 888 direxit.

258 952 259 956 ¹
299 940 398 973 Valeat
412 939 569 972 veneranda
580 939 755 971 Dominatio
767 938 861 970 vestra
872 938 980 976 semper
993 938 1022 968 in
1037 936 1182 968 Domino.

465 1078 586 1110 Littera
602 1073 738 1121 Epifiopi
755 1071 918 1116 Adurensis
938 1072 1139 1117 excufhtoria.

268 1159 490 1225 ILlustrissimo
508 1160 642 1192 Domino
663 1159 822 1198 Edwardo,
843 1157 901 1188 Dei
922 1157 1021 1198 gratia,
1038 1157 1113 1196 Regi
1129 1154 1175 1187 An
1195 1155 1255 1194 liae,
1271 1153 1338 1185 Do-

317 1203 398 1232 mino
414 1200 562 1231 Hiberniae
579 1200 611 1231 &
626 1198 692 1229 duci
705 1198 877 1239 Aquitaniae,
896 1195 928 1227 F.
943 1196 1064 1234 ejusdem
1079 1196 1167 1233 permi
1202 1204 1276 1232 one,
1294 1193 1336 1236 A·

266 1240 389 1271 durenlis
408 1238 576 1307 &.S²²1¹.¹&ae
597 1238 737 1277 Qiteriae
754 1236 909 1275 Episcopus
929 1235 1044 1266 salutem
1057 1235 1086 1264 in
1099 1244 1135 1264 eo
1149 1242 1235 1274 quem
1250 1232 1337 1264 edidit

429 1288 446 1302 (7

268 1279 710 1355 υῐεῖἓξνὲιίᾙῗῧὲῐηίηεῃυοά
723 1324 789 1346 cum
805 1324 857 1344 nos
869 1313 947 1352 juxta
959 1312 1081 1343 formam
1098 1311 1220 1342 mandati
1230 1309 1335 1349 vestri,

265 1357 338 1395 apud
361 1355 554 1395 Burdegaliam
573 1354 730 1386 Dominica
749 1353 879 1393 proxima
899 1360 963 1382 ante
984 1350 1094 1382 Ramos
1111 1350 1271 1381 Palmarum
1284 1358 1335 1379 ne-

263 1393 585 1466 ?uffiffiuioffiiii‘ceiffez
600 1390 1099 1463 Pisseffio‘}isssseissieddizi'ffliffm
1113 1412 1123 1428 '
1145 1388 1182 1420 de
1203 1386 1335 1419 “mndm

300 1473 414 1504 Idcirco
434 1443 663 1502 ordinainusposeu
685 1469 883 1501 constituimus
897 1476 1008 1498 certum
1021 1451 1054 1498 ac,
1067 1466 1212 1505 specialem
1226 1464 1335 1495 Procu-

262 1520 384 1543 ratorem
406 1510 552 1549 nostrum,
570 1509 745 1549 Religiosum
761 1508 864 1539 Virum
876 1530 886 1544 ,
897 1506 1011 1537 fratrem
1028 1504 1182 1536 Arnaldum
1197 1503 1336 1536 Gwilliel-

263 1552 323 1591 mi,
342 1558 548 1589 praeceptorem
568 1547 721 1588 Hospitalis
735 1547 770 1578 de
786 1546 880 1577 Bellau
893 1545 997 1589 nostrae
1011 1544 1139 1576 Diocesis
1148 1566 1158 1582 ,
1172 1542 1206 1573 ad
1221 1541 1336 1573 audien-

263 1590 336 1621 dum
354 1589 388 1621 &
407 1587 601 1628 recipiendum
623 1586 829 1617 ordinationem
844 1584 1002 1616 Seremtatis
1014 1583 1116 1614 vesttae
1127 1593 1160 1614 ac
1173 1581 1271 1612 Curiae
1285 1591 1335 1622 ge-

263 1628 378 1667 neralis,
394 1626 474 1669 super
488 1625 652 1667 quibusdam
667 1625 802 1664 Negotiis
833 1623 972 1666 eneralem
985 1622 1096 1653 Statum
1110 1620 1260 1665 Vasconiae
1274 1629 1335 1650 tan-

263 1668 410 1708 gentibus,
427 1676 461 1698 ac
474 1666 530 1696 aliis
546 1663 676 1696 universis
689 1673 755 1702 quae
770 1673 806 1694 ve
833 1672 860 1692 ta
874 1662 1027 1698 Serenitas,
1042 1670 1111 1691 cum
1125 1659 1259 1699 praedieta
1272 1658 1336 1690 Cu-

265 1707 324 1745 ria,
341 1706 450 1737 diurerit
470 1702 622 1736 ordinanda
665 1703 710 1733 seu
728 1703 814 1733 ctiam
834 1700 994 1738 statuenda3
1012 1702 1046 1732 &
1068 1699 1102 1730 ad
1124 1696 1334 1736 insinuandum,

267 1744 496 1784 supplicandum,
505 1726 693 1774 obtinendum
706 1740 784 1780 quod
798 1750 813 1771 a
826 1739 980 1770 Serenitate
993 1737 1082 1770 vestra
1096 1737 1203 1769 utilitati
1217 1737 1250 1768 &
1263 1744 1336 1768 tran-

263 1785 381 1826 quilitati
397 1793 476 1814 terrae
496 1781 641 1822 praedietae
653 1781 765 1810 noverit
779 1778 925 1817 expedire:
1242 1815 1246 1820 ⁵

301 1823 429 1861 Rarum,
453 1822 487 1853 &
508 1828 638 1862 gratum,
663 1829 696 1850 ac
717 1818 814 1850 stabile
832 1817 971 1858 perpetuo
991 1815 1112 1847 habituri
1132 1814 1267 1854 quicquid
1287 1824 1335 1852 per

255 1861 376 1893 'dictum
388 1860 603 1892 Procuratorem
616 1857 746 1889 nostrum
756 1881 766 1896 ,
780 1855 858 1897 super
873 1854 1019 1896 praemiffis
1031 1854 1143 1893 actum,
1157 1853 1336 1892 insinuatum,

261 1901 425 1932 ordinatum
439 1899 521 1931 fuerit
535 1898 579 1929 seu
595 1905 751 1935 receptum.

254 1953 265 1958 —
299 1939 333 1970 In
349 1940 428 1978 cujus
438 1939 476 1968 rei
491 1936 687 1968 testimonium
703 1934 829 1974 praesenri
845 1932 1048 1965 Procuratorio
1059 1931 1188 1972 Sigillum
1202 1930 1333 1962 nostrum

258 1978 394 2028 *duximus
409 1975 620 2030 apponendum.

303 2055 372 2088 Dat.
387 2055 462 2094 apud
475 2052 674 2094 minumae
680 2051 763 2093 Jovis
774 2049 841 2083 ante
853 2050 1045 2084 Domnioem
1056 2029 1256 2091 supradictam,
1270 2049 1333 2081 An-

264 2105 306 2126 no
322 2095 447 2126 Domini
468 2103 557 2143 ¹373&
594 2134 618 2143 ,κ
924 2130 927 2133 ,
1143 2128 1147 2132 ,
1212 2129 1216 2133 .
1248 2130 1250 2132 ,

218 2224 221 2227 ’
264 2219 410 2268 Proceffics
434 2224 577 2271 Gregorii
596 2225 677 2268 Papae
695 2231 797 2266 eontra
813 2217 979 2265 Guidenem
992 2215 1030 2250 de
1048 2216 1251 2262 Montfforti,
1271 2215 1330 2261 fie-

118 2379 194 2411 Ann.
211 2379 254 2411 D.

139 2427 224 2458 1273.

119 2461 172 2486 An.
191 2469 213 2485 i.

120 2501 149 2523 Σ.
173 2506 198 2531 3.

120 2539 161 2561 Ex
174 2537 245 2572 Orig.

122 2960 140 2978 ⁸
156 2960 193 2987 11.
208 2968 237 2996 5.

483 2278 496 2281 “’
523 2283 584 2322 ρον,
596 2277 692 2306 morte
706 2271 835 2304 Henrici
849 2267 886 2302 de
899 2267 1083 2304 Alamania.

270 2355 485 2419 GRegorius‘
498 2355 669 2397 Episcopus,
686 2355 781 2389 servus
794 2355 937 2386 servorum
960 2352 1037 2392 Dei,
1055 2351 1089 2383 ad
1111 2360 1274 2393 perpetuam
1290 2351 1330 2384 rei

355 2405 533 2427 memoriam.
837 2413 839 2415 -

309 2432 508 2473 Nephandum
521 2435 623 2472 scelus,
638 2433 750 2465 sceleste
765 2431 883 2471 nephas,
903 2430 1039 2470 piaculare
1051 2429 1203 2473 flagitium,
1222 2439 1271 2469 per
1283 2429 1333 2460 fla-

261 2473 378 2512 ,gitiosas
396 2475 552 2514 impiorum
567 2473 690 2504 dexteras
710 2472 882 2503 innocentis
894 2470 1029 2509 sanguinis
1042 2471 1148 2507 avidas,
1164 2469 1252 2498 inoxii
1267 2479 1334 2498 cru-

266 2513 322 2542 oris
335 2512 471 2543 effusione
485 2521 628 2551 cruentas,
645 2513 678 2543 ὃς
690 2496 858 2542 detestandis
868 2510 897 2539 in
912 2507 1112 2539 commissione
1124 2507 1228 2536 horum
1243 2508 1333 2544 noxiis

266 2552 418 2592 involutas,
432 2553 462 2581 in
504 2551 628 2582 uondam
645 2550 808 2581 Henricum
829 2549 865 2579 de
886 2547 1047 2585 Alarmnia,
1064 2547 1148 2576 clarae
1168 2547 1334 2589 memoriae,

265 2590 416 2629 Riccardi,
432 2591 462 2621 in
514 2599 685 2620 omanorum
707 2588 821 2628 Regem
841 2587 941 2624 electi,
965 2586 1186 2623 primogenitum
1206 2584 1332 2614 horribili

264 2628 404 2660 severitate
425 2628 590 2667 commista,
628 2637 776 2667 uamquam
799 2627 833 2658 &
851 2626 983 2657 eominus
1001 2624 1139 2654 evidentia
1151 2623 1192 2653 sui
1206 2624 1332 2661 nororia,

269 2667 304 2697 &
324 2668 432 2698 eminus
452 2677 501 2706 per
523 2639 627 2697 diversi
653 2666 751 2696 mundi
775 2665 885 2696 climata
901 2663 960 2702 jam
975 2663 1085 2692 notorie
1096 2661 1252 2701 divulgata,
1271 2671 1332 2690 non

269 2705 326 2736 fine
348 2705 436 2736 multfi
456 2707 558 2736 mentis
570 2705 750 2736 amaritudine
765 2702 905 2734 recensere
918 2700 1133 2739 compellimur,
1147 2709 1178 2730 ut
1193 2698 1331 2730 horrenda

266 2754 367 2774 eorum
382 2745 458 2774 series
473 2744 583 2775 cunctis
593 2743 715 2774 seriosius
729 2742 840 2772 reserata
849 2764 858 2780 ,
876 2750 940 2780 quae
952 2749 1011 2769 non
1025 2738 1114 2768 solum
1126 2737 1161 2769 ad
1174 2737 1332 2768 extinctum

268 2783 432 2819 crudeliter7
452 2783 489 2813 set
502 2784 535 2814 ὃ(
556 2782 590 2813 ad
605 2781 742 2819 crudeles,
761 2790 820 2811 tam
835 2780 926 2819 gravia
940 2777 1060 2817 proinde
1075 2775 1192 2814 dilapsos
1207 2777 1236 2806 in
1249 2775 1333 2806 scele-

267 2832 314 2860 ra,
332 2822 510 2852 extinffionis
530 2822 637 2852 aiiores
660 2829 781 2858 paternae
794 2816 992 2856 compassionis
1005 2814 1142 2846 affet‘rum
1157 2815 1289 2846 excitavit
1305 2815 1334 2844 in

267 2869 360 2900 patre,
377 2860 455 2898 justae
477 2859 677 2898 prosecutionis
691 2867 804 2888 motum
819 2854 975 2887 manifestat
991 2856 1018 2884 in
1029 2853 1140 2892 judice,
1159 2854 1217 2884 hoc
1229 2853 1335 2884 indica-

268 2907 328 2929 tura
343 2899 535 2943 priesentibus,
554 2899 610 2929 hoc
622 2898 695 2929 fideli
708 2896 872 2928 testimonio
885 2902 1144 2925 comme-moratura
1157 2891 1265 2922 futuris.

310 2938 328 2956 ³*
342 2937 390 2968 Ut
407 2938 484 2967 enim
497 2937 566 2968 illius
582 2938 676 2975 vices,
694 2946 760 2976 quas
772 2935 838 2965 licet
852 2934 985 2964 immeriti
1015 2933 1133 2968 crimm,
1151 2930 1269 2969 implere
1283 2940 1335 2970 pro

269 2976 374 3005 viribus
392 2975 559 3015 satagamus,
582 2976 645 3014 qui,
664 2983 824 3015 quanquam
846 2973 986 3002 misericor
1007 2973 1095 3001 iarum
1117 2969 1215 3008 Pater,
1231 2970 1265 3000 &
1286 2979 1333 3001 to-

270 3016 323 3045 tius
337 3014 532 3045 consolationis
547 3014 629 3044 Deus
642 3013 764 3045 veridice
779 3011 960 3048 describatur,
979 3009 1180 3040 nichilominus
1191 3018 1285 3040 tamen
1299 3008 1338 3039 le-

271 3053 346 3090 git-ur
362 3051 451 3089 justus
463 3052 570 3091 Judex,
590 3052 666 3082 Deus
687 3052 805 3087 zelotes,
824 3050 858 3080 &
873 3049 1019 3080 Dominus
1032 3048 1193 3089 ultionum,
1211 3047 1291 3077 decet
1306 3056 1337 3078 ut

263 3093 306 3123 ·&
328 3099 470 3131 paternam
491 3091 709 3121 misericordiam
731 3091 851 3120 devotos
872 3088 1071 3128 prosequamur
1087 3086 1122 3117 ad
1139 3086 1225 3124 iiiios,
1245 3086 1338 3116 &de-

270 3131 358 3161 bitam
375 3129 504 3159 'ustitiam
517 3130 671 3160 obstinatos
681 3138 742 3159 non
756 3129 921 3158 omittamus
934 3128 964 3157 in
979 3136 1058 3164 rem,
1070 3126 1156 3165 parati
1170 3126 1203 3155 ὃς
1219 3125 1339 3155 redeun-

270 3169 346 3200 tibus
383 3178 398 3198 e
418 3168 575 3207 longinquo
595 3169 694 3207 apertis
716 3176 864 3197 occurrere
884 3165 1004 3196 brachiis
1019 3166 1048 3194 in
1061 3163 1239 3202 amplerum,
1257 3164 1291 3193 &
1309 3165 1339 3194 in

269 3208 425 3247 pertinaces
438 3230 449 3245 ,
474 3206 513 3237 sui
534 3206 652 3244 perverfi
671 3204 859 3246 prosecutores
881 3205 999 3243 arbitrii,
1020 3202 1091 3241 iuste
1112 3202 1255 3234 vindicare
1268 3212 1340 3233 cori-

270 3254 419 3284 temptum.

302 3284 491 3316 Recenseatur
505 3284 595 3323 itaque
615 3284 645 3313 in
659 3283 770 3313 auribus
783 3283 915 3313 omnium
929 3282 1065 3312 omnibus
1079 3280 1139 3311 fere
1156 3288 1223 3310 nota
1238 3280 1340 3310 severi-

266 3332 323 3362 tas,
341 3325 467 3354 immane
479 3322 683 3362 spectaculum,
706 3322 738 3351 in
750 3321 905 3362 conspeetu
916 3321 1109 3358 cunc'torum,
1128 3319 1257 3357 repetitio
1271 3317 1341 3348 fide-

273 3363 305 3393 lis
319 3362 353 3393 &
365 3360 468 3393 finoera
482 3368 733 3391 commemoretur.

310 3400 344 3432 In
363 3402 442 3439 cujus
464 3399 701 3436 consideratione,
722 3397 833 3429 Sanciae
857 3397 957 3428 Matris
972 3396 1105 3429 Ecclesiae
1119 3395 1229 3435 grandis
1239 3396 1342 3426 admo-

274 3438 344 3469 dum
372 3438 546 3470 contumelia
569 3438 693 3468 filiorum
721 3437 807 3467 corda
830 3438 1001 3467 conturbat:
1041 3434 1144 3465 Cultus
1160 3434 1250 3465 divini
1269 3444 1342 3465 con-

277 3485 397 3515 temptus
423 3477 548 3508 fidelium
574 3476 668 3506 zelum
694 3475 823 3506 accendit
838 3485 844 3504 τ
884 3474 1053 3506 Inclitorum
1081 3472 1247 3512 Principum
1269 3483 1343 3503 con-

278 3516 468 3553 temptibiliter
488 3516 576 3553 spreta
594 3512 736 3552 praesentia
754 3513 929 3545 devotorum
951 3522 1017 3544 vota
1032 3519 1169 3552 provocat
1183 3511 1217 3541 ad
1231 3511 1343 3541 vindic-

278 3560 336 3582 tam
350 3564 356 3582 2
387 3553 453 3592 jura
471 3554 607 3593 sanguinis
624 3552 739 3583 confusa
759 3554 882 3592 queritur
902 3554 1057 3592 propinqua
1074 3551 1223 3589 cognatio,
1240 3550 1275 3580 &
1290 3551 1345 3579 rni-

278 3591 365 3621 rando
383 3593 412 3622 in
425 3593 570 3630 stuporem
583 3591 747 3627 deducitur,
764 3601 797 3621 ac
813 3590 951 3628 stupendo
967 3591 1082 3620 miratur
1093 3588 1224 3619 naturalia
1240 3588 1342 3619 huma-

280 3636 326 3657 nae
340 3628 470 3660 societatis
486 3630 669 3661 immutabilia
680 3629 793 3660 vincula
804 3630 894 3659 viliter
909 3629 1018 3659 violata.

318 3665 481 3705 Divulgatus
501 3670 557 3699 sere
574 3670 603 3699 in
624 3677 744 3698 ornnem
758 3677 859 3698 terram
869 3669 929 3706 jam
943 3668 1026 3697 sonus
1040 3667 1141 3704 evivit,
1158 3665 1191 3696 ὃς
1204 3667 1232 3696 in
1248 3674 1344 3695 remo-

282 3709 326 3732 tos
346 3705 420 3747 orbis
440 3707 554 3745 angulos
576 3707 693 3745 vulgaris
713 3706 787 3736 fama
807 3706 922 3736 dedtutit
936 3729 945 3744 ,
968 3706 1082 3745 qualiter
1102 3706 1132 3734 in
1153 3710 1342 3734 memoratum

282 3738 458 3785 Hernicum,
483 3744 578 3774 Cruce
598 3746 617 3775 si
657 3754 750 3782 atum,
766 3744 801 3775 de
821 3745 932 3775 Tunitii
955 3745 1092 3783 partibus,
1109 3744 1138 3772 in
1158 3743 1259 3780 quibus
1277 3740 1343 3779 Jesu

280 3776 391 3822 Christi
403 3780 512 3823 servitio
524 3792 592 3812 cum
642 3783 775 3813 hristiano
795 3782 905 3814 vacarat
926 3784 1070 3818 exercitu,
1087 3780 1121 3811 ad
1132 3780 1236 3811 Sedem
1251 3779 1343 3818 Apos-

281 3816 399 3847 tolicam
418 3828 447 3847 in
464 3818 612 3850 Comitiva
631 3821 834 3852 carissimorum
856 3823 886 3851 in
907 3819 1024 3850 Christo
1040 3820 1163 3849 filiorum
1177 3818 1342 3848 nostrorum

395 3893 400 3897 Ι
444 3855 568 3898 Franciae
582 3868 614 3888 ac
779 3859 882 3889 Siciliae
897 3859 1012 3897 Regum
1025 3857 1172 3887 illustrium
1182 3856 1217 3887 ad
1231 3855 1342 3886 Civita-

285 3901 345 3922 tem
364 3891 582 3936 Viterbienfiem‚
599 3896 647 3926 ubi
665 3905 732 3927 runc
749 3898 881 3927 Romana
894 3897 1025 3927 residebat
1041 3894 1143 3933 Curia,
1161 3894 1341 3931 venientem

285 3931 325 3973 &⁴
339 3930 451 3960 tandem
472 3940 501 3960 ln
521 3932 638 3975 quadam
656 3933 823 3965 Parrochiali
846 3935 972 3965 Ecclesifi
991 3934 1119 3964 Civitatis
1133 3931 1270 3969 ejusdem,
1287 3940 1341 3967 pro

286 3968 431 4011 missarum
459 3968 636 4011 solempnm,
656 3971 734 4013 'sacro
763 3972 849 4011 quadr
886 3973 985 4002 esimali
1007 3981 1135 4010 ternpore
1150 3969 1340 4000 constitutum

299 4005 398 4050 eisdem
414 4005 444 4036 R
481 4007 540 4036 ibus
553 4017 582 4035 in
597 4005 717 4050 CiVitate
728 4011 782 4048 ipifi
797 4020 855 4048 prce
867 4011 986 4046 entibus)
1004 4009 1147 4048 quondam
1161 4007 1286 4052 Symon,
1305 4007 1340 4038 &

319 4044 385 4075 u1d0
405 4043 441 4076 de
502 4044 635 4075 onteforti
647 4068 657 4083 ‚
680 4046 836 4087 Germani,
859 4058 892 4079 ac
912 4048 1033 4087 ejuffiem
1052 4047 1094 4078 H.
1113 4046 1223 4079 amitini
1245 4045 1341 4077 fratres

754 125 2027 182 coNVENTIONE83L1TERAE,

1383 212 1429 251 (ad
1448 223 1520 258 quos
1541 214 1723 247 restituendos
1743 217 1777 247 ad
1800 216 1930 248 cariffimi
1951 217 1981 247 in
2003 214 2122 247 Christo
2143 216 2194 249 filii
2207 215 2298 249 nostri
2307 217 2343 250 E.
2355 218 2447 260 Regis
2460 215 2537 249 Ami.
2551 216 2570 252 Ι

1377 252 1491 291 Angliae
1512 252 1620 284 illustris
1639 256 1772 294 gratiam,
1789 255 1844 293 qua
1864 255 1936 294 ipsos
1957 255 2045 285 fertur
2065 264 2168 287 eorum
2189 258 2280 296 gravis
2294 258 2341 288 cul
2387 261 2445 300 pri-

2481 265 2566 297 1273.

1375 291 1468 329 vafle,
1486 290 1561 321 idern
1579 291 1621 321 H.
1636 295 1672 323 de
1685 294 1829 325 voluntate
1841 295 1990 324 memorati
2002 292 2106 324 Siciliae
2140 304 2174 326 ac
2184 304 2254 326 cum
2270 305 2335 326 man
2356 306 2402 329 ato
2416 308 2446 330 e-
2460 297 2528 326 Edv.
2553 306 2564 325 i

1376 328 1483 366 jusdem
1511 329 1623 374 Angliae
1650 331 1767 371 Regum
1788 332 1911 369 venerat)
1931 332 2066 363 associatis
2086 316 2136 363 sissi
2157 334 2214 364 aliis
2228 357 2238 372 ,
2261 333 2346 365 Belial
2366 336 2447 376 filiis,

1377 376 1446 397 cum
1466 377 1565 412 armis,
1582 368 1725 401 diabolico
1745 372 1850 401 incitati
1863 371 1976 410 spiritu,
1991 372 2142 411 irruentes,
2157 372 2247 411 ipsum
2262 374 2392 406 manibus
2404 376 2449 406 in-

1376 404 1522 444 humanis,
1541 416 1634 437 immo
1647 409 1755 446 prorsus
1765 409 1935 440 immanibus
1947 409 2132 440 trucidarunt.

1380 483 1385 487 .
1413 443 1495 489 Ηαες
1514 445 1636 489 mundus
1658 448 1778 487 clamat,
1806 448 1869 478 haec
1891 449 2054 479 communis
2073 448 2185 479 assertio
2206 450 2347 490 publicat3
2368 451 2451 490 hujus

1377 491 1559 527 immanitatis
1581 484 1731 525 ordinem,
1757 487 1802 517 vel
1826 486 2067 517 inordinationem
2088 489 2180 527 potius
2195 510 2204 526 ,
2228 489 2265 520 fic
2284 490 2450 530 multiloqua

1378 520 1427 550 vul
1448 531 1456 550 1
1477 521 1575 566 lingua⁸
1591 522 1719 555 describit
1738 535 1744 554 :
1784 524 1963 555 Memoratus
1983 525 2118 565 liquidem
2141 525 2259 566 Guido,
2276 529 2306 558 in
2327 528 2387 567 ipso
2403 531 2451 561 in-

1399 563 1437 589 rel
1451 570 1468 604 u
1489 560 1633 605 praedidiae
1650 561 1822 594 Parochialis
1842 562 1977 594 Ecclesiae
1991 587 2001 603 ,
2024 574 2098 594 voce
2118 565 2234 595 terribili
2255 569 2450 607 comminans,

1399 598 1509 628 entibus
1529 598 1580 629 suis
1600 600 1745 632 infremuit
1773 610 1874 633 contra
1901 612 1968 632 eum
1988 602 2165 642 exclamans,
2183 604 2311 635 Proditor
2332 608 2451 638 Henri'ce

1380 636 1412 665 de
1427 636 1586 680 Alam-rasim
1598 661 1608 677 ,
1622 650 1674 669 non
1686 641 1787 670 evades
1806 651 1816 670 .·

1417 674 1460 720 Et,
1473 675 1665 722 sublequenter
1686 679 1715 709 in
1736 678 1841 719 ipsum,
1859 677 1894 709 ad
1912 678 2072 717 hujiifinodi
2092 679 2214 712 subitum
2235 681 2391 714 clamorem
2413 685 2449 716 &

1379 712 1541 758 fremitum,
1565 725 1687 747 ommno
1705 716 1971 755 impraemeditatum
1993 718 2027 748 &
2049 718 2168 750 inscium
2183 742 2192 758 ,
2214 729 2367 758 paventem
2386 732 2450 754 non

1379 762 1541 797 immerito,
1564 754 1597 785 &
1619 756 1858 795 propinquantem
1881 756 1985 795 Altari,
2008 767 2040 787 ac
2061 757 2101 788 illi
2124 758 2279 790 haerentem
2301 761 2450 800 inanibus,

1380 798 1438 834 tam
1460 792 1517 829 ipse
1537 792 1656 838 Guido,
1672 795 1757 834 quam
1772 803 1943 825 memoratus
1957 795 2082 835 Symon,
2099 799 2270 836 caeteriquei
2290 799 2386 830 sorum
2399 800 2450 832 Sa-

1379 829 1491 869 renites,
1511 840 1561 860 eva
1583 837 1661 862 matis
1672 832 1783 872 gladiis,
1801 833 1834 864 &
1849 833 1934 863 clavis
1944 833 2057 864 elevatis
2069 835 2203 876 aggreffi,
2222 836 2268 867 tali
2291 848 2321 869 us
2332 840 2448 871 circun-

1380 867 1476 913 dantes
1490 879 1550 913 ,eun
1570 880 1618 900 em
1640 870 1826 902 saturaverunt
1841 872 1867 902 se
1880 873 1972 911 poenis
1986 872 2071 912 illius,
2086 884 2119 904 ac
2127 897 2137 913 ,
2155 884 2293 915 ponentes
2308 877 2401 915 ipsum
2414 878 2449 909 si·

1380 906 1410 951 bi
1426 910 1500 946 quali
1521 918 1548 937 in
1564 908 1690 948 signum,
1708 910 1871 941 ceciderunt
1883 921 1952 941 cum
1966 911 2082 942 vulnere
2095 912 2174 951 super
2189 914 2308 953 vulnus,
2322 911 2450 957 latusque

1380 946 1606 1014 ¹zs3us'femur'
1625 947 1737 978 vultum
1758 949 1990 980 convulnerantes
2010 950 2185 992 &lumbos,
2225 954 2324 985 raecilis
2336 955 2388 986 fibi
2402 957 2448 986 ni-

1379 994 1397 1015 c
1419 985 1548 1029 ilominus
1566 986 1640 1026 quasi
1663 987 1782 1018 totaliter
1805 992 1923 1026 quatuor
1942 987 2055 1019 sinistrae
2072 999 2171 1022 manus
2189 962 2299 1032 digitis,
2322 993 2379 1032 qua
2415 1003 2447 1026 ut

1378 1032 1575 1068 praertuttitur,
1586 1025 1682 1070 eidem
1697 1025 1855 1070 adhaerebat
1866 1027 1973 1065 Armi,
1987 1027 2020 1057 &
2035 1028 2197 1067 quibusdam
2211 1032 2318 1062 clericis
2328 1033 2360 1062 in
2372 1016 2447 1071 p'rae-

1379 1061 1462 1107 dictis
1480 1062 1796 1108 solempnibtis,-eidem
1817 1064 1859 1095 H.
1874 1064 2058 1096 affistentibus
2072 1066 2169 1104 (altero
2183 1068 2238 1100 viz.
2252 1069 2385 1110 letaliter,
2405 1081 2449 1103 re-

1378 1100 1457 1141 liquo
1470 1111 1542 1133 vero
1554 1102 1613 1148 satis
1642 1111 1741 1135 raviter
1755 1102 1915 1140 vulneratis)
1925 1113 1983 1134 nec
1998 1112 2113 1136 mortuo
2129 1116 2330 1147 pepercerunt,
2349 1109 2386 1141 set
2399 1112 2435 1143 &

1378 1140 1444 1185 posi
1464 1149 1587 1172 mortem
1599 1152 1608 1172 i
1629 1151 1720 1180 atam,
1739 1142 1854 1174 vulnera
1866 1143 2014 1173 inferentes
2027 1143 2137 1182 eidem,
2152 1145 2243 1185 ipfiirn
2257 1155 2397 1180 traxemnt
2410 1136 2447 1181 ad

1378 1178 1461 1210 Ostia
1473 1180 1558 1211 dietae
1573 1180 1741 1212 Parocliialis
1754 1179 1889 1212 Ecclesiae
1898 1180 1959 1219 jam
1973 1181 2140 1212 exn'nc'tum.
2181 1195 2184 1198 ·

1415 1217 1470 1263 Per
1494 1219 1558 1263 haec
1585 1221 1667 1251 nimis
1691 1219 1881 1260 proculdubio
1900 1220 2033 1251 divinum
2053 1220 2235 1253 irreverentes
2254 1224 2286 1254 in
2307 1224 2417 1257 cultum
2436 1237 2444 1256 :

1379 1256 1512 1301 Graviter
1532 1268 1561 1288 in
1583 1259 1701 1291 eandem
1722 1258 1828 1291 Sedena
1847 1260 1881 1290 δε
1894 1257 2050 1290 Ecclesiam
2064 1258 2230 1293 Romanam
2243 1262 2356 1301 injurii:
2395 1265 2446 1296 Sa-

1376 1295 1471 1336 crilegi
1491 1296 1577 1328 distae
1597 1297 1784 1328 immunitatis
1803 1297 1999 1329 ecclesiasticae
2013 1297 2177 1330 infractores
2193 1309 2200 1330 :
2220 1303 2359 1332 temerarii
2372 1312 2446 1335 con—

1376 1341 1529 1379 temptores
1550 1336 1718 1367 celsitudinis
1739 1336 1862 1376 Regiae:
1902 1336 1947 1368 Ac
1961 1336 2032 1366 foedi
2046 1336 2163 1368 humani
2177 1336 2292 1370 foederis
2304 1340 2447 1375 subverso-

1374 1383 1480 1417 resim
1501 1374 1656 1418 Sobrinum
1675 1375 1830 1407 Fratricidii
1850 1376 1910 1414 rei,
1928 1375 2120 1408 inhominem
2134 1376 2288 1410 homicidae
2301 1373 2336 1411 ac
2349 1380 2448 1413 Sicani

1372 1421 1496 1442 nimium
1510 1413 1663 1444 inhumani.

1410 1450 1480 1496 Ubi
1499 1460 1568 1495 tunc
1591 1453 1672 1492 igitur
1685 1452 1720 1483 ad
1737 1451 1865 1483 Matrem
1877 1451 2033 1485 Ecclesiam
2047 1453 2133 1485 filialis
2146 1454 2288 1487 affectus?
2326 1455 2391 1489 Ubi
2403 1469 2448 1490 re-

1374 1498 1497 1520 verentia
1519 1489 1618 1520 divino
1639 1490 1727 1521 cultui
1747 1490 1860 1521 debita?
1896 1490 1964 1522 Ubi
1985 1492 2202 1526 honorificentia
2222 1495 2353 1535 Regibus
2364 1498 2446 1529 exhi-

1373 1528 1490 1559 benda?
1528 1528 1594 1559 Ubi
1617 1536 1692 1560 tanta
1710 1527 1846 1568 sanguinis
1874 1528 1970 1559 unio?
2005 1530 2073 1562 Ubi
2093 1531 2267 1566 observantia
2289 1537 2446 1576 temporis?

1374 1566 1449 1606 Quis
1471 1567 1534 1598 haec
1549 1569 1645 1598 omnia
1658 1576 1864 1606 contempnere
1878 1568 1976 1599 docuit
1985 1568 2006 1598 ?⁴
2037 1569 2113 1610 Quis
2125 1571 2189 1603 talia
2196 1574 2344 1613 praeterire
2358 1584 2445 1606 mon-

1374 1604 1489 1636 stravit?
1526 1605 1556 1636 O
1577 1606 1668 1637 furor!
1708 1605 1738 1637 O
1759 1607 1861 1637 rabies!
1901 1605 2000 1638 Immo
2021 1604 2447 1648 proculdubiorabiofi'furoris

1373 1644 1514 1684 excessus,
1525 1646 1578 1689 *qui
1599 1645 1670 1676 adeo
1692 1645 1721 1676 in
1736 1645 1862 1676 rationali
1874 1644 2011 1688 Creanirfi
2021 1646 2161 1687 judicium
2177 1650 2290 1681 rationis
2300 1651 2429 1684 absorbet

1373 1691 1405 1728 iit
1414 1692 1620 1726 'cognationem
1629 1707 1639 1723 ,
1654 1694 1740 1723 quam
1755 1684 1827 1715 inter
1840 1683 1973 1714 homines
1987 1684 2261 1725 generaliter'natura
2279 1676 2447 1723 constituit,

1374 1725 1423 1759 ipli
1438 1722 1606 1762 singulariter
1622 1723 1659 1754 fic
1674 1723 1830 1754 inhumane
1841 1730 2024 1764 praetermnt,
2042 1724 2081 1756 fic
2094 1725 2169 1764 quafi
2182 1716 2447 1767 prorsus‘abjurent’

1373 1761 1468 1830 puo'd,
1493 1770 1575 1792 more
1595 1759 1704 1801 ferino,
1722 1761 1813 1793 efferis
1835 1762 1934 1793 animis
1954 1761 2117 1795 alterutrum
2137 1764 2172 1796 δε
2190 1765 2305 1798 saeviant
2324 1768 2354 1797 in
2373 1755 2447 1810 scip-⁹

1385 1809 1435 1831 os.

1410 1838 1442 1883 Q
1463 1848 1602 1885 quantum
1620 1841 1669 1872 hic
1683 1841 1808 1873 excessus
1823 1840 1985 1880 exceditur,
2004 1851 2072 1872 cum
2086 1842 2117 1872 in
2130 1842 2300 1881 conjunctos
2312 1843 2446 1885 sanguine

1371 1877 1532 1924 desaevitur!
1569 1880 1601 1911 O
1621 1889 1758 1920 quantum
1773 1880 1895 1912 excessui
1909 1879 2068 1918 hujusmodi
2082 1880 2176 1920 culpae
2188 1880 2299 1922 pondus
2311 1883 2447 1924 adicitur,

1374 1927 1442 1949 cum
1460 1929 1597 1950 innocens
1612 1918 1758 1951 laceffitur!
1830 1940 1833 1942 —
1984 1940 1988 1945 -

1397 1956 1549 2002 'Profecto
1569 1957 1709 1998 praemiffa
1727 1960 1757 1989 in
1778 1957 1903 1990 eundem
1923 1954 1966 1988 H·
1985 1967 2054 1989 cum
2074 1957 2173 1989 talium
2194 1958 2229 1990 &
2247 1959 2362 1991 aliarum
2381 1968 2446 2001 gra-

1373 2006 1456 2028 vium
1477 1996 1751 2029 circumstantiarum
1770 1996 1790 2017 ³*
1809 2003 1811 2006 '

1371 2036 1553 2080 innocentia,
1567 2036 1601 2067 &
1623 2044 1720 2068 mutua
1733 2035 1815 2080 ipsius
1877 2036 2059 2072 comittentes
2071 2036 2206 2075 cognatio
2218 2045 2387 2077 aggravant,
2405 2038 2446 2070 set

1373 2075 1408 2106 δε
1432 2073 1553 2113 eiusdem
1572 2074 1614 2105 H.
1635 2074 1787 2112 beneficia,
1801 2075 1831 2105 in
1845 2084 1882 2106 eo
1894 2073 1990 2105 saltem
2005 2074 2085 2113 quod
2097 2074 2132 2105 ad
2144 2075 2376 2108 reformationem
2388 2076 2446 2108 sta-

1299 2130 1304 2133 ·
1320 2131 1325 2134 -
1372 2112 1418 2146 tfis
1439 2113 1562 2158 ipsorum
1582 2113 1671 2146 taliter
1690 2112 1847 2152 insistebat,
1865 2111 1986 2145 reddunt
2004 2111 2197 2152 'proculdubio
2216 2114 2305 2155 longe
2323 2116 2445 2157 amplius

1371 2161 1509 2193 graviora.

1369 2215 1372 2218 .
1408 2191 1526 2223 Illorum
1534 2192 1623 2232 igitur
1634 2194 1779 2224 atrocitate
1795 2191 1967 2224 commoniti
1974 2200 2091 2230 ‚eorum
2099 2191 2241 2224 evidentia
2253 2192 2444 2232 excitati,dic-

1368 2240 1406 2264 το
1417 2230 1545 2272 Symone
1556 2231 1630 2263 fatali
1638 2231 1709 2263 sorte
1722 2232 1803 2262 rebus
1816 2231 1944 2262 humanis
1957 2240 2041 2261 exem
2073 2241 2093 2262 ο
2100 2240 2311 2270 ,memoratum
2325 2230 2446 2264 Guido-

1371 2269 1616 2314 nemismsquein
1629 2269 1680 2302 hiis
1692 2270 1887 2308 complices&
1895 2268 2029 2308 fautores,
2054 2268 2365 2302 efiatrumnostrorum
2370 2280 2446 2302 con-

1372 2311 1443 2347 sili0,
1449 2319 1479 2339 in
1486 2307 1593 2340 Palatio
1600 2309 1779 2341 Urbeveran.
1787 2309 1987 2349 peremptorie,
1992 2308 2125 2347 praesente
2130 2308 2310 2340 multitudine
2316 2309 2446 2350 copiosa,

1372 2350 1404 2379 in
1415 2347 1509 2392 forma
1520 2349 1670 2381 citavimus
1682 2349 1712 2378 in
1727 2346 1878 2385 frascriptii.
1897 2345 2054 2386 Gregorius
2063 2346 2218 2387 Episcopus
2227 2347 2330 2379 Servus
2335 2347 2444 2379 Servo-

1372 2396 1437 2419 rum
1450 2386 1521 2417 Dei:
1542 2386 1588 2417 Ad
1601 2386 1813 2419 certitudinem,
1833 2385 2008 2424 iaesentium,
2026 2386 2061 2417 δε
2074 2386 2243 2416 memoriam
2254 2386 2425 2418 futurorum.

1410 2425 1568 2465 Qondam
1589 2423 1711 2455 Henrici
1729 2424 1766 2455 de
1839 2423 1934 2455 mani&
1947 2447 1958 2463 ,
1981 2425 2065 2455 clmae
2085 2425 2256 2464 memoriae,
2274 2423 2393 2456 Ricardi
2414 2426 2446 2456 in

1373 2465 1576 2496 Romanorum
1590 2464 1704 2502 Regem
1720 2462 1812 2494 Ele&
1829 2462 2015 2502 Pritnogeniti
2029 2462 2136 2503 sanguis
2147 2461 2252 2494 effusus
2265 2463 2427 2495 immaniter

1375 2505 1460 2535 *&c.
1474 2511 1558 2547 prout
1571 2504 1600 2533 in
1615 2503 1706 2533 Tom.
1717 2505 1739 2532 1.
1757 2501 1824 2543 Pag.
1841 2501 1905 2546 899.
1920 2501 2006 2546 usque
2021 2501 2085 2532 haec
2121 2511 2166 2532 uae
2178 2501 2339 2542 sequuntur.
2433 2487 2446 2504 ²

1412 2541 1568 2572 Praemiffae
1589 2551 1705 2582 quoque
1728 2542 1917 2586 peremptorie
1929 2539 2080 2571 Citationis
2091 2511 2120 2571 ἓ

1891 1997 2005 2028 vatione
2024 1996 2192 2035 commiffii,
2208 2007 2269 2029 non
2286 1998 2376 2030 solum
2390 2000 2448 2038 ejus
2459 2005 2525 2047 (11,
2539 1998 2570 2040 σέ

2464 2515 2570 2548 ‘Viam

2118 2539 2228 2571 ditstum
2241 2542 2273 2572 in‘
2285 2541 2364 2572 variis
2376 2541 2445 2573 locis
2462 2557 2570 2586 ,an-,m

1373 2581 1539 2621 insignibus,
1557 2580 1644 2610 solitae
1665 2580 1746 2620 ipsius
1768 2578 1913 2610 Guidonis
1928 2579 2096 2610 habitationi
2114 2579 2236 2624 vicinis,
2253 2588 2303 2619 per
2321 2580 2445 2612 diversos
2459 2595 2528 2624 Tm¹
2548 2597 2570 2626 Ι.

1373 2619 1541 2660 Capellanos
1556 2618 1687 2658 nostros,

1374 2660 1450 2688 niter
1462 2658 1606 2695 publicari.

1408 2696 1535 2734 Et‚licet
1548 2696 1616 2726 illud
1631 2695 1665 2726 ad
1679 2694 1801 2733 ejusdem
1817 2693 1858 2725 G.
1873 2694 2030 2732 pervenisse
2043 2695 2172 2725 notitiam
2179 2694 2350 2727 diversarum
2356 2696 2448 2728 litem-

1374 2744 1439 2764 rum
1460 2734 1613 2766 clausarum
1635 2735 1669 2764 &
1687 2741 1831 2771 patentum
1855 2733 1938 2763 nobis
1958 2734 1994 2762 ab
2008 2732 2068 2770 ipso
2082 2732 2228 2764 mistarum
2244 2735 2378 2772 (quarum
2396 2731 2446 2766 aliss

1374 2783 1437 2813 quae
1455 2773 1488 2803 ad
1510 2783 1561 2803 nos
1575 2771 1645 2802 infra
1660 2771 1806 2808 praefixum
1819 2771 1869 2800 sibi
1885 2771 2057 2808 terminum,
2074 2770 2174 2808 aliquae
2188 2771 2217 2801 in
2230 2772 2334 2803 eodem
2347 2774 2446 2804 termi-

1375 2822 1431 2850 no,
1450 2811 1562 2849 reliquae
1583 2819 1652 2840 vero
1673 2809 1738 2847 post
1751 2808 1874 2839 eundem
1889 2809 2044 2839 terminum
2108 2810 2256 2848 venerunt)
2271 2819 2354 2842 tenor
2367 2821 2447 2850 aper.

1375 2851 1427 2881 tius
1447 2848 1621 2886 manifestet3
1640 2848 1695 2885 ipse
1717 2857 1829 2886 tamen,
1848 2846 2029 2886 praedic'tique
2049 2847 2235 2888 complices,
2251 2849 2286 2880 δε
2307 2849 2448 2890 fautores,

1375 2888 1455 2920 tantis
1477 2885 1630 2918 excessibus
1646 2887 1837 2917 contumaciae
1853 2894 2054 2925 contemptum
2067 2885 2215 2925 addentes,
2232 2886 2399 2926 comparere
2414 2889 2447 2920 in

1375 2927 1477 2958 eodem
1504 2927 1626 2957 termino
1641 2948 1651 2964 ,
1681 2926 1715 2958 &
1740 2924 1927 2964 postmodum
1951 2924 2088 2963 expectati
2112 2924 2236 2966 diutius,
2269 2926 2448 2967 contempse-

1376 2974 1448 2998 runt.
1983 2972 1987 2973 ⁷
2061 2972 2064 2973 ⁷
2178 2969 2226 2974 ’ΛΔ
2260 2970 2271 2973 “
2282 2970 2287 2973 ”
2350 2970 2354 2971 ’
2403 2968 2406 2971 ’

1413 3005 1448 3036 In
1470 3006 1566 3043 primis
1585 3004 1699 3044 quidem
1720 3003 1803 3035 literis
1822 3003 1934 3047 clausis,
1951 3003 2034 3035 nobis
2069 3011 2101 3035 ut
2113 3003 2291 3045 pudicitia,
2308 3012 2374 3036 ante
2386 3003 2449 3036 dic-

1376 3053 1439 3075 tum
1453 3045 1607 3074 terminum
1623 3043 1806 3082 praesentatis,
1826 3044 1904 3081 petiit
1922 3041 1999 3072 idem
2015 3027 2056 3073 (3.
2074 3042 2163 3074 Fratri
2175 3042 2225 3075 suo
2238 3038 2395 3075 ¹Ar‘naurico
2407 3043 2445 3074 de

1378 3081 1524 3114 conductu
1547 3083 1580 3113 &
1605 3083 1746 3112 securitate
1767 3081 1877 3121 ydonea
1895 3080 2054 3120 provideri,
2071 3081 2214 3121 nostram,
2230 3083 2340 3122 ut·ejus
2351 3083 2448 3114 verbis

1378 3131 1507 3158 utamur,
1527 3121 1645 3151 intrandi
1666 3120 1785 3150 Curiam
1798 3120 1831 3150 &
1846 3119 2018 3159 revertendi,
2036 3129 2106 3151 cum
2118 3118 2278 3163 eripe-adiret,
2291 3121 2328 3151 ab
2346 3119 2398 3159 ei,
2415 3129 2448 3152 ut

1378 3160 1457 3191 idem
1482 3160 1564 3190 frater
1589 3159 1648 3190 suus
1675 3159 1710 3189 A.
1729 3160 1810 3189 caute
1832 3158 1977 3189 discuteret
2026 3159 2060 3191 &
2286 3160 2304 3165 ”
2422 3160 2429 3165 “

1379 3208 1464 3240 quern
1489 3198 1610 3228 niodum
1630 3198 1687 3237 ipse
1710 3196 1827 3235 Guido,
1844 3197 1863 3227 fi
1883 3197 1917 3228 ad
1938 3181 2065 3230 nostram
2084 3207 2152 3228 eum
2164 3197 2338 3236 praesentiam
2351 3198 2449 3231 venire

1378 3237 1574 3307 lcontingeret,
1594 3236 1754 3266 mortalium
1776 3236 1959 3267 inimicorum
1980 3236 2095 3271 suorum
2116 3236 2382 3272 infidias'declinare
2400 3246 2450 3268 va-

1389 3284 1453 3307 eret.

1416 3314 1450 3345 Iri
1465 3314 1564 3358 oblatis
1582 3321 1693 3353 autem,
1711 3315 1740 3358 in
1754 3314 1876 3344 termino
1888 3312 2064 3354 supradisto,
2080 3313 2235 3354 patentibus
2249 3306 2346 3346 litteris¹
2359 3308 2447 3345 del'icss

1381 3361 1443 3383 tum
1463 3353 1545 3382 nobis
1564 3352 1618 3382 effe
1641 3361 1799 3383 notorium:
1819 3353 1913 3383 immo
1930 3352 2016 3383 etiam
2036 3351 2090 3383 ase
2106 3350 2440 3391 comiffiim‚iinficians;

1380 3392 1415 3423 ὃ(
1432 3391 1547 3430 allegans
1571 3401 1622 3428 pro
1644 3401 1679 3421 eo

1380 3439 1526 3461 notorium
1541 3429 1686 3459 diceretur.
1984 3461 1987 3465 .
2141 3461 2146 3465 .
2162 3461 2165 3464 Ι
2189 3450 2191 3453 .
2223 3461 2225 3464 Ι
2244 3449 2284 3467 ’,ζ’
2302 3447 2306 3450 .

1421 3468 1533 3511 Adjecit
1553 3468 1647 3505 quod,
1665 3468 1731 3498 dato
1751 3467 1829 3506 quod
1851 3468 1960 3499 dictum
1980 3466 2144 3506 Henricum
2162 3465 2310 3506 ceciderit,
2327 3465 2445 3500 ,caulam

1378 3506 1691 3577 ἓὲῑέιῐῖῖῗωὴὲἓὲῧξς
1705 3503 2444 3584 2331ffis⁰2¹ei¹sissssiissdssssaffffiiiffiipfi3ff

1382 3586 1416 3616 &
1431 3569 1547 3614 remittit
1561 3593 1677 3620 poenam
1692 3568 1849 3614 facinorur’n
1864 3583 2075 3622 praedietorum.
2319 3615 2323 3620 ⁷
2432 3565 2445 3583 ²

1420 3622 1458 3653 Et
1474 3620 1573 3652 deinde
1585 3621 1766 3660 (conquestus
1779 3623 1893 3663 petitam
1904 3618 2077 3652 securitatem
2089 3618 2169 3651 disto
2183 3619 2220 3650 A.
2232 3618 2306 3650 fratri
2317 3618 2367 3648 suo
2380 3617 2446 3650 suis-

1383 3662 1409 3691 se
1429 3669 1624 3704 negatam-isac
1645 3670 1741 3699 petens
1761 3661 1867 3692 differri
1886 3659 2028 3705 judicium
2042 3658 2135 3689 donec
2149 3657 2240 3689 dictus
2253 3656 2318 3687 Rex
2331 3655 2378 3687 An
2399 3657 2446 3689 liae

1383 3699 1490 3743 Italiam
1510 3698 1636 3728 exrvrffet
1644 3723 1654 3738 ,
1674 3702 1707 3731 ἃς
1727 3699 1780 3730 suis
1791 3698 1917 3730 Nunciis
1926 3697 1960 3729 ad
1972 3696 2167 3738 proponendas
2177 3696 2232 3726 suae
2246 3694 2336 3739 causas
2348 3696 2384 3725 ab
2394 3705 2446 3726 en·

1383 3746 1447 3774 nae,
1464 3736 1498 3766 ad
1521 3738 1598 3775 quod
1618 3746 1710 3768 tamen
1729 3738 1820 3769 nullus
1839 3736 2008 3768 sufficienter
2028 3734 2206 3776 comparuit,
2215 3732 2385 3765 audientiam
2400 3736 2445 3765 iri-⁶

1383 3775 1500 3814 dulgeril
1513 3776 1650 3820 subjunxit
1664 3777 1691 3822 se
1704 3786 1828 3815 paratum
1841 3776 1875 3807 ad
1888 3775 2014 3821 noi-iram
2028 3775 2124 3804 venire
2138 3771 2255 3815 Curiam
2268 3770 2317 3802 suo
2328 3772 2398 3804 loco
2407 3773 2444 3804 δε

1383 3813 2014 3895 ἓῖᾩρὲῗὲεὲἣῑἕῃέἕὶξὲἓῖἀὲἷῑιξέὲέἓῗζε
2024 3808 2445 3890 ἒέἷῗιὲῗῗιέἶῗᾱὲἓῗᾲῗῇῗιέ

1384 3889 1473 3921 Curiii
1486 3890 1612 3922 securitas
1625 3892 1705 3930 plena
1717 3892 1834 3923 daretur.
2098 3924 2104 3930 ,

1422 3929 1469 3973 Ac
1489 3929 1611 3969 insuper,
1630 3931 1773 3970 propositis
1790 3929 1927 3968 aliquibus
1938 3929 1968 3957 in
1981 3926 2191 3968 derogationem
2203 3923 2379 3965 Apostolicae
2391 3935 2446 3964 po-

1382 3967 1503 4005 testatis,
1529 3978 1592 4006 qua:
1605 3993 1614 4008 ,
1641 3978 1774 4007 quatenus
1793 3967 1937 4008 pei-sonam
1958 3963 2082 3994 nostram
2101 3971 2272 4002 contingunt
2321 3963 2446 4004 benigna

1382 4005 1599 4037 dissimulatione
1620 4007 1783 4045 transimus,
1810 4005 1910 4044 adjecit
1929 4002 2007 4042 quod
2029 3999 2151 4033 Causam
2166 4000 2242 4034 suam
2261 3987 2297 4034 ad
2315 4002 2444 4035 faturum

1382 4043 1550 4076 Concilium
1565 4045 1689 4077 deferret.
2418 4075 2460 4110 h

1701 3391 1882 3431 probabiliter
1901 3391 1980 3431 poffe
1991 3392 2085 3441 negari
2098 3390 2446 3437 quod,actiis,transeuntis'

1705 2618 1740 2649 ad
1760 2617 1819 2650 hoc
1833 2617 1984 2657 specialiter
1996 2617 2165 2658 destinatos,
2180 2617 2300 2650 fecimus
2314 2618 2445 2660 sollemp-
2456 2637 2517 2668 pag.
2529 2633 2570 2674 89,

2463 2671 2570 2714 &stetisti

2463 2718 2488 2736 m
2496 2719 2570 2750 marg

2461 2756 2490 2774 ne
2504 2757 2570 2780 nota·

2460 2792 2489 2815 ta
2494 2796 2530 2815 m.

2079 3160 2193 3191 attente.
2208 3163 2378 3199 perquireret
2398 3168 2450 3198 per
2491 3168 2494 3171 ·
