2570 4261
70 183 147 214 Ann.
161 181 202 213 D.

100 230 184 260 12:⁷7.

69 263 138 289 fxv,
158 271 180 289 1.

58 987 131 1036 “ll.
146 1015 194 1044 95.

61 1112 139 1144 Ann.
153 1111 196 1143 D.

86 1159 168 1190 1277.

61 1193 116 1219 Au.
135 1193 161 1218 6.

62 1232 92 1256 E.
120 1238 143 1255 t.

62 1270 94 1296 L.
114 1270 149 1294 A.

64 1314 127 1341 377-
145 1306 172 1333 b-

61 1347 193 1372 PenesCz-

61 1391 154 1410 merar-

61 1424 116 1449 not.

62 1459 137 1486 ΜΘΗ.
154 1467 181 1494 5.

61 1501 91 1524 Ε.
110 1507 133 1528 Ι.

61 1544 98 1563 m.
119 1546 141 1563 i.

60 2117 137 2150 Anu.
150 2115 193 2147 D.

88 2165 171 2195 1277.

60 2199 114 2224 An.
132 2199 159 2223 6.

60 2277 101 2302 Ex
111 2277 177 2300 Eun-

61 2311 108 2341 del.
127 2312 192 2349 Mis-

60 2352 137 2378 eelan.
154 2352 180 2378 in

62 2391 147 2418 Turri-

216 104 295 152 164

220 184 350 225 quaedam
362 183 429 222 alia,
448 182 571 219 Milites,
589 181 789 219 Fidejuffores,
806 182 839 212 δε
851 180 944 211 eidem
959 180 1084 213 Gastoni
1096 183 1284 221 adhaerentes,

218 227 252 256 ὅ(
267 234 348 255 tetras
361 231 460 252 eorum
481 221 619 259 tangentia
632 242 642 258 ,
669 219 798 249 duxeritis
817 219 972 250 ordinanda
985 243 995 259 ,
1020 230 1105 261 prout
1123 222 1282 254 senescallo

217 263 316 294 nostro
325 262 350 290 V
352 261 487 297 asconiae,
506 258 659 288 secundum
674 258 814 295 quandam
828 258 1017 298 Scriprmam,
1036 260 1128 290 eidem
1142 271 1191 299 per
1200 261 1284 292 Con-

217 303 314 333 cilium
329 299 453 328 vestrum
467 297 594 327 traditam
603 319 612 334 ,
629 295 798 336 didicimus,
816 297 969 327 referente:
997 299 1076 338 Qiae
1088 301 1186 330 omnia
1200 310 1253 330 nec
1265 302 1282 332 a

213 341 276 379 jure
290 338 370 368 vobis
382 336 509 374 permissa
517 358 527 373 ,
544 344 598 365 nec
612 335 768 365 secundum
780 335 956 366 voluntatem
969 342 1092 368 nostram
1101 339 1283 378 praedictam,

216 387 301 419 quarn
317 377 345 405 in
357 384 408 405 vos
419 373 624 411 transtulimus,
639 374 808 406 intendimus
821 374 877 404 effe
889 376 1038 415 concessa,

252 414 454 445 Dominationi
468 412 571 443 vestrae
588 411 772 452 supplicamus
783 422 887 444 attente
902 437 912 454 ,
955 416 1063 445 uatinus
1077 416 1151 445 circa
1163 425 1281 453 poenam

215 454 307 484 eidem
324 450 446 482 Gastoni
462 474 472 490 ,
498 461 550 489 pro
570 452 674 481 meritis
693 451 873 491 infligendam
891 475 900 491 ,
923 463 938 482 a
959 463 994 483 eo
1015 453 1134 493 provide
1153 455 1283 485 ordinare

213 491 388 531 dignemini,
406 497 453 528 ut,
468 500 518 528 per
532 489 701 520 evidentiam
717 492 786 522 facti
798 515 808 529 ,
835 489 872 521 de
887 492 968 521 tantis
981 491 1234 530 transgressionibus
1247 494 1281 523 &-

212 539 270 561 tam
284 529 414 568 gravibus
429 539 480 558 vos
493 528 600 559 offendi
616 529 733 568 liqueat,
752 531 785 561 ὃς
807 539 858 559 nos
871 530 1020 559 emendam
1042 539 1195 570 congruam
1214 541 1282 561 curn

212 569 321 600 honore
334 567 508 606 assequamur
522 567 639 606 exinde,
658 567 789 608 idemque
803 567 895 598 Gasto
909 568 1005 598 vestris
1025 569 1059 599 ὃ(
1077 570 1176 599 nostris
1189 568 1282 600 subdi-

214 609 248 638 tis
263 607 293 636 sit
305 606 464 644 exemplar,
480 605 705 646 Inquisitionibus
719 616 829 644 autem,
847 607 968 646 apprisiis
980 629 990 644 ,
1013 607 1046 638 &
1062 608 1118 638 aliis
1131 608 1282 638 ordinatio-

214 646 313 683 nibus,
332 652 389 674 tam
399 644 545 683 Militum,
562 645 647 683 quam
661 645 782 676 aliorum
796 645 833 676 de
846 654 916 676 terta
930 644 991 683 sua,
1007 645 1113 676 omissis
1126 647 1159 677 &
1173 648 1283 684 penitus

213 685 365 720 revocatis,
382 682 418 713 de
431 683 548 721 quibus,
566 691 596 713 ut
611 683 722 713 dietum
743 683 800 721 est,
818 684 948 723 cognitio
969 684 1002 714 ὃς
1020 683 1159 716 ordinatio
1178 685 1213 716 ad
1232 696 1283 716 vos

212 732 273 753 non
288 722 390 760 specstat
402 744 411 759 ,
439 731 557 752 manum
571 721 693 752 vestram
709 721 745 752 de
765 731 836 754 terra
851 723 933 760 ipsius
954 721 1090 753 Gastonis
1105 747 1114 761 ,
1141 724 1174 755 &
1187 724 1282 755 homi-

213 771 284 792 num
298 761 410 792 suorum
424 769 604 799 amoventes,
622 760 642 791 si
655 761 777 800 placeat,
795 770 824 791 ut
843 771 895 792 nos
909 761 1112 802 querelantibus
1126 762 1162 794 de
1178 763 1281 794 eisdem

211 799 342 831 exhibere
356 797 492 838 possimus
503 798 614 837 justitiae
629 799 884 840 complementum.

250 879 363 912 Datum
374 879 448 921 apud
463 878 617 911 Rothelan.
635 888 678 919 15.
693 880 738 912 die
752 880 941 913 Novembris.

275 1012 304 1039 ’ᾗ
329 1015 378 1048 De
401 1023 460 1047 toto
479 1012 565 1061 Jure
584 1014 742 1048 Lemellini
763 1018 794 1047 in
813 1010 976 1064 Angleftya
996 1018 1070 1063 Regi
1089 1015 1219 1062 conce-ffb.

282 1102 403 1148 Mnibus
425 1102 532 1148 Christi
554 1103 680 1148 fidelibus
715 1105 750 1149 ad
771 1115 842 1144 quos
862 1105 1007 1149 praesentes
1028 1106 1126 1137 litterae
1145 1115 1282 1151 pervene-

300 1152 371 1188 rint,
389 1142 557 1175 Lewellmus
576 1142 646 1174 finus
666 1127 801 1183 driffini,
821 1143 956 1185 Princeps
976 1145 1107 1184 Walliae,
1124 1145 1237 1176 salutern
1249 1156 1279 1176 in

213 1179 378 1251 Dcffisgit
397 1220 572 1252 Univerfitas
592 1220 695 1260 vestra,
711 1231 763 1252 nos
783 1220 948 1253 conceffisse
964 1220 1122 1253 Maonifico
1138 1222 1281 1263 Principi,

163 1266 188 1305 f,
213 1268 247 1289 ac
261 1258 392 1290 Domino
407 1259 506 1290 nostro
520 1259 679 1298 karissimo,
698 1259 833 1291 Domino
848 1260 1008 1300 Edwardo,
1058 1263 1082 1291 ei
1097 1262 1200 1301 gratia,
1218 1262 1280 1293 Re-

214 1299 242 1338 gi
259 1298 370 1338 Anguae
385 1297 496 1336 illustri,
514 1299 548 1329 ὅτ
561 1298 718 1329 haeredibus
731 1299 798 1337 suis,
816 1299 950 1339 quicquid
965 1300 998 1330 ad
1020 1310 1071 1330 nos
1084 1302 1218 1340 pertinet,
1233 1301 1278 1332 vel

209 1337 348 1406 ‘pertiqgre
369 1338 471 1407 potefft
489 1338 518 1382 in
534 1336 704 1378 Angleseya,
722 1347 808 1376 quam
823 1339 958 1369 habemus
971 1348 1005 1369 ex
1016 1339 1198 1371 concessione
1212 1340 1281 1379 ejus-

230 1384 276 1405 em
323 1385 413 1406 omini
496 1386 516 1406 is

213 1416 215 1418 '
248 1412 422 1445 Habendum
443 1384 507 1455 pggst
521 1398 664 1445 {secessum
680 1413 826 1454 nostrum,
842 1415 862 1446 si
876 1416 1020 1455 contingat
1037 1426 1089 1447 nos
1104 1416 1161 1447 fine
1175 1415 1280 1448 Haere-

211 1451 307 1490 dibus,
325 1452 362 1482 de
376 1463 498 1492 corpore
514 1453 612 1483 nostro
624 1453 820 1491 procreandis,
839 1453 974 1485 decedere
988 1464 994 1484 :

246 1488 282 1520 Et
295 1491 439 1530 volumus,
456 1492 489 1523 ὃς
505 1491 689 1522 concedimus
702 1502 755 1530 pro
771 1493 852 1523 nobis
867 1494 900 1524 &
915 1492 1083 1524 Haeredibus
1098 1493 1199 1525 nostris
1211 1495 1280 1535 aliis,

210 1529 287 1599 guod
307 1531 443 1570 quicquid
463 1530 496 1561 ad
517 1540 569 1560 nos
581 1531 717 1569 pertinet,
733 1531 777 1561 vel
792 1532 930 1570 pertinere
944 1534 1046 1572 poterit
1061 1534 1090 1564 in
1106 1533 1279 1575 Angleseya‚

223 1581 231 1599 1
250 1571 399 1609 contigerit
421 1578 473 1599 nos
493 1568 548 1599 sine
569 1568 753 1607 Haeredibus‚
770 1570 805 1600 de
829 1580 948 1610 corpore
968 1571 1066 1602 nostro
1086 1574 1280 1612 procreandis,

210 1606 362 1647 decedere,
377 1607 411 1639 ad
431 1608 521 1646 ipsum
543 1606 708 1638 Dominum
732 1609 862 1648 Regem,
880 1609 913 1640 δε
928 1609 1064 1641 Haeredes
1077 1611 1138 1641 suos
1153 1613 1280 1652 integre,

210 1645 399 1687 haereditarie,
417 1647 451 1679 &
466 1646 522 1677 sine
535 1646 760 1678 contradictione
774 1648 883 1687 aliqua,
903 1650 936 1680 ὃς
949 1650 1173 1690 impedimento,
1185 1661 1279 1682 rever-

209 1692 288 1716 tatur.

245 1723 278 1754 In
298 1725 377 1768 cujus
397 1725 436 1756 rei
457 1723 651 1756 testimonium
674 1725 855 1765 praesentibus
868 1725 996 1766 Sigillum
1012 1725 1144 1758 nostrum
1157 1729 1279 1761 fecimus

210 1770 323 1802 appom.

248 1843 317 1875 Dat.
337 1843 409 1884 apud
432 1844 615 1876 Aberconwe
636 1845 682 1877 die
705 1844 806 1877 Martis
826 1846 954 1887 proxima
966 1848 1032 1888 post
1046 1849 1163 1882 Festum
1178 1849 1277 1882 Sancti

211 1882 349 1927 Martini,
366 1893 442 1914 anno
457 1883 579 1914 Domini
601 1893 686 1923 1277.

317 2019 367 2052 De
393 2017 643 2053 procuratoribus
667 2023 700 2052 in
727 2021 822 2053 Curia
845 2022 978 2054 Franciae
1006 2020 1178 2066 constitutis.

214 2105 427 2177 MAssnifico
448 2107 588 2148 Principi,
607 2107 741 2139 Domino
762 2109 796 2140 δε
819 2109 1028 2149 consanguineo
1051 2110 1100 2141 suo
1113 2112 1256 2143 cariffimo
1268 2137 1279 2153 ,

343 2148 446 2177 omino
468 2146 619 2186 Philippo,
637 2147 695 2178 Dei
718 2147 820 2187 gratia,
840 2148 869 2178 R
909 2151 916 2179 i
939 2149 1064 2180 Franciae
1083 2149 1199 2190 illustri,
1220 2151 1280 2182 Ed-

214 2186 346 2224 wardus,
370 2185 492 2224 ejusdem
511 2185 596 2226 gratia
611 2210 621 2224 ‚
645 2186 710 2216 Rex
730 2186 841 2226 Angliae
857 2210 866 2224 ,
924 2189 1037 2219 ominus
1055 2188 1222 2228 Hiberniae,
1246 2191 1279 2221 &

216 2224 286 2257 Dux
306 2224 504 2263 Aqukanniae,
522 2225 635 2255 salutem
652 2225 686 2256 δε
708 2225 823 2256 sincerae
844 2226 1002 2257 dilectionis
1023 2227 1130 2267 semper
1143 2238 1280 2269 augmen-

214 2272 286 2295 tum.

251 2301 284 2333 In
304 2301 387 2333 caufis
405 2303 537 2333 omnibus
558 2302 591 2334 δε
612 2303 747 2342 negotiis,
763 2303 1001 2343 qualitercumque
1022 2315 1074 2336 nos
1086 2307 1280 2346 tanoentibus,

215 2342 299 2372 motis
326 2341 359 2372 &
381 2341 529 2372 movendis
547 2341 561 2371 a
581 2341 790 2385 quibuscunque
812 2341 1046 2374 Universitatibus
1059 2367 1069 2383 ,
1095 2330 1152 2375 vel²
1160 2345 1281 2384 personis

213 2379 428 2418 Ecclesiasticis,
445 2389 491 2410 aut
511 2380 690 2418 secularibus,
709 2380 908 2420 culuscumque
922 2383 1099 2422 eminentiae,
1119 2382 1220 2422 status,
1238 2385 1281 2414 di-

212 2427 260 2459 gnr
275 2420 338 2458 itis,
354 2419 399 2449 seu
420 2418 592 2449 conditionis
611 2428 709 2450 contra
730 2429 799 2457 n05,
814 2420 860 2449 vel
880 2422 894 2450 a
921 2422 1002 2451 nobis
1025 2431 1125 2453 contra
1145 2422 1226 2462 ipsas,
1244 2423 1278 2454 &

211 2458 464 2528 ffimstqlfflffibet
485 2459 515 2488 in
536 2457 627 2488 Curia
646 2457 754 2497 vestra,
771 2458 816 2489 vel
830 2468 927 2490 coram
941 2459 1166 2500 quibuscumque
1181 2461 1280 2499 judici-

275 2507 310 2527 νε
335 2507 381 2527 ris·

249 2521 384 2567 Necnon’
398 2537 432 2568 ὃ(
453 2534 487 2566 ad
509 2534 670 2566 faciendum
711 2545 743 2565 ro
761 2535 861 2574 nobis,
879 2537 913 2568 ὃ(
935 2537 1052 2567 nomine
1069 2536 1182 2577 nostro,
1202 2540 1281 2578 quas-

213 2585 327 2614 cunque
347 2575 575 2614 supplicationes,
594 2576 672 2605 remis
687 2583 783 2613 lones,
798 2575 831 2605 &
849 2575 1100 2616 interpellationes,
1117 2577 1196 2618 super
1217 2580 1282 2618 qui-

212 2614 388 2653 buscumque
396 2637 406 2654 ,
425 2614 528 2644 vestrae
538 2613 691 2653 sublimati,

249 2651 384 2683 Dilectos
400 2653 434 2683 &
454 2652 546 2683 fideles
569 2652 679 2683 nostros
716 2652 859 2682 ohannem
881 2652 918 2683 de
930 2652 1057 2693 Gredley
1093 2654 1281 2686 Senescallum

211 2691 341 2723 nostrum
364 2691 529 2730 Vasconiae,
547 2691 581 2722 &
604 2689 684 2730 Magi
712 2701 774 2720 tum
791 2690 996 2730 Reymundum
1010 2693 1046 2723 de
1070 2703 1084 2722 a
1101 2693 1230 2732 Ferrere,
1247 2695 1281 2725 δε

212 2739 366 2769 utrumque
379 2739 479 2760 eorum
490 2731 518 2760 in
529 2729 646 2759 solidum
656 2731 704 2767 (ita
719 2729 797 2768 quod
807 2739 872 2765 >non
888 2730 919 2760 sit
932 2731 1032 2760 melior
1046 2732 1178 2762 conditio
1190 2742 1280 2763 occu-

213 2771 315 2807 pantis)
335 2768 368 2800 ad
387 2771 483 2800 omnia
499 2768 684 2799 Parliamenta
695 2767 804 2806 vestra,
818 2766 921 2807 assisas,
937 2768 994 2799 dies
1008 2770 1041 2800 &
1054 2771 1205 2808 terminos,
1220 2771 1281 2802 affi-

213 2817 314 2848 gnatos
336 2809 369 2840 ὃς
391 2807 567 2847 assignandos
581 2808 597 2837 ’ξι
613 2808 694 2838 vobis
708 2807 741 2838 &
757 2806 830 2845 aliis,
848 2806 942 2851 uestro
956 2809 1088 2847 nomine,
1109 2807 1282 2841 Procurato-

216 2856 257 2876 res
271 2846 381 2878 nostros
392 2846 510 2877 facimus
518 2871 528 2887 ‚
546 2845 745 2876 constituimus
756 2846 790 2876 &
805 2845 982 2882 ordinamus,

252 2884 360 2915 Dantes
388 2885 512 2924 eisdem,
536 2885 570 2916 &
592 2886 702 2923 utrique
725 2883 848 2925 ipsorum
863 2907 873 2923 ‚
898 2885 1085 2923 potestatem,
1112 2886 1146 2916 &
1168 2886 1282 2926 speciale

215 2924 380 2954 mandatum
399 2925 516 2964 agendi,
541 2924 727 2963 defendendi,
751 2923 932 2963 impetrandi,
949 2924 1139 2965 supplicandi,
1154 2926 1283 2965 petendi,

217 2963 386 3001 recipiendi,
401 2964 528 3002 jurandi,
545 2963 580 2993 de
601 2963 759 3001 calumpnia
770 2962 804 2993 &
819 2962 855 2992 de
869 2964 982 2994 veritate
993 2963 1130 3003 dicenda,
1146 2965 1179 2996 ὃς
1193 2965 1283 3002 juran-

216 3000 247 3032 di
261 3001 290 3030 in
303 3002 426 3031 animam
440 3002 562 3032 nostram
575 3011 660 3041 genus
674 3001 818 3041 quodlibet
831 3001 939 3032 alterius
954 3003 1117 3041 iuramenti,

256 3038 354 3069 Alium
374 3040 418 3069 vel
437 3040 503 3070 alios
516 3040 729 3077 Procuratores,
748 3041 866 3072 nomine
879 3040 996 3080 nostro,
1014 3049 1078 3072 ante
1089 3041 1167 3072 litem
1182 3051 1285 3074 conte-

220 3077 323 3108 statum
346 3078 379 3109 δε
402 3079 481 3119 post,
503 3079 692 3110 constituendi
713 3080 748 3110 &
768 3077 968 3118 substituendi,
984 3081 1018 3111 &
1041 3081 1192 3111 revocandi
1216 3092 1284 3113 eum

221 3116 267 3147 vel
287 3126 350 3154 eos,
368 3118 401 3147 ὃ(
421 3118 521 3147 iterum
536 3117 708 3154 assumendi,
726 3119 753 3147 in
767 3119 918 3156 omnibus,
938 3119 972 3150 &
986 3119 1095 3159 singulis
1107 3119 1284 3161 supradietis,

219 3155 357 3194 praesente
368 3156 499 3186 mandato
510 3156 709 3186 nichilominus
721 3157 748 3186 in
763 3157 811 3187 suo
825 3158 928 3187 robore
940 3157 1088 3196 duraturo;

256 3193 430 3225 Beneficium
451 3194 628 3225 restitutionis
648 3196 675 3224 in
688 3196 826 3234 integrum
841 3196 968 3235 petendi,
987 3197 1021 3228 &
1037 3197 1156 3228 faciendi
1171 3199 1285 3230 univer-

217 3232 242 3263 sa
264 3233 297 3263 &
320 3233 441 3274 singula,
459 3243 522 3273 quae
537 3235 595 3263 veri
609 3234 642 3264 &
657 3233 773 3272 legitimi
790 3235 905 3274 poliunt
920 3236 1010 3267 facere
1023 3235 1238 3277 Procuratores,
1255 3248 1286 3269 e-

219 3272 288 3302 tiam
302 3271 321 3301 fi
334 3273 498 3303 mandatum
512 3273 620 3311 exigant
634 3272 763 3312 speciale,

258 3309 367 3340 Ratum
389 3311 507 3342 habituri
529 3311 562 3341 &
583 3319 692 3350 gratum
717 3312 847 3352 quicquid
867 3323 915 3352 per
933 3314 1047 3344 eosdem
1068 3313 1287 3356 Procuratores,

220 3347 266 3379 vel
289 3358 387 3379 eorum
406 3351 540 3387 alterurn,
560 3349 726 3379 constitutos
747 3351 791 3380 vel
815 3351 973 3383 substitutos
991 3355 1026 3383 ab
1049 3354 1110 3393 ipsis
1122 3354 1167 3384 vel
1183 3363 1284 3385 eorum

220 3387 330 3454 aliqpo,
347 3388 456 3419 fa&um
471 3389 515 3419 seu
530 3397 709 3427 procutatum
726 3388 807 3419 fuerit
821 3390 849 3419 in
863 3391 1024 3431 praemiffis,
1043 3393 1077 3423 &
1091 3392 1204 3432 singulis
1215 3403 1288 3432 prae-

223 3426 390 3491 Ἥρωι-ης
408 3437 462 3466 pro
485 3428 606 3466 judicato
619 3427 770 3466 solvendo,
788 3438 839 3458 nos
853 3430 886 3460 ὃς
901 3431 1012 3470 nostra,
1029 3431 1050 3462 si
1063 3431 1173 3462 necesse
1188 3432 1288 3472 fuerit,

224 3471 244 3491 o
318 3473 385 3495 ntes.

230 3514 236 3519 ·
262 3472 316 3545 Pl&
338 3504 410 3536 hanc
424 3514 517 3536 autem
530 3505 761 3535 Procurationem
774 3505 840 3536 alios
855 3505 1055 3541 Procuratores
1070 3507 1195 3549 nostros,
1213 3511 1288 3549 ptius

227 3539 409 3582 constitutos,
427 3554 486 3574 non
500 3543 670 3575 intendimus
684 3553 823 3575 revocare.

266 3575 302 3605 Et
315 3579 393 3618 haec,
411 3581 544 3620 Princeps
558 3581 752 3621 Sereniffime,
771 3584 869 3623 vobis,
888 3585 921 3615 &
935 3587 1084 3625 omnibus,
1100 3596 1225 3627 quorum
1245 3588 1289 3617 in-

229 3613 537 3693 gffistfigffilmsintereffe
555 3623 675 3661 poterit,
693 3621 875 3661 significamus
892 3633 940 3664 per
954 3625 1116 3666 praesentes,
1135 3625 1235 3656 nostro
1247 3625 1291 3656 Si-

233 3731 434 3804 nolsgaitasstxgid
454 3749 563 3772 novum
584 3740 748 3774 Mercatum
767 3751 815 3783 23.
839 3744 886 3776 die
906 3742 1086 3777 Novembris
1104 3754 1180 3779 anno
1194 3743 1291 3786 Regni

663 88 1472 146 CoNV‘ENTio'NES,
1529 92 1918 149 LITERAE,

2409 183 2488 216 Ann.
2503 177 2546 219 fi.

2441 233 2541 264 1277..

2406 265 2465 290 ,Ἐάν
2498 266 2539 292 12⁴

2407 299 2426 319 4
2443 303 2481 330 ΙΙ.
2497 303 2546 340 96-.·

1386 276 1407 296 ⁴*
1426 276 1476 309 De
1495 275 1644 308 Lewelino
1664 278 1800 322 Principe
1817 276 1945 318 Walliae,
1971 275 2016 309 ad
2034 280 2142 324 Regem
2158 275 2243 325 apud
2255 280 2336 312 Lon-

1749 326 1817 359 don.
1842 336 1979 359 venturo.

1331 411 1621 485 Rapui-omnibus
1648 413 1756 445 ballivis
1783 406 1816 445 se
1837 413 1965 446 fidelibus
1981 415 2051 455 suis,
2073 416 2108 447 ad
2126 426 2197 456 quos
2212 440 2222 457 ,
2247 419 2306 451 &0
2326 419 2393 451 aiu.
2406 423 2542 489 Zagrou,

1367 488 1463 521 Sciatis
1483 489 1561 530 quod
1579 490 1762 529 suscepimus,
1779 492 1809 521 in
1830 492 1936 524 salvum
1957 493 1989 523 &
2004 493 2130 523 securum
2144 495 2322 527 condudtum
2338 506 2392 527 no-
2406 504 2436 526 E.
2456 510 2481 528 r.

1331 525 1435 565 strum,
1458 528 1638 560 Lewelinum
1664 530 1755 561 filium
1784 529 1922 570 Griffini,
1950 530 2111 570 Principem
2126 533 2257 573 Walliae,
2274 536 2394 569 familia·
2408 548 2444 568 m.
2463 548 2506 569 ιιι

1331 575 1372 595 res
1388 567 1466 606 suos,
1485 568 1518 598 δε
1532 577 1648 606 omnes,
1665 578 1735 608 quos
1750 568 1846 599 secum
1860 570 1962 609 ducet,
1982 570 2107 609 familiis,
2127 571 2272 611 berneriis,
2291 582 2336 604 aut
2352 584 2394 605 re-
2503 573 2507 576 ’

1329 604 1382 649 bus
1403 606 1473 645 suis,
1490 607 1520 636 in
1541 607 1686 638 veniendo
1705 608 1739 638 ad
1760 617 1813 638 nos
1826 608 1961 640 London.
1979 609 2131 648 morandO,
2149 611 2183 641 &
2198 611 2264 642 inde
2277 612 2311 643 ad
2325 623 2394 654 pro-
2435 638 2440 640 i

1329 652 1387 680 pria
1404 645 1570 676 revertendo
1588 654 1595 674 ε

1367 681 1406 713 Et
1421 683 1484 714 ideo
1496 684 1578 714 vobis
1590 683 1769 722 mandamus,
1788 685 1865 725 quod
1879 685 1972 716 eidem
1986 685 2111 726 Principi
2120 710 2130 726 ,
2149 687 2344 728 familiaribus,
2361 690 2397 722 &

1331 723 1481 761 omnibus,
1498 733 1568 762 quos
1587 723 1682 753 secum
1699 723 1803 762 ducet,
1818 723 1946 764 familiis,
1961 725 2087 757 hernesii
2098 751 2106 764 ,
2123 735 2170 758 anit
2182 728 2264 758 rebus
2278 727 2348 767 suis,
2365 730 2397 760 in

1330 761 1475 792 veniendo
1496 761 1530 791 ad
1549 771 1601 791 nos
1622 761 1757 792 London.
1779 763 1936 801 morando,
1953 764 1986 795 &
2001 764 2066 794 inde
2081 766 2113 795 ad
2129 767 2238 806 propria
2253 775 2398 798 reverten-

1329 798 1369 829 do
1383 823 1392 838 ,
1423 810 1483 830 non
1505 800 1627 830 inferatis
1639 823 1649 839 ,
1680 800 1726 830 vel
1747 801 1840 831 inferri
1860 803 2022 839 permittatis
2042 804 2170 842 injuriam
2185 828 2195 844 ,
2223 805 2399 846 molestiam,

1329 837 1504 878 dampnum,
1521 838 1757 878 impedimentum
1779 839 1824 870 seu
1844 848 2018 879 gravamen,
2042 842 2090 880 ὃς,
2105 842 2192 882 siquid
2213 845 2251 875 eis
2270 844 2397 877 forisfac-

1329 884 1391 907 tum
1408 877 1507 916 fuerit‚
1521 877 1548 907 id
1563 878 1618 915 eis,
1636 877 1693 908 sine
1711 877 1858 917 dilatione,
1877 879 1980 910 faciatis
1996 881 2145 912 emendari.

1365 914 1422 955 Et,
1437 917 1471 947 ad
1494 915 1663 954 praedictum
1685 914 1780 947 Princi
1802 927 1847 947 em
1871 917 2091 949 conducendum
2106 920 2138 950 ad
2153 930 2204 951 nos
2237 920 2306 953 ficut
2342 932 2396 954 rae-

1328 953 1438 985 dietum
1453 953 1510 993 est,
1522 953 1674 999 venerabili
1687 956 1756 994 patri
1772 927 1809 985 ig
1826 955 1944 986 Bathon.
1959 957 1992 988 &
2007 957 2130 988 Weilen.
2143 943 2245 999 Episco
2291 984 2301 999 ,
2317 933 2397 992 gan-

1328 993 1441 1024 cellario
1458 993 1556 1024 nostro
1589 993 1622 1024 &
1636 993 1744 1024 dilecto
1759 995 1840 1024 nobis
1855 995 1884 1023 in
1899 993 2017 1025 Christo
2030 995 2121 1027 Priori
2133 997 2253 1038 Hospita
2264 1000 2281 1029 is
2300 999 2396 1031 Sanffl

1325 1031 1461 1070 johannis
1477 1032 1544 1070 Jeru
1557 1031 1630 1063 alem
1652 1033 1681 1062 in
1703 1031 1804 1071 Anglia
1825 1032 2008 1063 Thesaurario
2027 1034 2126 1065 nostro
2139 1059 2149 1073 ,
2167 1036 2201 1067 δε
2219 1037 2344 1077 discetis,
2359 1040 2394 1070 &

1329 1070 1455 1102 fidelibus
1476 1071 1579 1101 nostris
1600 1070 1731 1101 Henrico
1750 1072 1787 1101 de
1808 1070 1884 1110 Lacy
1900 1070 2013 1101 Comiti
2027 1071 2205 1113 Lincolniae,
2223 1074 2342 1115 Rogero
2357 1077 2394 1109 de

1329 1109 1556 1179 Mormoergari,
1575 1109 1608 1140 &
1624 1109 1744 1150 Rogero
1758 1107 1902 1149 Clifford,
1919 1110 2030 1150 plenam
2044 1119 2143 1143 tenore
2154 1114 2335 1152 praesentium
2347 1115 2395 1148 da-

1329 1158 1392 1179 mus
1426 1157 1473 1179 ote
1500 1158 1583 1178 atem.

1365 1187 1399 1218 In
1407 1159 1517 1226 pcujus,
1541 1188 1602 1218 &c.
1620 1186 1762 1218 duraturas
1781 1186 1866 1226 usque
1885 1187 1919 1219 ad
1942 1186 2059 1218 Festum
2079 1187 2284 1222 PurificationiS
2307 1192 2398 1224 beatae

1328 1226 1431 1257 Mariae
1442 1227 1575 1267 proximo
1590 1225 1725 1257 futurum.

2386 1297 2393 1312 l

1363 1305 1453 1338 Teste
1468 1307 1551 1348 Rege
1565 1305 1638 1346 apud
1655 1306 1799 1348 Wygorn.
1812 1307 1889 1339 sexto
1903 1306 1950 1339 die
1963 1307 2145 1339 Decembris.

1328 1440 1378 1472 De
1401 1440 1535 1471 Nunciis
1561 1440 1649 1484 Regis
1675 1440 1881 1471 Romanorum
1895 1438 2104 1483 jurantibus,
2133 1439 2394 1486 quodspwfizha,

1373 1490 1451 1519 inter
1474 1489 1710 1520 Hartmannum
1732 1489 1769 1525 ὠ·
1799 1485 2000 1532 Johannam,
2019 1489 2091 1533 jam
2117 1489 2287 1532 commissa,
2314 1493 2399 1522 circa

1372 1533 1491 1578 Festum
1524 1537 1714 1568 Nativitatis
1748 1537 1842 1568 Beatae
1869 1539 1984 1570 Alariae
2005 1563 2016 1579 ,
2041 1537 2216 1582 filemm‘ter
2250 1536 2398 1572 celebren-

1373 1594 1438 1618 tur.

1398 1673 1524 1705 Niverfis
1545 1673 1651 1705 Christi
1672 1674 1798 1706 fidelibus
1810 1697 1820 1714 ,
1839 1674 1984 1714 praesentec
2004 1675 2106 1706 litteras
2125 1674 2236 1714 visuris,
2253 1676 2300 1707 vel
2316 1674 2396 1707 audi·
2409 1679 2486 1712 Αηῃ,
2500 1682 2542 1714 D;

1415 1714 1498 1752 turis,
1512 1714 1595 1744 frater
1616 1714 1776 1752 Henricus,
1801 1713 1857 1744 Dei
1879 1713 1982 1754 gratini,
1999 1713 2149 1745 Basiliensis
2168 1713 2322 1760 Episcopus
2351 1716 2392 1747 ¹&
2440 1721 2530 1758 1278.

1327 1750 1467 1792 Magister
1494 1752 1619 1783 Andreas
1646 1752 1707 1783 Prae
1749 1753 1812 1783 situs
1832 1751 1978 1783 Verdensis
1991 1775 2001 1792 ,
2033 1752 2117 1783 sacrae
2139 1751 2290 1791 Imperialis
2310 1753 2396 1785 Autae
2405 1763 2461 1787 An.
2480 1761 2509 1789 6.

1326 1790 1465 1821 Notarius
1478 1813 1488 1830 ,
1517 1790 1677 1822 serenissimi
1724 1792 1838 1832 rincipis
1858 1791 1981 1822 Domini
2003 1790 2154 1831 Rodulphi
2168 1814 2177 1828 ,
2210 1791 2269 1822 Dei
2289 1792 2438 1833 gratiaffi.
2462 1808 2486 1825 ι.

1326 1829 1530 1861 Rornanorum
1548 1831 1632 1870 Regis
1646 1829 1681 1860 N
1684 1832 1776 1869 uncii,
1795 1830 1907 1860 salutem
1922 1831 1952 1860 in
1967 1829 2102 1860 Domino
2112 1830 2320 1869 sempiternam.
2409 1841 2462 1864 Rot.
2483 1843 2528 1873 pe.-

1364 1867 1562 1899 Universitatis
1582 1868 1682 1899 vestrae
1704 1870 1814 1900 notitiae
1827 1869 2013 1906 declaramus,
2031 1869 2128 1908 quod,
2146 1878 2214 1898 cum
2232 1868 2398 1910 magnificus
2411 1886 2450 1903 nes
2465 1879 2523 1909 Ca}
2553 1887 2557 1891 ·

1326 1906 1473 1939 Dominus
1491 1907 1586 1938 noster
1601 1908 1640 1938 R.
1657 1908 1858 1939 Rornanorum
1875 1908 1937 1938 Rex
1950 1908 2077 1947 inclitus,
2093 1908 2228 1938 illustrem
2242 1909 2399 1940 Hartman·
2413 1923 2509 1949 merar,

1326 1956 1398 1977 num
1413 1970 1424 1986 ,
1447 1945 1597 1977 Comitem
1618 1946 1653 1977 de
1674 1946 1841 1987 Habspurg,
1866 1947 1899 1978 &
1921 1947 1956 1977 de
1978 1945 2118 2015 Κζὸυτς,
2142 1946 2255 1977 Aisstiae
2277 1947 2400 1987 Langra-

1326 1986 1408 2016 vium
1441 1995 1538 2016 natum
1557 1985 1655 2023 suum,
1671 1986 1774 2017 inclitae
1794 1985 1955 2016 domicellae
1972 1985 2012 2023 Jo
2034 1995 2131 2024 annae,
2154 1995 2184 2015 m
2221 1985 2298 2016 nifici
2314 1986 2399 2018 Prin-

1327 2025 1396 2063 cipis
1414 2009 1539 2054 Domini
1563 2023 1710 2061 Edwardi,
1736 2024 1794 2055 Dei
1815 2024 1917 2064 gratia,
1936 2024 2024 2063 Regis
2045 2024 2171 2064 Angliae,
2229 2026 2321 2056 omini
2342 2026 2398 2056 Hi-

1327 2063 1448 2102 berniae,
1466 2063 1500 2094 &
1522 2062 1613 2093 Ducis
1633 2063 1810 2102 Aquitaniae,
1825 2063 1908 2102 filiae,
1926 2064 2168 2104 matrimonialiter
2186 2064 2319 2104 copulare
2331 2074 2399 2103 pro-

1328 2101 1451 2141 miserit,
1476 2102 1510 2132 &
1532 2101 1610 2140 super
1632 2103 1817 2133 matrimonio
1839 2104 1909 2133 inter
1931 2111 1980 2132 eos
2001 2101 2180 2140 solempniter
2200 2103 2401 2134 consumman-

1327 2140 1385 2177 do,
1404 2141 1507 2171 mutuis
1522 2140 1591 2170 hinc
1607 2141 1671 2170 inde
1686 2141 1880 2179 consensibus,
1894 2142 1952 2179 jam
1969 2139 2098 2178 sponsalia
2113 2140 2164 2171 sint
2178 2142 2342 2179 contracta,

1363 2178 1407 2210 Ex
1428 2178 1541 2216 tradita,
1566 2179 1644 2219 super
1667 2179 1741 2218 hoc,
1764 2180 1846 2210 nobis
1865 2182 1879 2209 a
1901 2179 2036 2209 Domino
2057 2178 2174 2218 nostrO,
2192 2178 2399 2212 Romanorum

1327 2217 1411 2258 Rege
1430 2218 1586 2258 praediCtO,
1613 2217 1749 2258 potestate
1770 2217 1907 2256 plenaria,
1923 2218 1956 2248 ἃ
1978 2227 2012 2247 ex
2031 2219 2088 2256 ejus
2099 2228 2132 2248 ex
2153 2218 2224 2248 tesso
2237 2220 2270 2250 &
2288 2219 2399 2258 speciali

1328 2257 1479 2296 mandato,
1494 2258 1522 2287 in
1538 2257 1662 2287 animam
1678 2256 1800 2287 Domini
1815 2256 1903 2287 nostri
1915 2255 2117 2287 Romanorum
2164 2258 2340 2296 egis-praefiti
2356 2259 2398 2295 ju-

1327 2297 1466 2333 ravimus,
1486 2296 1563 2334 quod
1585 2295 1655 2325 inter
1671 2296 1784 2326 eosdem
1799 2295 2031 2334 Hartmannum,
2046 2295 2176 2334 praedicti
2196 2296 2399 2328 Romanorum

1329 2334 1417 2374 Regis
1438 2334 1545 2372 filiurn,
1562 2335 1596 2366 δε
1611 2333 1792 2372 johannam,
1811 2334 1917 2372 praefati
1934 2333 2054 2364 Domini
2069 2334 2155 2373 Regis
2171 2333 2282 2373 Angliae
2295 2335 2399 2375 filiam,

1328 2374 1543 2404 matrimonium
1558 2395 1568 2410 ,
1591 2382 1640 2412 per
1660 2373 1806 2403 contracta
1827 2372 1955 2409 sponsalia
1975 2380 2033 2403 tarn
2053 2372 2191 2403 salubriter
2213 2374 2399 2414 inchoatum,

1329 2413 1404 2443 circa
1416 2413 1578 2452 proximum
1593 2410 1696 2441 instans
1710 2410 1825 2442 Festum
1840 2411 2004 2442 Nativitatis
2016 2411 2104 2442 beatae
2121 2410 2240 2451 Mariae,
2258 2413 2302 2444 vel
2315 2414 2399 2443 circi-

1328 2459 1386 2489 ter,
1408 2453 1465 2483 sive
1483 2451 1538 2481 alio
1560 2460 1590 2480 m
1606 2451 1646 2479 vis
1667 2460 1831 2488 oportuno,
1856 2450 1901 2480 vel
1923 2458 2054 2489 congruo
2076 2459 2222 2489 tempore,
2244 2460 2329 2489 prout
2349 2451 2400 2492 ipsi

1328 2488 1463 2521 Domino
1484 2488 1598 2528 nostro,
1646 2499 1818 2520 omanorum
1836 2488 1913 2528 Regi
1936 2488 2093 2527 praedicto,
2117 2489 2152 2519 de
2173 2490 2290 2521 consilio
2310 2489 2400 2521 Nun-

1327 2530 1442 2560 ciorum
1461 2528 1589 2569 praedidti
1609 2526 1697 2567 Regis
1717 2527 1846 2568 Angliae,
1865 2527 1912 2566 qui
1936 2529 1965 2558 in
1985 2528 2062 2557 brevi
2084 2527 2118 2558 ad
2137 2527 2259 2567 ejusdem
2273 2528 2401 2561 Domini

1328 2567 1434 2606 nostri,
1451 2567 1654 2598 Romanorum
1670 2566 1774 2606 Regis,
1789 2566 1962 2605 praesentiam
1976 2565 2210 2606 transmittentur,
2224 2569 2402 2599 convenien-
2448 2606 2450 2609 ι

1329 2606 1382 2637 titis
1404 2607 1532 2646 expedire
1556 2606 1697 2636 videbitur
1732 2605 1840 2636 floridae
1857 2615 1891 2636 ac
1910 2606 2043 2644 jocundae
2062 2604 2275 2646 sollempnitatis
2296 2605 2399 2638 officio

1327 2645 1426 2676 debeat
1439 2646 1616 2676 saluberrime
1631 2654 1686 2674 con
1700 2646 1828 2675 ummari.

1365 2683 1547 2714 promisimus
1567 2683 1676 2722 insuper
1698 2683 1774 2713 bona
1793 2683 1864 2721 fide,
1882 2681 1960 2721 quod
1980 2681 2059 2720 super
2079 2682 2154 2713 dotis
2174 2683 2208 2713 δε
2222 2683 2400 2724 donationis,

1329 2731 1444 2760 propter
1463 2723 1572 2760 nuptias
1585 2745 1594 2759 ,
1620 2720 1853 2752 certificationem
1872 2721 2023 2760 plenariam
2035 2742 2046 2757 ‚
2068 2719 2150 2750 dieto
2169 2720 2246 2760 Regi
2269 2723 2399 2762 Angliae,

1329 2761 1374 2791 vel
1394 2761 1429 2791 N
1432 2762 1518 2791 unciis
1533 2761 1599 2797 suis,
1617 2769 1687 2798 quos
1700 2759 1733 2789 ad
1749 2759 1806 2790 hoc
1821 2759 1953 2798 deputare
1964 2757 2136 2797 decreverit,
2153 2768 2320 2797 competens
2332 2771 2400 2793 cau.

1329 2801 1371 2830 tio
1392 2799 1582 2839 praestabitur,
1599 2806 1629 2828 ut
1645 2806 1764 2836 oportet.

1364 2837 1398 2869 In
1418 2839 1495 2875 cujus
1513 2838 1551 2867 rei
1565 2836 1761 2867 testimonium
1775 2835 1859 2876 sigilla
1870 2835 1966 2867 nostra
1978 2835 2157 2874 praesentibus
2170 2836 2232 2868 sunt
2245 2839 2371 2879 appensa.

1366 2919 1433 2950 Dat.
1463 2917 1597 2948 London.
1621 2917 1666 2948 die
1686 2916 1843 2948 Dominica
1863 2918 1891 2948 iri
1911 2917 2032 2948 Otstabis
2052 2917 2148 2948 saneti
2170 2916 2305 2956 Stephani
2327 2917 2401 2949 Pro·

1330 2957 1515 2996 thomartiris,
1533 2967 1609 2988 anno
1626 2956 1751 2988 Domini
1765 2956 1914 2988 millefimo
1926 2956 2122 2988 ducentesimo
2134 2956 2335 2998 septuagesimo
2347 2966 2401 2988 oc-

1331 3006 1405 3030 tavo.

1331 3132 1360 3161 *
1378 3134 1429 3169 De
1453 3132 1584 3165 Nunciis
1609 3142 1630 3164 a
1660 3130 1810 3164 Lewelino
1835 3131 1970 3175 Principe
1986 3130 2117 3173 Wdhae,
2142 3129 2188 3163 ad
2208 3129 2394 3163 Alianoram
2410 3130 2536 3168 *11.97·‚

1501 3180 1606 3225 filiam
1627 3178 1779 3226 quondam
1799 3181 1928 3211 Simonis
1945 3177 1982 3212 de
2002 3179 2215 3225 Monte-forti.
2446 3204 2449 3206 -

1394 3269 1479 3310 EX,
1498 3269 1605 3300 dilecto
1620 3268 1654 3300 &
1669 3268 1742 3299 fideli
1758 3269 1822 3307 siro,
1841 3268 1974 3300 Galftido
1985 3268 2022 3299 de
2037 3268 2218 3309 Pychefotd,
2234 3267 2396 3300 Constabu-
2414 3271 2491 3303 Ann,
2552 3299 2553 3302 ,
2566 3292 2570 3305 ,

1401 3311 1469 3341 lario
1492 3307 1585 3339 Castri
1610 3307 1650 3338 sui
1667 3307 1854 3339 Windesoriae
1867 3331 1878 3348 ,
1902 3308 1948 3340 vel
1968 3310 2024 3348 ejus
2045 3308 2282 3340 Locum-tenenti
2296 3330 2306 3347 ,
2331 3306 2398 3338 salu-
2437 3311 2523 3349 1278.
2540 3336 2551 3364 ‚f

1330 3360 1448 3422 te¹&um
1468 3385 1585 3417 dilectus
1607 3385 1641 3417 δε
1663 3384 1750 3416 fidelis
1767 3385 1880 3430 noster,
1896 3384 2056 3417 Lewelinus
2074 3385 2148 3431 filius
2162 3384 2296 3430 Griffini,
2312 3383 2393 3414 Prin-
2414 3352 2511 3417 giaf.
2542 3367 2550 3423 s

1333 3465 1543 3550 {ld’gsasii'gtsii’ng
1559 3472 1809 3547 rcigstssguglffinora
1820 3525 1831 3542 ,
1852 3501 1908 3534 filia
1924 3502 2070 3541 quondam
2086 3501 2209 3533 Simonis
2225 3500 2262 3532 de
2275 3498 2393 3530 Monte-
2412 3508 2443 3532 E.
2468 3513 2491 3531 ι.
2534 3513 2547 3548 Δ.

1335 3541 1665 3616 ὣῐῧόἒίξὼῐὲἒέἓὲιτῑηίιε,
1679 3578 1756 3618 quod
1775 3579 1912 3610 Nuncios
1931 3578 2183 3623 praedictosffum
2205 3577 2237 3609 ea
2250 3575 2398 3620 occasione
2413 3552 2449 3571 Μ’
2462 3551 2503 3570 η’
2519 3539 2547 3577 ‘⁴'

1336 3622 1372 3654 ad
1392 3631 1444 3652 vos
1466 3619 1595 3651 venerint
1633 3619 1770 3649 curialiter
1789 3619 1823 3650 ὃς
1843 3617 2000 3648 honorifice
2023 3619 2182 3658 recipiatis,
2211 3621 2398 3656 permittentes

1335 3659 1451 3692 eosdem
1472 3667 1541 3689 cum
1556 3667 1587 3701 ea
1607 3666 1653 3701 em
1668 3656 1814 3702 ᾼΙίειῃοῑῖι,
1826 3657 1908 3703 ‘clam
1923 3656 1968 3688 vel
1981 3656 2073 3698 palam
2082 3679 2092 3696 ,
2109 3656 2234 3696 colloqui
2249 3653 2283 3684 &
2297 3653 2401 3691 traete,

1338 3695 1874 3769 rekpgqltglrssagiggipneggtmexfpggggi
1884 3732 2042 3765 honorifice
2054 3732 2174 3765 timetis
2186 3729 2308 3762 eosdem.

1375 3815 1464 3848 Teste
1477 3814 1560 3856 Rege
1572 3815 1645 3857 agud
1657 3815 1776 3849 Turrim
1788 3816 1923 3859 lxondon.
1940 3822 2038 3855 quarto
2049 3812 2096 3844 die
2104 3811 2235 3851 Januariir
