2570 4261
194 154 195 157 ’
247 161 327 202 124

79 228 157 261 'Anu
174 229 215 262 D.

108 278 191 308 1272.

79 310 143 335 Hm.
164 318 190 346 3-
232 322 281 354 De
301 322 426 366 pecunia
447 328 503 365 pro
530 320 606 364 Rege
625 344 634 359 ‚
663 316 708 349 ad
722 328 823 363 partes
844 319 1067 364 transmarinas
1088 331 1144 368 pro
1163 320 1300 371 homagio

577 363 739 412 prestando
754 378 809 414 pro
805 367 934 412 fec‘luro.

75 459 128 484 An.
139 458 184 492 56,
231 448 357 507 REX
376 451 525 489 omnibus,
543 451 595 482 &c
608 450 730 482 salutem.

75 499 112 521 H.
133 504 158 531 3,
323 489 420 519 Sciatis
434 489 509 528 quod
525 499 610 529 cum,
628 490 662 520 ad
677 490 804 531 expensas
819 490 944 522 instantis
957 493 1181 524 transfretationis
1194 492 1298 524 nostrae

75 535 136 559 Pae.
149 535 194 567 56.
229 526 264 557 ad
287 536 373 565 partes
397 529 584 558 transmarinas
599 553 608 568 ,
631 538 685 568 pro
698 529 833 569 homagio
846 530 963 569 nostro,
981 531 1058 569 quod
1073 531 1207 562 Domino
1224 532 1298 571 Regi

77 573 106 597 H
132 580 157 606 3.
232 563 356 596 Franciae
377 566 473 596 illustri
493 566 584 597 facere
605 576 752 606 tenemur,
770 578 822 607 pro
840 567 956 599 Ducatu
976 569 1154 608 Aquitanniae
1167 593 1176 608 ,
1193 571 1226 601 &
1242 571 1299 600 aliis

74 616 105 634 n.
129 618 169 635 ii.
230 604 323 641 terris,
343 614 408 642 quas
428 613 570 645 tenemus,
590 607 623 637 δε
643 615 736 636 tenere
751 606 887 636 debemus
900 607 929 637 in
945 606 1051 646 Regno
1064 608 1208 646 Franciae,
1226 619 1298 649 prae-

75 647 103 672 in
118 647 212 675 cedula.
231 641 330 673 stando
344 665 353 679 ‚
372 652 513 682 magnam.
525 645 655 682 pecuniae
669 644 807 674 summam
822 646 837 674 “a
848 644 958 676 diversis
972 646 1181 677 Mercatoribus
1194 650 1299 678 mutuo

229 682 416 719 receperimus
428 704 438 720 ,
456 682 492 712 de
514 692 566 720 qua
589 683 626 712 eis
647 682 766 713 satisfieri·
788 683 919 713 volumus
938 684 1029 715 modis
1049 686 1194 723 omnibus,
1212 694 1296 724 prout

227 719 300 749 inter
314 729 366 749 nos
381 720 414 751 &
427 720 498 759 ipsos
514 719 690 750 Mercator&
704 721 745 751 est
759 730 955 759 conventum,

264 757 469 797 Assignavimus
488 768 590 789 omnes
608 758 676 789 fines
692 781 701 797 ,
719 761 816 790 omnia
829 762 1062 800 amerciamenta,
1078 763 1112 793 &
1124 772 1224 793 omnes
1237 764 1295 794 exi-

225 804 268 827 tus
281 797 521 837 qualitercumque
534 799 730 837 provenientes
743 798 779 829 de
794 799 1165 837 itineribusJusticiariorum
1181 802 1294 832 nostro-

224 845 304 871 rum,
325 837 456 872 proximo
476 837 701 866 itineraturorum
723 838 752 867 in
774 836 965 868 Comitatibus
983 837 1052 869 Buk.
1069 839 1103 870 &
1119 839 1176 870 Bed
1202 839 1294 871 Essex.

223 874 257 904 &
274 872 421 905 Hertford.
437 874 572 914 Wigorn.
587 875 620 906 &
633 875 726 915 Salop.
743 876 780 905 ita
792 876 868 915 quod
882 878 1017 916 pecunia,
1035 878 1100 908 inde
1113 881 1292 918 proveniens,

219 912 346 951 levetur,
371 913 404 944 &
425 913 482 944 sme
502 913 592 953 aliqua
621 913 809 944 diminutione
827 915 946 955 praefatis
965 915 1172 947 Mercatoribus
1193 918 1295 958 persol-

223 960 312 982 vatur.

257 989 452 1021 Promittimus
468 991 553 1021 etiam
567 991 644 1021 bona
665 990 719 1021 fide
739 991 816 1030 quod
829 992 950 1031 aliquam
964 994 1114 1032 pecuniam
1124 1017 1134 1031 ,
1152 993 1217 1024 inde
1227 1003 1293 1033 pro-

220 1030 382 1059 venientem
435 1029 500 1060 alibi
523 1039 583 1060 non
603 1029 814 1069 assignabimus,
833 1032 978 1070 quousque
993 1032 1112 1070 praefatis
1124 1033 1294 1064 Mercatori-

220 1067 272 1097 bus
284 1068 321 1098 de
334 1052 467 1108 praedicta
480 1069 597 1106 pecunia
627 1068 728 1099 lenarie
742 1069 823 1100 fuerit
837 1070 1020 1110 satisfa6tum3
1039 1071 1089 1109 &,
1108 1071 1126 1101 si
1150 1072 1222 1102 forte
1243 1072 1291 1102 ali-

239 1106 286 1136 uid
301 1106 366 1136 inde
386 1107 459 1143 prius
473 1108 556 1137 ruerit
578 1118 592 1138 a
616 1116 760 1147 ignatum,
778 1108 823 1138 vel
837 1118 886 1148 per
902 1109 1080 1139 oblivionem
1096 1118 1143 1140 aut
1158 1110 1213 1140 alio
1226 1120 1291 1142 mo-

68 1157 85 1175 ·
101 1160 125 1188 Ι·
135 1157 199 1196 887,
239 1144 397 1214 oIaffignari
417 1145 621 1215 Econdgerst,
641 1145 706 1176 illud
724 1147 834 1177 irritum
849 1147 904 1178 effe
919 1148 1051 1179 volumus
1064 1149 1096 1179 δε
1110 1150 1200 1179 inane.

273 1194 294 1214 n
312 1193 408 1222 cujus,
457 1194 483 1214 c.

256 1259 345 1291 Teste
358 1260 441 1301 Rege
454 1261 528 1301 apud
542 1261 709 1292 Westmon.
723 1271 760 1292 10
773 1261 819 1293 die
832 1261 962 1302 Augusti.

218 1388 308 1420 Bulla
331 1389 468 1435 Gregorii
483 1391 565 1469 Palae
581 1388 708 1430 decimi,
734 1388 857 1434 conceffit
879 1391 951 1436 Regi
969 1391 1103 1437 Angliae‚
1130 1388 1166 1422 de
1184 1394 1291 1425 Privi„

264 1437 336 1483 legio
361 1437 479 1482 conceffi
488 1438 521 1480 fi
538 1442 568 1479 i,
594 1441 630 1476 (7³-
643 1438 703 1482 fix
725 1435 915 1481 ccclefiasticis
931 1437 999 1483 ficis
1017 1437 1054 1472 de
1071 1451 1127 1471 non
1139 1439 1289 1483 facienda

262 1484 418 1528 reficienda
436 1489 467 1518 in
485 1484 629 1531 beneficiis
639 1487 717 1531 fitis.

65 1568 142 1625 Αηῑὶ.
159 1568 198 1599 D.
222 1569 435 1632 GRegorius
449 1558 622 1639 Episcopus,
640 1571 731 1616 serviis
752 1571 895 1602 servorum
909 1572 986 1612 Dei,
1003 1572 1111 1604 dilectis
1125 1573 1186 1605 filiis
1204 1592 1290 1599 --

63 1617 178 1684 041222'526.
219 1647 374 1679 Abbatibus
388 1671 398 1687 ‚
414 1609 827 1680 LossdtfiiAEP¹i>²iE²cl¹¹ffii5oem
846 1649 879 1680 sc
899 1612 1099 1687 Apostoncass‘i
1110 1613 1289 1684 ἓεγιῖἷὶἷέἷὲἷ

64 1689 104 1750 {ix
118 1695 177 1752 {iu-
221 1696 302 1770 nlefft
320 1725 426 1771 Clerici
447 1725 583 1771 Caflffilni.
598 1726 626 1756 in
642 1724 760 1756 Christo
779 1725 851 1768 Filii·
864 1725 951 1756 nostri
981 1765 987 1771 -
1091 1728 1214 1772 ⁷‘Regis‘
1226 1729 1287 1761 An-

62 1768 126 1799 togr.
216 1764 279 1809 gliae
294 1763 404 1796 illustris
418 1765 557 1805 obsequiis
576 1773 775 1802 immorantes,
793 1775 830 1808 eo
845 1764 892 1804 ipsi
913 1764 989 1804 Regi
1001 1764 1130 1797 devotius
1148 1768 1182 1798 &
1197 1771 1286 1799 lince-

214 1805 285 1871 riu?s
296 1804 479 1872 ogsequantur
491 1826 501 1843 ,
525 1813 585 1844 quo
604 1813 654 1845 per
674 1813 740 1835 eum
762 1812 898 1842 majorem
917 1804 967 1835 fibi
990 1803 1118 1835 senserint
1137 1808 1287 1846 provenire

278 1852 293 1871 e
338 1852 437 1874 vorem

216 1852 338 1920 ΡΟΝοε,
360 1865 508 1913 sereni'tatis
529 1880 631 1921 Regiae
673 1880 782 1912 recibus
805 1879 950 1911 benevolo
970 1880 1225 1915 condescendentes
1241 1885 1283 1915 af-

213 1919 290 1950 festu
304 1942 313 1957 ,
335 1928 365 1950 ut
384 1919 532 1960 postquam
553 1920 628 1950 idem
651 1889 717 1950 Rex
737 1919 780 1949 sex
799 1920 918 1950 clericos
933 1941 942 1957 ,
961 1920 1031 1951 infra
1052 1931 1142 1951 unum
1156 1923 1281 1955 mensem

213 1957 278 1996 post
300 1958 540 1997 praesentationem
562 1959 712 1989 litterarum
732 1957 908 1996 nostrarum,
926 1968 993 1996 quas
1006 1959 1084 1998 super
1097 1958 1155 1991 hoc
1170 1963 1196 1991 ei
1210 1961 1282 1992 dire-

211 1998 303 2027 ximus
317 2020 326 2036 ,
350 1998 517 2028 nominatim
536 1997 694 2036 hujusmodi
710 1996 846 2037 obsequiis
867 1996 1022 2028 decreverit
1037 2007 1211 2038 moraturos,
1231 2001 1281 2042 ipsi

211 2035 316 2066 eisdem
330 2035 465 2076 obsequiis
477 2034 643 2074 insistendo,
659 2044 811 2076 proventus
825 2035 853 2066 di
894 2037 1010 2074 itatum,
1027 2037 1060 2067 δε
1073 2037 1282 2079 personatuum,

211 2084 245 2104 ac
259 2074 378 2105 aliorum
392 2074 596 2105 beneficiorum
609 2074 724 2106 suorum
738 2075 836 2105 ecclesi
881 2075 990 2105 'corum
1006 2084 1074 2105 cum
1092 2085 1122 2105 ea
1137 2077 1281 2115 integrita-

214 2121 258 2151 te,
276 2113 422 2144 cotidianis
434 2112 677 2144 distributionibus
695 2112 827 2144 duntaxat
846 2113 984 2151 exceptis,
1000 2115 1144 2153 percipere
1156 2116 1280 2156 valeant,

213 2161 282 2182 curn
296 2161 349 2192 qua
362 2152 423 2183 illos
437 2153 627 2192 perciperent,
645 2152 665 2182 si
680 2152 856 2191 personaliter
870 2153 900 2182 in
915 2151 1059 2192 Eccleiiis,
1077 2154 1106 2183 in
1122 2155 1222 2191 quibus
1236 2155 1279 2186 illa

213 2190 362 2229 obtinent,
379 2191 541 2229 residerent,
559 2200 614 2221 nec
628 2191 741 2220 interim
755 2190 788 2220 ad
806 2190 969 2221 faciendum
984 2188 1018 2221 in
1034 2191 1095 2231 ipsis
1107 2192 1280 2230 personalem

211 2228 404 2267 residentiam,
420 2228 582 2260 dummodo
596 2230 625 2259 in
639 2230 694 2267 eis,
712 2230 812 2269 quibus
831 2230 987 2260 animarum
1001 2239 1067 2260 cura
1085 2230 1234 2271 imminet,
1251 2233 1279 2264 in

211 2267 314 2298 divinis
334 2266 436 2297 officiis
459 2277 507 2308 per
525 2267 651 2308 ydoneos
669 2268 771 2299 faciant
794 2267 920 2300 Vicarios
935 2267 1065 2300 deserviri
1077 2291 1086 2308 ,
1106 2269 1122 2300 ἐι
1135 2279 1279 2311 quoquam

212 2306 321 2337 valeant
336 2307 452 2336 coartari
462 2318 472 2344 ;

248 2344 323 2374 Non
336 2344 509 2376 obstantibus
522 2345 667 2376 contrariis
681 2345 798 2383 ipsarum
811 2343 999 2376 Ecclefiarum
1013 2345 1278 2388 consuetudinibus,

211 2382 257 2414 vel
271 2383 399 2422 Statutis,
414 2383 597 2422 juramentis,
613 2383 874 2414 confirmationibus
888 2384 1076 2423 Apostolicis,
1093 2385 1139 2416 seu
1174 2396 1278 2417 uacun-

211 2432 268 2460 que
281 2421 410 2452 firmitate
423 2422 575 2461 roboratis,
592 2432 639 2453 aut
652 2422 828 2462 indulgentiis
841 2423 971 2454 locorum
981 2423 1129 2454 diocefinis
1142 2435 1156 2454 a
1185 2425 1277 2463 Apos-

211 2460 297 2492 tolicfi
309 2460 371 2491 sede
386 2461 540 2501 concessis,
559 2469 588 2492 ut
603 2460 743 2492 Refiores
757 2461 790 2491 &
805 2460 935 2492 Clericos
946 2461 1135 2493 Ecclesiarum
1149 2463 1256 2494 suarum
1265 2487 1276 2503 ‚

211 2499 368 2530 Civitatum
389 2500 421 2530 &
444 2499 533 2530 Dioc.
553 2500 724 2540 compellere
742 2499 847 2543 possint
859 2500 893 2531 ad
913 2500 1086 2531 residendum
1099 2501 1276 2539 personaliter

211 2539 239 2568 in
252 2538 370 2575 eisdemz,
389 2546 435 2569 aut
448 2538 569 2577 qualibet
581 2539 629 2569 alia
642 2539 726 2569 dietae
739 2538 804 2568 ledis
816 2538 1002 2579 indulgentia,
1021 2549 1070 2579 per
1082 2549 1167 2578 quarn
1181 2540 1274 2579 hujus-

212 2577 291 2608 modi
304 2578 398 2617 gratiae
410 2577 493 2615 possit
507 2577 674 2616 aliquatenus
690 2578 833 2617 derogari,
851 2587 900 2616 per
914 2577 1077 2620 supradidtas
1087 2579 1188 2610 litteras
1201 2589 1275 2619 prae-

211 2617 270 2646 fato
286 2615 359 2660 Regi
373 2616 503 2646 duximus
517 2616 733 2656 indulgendum:

249 2654 396 2693 roirca
414 2654 573 2685 discretioni
596 2654 695 2685 vestrae
738 2664 768 2685 er
790 2654 955 2696 Apostolica
973 2655 1022 2686 scri
1045 2664 1071 2686 ta
1091 2656 1275 2694 mandamus,

209 2694 338 2732 quatinus
351 2693 453 2724 eisdem
466 2692 584 2724 Clericis
596 2692 704 2724 fruetus
718 2664 751 2724 ἕ(
766 2702 918 2732 proventus
930 2693 1017 2733 praedi
1048 2704 1097 2733 os,
1111 2695 1190 2732 juxta
1201 2705 1275 2729 con-

209 2730 338 2763 ceffionis
357 2732 460 2762 nostrae
476 2740 602 2762 tenorem
619 2755 628 2769 ,
653 2742 720 2770 vos,
739 2732 782 2763 vel
798 2733 864 2763 alter
876 2732 1001 2763 vestrum
1016 2743 1063 2770 per
1076 2743 1145 2772 vos,
1160 2733 1210 2764 vel
1225 2743 1274 2774 pei·

209 2770 294 2809 alios,
308 2770 353 2801 seu
366 2770 468 2808 aliurn,
486 2770 590 2801 faciatis
608 2772 714 2810 integre
733 2771 896 2809 ministrari,
916 2781 976 2801 non
991 2771 1165 2802 obstantibus
1180 2772 1273 2811 supra-

208 2807 290 2840 dietis
305 2821 315 2846 ς
339 2809 384 2840 seu
407 2810 426 2840 si
445 2809 582 2848 aliquibus
599 2810 614 2839 ὲ
628 2810 689 2839 sede
702 2809 816 2847 praefars
832 2809 974 2840 indultum
988 2809 1083 2841 existat
1096 2809 1174 2849 quod
1189 2811 1275 2841 inter-

209 2847 281 2886 dici,
298 2847 423 2887 suspendi
435 2848 479 2878 vel
494 2849 737 2878 excommunicari
756 2859 817 2879 non
830 2847 937 2886 possint
952 2858 1000 2889 per
1014 2849 1114 2880 litteras
1125 2849 1273 2918 c{postoli-

208 2896 269 2924 cas,
288 2896 348 2916 non
363 2886 494 2917 facientes
508 2887 618 2925 plenam
632 2887 665 2917 &
678 2888 832 2924 expressam
845 2887 881 2917 de
894 2887 1004 2917 indulto
1016 2888 1125 2926 hujusm
1168 2889 1172 2894 '
1192 2898 1273 2919 men-

208 2925 330 2955 tionem:
351 2924 582 2957 Oontradie'cores
601 2935 650 2966 per
665 2926 810 2957 censuram
824 2925 1047 2958 Ecclesiasticam
1060 2949 1073 2967 ,
1090 2927 1273 2967 appellatione

207 2962 376 3003 postposite,
392 2964 609 3004 compescendo.

210 3038 409 3118 nozarimsspucl
427 3039 546 3072 Urbem
567 3049 708 3081 veterem,
725 3041 791 3073 Kal.
803 3041 915 3074 oetob.
927 3042 1112 3076 Pontificati‘is
1123 3043 1210 3076 nostri
1223 3055 1274 3077 an-

910 3158 967 3190 Sub
976 3158 1026 3201 filo
1040 3160 1149 3192 caiuabi.

419 3286 470 3318 De
486 3282 567 3329 Festo
586 3284 712 3317 Natalis
726 3287 852 3319 Domini
873 3284 1057 3321 celebrando.

62 3353 188 3430 3:223·
208 3367 334 3423 REX
352 3368 528 3415 Yicecomiti
545 3369 666 3414 Somers
680 3369 713 3401 ὃ(
727 3371 811 3416 Dors.
825 3372 945 3417 salutem.

132 3417 176 3467 „a
212 3406 940 3484 sQdQvstmNDDped
960 3412 1086 3443 summm
1107 3412 1273 3445 ederam

61 3473 186 3546 gajj„
251 3483 320 3514 Tibi
333 3487 509 3529 praeeipirnus
522 3471 599 3525 quod
618 3486 655 3531 de
674 3496 791 3531 centum
812 3488 904 3519 bobus
920 3474 958 3520 ad
967 3499 1037 3527 opus
1052 3488 1181 3535 nostrum
1199 3501 1274 3524 con-2

63 3549 98 3573 11.
117 3531 150 3582 3:
191 3528 198 3537 '
215 3520 366 3592 gagi-1532}
381 3524 550 3564 Ρι-κάιίὶυω
566 3525 707 3565 provideri
723 3549 733 3566 ‚
759 3526 793 3558 &
805 3527 839 3557 ad
854 3537 905 3557 nos
924 3528 1009 3568 usque
1021 3528 1205 3560 wintoniam
1223 3540 1274 3564 ve-

64 3591 92 3611 η.
107 3591 134 3618 7·
218 3592 225 3595 “
234 3592 241 3664 'l
251 3594 291 3639 ita
303 3584 440 3666 quod’lsmt
452 3601 559 3647 ibidem
573 3626 583 3641 ,
609 3612 658 3647 per
676 3611 730 3633 tres
744 3603 886 3648 dies-ante
900 3603 1004 3651 festum
1019 3605 1187 3645 praediCtum
1202 3631 1213 3646 ,
1237 3606 1272 3640 ad

214 3639 1081 3725 messanenses&&tesimeni-⁵,
1104 3682 1191 3714 breve

214 3717 291 3747 {tum
305 3711 340 3742 de
356 3713 519 3749 allocatione
533 3719 583 3750 tibi
597 3720 662 3750 inde
676 3720 778 3751 habere
792 3719 935 3751 faciemus.

249 3785 341 3821 Teste
353 3786 434 3830 Rege
446 3793 517 3830 apud
529 3794 693 3828 Westmon.
706 3805 728 3836 4
739 3795 785 3828 die
798 3796 985 3831 Novembris.

703 146 1509 200 CONVENTIONES,
1562 146 1951 198 LITERAE,

2421 240 2498 274 Ann.
2515 244 2559 283 D,

2443 289 2527 321 ¹272.

2421 323 2490 349 Hen.

2422 358 2438 373 *
2454 360 2476 390 i,
2491 348 2558 394 88'8.

2257 405 2404 438 obiitDo-
2419 427 2472 454 An.
2492 436 2555 464 vv,

1626 317 1655 345 *ἓ
1680 323 1729 359 De
1748 323 1837 371 Regis
1851 321 1982 352 Henrici
1997 321 2119 356 Morte.

1341 405 1406 466 D
1417 405 1463 449 IE
1483 403 1623 449 Mercurii
1630 427 1641 444 ,
1660 405 1689 436 in
1702 405 1775 436 festo
1787 403 2039 450 SanfflEdmundi
2047 403 2240 445 Confefforis,

1364 453 1511 525 ,Ειᾞιῗὲ
1519 442 1960 526 iiiffeffssiilsssffissssgfdisseffiffl
1976 445 2043 523 ¹}aes'i
2054 442 2142 525 iiiiii}
2157 482 2283 528 praediett
2298 482 2404 514 Domi·
2422 466 2458 527 {21-
2459 474 2527 533 dg),-

1340 519 1558 602 assitis
1566 520 2037 603 sessussssgszssew.
2050 519 2406 598 b00<¹ffi
2419 546 2444 566 ‚,.
2462 548 2485 568 ι-

1340 595 1450 639 ΡολΙζ.
1466 596 1601 635 Aguillun
1615 619 1625 635 ,
1650 597 1682 627 &
1695 605 1801 641 caeteris
1817 595 1995 628 Conciliariis
2011 596 2135 628 Domini
2158 596 2244 637 Regis
2257 620 2268 636 ,
2288 608 2318 629 in
2334 609 2406 638 prae-

1337 634 1422 665 sentia
1433 635 1601 666 eorumdem
1615 633 1864 666 Concssiariorum.

1338 759 1429 791 Bulla
1448 762 1586 805 Gregorii
1605 761 1686 804 Papae
1706 757 1815 790 decimi
1829 769 1883 804 per
1894 770 1988 804 quam
2000 762 2157 791 nuntiavit
2174 757 2331 792 Edwardo
2344 762 2404 792 Re-

1375 811 1426 854 gis
1444 810 1641 853 primogenito
1663 805 1815 853 gaudium
1832 833 1841 849 ‚
1865 806 1946 852 quod
1964 817 2110 853 receperat
2127 820 2158 841 eo
2179 807 2260 854 quod
2265 808 2402 852 feliciter

1381 855 1500 899 iifidIas
1507 856 1583 901 sitas
1593 854 1753 900 stipe-ravit
1764 880 1774 896 ‚
1799 857 1836 892 ώ-
1854 853 1898 887 ad
1912 859 2037 888 Portum
2057 855 2185 902 ‘Trepani
2200 861 2349 902 pervenit.

1338 940 1403 1001 G
1412 939 1553 980 Regorius
1565 939 1736 980 Episcopus,
1753 939 1843 971 servus
1857 939 2000 970 servorum
2013 939 2199 979 Dei,dilec⁷to
2217 939 2276 972 filio
2289 940 2395 972 Nobili
2418 946 2492 979 Αῃῃ,
2508 948 2552 982 Β.»

1413 980 1475 1010 viro
1495 979 1640 1011 Edwardo
1654 1001 1664 1017 ,
1689 977 1818 1009 cariffimi
1841 980 1870 1009 in
1891 978 2007 1009 Christo
2026 978 2074 1009 filii
2092 979 2180 1010 nostri
2310 979 2398 1020 Regis
2436 996 2520 1018 12*⁷2.

1334 1017 1381 1048 An
1402 1017 1446 1048 liae
1462 1018 1669 1058 primogenito,
1685 1017 1800 1047 salutern
1814 1017 1847 1047 &
1863 1016 2058 1056 Apostolicam
2072 1017 2309 1049 benedictionem.
2415 1030 2465 1053 Aa.
2476 1016 2532 1063 ¹57.

1396 1057 1459 1087 elici
1472 1057 1505 1087 ad
1521 1067 1572 1087 nos
1586 1065 1698 1087 rumore
1713 1057 1834 1094 perlato,
1873 1055 1930 1086 uod
1945 1063 1994 1094 tu,
2010 1054 2150 1094 Consors,
2167 1058 2199 1087 &
2215 1058 2319 1095 reliqua
2334 1057 2397 1088 Co·
2416 1069 2450 1092 H.
2473 1075 2498 1102 3,

1333 1095 1432 1126 mitiva
1445 1104 1490 1126 tua
1504 1095 1633 1134 prospere
1645 1094 1679 1124 ad
1701 1094 1820 1125 Portum
1869 1094 1962 1134 rapani
1981 1093 2154 1133 pervenisti,
2179 1095 2346 1135 gaudemus,
2363 1098 2397 1128 &
2416 1107 2456 1129 Ex
2471 1107 2530 1131 Au-

1332 1134 1485 1165 exultamus
1499 1136 1528 1164 in
1544 1134 1612 1173 illo,
1630 1134 1678 1173 qui
1701 1132 1846 1171 personam
1862 1140 1940 1163 tuam
1958 1130 1995 1162 de
2008 1133 2091 1163 tantis
2105 1133 2231 1172 periculis
2250 1134 2335 1172 eruit,
2352 1136 2400 1175 qui
2417 1149 2482 1179 mgr,
2530 1138 2532 1140 '

1331 1173 1384 1203 tibi
1399 1180 1486 1204 tantas
1499 1173 1603 1204 insidias
1616 1173 1739 1212 superare
1754 1171 1932 1210 concedens,
1951 1179 1979 1201 te
1994 1192 2006 1209 ,
2030 1171 2099 1202 sicut
2115 1171 2231 1203 firmiter
2247 1172 2387 1204 credimus
2397 1196 2409 1214 ,

1331 1220 1362 1242 ut
1376 1212 1554 1252 beneplacitis
1569 1213 1620 1242 iuis
1635 1211 1763 1242 inservias
1797 1211 1951 1246 relervavit.

1369 1249 1591 1290 Recognoscens
1611 1252 1702 1290 itaque
1716 1272 1726 1287 ,
1752 1232 1805 1279 Fili
1821 1248 1958 1279 cariffime
1973 1270 1983 1285 ,
2001 1255 2028 1278 te
2043 1271 2054 1286 ,
2077 1247 2157 1286 ipsius
2176 1249 2403 1292 omnipotentis,

1332 1289 1527 1327 praeservatum
1537 1313 1546 1327 ,
1564 1290 1592 1319 in
1607 1287 1802 1319 mandatorum
1818 1288 1874 1323 ejus
1889 1287 2006 1318 Semitas
2027 1287 2293 1330 animumssdirigas,
2310 1289 2344 1320 &
2359 1299 2404 1320 ea.

1331 1326 1398 1357 dem
1411 1329 1492 1358 omni
1506 1327 1650 1366 diligentia
1664 1326 1772 1358 studeas
1785 1326 1946 1364 observare,
1959 1325 2022 1355 haec
2035 1326 2140 1356 etenim
2152 1326 2203 1357 tibi
2214 1327 2325 1357 dierum
2339 1327 2405 1359 lori-

1332 1365 1506 1405 gitudinem,
1525 1376 1614 1397 annos
1629 1366 1713 1403 vitae,
1728 1375 1760 1395 ac
1776 1374 1874 1403 pacem
1888 1372 2038 1405 apponent.

1368 1403 1440 1435 Sane
1455 1405 1475 1435 si
1487 1414 1514 1435 te
1528 1405 1562 1435 ad
1578 1403 1703 1435 nostram
1719 1403 1907 1442 praesenriam,
1926 1404 1995 1435 sicut
2008 1402 2091 1433 habet
2103 1402 2262 1447 aliquorum
2274 1403 2401 1445 assertio,

1330 1444 1427 1474 venire
1440 1444 1602 1482 contingat,
1620 1443 1650 1472 in
1665 1452 1723 1480 quo
1733 1464 1743 1479 ‚
1761 1451 1874 1481 propter
1890 1443 2103 1481 singularitatem
2117 1442 2292 1482 aflefflonis,
2311 1454 2397 1482 quam

1331 1481 1365 1511 ad
1380 1490 1407 1512 te
1439 1483 1557 1520 erimus,
1577 1490 1634 1511 tuas
1647 1488 1674 1510 te
1688 1480 1819 1510 volumus
1838 1481 2070 1518 commoditates,
2087 1481 2121 1511 &
2133 1482 2195 1511 alias
2211 1482 2396 1513 circumdan-

1332 1520 1381 1550 tias
1394 1520 1440 1551 dii
1462 1529 1539 1551 enter
1554 1518 1694 1550 attendere
1707 1520 1799 1558 potius
1837 1528 1901 1549 uam
1921 1518 2022 1549 nostris
2042 1519 2177 1549 desideriis
2190 1520 2348 1559 indulgere,
2369 1531 2398 1552 te

1350 1529 1534 1598 roculdiibm,
1554 1559 1622 1590 sicut
1635 1556 1715 1588 noffe
1731 1567 1758 1588 te
1773 1567 1805 1588 cr
1842 1558 1929 1596 imus,
1945 1567 2014 1588 cum
2028 1557 2114 1588 multa
2125 1559 2298 1596 jocunditate
2319 1560 2398 1590 vide-

1352 1598 1424 1628 imus
1437 1621 1448 1637 ,
1474 1598 1507 1629 &
1541 1598 1628 1628 aterni
1648 1596 1698 1626 tibi
1720 1594 1841 1627 affectes
1861 1596 1962 1626 indicia
1978 1619 1988 1634 ,
2010 1604 2093 1634 prout
2112 1605 2175 1636 erga
2196 1607 2292 1628 carum
2306 1597 2397 1629 filium

1331 1635 1508 1676 spiritualem
1546 1645 1634 1667 atrem
1645 1634 1783 1674 decuerit,
1804 1635 1922 1673 apertius
1935 1634 2122 1666 ostendemus.

1364 1711 1432 1758 Dat.
1445 1713 1518 1753 apud
1533 1712 1650 1757 Urbem
1663 1721 1786 1747 veterem
1798 1734 1810 1752 ,
1836 1721 1873 1742 10
1896 1710 2016 1744 Kalend.
2033 1710 2191 1743 Decembr.
2211 1711 2399 1749 Pontificatfis

1326 1750 1417 1782 n0stn
1431 1762 1507 1783 anno
1519 1762 1622 1791 pruno·
2046 1789 2101 1821 Sub
2111 1787 2165 1832 filo
2183 1789 2290 1821 canabi.

1366 1950 1533 1996 Magnam
1549 1950 1667 1997 Angliae
1681 1952 1861 1983 nuntiarunt
1879 1950 2011 1982 Domino
2026 1950 2067 1984 E.
2091 1951 2130 1986 R.
2147 1947 2184 1982 de
2201 1947 2282 1984 obitu
2296 1953 2344 1986 H.

1720 2001 1792 2045 Reg.
1815 2000 1918 2031 Patris
1927 1997 1992 2043 fiii.

1323 2082 1399 2144 M
1409 2083 1542 2129 Agnifico
1556 2083 1698 2122 Principi,
1715 2082 1892 2128 &Domino
1905 2083 1954 2128 suo
1960 2082 2130 2152 Edwardoss)
2138 2081 2196 2128 Dei
2207 2085 2309 2129 gratia,
2328 2084 2390 2130 Re-
2409 2082 2485 2115 Ann.
2499 2085 2542 2118 D.v

1320 2159 1359 2190 sui
1375 2121 2394 2202 fidgtlessssiffissvllliswfdissffgssissfflffihiegffcossfflffilig
2407 2133 2523 2201 ιῗῖἷῗε

1340 2200 1436 2238 rimas,
1456 2199 1491 2229 L.
1505 2199 1634 2230 Roffens.
1648 2199 1692 2230 N.
1708 2199 1851 2239 VVynton.
1873 2197 1914 2229 G.
1936 2198 2080 2240 Wygorn.
2102 2199 2142 2230 R.
2166 2200 2333 2232 Coveniriae
2353 2204 2387 2233 ὅ(
2408 2211 2471 2238 223.
2484 2204 2510 2232 b.

1318 2208 1405 2268 Rich.
1420 2240 1453 2269 &
1468 2237 1520 2269 W.
1536 2238 1629 2270 Exon.
1644 2237 1792 2276 Episcopi:
2407 2244 2542 2275 Pes-zesCaaj

1357 2276 1395 2306 R.
1412 2278 1488 2315 prior
1510 2276 1579 2308 Hos
1594 2277 1647 2307 ital.
1668 2277 1762 2307 Sanffl
1778 2275 1915 2315 Johannis
1948 2275 2080 2307 erusalem
2098 2277 2128 2307 in
2149 2276 2250 2316 Anglia
2298 2277 2333 2309 E.
2354 2278 2396 2309 de
2407 2289 2499 2306 meur.

1324 2314 1420 2345 Allem
1435 2315 1545 2346 Comes
1587 2316 1688 2347 omub.
1703 2315 1743 2345 G.
1756 2315 1793 2346 de
1805 2314 1890 2346 Clare
1959 2324 2018 2345 mes
2025 2314 2175 2346 Gloucest.
2231 2300 2389 2361 *Hereford
2406 2322 2521 2346 δαισιν.

1314 2352 1343 2392 J.
1359 2353 1467 2384 Comes
1481 2354 1619 2385 Warenn.
1636 2354 1678 2384 H.
1693 2354 1730 2384 de
1751 2353 1854 2384 Bohun
1872 2353 1984 2384 Comes
1999 2353 2148 2384 Hertford.
2169 2354 2202 2386 ὃς
2216 2353 2307 2385 Effex.
2324 2355 2391 2386 Ro-

1316 2401 1397 2431 gerus
1412 2393 1448 2423 de
1464 2392 1588 2423 Mortuo
1605 2392 1696 2430 Mari,
1711 2393 1842 2423 Thomas
1861 2391 1898 2422 de
1911 2391 1996 2424 Clare
2010 2416 2019 2430 ‚
2038 2392 2182 2431 Johannes
2203 2393 2273 2425 filius
2282 2394 2392 2432 Johan-

1317 2431 1376 2470 nis,
1394 2431 1566 2462 Willielmus
1579 2431 1615 2462 de
1631 2430 1738 2461 Monte
1753 2430 1846 2461 Canis
1862 2430 1896 2461 &
1913 2429 2060 2468 johannes
2079 2431 2115 2461 de
2135 2431 2241 2463 Sancto
2256 2432 2391 2471 Johanne

1315 2469 1431 2500 salutem
1438 2492 1448 2508 ,
1466 2471 1500 2501 &
1511 2469 1646 2501 fidelitatis
1658 2470 1823 2509 obsequium
1838 2469 1945 2509 semper
1956 2477 2123 2513 promptum
2135 2471 2170 2501 &
2185 2479 2319 2508 paratum.

1354 2507 1558 2540 Dominationi
1574 2508 1691 2547 vestrae,
1709 2509 1774 2539 licet
1788 2518 1857 2539 curn
1873 2517 1974 2538 mentis
1994 2509 2195 2548 amaritudine,
2214 2510 2393 2548 praesentibus

1315 2549 1482 2578 nunciamus
1496 2571 1506 2587 ,
1529 2547 1607 2588 quod
1628 2547 1774 2578 Dominus
1794 2546 1891 2577 noster
1906 2545 2052 2577 Dominus
2069 2546 2110 2577 H.
2132 2548 2197 2579 Rex
2211 2557 2287 2586 pater
2299 2550 2391 2581 vester

1314 2585 1360 2616 die
1374 2585 1514 2617 Mercurii
1526 2588 1555 2617 in
1571 2585 1644 2616 festo
1656 2586 1752 2616 Sanffi
1765 2584 2126 2625 EadmundiConfefforis,
2140 2587 2171 2617 in
2182 2587 2242 2618 sero
2250 2610 2261 2627 ,
2278 2588 2313 2618 ab
2328 2588 2386 2618 hoc

1313 2624 1408 2655 seculo
1421 2624 1536 2656 suaviter
1548 2626 1582 2657 &
1593 2624 1760 2655 sanetiffime
1774 2625 1904 2664 migravit
1915 2624 1950 2654 ad
1966 2623 2130 2655 Dominum
2145 2650 2155 2665 ,
2181 2628 2260 2665 cujus
2279 2628 2386 2657 anirnae

1314 2664 1478 2702 propitietur
1501 2664 1535 2695 &
1558 2673 1650 2702 parcat
1664 2686 1674 2702 ,
1700 2664 1748 2702 qui
1768 2662 1840 2693 solus
1858 2661 1952 2703 potest
1971 2663 2143 2694 medicinam
2164 2664 2297 2706 praestare
2316 2664 2383 2707 post

1318 2709 1440 2732 mortem
1450 2711 1457 2718 ·

1350 2739 1371 2760 *³
1388 2723 1550 2771 Die’autem
1559 2739 1640 2779 Jovis
1653 2739 1788 2779 sequenti,
1806 2747 1889 2768 mane
1902 2748 1970 2777 nos,
1988 2740 2037 2782 qui
2050 2740 2194 2776 praesentes
2207 2741 2325 2780 fiiimus,
2337 2752 2387 2782 pa-
2402 2751 2417 2768 n
2428 2749 2450 2781 I,
2468 2750 2537 2787 8893

1313 2787 1379 2809 cem
1396 2778 1515 2809 vestram
1529 2780 1557 2808 in
1571 2778 1670 2816 majori
1685 2777 1757 2808 Aula
1771 2776 1865 2806 West.
1880 2776 2068 2816 sollempniter
2084 2778 2117 2807 &
2132 2779 2246 2815 publice
2262 2780 2382 2811 fecimus

1315 2817 1496 2857 proclamari,
1515 2817 1547 2848 &
1565 2826 1628 2846 eam
1641 2817 1724 2846 etiam
1740 2816 1858 2845 nomine
1872 2814 1968 2855 Regio
1983 2814 2098 2846 firmiter
2111 2816 2312 2849 observandam
2327 2828 2384 2859 po-

1312 2856 1395 2896 pulo,
1411 2858 1460 2894 qui
1473 2856 1580 2894 aderat,
1599 2861 1760 2886 convocato
1773 2854 1891 2884 fecimus
1905 2855 2099 2891 praeconizari.

1351 2894 1508 2926 Dominicfi
1531 2903 1624 2925 autem
1648 2891 1775 2932 proxima
1789 2914 1798 2930 ,
1823 2893 1853 2922 in
1868 2892 1940 2922 festo
1963 2893 2036 2923 beati
2056 2891 2217 2924 Eadmundi
2235 2892 2323 2934 Regis
2345 2895 2381 2926 &

1312 2932 1453 2972 Martiris‚
1471 2943 1540 2965 cum
1559 2933 1669 2963 honore
1682 2933 1715 2962 &
1735 2930 1950 2969 sollempnitate,
1971 2930 2027 2971 qua
2040 2931 2134 2962 decuit
2149 2955 2159 2970 ,
2183 2942 2284 2972 corpus
2298 2935 2380 2964 suum

1312 2974 1342 3003 in
1353 2972 1479 3041 lEcclefia
1497 2970 1703 3003 Westmonast.
1725 2978 1790 3000 ante
1804 2978 1939 3009 magnum
1957 2969 2058 3009 altare,
2081 2970 2214 3002 traditum
2236 2971 2324 3003 suerat
2338 2973 2381 3003 se-

1334 3022 1351 3042 u
1362 3020 1438 3042 mrae.

1313 3021 1332 3052 p
1353 3049 1408 3088 Et,
1426 3060 1481 3081 nec
1493 3049 1563 3081 dum
1577 3048 1672 3080 clauso
1683 3049 1738 3086 iarn
1754 3046 1882 3085 tumulo,
1901 3057 1952 3078 nos
1967 3057 2084 3087 omnes,
2101 3049 2150 3088 qui
2167 3058 2236 3080 cum
2251 3049 2380 3080 multitu-

1314 3088 1382 3121 dine
1396 3089 1519 3120 fidelium
1532 3088 1691 3119 vestrorum
1707 3085 1812 3117 ibidem
1825 3085 1967 3124 praesentes
1980 3086 2129 3126 affiiimus,
2137 3088 2220 3118 vobis
2232 3096 2377 3126 tamquam

1315 3128 1450 3160 Domino
1463 3127 1561 3158 nostro
1573 3127 1687 3166 &Regi
1700 3124 1834 3156 fidelitatis
1848 3126 2034 3162 iuramentum
2043 3149 2053 3165 ,
2071 3127 2105 3157 &
2121 3127 2218 3156 omnia
2229 3125 2297 3165 alia,
2313 3137 2380 3167 quae

1315 3167 1416 3198 vestrae
1430 3166 1629 3197 Dominationi
1643 3165 1675 3196 &
1691 3163 1793 3194 honori
1813 3164 1949 3195 debentur
1961 3188 1970 3204 ,
1998 3174 2132 3204 quatenus
2152 3165 2180 3195 in
2194 3165 2315 3195 absentia
2329 3176 2380 3195 ve-

1315 3206 1371 3237 stra
1384 3206 1442 3237 fieri
1456 3206 1547 3245 potuit
1578 3213 1714 3244 gratanter
1728 3204 1900 3242 explevimus
1914 3205 1947 3236 &
1960 3205 2246 3244 devote,pacemque
2257 3203 2379 3234 vestram

1314 3246 1413 3275 iterato
1427 3245 1546 3275 nomine
1555 3228 1654 3282 ⁷Regio
1668 3242 1780 3272 clamari
1795 3242 1912 3273 fecimus
1925 3266 1936 3282 ,
1980 3252 2045 3273 uam
2065 3244 2148 3282 usque
2160 3243 2313 3273 adventum
2329 3252 2380 3273 ve-

1316 3283 1405 3314 strum
1418 3284 1445 3313 in
1461 3283 1587 3322 Angliae,
1605 3290 1739 3320 quantum
1752 3280 1856 3311 nostrae
1870 3281 1972 3320 poffibi
1982 3282 2053 3312 itatis
2071 3281 2379 3320 exstiterit,faciemus‚

1314 3322 1429 3354 auetore
1443 3321 1595 3358 Domino,
1615 3320 1728 3349 firmiter
1741 3319 1893 3358 observari,
1913 3321 1962 3351 alia
1974 3321 2075 3358 etiarn,
2093 3329 2159 3360 quae
2178 3321 2260 3351 vobis
2273 3322 2380 3350 ratione

1316 3360 1443 3392 Coronae
1455 3361 1489 3391 ὅ(
1504 3359 1655 3398 Dignitatis
1670 3358 1770 3398 Regice
1785 3359 1895 3389 ulterius
1910 3360 1926 3389 a
1947 3359 2030 3390 nobis
2044 3358 2102 3389 fieri
2123 3367 2172 3389 aut
2189 3357 2311 3399 praestari
2327 3358 2378 3388 de·-

1316 3401 1443 3438 buerint,
1460 3399 1579 3436 plenarie
1592 3398 1625 3429 &
1638 3397 1693 3428 sine
1706 3396 1857 3428 omissione
1870 3398 1959 3438 aliqua
1972 3421 1982 3436 ,
2003 3407 2141 3439 prompto
2157 3397 2190 3428 &
2204 3398 2302 3428 libenti
2316 3396 2377 3427 ani-

1316 3449 1367 3471 mo
1379 3439 1521 3470 faciemus.

1355 3477 1481 3510 Vestram
1501 3476 1582 3514 igitur
1602 3475 1793 3505 excellentiam
1810 3498 1818 3513 ‚
1844 3475 1947 3514 quanta
1963 3474 2099 3514 possimus
2118 3473 2246 3505 instantia
2263 3471 2376 3512 requiri-

1314 3528 1376 3549 mus
1389 3517 1422 3548 &
1436 3524 1581 3554 rogamus,
1598 3515 1723 3553 quatinus
1735 3514 1905 3545 attendentes
1917 3514 2037 3554 pericula
2049 3514 2084 3545 &
2098 3512 2298 3555 incommoda,
2310 3519 2377 3548 quas

1317 3557 1414 3589 diebus
1428 3553 1485 3584 istis
1497 3563 1546 3592 per
1560 3553 1707 3583 absentiam
1721 3554 1764 3583 vel
1781 3563 1890 3584 moram
1902 3553 1999 3590 vobis,
2017 3562 2050 3582 ac
2066 3552 2164 3589 nobis,
2182 3552 2215 3582 &
2230 3559 2280 3580 toti
2296 3548 2377 3584 Reg-

1315 3605 1356 3627 no
1370 3592 1481 3629 vestm,
1500 3591 1578 3630 quod
1592 3592 1682 3630 absit,
1706 3591 1741 3622 de
1754 3592 1828 3623 facili
1848 3593 1969 3630 poterint
1990 3592 2106 3621 iminere
2118 3613 2128 3629 ,
2154 3590 2305 3620 adventum
2325 3596 2374 3617 ve-

1315 3634 1403 3665 strum
1418 3633 1447 3662 in
1460 3631 1609 3670 Angfiam,
1625 3632 1730 3661 utinam
1752 3631 1915 3673 prosperum
1931 3631 1965 3663 &
1984 3628 2110 3663 felicem!
2130 3629 2254 3664 celeriter
2270 3625 2304 3657 &
2319 3625 2376 3656 sine

1314 3672 1449 3704 dilatione
1462 3669 1552 3707 aliqua
1567 3679 1699 3700 maturare
1713 3671 1810 3701 velitis.

1352 3710 1420 3740 Nos
1433 3716 1524 3739 autem
1532 3731 1542 3746 ‚
1562 3710 1589 3738 in
1603 3708 1723 3740 adventu
1738 3708 1833 3739 vestro
1845 3731 1855 3747 ,
1880 3706 1914 3738 ad
1929 3717 1960 3737 αι
1973 3730 1983 3746 ,
2007 3716 2072 3747 quae
2086 3706 2224 3748 honorem
2238 3703 2271 3733 &
2284 3703 2375 3747 bene-

1313 3748 1449 3788 placitum
1464 3746 1604 3786 vestrum,
1624 3758 1723 3785 pacem
1735 3749 1819 3778 etiam
1833 3747 1866 3777 &
1879 3745 2093 3786 tranquilitatem
2101 3745 2194 3785 Regni
2207 3740 2290 3772 vestrl
2303 3751 2374 3771 COH-

1311 3789 1442 3826 tingunt,
1460 3794 1566 3824 paratos
1577 3786 1682 3826 semper
1696 3789 1724 3817 in
1738 3786 1873 3816 omnibus
1885 3785 2033 3828 invenietis
2045 3785 2078 3814 &
2097 3788 2241 3820 promptos
2256 3802 2266 3818 ,
2291 3781 2323 3811 &
2338 3780 2373 3826 ζι-

1313 3833 1362 3856 cut
1377 3824 1482 3854 ardenti
1498 3824 1589 3854 cordis
1606 3825 1743 3856 desiderio
1765 3824 1886 3855 vestram
1909 3823 2080 3863 praesentiam
2101 3818 2291 3863 praestolamur
2306 3842 2316 3858 ,
2336 3827 2374 3850 ita

1314 3864 1349 3895 &
1363 3872 1414 3892 vos
1425 3872 1492 3892 cum
1508 3865 1587 3893 omni
1603 3864 1694 3895 laeritia
1707 3865 1740 3894 &
1754 3863 1858 3903 gaudio
1871 3861 2005 3892 accedere
2017 3869 2076 3889 non
2091 3856 2207 3887 tardetis

1350 3900 1504 3937 Scripl'iffet
1521 3911 1634 3941 quoque
1649 3904 1749 3940 vobis,
1776 3901 1855 3938 super
1878 3900 1947 3944 hiis,
1963 3907 2021 3929 tom
2043 3905 2191 3935 procerum
2213 3894 2373 3940 vestrorum

1313 3940 1516 3977 communitas,
1535 3942 1610 3980 quod
1625 3951 1718 3971 tamen
1734 3949 1846 3978 propter
1860 3939 2048 3979 celeritatem,
2063 3944 2146 3978 quarn
2169 3942 2273 3974 negotii
2286 3935 2374 3974 quali-

1314 3986 1353 4009 tas
1368 3978 1486 4016 adqtiirit
1501 4002 1510 4016 ,
1531 3979 1565 4010 ad
1589 3980 1705 4017 praesens
1720 3988 1778 4008 non
1795 3978 1850 4007 line
1869 3975 1946 4007 causa
1962 3973 2044 4004 fuerit
2064 3973 2198 4017 omissum
2215 3985 2224 4011 3
2248 3972 2280 4003 ad
2294 3971 2374 4012 quod

1313 4017 1398 4046 etiam
1412 4026 1462 4046 nos
1476 4019 1538 4047 vice
1552 4019 1684 4048 omnium
1701 4016 1869 4056 Magnatum
1880 4012 2039 4046 vestrorum
2050 4011 2188 4050 praemlssa
2200 4010 2376 4044 vestraeCel-

1315 4054 1426 4087 fitudini
1440 4054 1568 4087 duximus
1579 4055 1735 4087 scribenda.
2311 4086 2380 4121 Dat·
