2570 4261
63 257 141 290 ‘Am-i.
154 257 195 290 D.

86 305 171 337 1213.

66 1520 116 1549 Ἰ.
133 1520 193 1555 167.

211 178 264 219 54

247 249 295 280 De
316 247 408 279 ablatis
428 253 523 276 autem
543 241 655 280 plenam
674 239 879 270 restitutionem
928 238 961 269 ὃς
975 236 1010 267 de
1024 235 1132 278 damnis
1147 240 1261 278 recom-

233 288 405 318 ensationcm
422 283 606 315 sufficientem
627 279 762 309 omnibus
781 261 927 315 impendes
948 276 1008 311 tarn
1021 274 1156 308 Clencrs,
1175 278 1261 307 quam

212 298 306 356 {ateis
328 322 456 355 univeriis
471 343 480 358 ‚
505 318 539 349 ad
561 319 619 347 hoc
641 317 788 356 negotium
803 314 1020 353 pertinentibus,
1038 321 1097 355 non
1112 309 1203 339 solum
1218 316 1262 336 re-

215 374 280 394 rum
317 370 416 392 verum
428 360 510 389 etiam
523 357 701 393 libertatum,
719 355 811 393 eisque
832 354 968 383 libertates
983 350 1098 394 redditas
1105 346 1261 393 *conserva-

213 403 272 440 bis3
288 387 510 435 'Archiepiscopo
532 394 664 432 quidem,
682 394 715 424 &
737 392 879 430 Episcopo
901 387 1091 434 Lincolniensi
1105 396 1120 415 a
1133 391 1263 421 tempore

213 441 268 471 suae
275 436 511 471 confirmationis,
527 434 584 463 aliis
596 440 691 463 autem
707 432 722 461 a
735 440 867 468 tempore
879 427 1025 458 discordi-x
1039 425 1186 455 inchoatae.

255 477 324 507 Nec
344 473 466 505 obstabit
485 473 575 510 aliqua
596 471 691 509 pastio
704 493 714 509 ,
738 469 785 499 vel
798 466 964 509 promissio,
981 465 1026 494 seu
1040 459 1186 506 concessio
1201 468 1261 502 quo

214 516 305 545 minus
319 515 352 544 &
367 511 468 542 damna
481 508 746 547 recompensentur,
764 508 797 538 δε
812 505 987 536 restituantur
999 501 1086 532 ablata
1106 507 1166 530 tam
1181 506 1264 528 vivo-

215 563 278 583 tuin
288 574 298 589 ,
315 551 402 590 quam
416 551 500 580 etiam
512 548 724 578 defunetorum.
1003 578 1008 583 ,
1024 578 1038 582 ..
1161 575 1165 580 ,
1191 574 1196 579 ,

252 590 285 620 N
289 600 321 620 cc
341 588 378 619 de
398 588 492 618 ablatis
507 586 609 624 aliquid
628 585 774 621 retinebis,
791 588 926 624 praetextu
939 578 1040 620 servitu
1054 574 1133 614 quod
1147 574 1198 604 tibi
1213 572 1264 615 de-

215 629 306 659 buerit
326 626 475 665 impendi,
500 625 545 655 sed
564 623 660 662 postea
681 623 731 652 tibi
743 620 834 650 debita
847 628 898 656 pro
913 617 1025 660 serVitio
1040 610 1263 658 recompensatio

215 667 368 704 tribuetur,
386 664 535 702 statimque
553 663 636 693 facies
648 669 765 696 omnes,
784 666 855 700 quos
867 655 989 698 detineS,
1013 651 1143 696 Clericos
1155 649 1264 694 absolu-

214 713 245 734 te
257 704 377 742 dimitti,
394 713 426 733 ac
447 702 552 732 restitui
569 699 689 737 propriae
706 697 839 731 libertati,
855 694 888 724 &
902 701 986 723 etiam
999 691 1101 720 Laicos
1117 699 1165 727 qui
1178 697 1264 719 occa-

214 743 293 774 sione
307 743 384 780 hujus
399 740 503 780 negotii
513 738 682 768 detinentur.

254 781 443 812 Incoiitinenti
459 777 522 815 post
542 775 695 805 adventum
976 807 980 811 .
1005 807 1009 811 ³
1051 807 1055 811 “

215 819 274 850 cies
287 843 297 857 ,
320 818 356 848 de
376 825 452 854 parte
470 813 648 845 restitutionis
661 810 818 841 ablatorum
849 808 921 837 oCto
934 805 1028 836 Millia
1040 805 1174 835 librarum
1188 804 1264 840 lega-

215 857 288 888 lium
300 855 503 894 sterlingorum
512 861 590 891 „pro
605 847 792 892 persolvendis
811 830 919 887 debitis¹
930 845 964 875 δε
977 843 1108 874 faciendis
1123 841 1265 880 expenfis,

216 895 340 926 Ntuiciis
354 892 554 932 praedit'ftorum
567 887 779 930 Archiepiscopi
792 908 802 923 ,
819 885 853 915 &
867 882 1074 927 Episcoporum
1083 905 1093 919 ,
1110 891 1143 912 ac
1157 880 1265 924 Mona-

215 933 338 963 chorum
359 931 598 961 Cantuarieniium
611 949 621 965 ,
643 927 768 964 asiignari
780 948 790 962 ,
816 926 872 952 sine
892 921 1098 961 impedimento
1119 919 1265 958 quolibet,

214 980 265 1009 per
280 980 357 1001 tuam
378 968 543 1007 potestatem
558 990 568 1004 ,
591 975 640 995 eos
655 965 743 995 libere
757 958 924 1003 deferenda,
942 968 973 990 ut
987 958 1108 996 expediti
1123 966 1265 988 revertan-

214 1018 261 1041 tur
281 1010 310 1039 in
332 1008 462 1046 Aiigliain
483 1003 641 1035 honorifice
661 1001 809 1038 revocati,
835 997 967 1043 videlicet
982 997 1126 1041 Stephano
1141 995 1266 1040 Cantua-

214 1048 293 1078 rienii
312 1044 532 1084 Archiepiscopo
551 1042 611 1073 duo
634 1041 725 1073 Millia
745 1040 777 1070 &
800 1045 964 1081 quingentas
981 1036 1089 1080 libras,
1113 1034 1266 1064 Willelmo

215 1084 407 1116 Londoniensi
419 1083 578 1121 Episcopo,
596 1081 776 1119 septingentas
790 1077 823 1119 <sc
837 1083 1037 1119 quinquaginta
1050 1074 1148 1118 libras,
1167 1072 1267 1103 Eusta-

212 1124 280 1154 chio
296 1122 396 1152 Ehensi
409 1122 593 1163 septingentas
606 1121 639 1151 ὅ(
655 1121 852 1163 quinquaginta
866 1114 946 1144 libras
960 1125 970 1156 j,
990 1112 1110 1181 AEssgidio
1127 1111 1268 1156 Herefor-

214 1161 288 1191 densi
305 1162 485 1200 reptingentas
500 1161 532 1191 ὃς
549 1164 747 1197 quinquaginta
762 1155 860 1190 libras,
874 1151 1008 1195 jocelino
1032 1149 1201 1195 ‘athoniensi
1208 1149 1268 1190 sep-

212 1202 349 1239 tingentas
369 1200 402 1230 &
425 1200 622 1237 quinquaginta
636 1196 733 1231 libras,
751 1191 888 1237 Huberto
904 1189 1097 1233 Lincolniensi
1110 1188 1268 1232 septingen-

212 1246 252 1269 tas
274 1239 307 1269 ὃ(
331 1238 528 1276 quinquaginta
549 1237 655 1273 libras,
680 1233 770 1265 Priori
792 1231 826 1261 ὅ(
847 1229 1002 1260 Monachis
1024 1227 1268 1258 Cantuarienlibus

215 1276 300 1307 Mille
312 1277 399 1306 libi-as.

251 1315 307 1345 Sed
350 1316 455 1345 rotinus
464 1338 473 1351 ,
487 1312 590 1350 absque
605 1320 701 1348 mora,
759 1307 871 1352 stquam
884 1315 986 1344 pacem
1000 1305 1082 1350 istam
1096 1304 1207 1349 duxeris
1220 1314 1268 1334 ac-

213 1362 315 1390 ceptati
336 1363 397 1391 am,
415 1353 540 1391 reiignari
564 1351 645 1381 facies
666 1349 723 1379 Arc
747 1346 849 1391 'episco
896 1369 906 1383 ‚
923 1346 957 1377 &
972 1343 1131 1386 EpiscopiS,
1149 1344 1183 1374 &
1198 1341 1268 1373 Cle-

213 1393 296 1430 ricis,
314 1402 346 1422 ac
361 1391 490 1421 Eccleliis
505 1388 637 1420 universis
649 1389 678 1418 in
690 1388 818 1417 mambus
869 1392 1020 1415 unctorum
1033 1383 1078 1426 vel
1095 1381 1269 1412 Procurato-

213 1440 278 1460 rum
291 1431 412 1469 ipsorum
427 1430 524 1459 omnia
537 1427 694 1458 immobilia
709 1434 777 1456 cum
792 1422 1032 1455 administratione
1049 1421 1138 1452 libera
1151 1429 1268 1451 eorum-

210 1468 296 1507 dem,
314 1470 347 1500 &
361 1470 390 1498 in
404 1477 473 1506 pace
486 1467 596 1497 dimitti.
897 1501 902 1506 ¹

250 1506 469 1537 *interdictum
493 1506 576 1535 etiam
592 1527 601 1542 ,
622 1502 773 1543 vulgariter
793 1501 833 1532 utl
883 1509 925 1532 tio
944 1507 1140 1543 nuncupatum
1153 1521 1164 1535 ,
1188 1495 1267 1541 quod

210 1547 330 1588 proponi
352 1544 442 1575 fecisti
461 1552 560 1575 contra
579 1542 707 1581 personas
722 1540 857 1571 Ecclei'iai
875 1541 928 1570 'cas
939 1563 949 1577 ,
974 1538 1087 1582 publice
1105 1536 1268 1580 revocabis,

210 1573 1268 1662 {liic‘33¹3‘ss0p35s2532152012tfi255cAE‘ssfiffitznss‘sslffs‘ss?3333332252

211 1661 261 1693 lud
282 1660 317 1692 de
336 1670 441 1692 caetero
462 1668 563 1691 contra
582 1658 711 1700 personas
732 1655 938 1688 Ecclesiasticas
957 1663 1019 1685 non
1038 1653 1122 1684 facies
1138 1651 1268 1690 promul-

234 1710 280 1730 ari.

212 1710 233 1739 g
249 1739 412 1770 Revocabis
432 1746 565 1780 praeterea
587 1736 788 1775 utlagationem
808 1733 949 1775 laicorum
962 1754 973 1770 ,
995 1730 1103 1774 adhoc
1117 1729 1267 1769 negotium

209 1779 424 1816 pertinentium,
442 1778 475 1808 &
488 1778 611 1807 remittes
625 1774 751 1805 hominia
764 1782 846 1811 quae,
863 1769 929 1809 post
941 1768 1143 1814 interdictum,
1158 1768 1194 1797 ab
1207 1767 1266 1798 Ec-

209 1816 353 1847 cleliarum
378 1816 542 1846 hominibus
563 1813 715 1851 recepisti,
741 1820 840 1850 praeter
860 1810 957 1849 Regni
977 1805 1212 1839 consuetudinem
1230 1806 1264 1837 δε

210 1854 433 1885 Ecclesiasticam
446 1854 611 1884 libertatern.
1045 1885 1050 1890 ⁸
1245 1884 1251 1890 .

247 1892 278 1923 Si
290 1903 360 1923 vero
374 1892 454 1930 super
466 1891 573 1921 damnis
581 1915 590 1929 ,
608 1890 654 1920 vel
667 1889 759 1919 ablatis
767 1895 828 1926 ,aut
841 1895 943 1917 eorum
956 1883 1178 1923 quantitate,vel
1192 1882 1266 1914 aesti-

213 1933 356 1969 matione,
376 1930 495 1969 quaestio
506 1929 590 1960 fuerit
602 1928 638 1959 de
651 1928 730 1958 facto
741 1927 870 1964 suborta,
888 1934 936 1968 per
950 1924 1110 1966 Legatum,
1127 1933 1163 1953 au
1178 1922 1267 1953 Dele-

213 1978 313 2008 gatum
325 1968 472 2007 nostrum,
489 1969 607 2008 receptis
622 1966 834 2005 probationibus
849 1963 980 2002 pubhce,
997 1969 1171 2006 terminetur.

251 2008 342 2046 Super
355 2009 462 2038 caeteris
474 2014 569 2037 autem
584 2004 736 2045 Capitulis,
753 2004 839 2042 siquae
853 2002 956 2032 fuerint
968 2001 1154 2031 dubitationes
1167 1999 1266 2030 subor-

214 2053 270 2084 tae,
287 2048 324 2077 de
337 2047 436 2085 quibus
451 2047 554 2076 merito
568 2045 657 2076 valeat
671 2043 807 2080 dubitari,
825 2041 874 2071 nisi
889 2050 938 2078 per
954 2039 1095 2083 Legatum
1107 2038 1154 2069 vel
1167 2037 1268 2077 Depu-

216 2093 306 2115 tatum
325 2084 456 2116 nostrum
477 2083 514 2114 de
533 2084 653 2122 partium
673 2082 777 2113 fuerint
795 2079 941 2111 voluntate
958 2078 1072 2122 sopitae,
1090 2075 1125 2106 ad
1138 2075 1268 2107 nostrum

215 2123 369 2154 referantur
381 2122 544 2160 arbitrium,
562 2130 609 2161 ut,
626 2120 705 2160 quod
719 2119 798 2158 super
812 2120 842 2149 iis
857 2116 1052 2161 decrevimus,
1069 2114 1241 2146 observetur.

253 2161 440 2192 Remittimus
464 2162 546 2200 igitur
567 2160 601 2191 ad
615 2169 693 2192 tuam
707 2158 829 2199 regalem
844 2156 1017 2194 praesentiam
1032 2153 1180 2198 praefatum
1195 2154 1269 2198 Sub-

214 2198 370 2230 diaconum
388 2201 421 2231 &
442 2199 606 2230 familiarem
627 2198 751 2229 nostram
765 2195 871 2227 Pandul
892 2195 980 2232 hum,
997 2193 1080 2224 nobis
1094 2192 1127 2223 &
1141 2192 1271 2223 fratribus

215 2236 316 2268 nostris
330 2239 432 2268 merito
447 2237 502 2268 suae
515 2238 658 2277 probitatis
671 2244 836 2274 acceptum,
853 2232 871 2263 fi
893 2232 970 2276 eliter
985 2231 1161 2276 consulentes
1175 2239 1206 2262 ut
1219 2231 1272 2274 his,

212 2286 282 2314 quae
297 2276 364 2315 tibi,
381 2285 415 2306 ex
433 2285 509 2313 parte
529 2275 641 2314 nostra,
657 2275 686 2306 su
725 2274 833 2311 eiserit,
850 2281 933 2303 omm
947 2270 1122 2302 dubitatione
1134 2268 1273 2311 postposi-

215 2316 262 2353 ta,
279 2314 455 2346 benevolum
468 2315 632 2353 impertiaris
685 2314 791 2344 ensum.

714 772 784 802 illius
792 795 801 809 ,
819 769 868 808 qui
881 777 912 799 te
923 768 1037 798 debebit
1049 765 1193 797 absolvere
1201 789 1210 802 ,
1225 763 1265 794 fa-

253 2389 365 2423 Datum
382 2390 513 2424 Laterani
526 2391 591 2423 Kal.
611 2366 727 2430 Martii,
744 2387 929 2421 Pontificatfis
943 2386 1034 2418 nostri
1049 2386 1137 2418 Anno
1156 2394 1200 2424 15.

500 2479 705 2526 Instruaiones
728 2481 839 2527 Legata
861 2476 987 2513 traditae.

219 2575 282 2637 D
293 2576 385 2646 Regiis
404 2577 469 2647 1³1ler
472 2617 476 2622 .
486 2577 654 2616 Pandulpho
669 2575 851 2608 Subdiacono
865 2576 898 2607 &
913 2574 990 2606 fratri
1003 2573 1143 2605 Durando
1156 2573 1273 2606 familia-

303 2626 325 2645 ri
346 2627 377 2647 us
390 2627 430 2648 no
470 2627 499 2646 is.

254 2651 333 2683 Illam
347 2656 469 2691 gerimus
483 2654 519 2684 de
532 2653 625 2684 vestra
637 2653 804 2684 discretione
818 2651 950 2682 fiduciam
965 2659 997 2681 ut
1011 2650 1106 2681 secure
1126 2651 1209 2681 vobis
1230 2661 1274 2681 ar-

218 2690 274 2722 dua
288 2694 399 2728 negotia
413 2693 641 2730 committamus,
659 2701 711 2728 pro
725 2700 805 2721 certo
818 2690 954 2729 sperantes
967 2688 1046 2726 quod
1061 2698 1107 2725 ea,
1119 2688 1274 2719 secundum

218 2728 337 2773 Deum,
351 2730 385 2760 ad
398 2731 537 2762 honorem
552 2731 585 2762 ὅ(
598 2729 761 2771 profestum
776 2727 951 2766 Apostolicae
963 2726 1048 2765 sedis,
1065 2726 1193 2756 curabitis
1208 2737 1276 2764 pro-

219 2777 339 2799 moveri.

258 2807 331 2845 Qo
345 2807 420 2837 circa
432 2805 590 2837 discretioni
603 2805 720 2843 vestrae,
737 2814 788 2842 per
804 2802 969 2842 Apostolica
990 2802 1087 2840 scripta
1109 2802 1275 2840 praecipien-

218 2843 275 2883 do,
293 2845 454 2875 mandamus
470 2854 603 2883 quatenus
618 2843 832 2882 proficiscientes
848 2843 877 2872 in
892 2842 1041 2881 Angliam,
1059 2850 1113 2871 una
1135 2850 1204 2870 cum
1225 2851 1275 2871 ve-

218 2883 332 2914 nerabili
345 2883 438 2913 Fratre
452 2883 551 2913 nostro
565 2881 757 2914 Wintoniensi
772 2880 932 2920 Episcopo,
949 2881 983 2912 &
997 2880 1103 2910 dssedto
1119 2877 1178 2909 filio
1193 2879 1274 2909 Prio-

219 2929 251 2950 re
270 2919 473 2960 Coventrensi,
497 2921 544 2952 vel
561 2931 662 2952 eorum
684 2920 772 2951 altero
795 2920 827 2958 (si
847 2919 938 2950 forsan
956 2919 1043 2949 ambo
1065 2917 1194 2948 interesse
1214 2927 1274 2948 non

218 2958 341 2998 possent)
359 2959 445 2997 Regis
459 2960 631 2997 praesentiam
644 2959 762 2996 adeam,
781 2966 929 2988 monentes
953 2959 986 2988 &
1009 2958 1185 2987 exhortantes
1205 2966 1275 2986 eun-

218 2996 288 3027 dem
302 2996 451 3027 efficaciter
466 2999 499 3028 &
515 2997 663 3035 prudenter
675 3007 706 3028 ut
719 2997 788 3027 Deo
803 2997 837 3028 &
859 2995 994 3026 Ecclesiae
1015 2995 1155 3026 satisfaciat
1176 2994 1274 3025 secun-

219 3033 291 3065 dum
313 3034 436 3065 formam
455 3034 632 3072 subscriptam
653 3037 724 3066 inter
745 3044 798 3065 nos
819 3035 853 3066 ὃ(
874 3034 909 3064 N
912 3036 1010 3065 uncios
1032 3034 1094 3064 suos
1107 3032 1275 3064 multimoda

218 3072 419 3103 deliberatione
440 3073 586 3110 provisam.
625 3073 685 3112 Ipse
705 3072 836 3113 quidem,
860 3082 929 3104 cum
951 3073 1007 3103 suas
1029 3071 1158 3103 Parentes
1174 3071 1276 3103 litteras

219 3111 303 3142 vobis
318 3110 475 3148 tradiderit,
488 3112 522 3141 &
537 3121 589 3141 vos
603 3112 709 3142 nostias
722 3119 845 3150 patentes
858 3111 958 3143 litteras
979 3111 1029 3141 sibi
1048 3110 1158 3141 tradatis
1176 3109 1275 3140 secun-

220 3149 291 3179 dum
305 3149 458 3189 capitularis
471 3157 616 3187 tenorem,
634 3150 712 3187 quod
725 3152 749 3180 ei
763 3149 872 3187 pridem
886 3151 1035 3181 direximus
1055 3149 1104 3180 sub
1123 3148 1274 3187 alphabeto

221 3186 405 3226 distincitum,
423 3187 559 3225 vobisque
573 3187 705 3218 tradimus
719 3188 753 3217 ad
767 3189 910 3218 cautelam.

258 3225 314 3256 Sed
329 3225 349 3256 si
364 3226 430 3257 Rex
444 3226 570 3255 maluerit
583 3234 614 3256 ut
628 3235 681 3256 nec
695 3226 751 3262 ipse
763 3227 850 3256 tradat
864 3226 1020 3265 hujusmodi
1032 3226 1133 3258 litteras
1147 3224 1205 3255 suas
1219 3235 1274 3256 vo-

222 3263 282 3306 bis,
299 3273 353 3295 nec
375 3273 428 3295 vos
447 3263 556 3295 tradatis
577 3263 735 3301 hujusmodi
756 3263 856 3294 litteras
876 3265 982 3295 nostras
1004 3265 1071 3304 sibi,
1095 3263 1274 3303 acquiescatis

223 3302 334 3339 eidem,
354 3303 387 3334 &
401 3303 454 3340 ἧς,
473 3312 543 3333 cum
558 3301 696 3339 praedietis
709 3300 853 3339 Episcopo
866 3304 899 3333 ὃ(
916 3302 1031 3341 Priore,
1048 3303 1095 3335 vel
1113 3311 1216 3333 eorum
1235 3302 1276 3332 al-

223 3348 301 3377 tero,
320 3349 433 3379 recepto
455 3340 490 3370 ab
510 3351 547 3371 eo
567 3340 681 3377 publice
695 3342 857 3379 juramento
877 3340 955 3378 quod
970 3341 1049 3378 super
1063 3343 1093 3371 iis
1107 3351 1161 3380 pro
1174 3340 1276 3378 quibus

223 3376 261 3406 de
274 3378 403 3410 mandato
417 3378 516 3409 nostro
531 3380 790 3409 excommunicatus
806 3378 912 3416 existit,
929 3378 1030 3409 nostris
1044 3379 1176 3410 mandatis
1196 3378 1277 3409 abso-

224 3413 282 3444 lute
296 3418 414 3455 parebit,
432 3426 480 3455 tu,
498 3417 536 3447 fili
550 3416 734 3455 subdiacone,
752 3416 922 3446 beneficium
937 3419 962 3447 ei
974 3417 1153 3448 absplutionis
1167 3417 1277 3454 impen-

225 3452 272 3483 das
309 3456 488 3486 reconcilians
501 3465 567 3485 eum
580 3454 783 3486 Ecclesiasticae
798 3455 903 3486 unitati.

267 3476 312 3520 Ᾱε
328 3491 443 3531 deinde,
461 3495 623 3531 recipientes
637 3494 672 3524 ab
687 3494 764 3532 ipso,
780 3493 840 3523 tam
853 3503 906 3531 pro
927 3493 1079 3523 venerabili
1097 3492 1192 3524 Fratre
1212 3503 1279 3524 nos-

227 3535 274 3557 tro
295 3527 483 3562 Cantuariensi
504 3531 744 3571 Archiepiscopo,
769 3532 855 3569 quam
874 3541 928 3569 pro
950 3530 1134 3568 Coepiscopis
1154 3533 1228 3569 ejus,
1245 3533 1279 3562 ὃς

229 3563 382 3611 Μοζὶεεὴὶξ
405 3569 646 3600 Cantuariensibus
661 3595 671 3608 ,
694 3581 727 3602 ac
745 3570 878 3600 omnibus
897 3569 954 3599 aliis
966 3593 976 3608 ,
1001 3569 1035 3599 ad
1055 3569 1113 3599 hoc
1133 3571 1280 3609 negotium

230 3606 428 3647 pertinentibus
437 3631 446 3644 ,
462 3608 573 3645 plenam
587 3608 759 3639 securitatem
772 3618 805 3639 ac
820 3607 952 3638 idoneam
965 3609 1146 3644 cautionem,
1164 3617 1213 3645 per
1226 3608 1281 3638 ho-

230 3641 368 3672 norabiles
388 3643 522 3676 Nuncios
541 3646 644 3676 faciatis
665 3657 712 3676 eos
734 3648 762 3676 in
785 3646 915 3686 Angliam
925 3647 1067 3684 revocari,
1085 3645 1186 3683 quibus
1206 3645 1281 3675 idem

232 3677 299 3709 Rex
312 3689 431 3710 omnem
446 3693 595 3724 *rancorem
615 3685 648 3714 &
671 3684 888 3722 indignationem
910 3685 1031 3714 remittat
1064 3693 1114 3721 ac,
1131 3692 1247 3720 recepto
1267 3693 1282 3713 a

231 3717 584 3787 {gffigssriffiffipilsctopo
599 3723 893 3790 jurafgemoxl'iibqupd
915 3733 930 3752 a
944 3722 1018 3791 ,fuiss
1027 3709 1283 3790 Rrgdeceffggibgg

232 3793 336 3837 tradat,
355 3794 387 3824 &
408 3794 488 3836 faciat
508 3769 1028 3839 aggggutgarsiiilsseepoffidgri,uqliixtizeiid
1042 3768 1283 3836 igsuffingeeffhteoe

233 3835 403 3875 nolcuiitur,
421 3841 457 3861 ita
479 3834 561 3876 quod·
574 3839 650 3875 super
670 3836 824 3867 ablatorum
837 3836 1027 3876 restitutione,
1043 3847 1076 3867 ac
1088 3836 1285 3873 recompensa-

232 3878 311 3913 tione
327 3868 496 3913 damnorum
518 3871 728 3915 satisfactionem
747 3874 895 3910 plenariam
909 3898 918 3911 ,
942 3878 1000 3905 tarn
1021 3876 1070 3913 ipsi
1086 3897 1096 3913 ,
1122 3884 1206 3913 quam
1228 3874 1284 3905 aliis

232 3910 365 3950 universis
380 3908 461 3938 saciat
476 3909 615 3946 exhiberi,
633 3912 665 3940 &c
678 3912 716 3941 sic
731 3920 761 3941 tu
778 3912 880 3941 relaxes
895 3912 1055 3943 sententiam
1069 3912 1218 3944 interdisti.

273 3944 302 3988 Si
327 3956 396 3975 vero
421 3948 494 3976 circa
512 3946 615 3989 horum
632 3949 732 3985 aliquid
747 3972 756 3987 ,
787 3949 823 3979 de
841 3960 899 3988 quo
917 3953 1018 3982 merito
1036 3953 1125 3983 valeat
1142 3950 1285 3989 dubitari,

234 3993 387 4025 quicquam
406 3984 545 4015 emerserit
563 3985 722 4022 quaestionis
735 4011 745 4024 ,
769 3987 868 4018 nostro
885 3988 1037 4019 reservetur
1056 3989 1189 4020 mandato
1206 3999 1212 4018 z
1237 3988 1285 4018 In-

230 4021 378 4061 Jungendo
397 4022 473 4060 super
492 4023 549 4054 hoc
567 4023 615 4062 ipsi
634 4023 726 4064 Regi,
745 4034 779 4056 ex
797 4025 893 4057 debito
912 4026 1025 4064 praestiti
1037 4028 1205 4067 juramenti,
1230 4037 1285 4067 ne,

639 143 1428 197 CONVENTIONES,
1500 140 1895 193 LITERAE,

1299 238 1415 268 propter
1437 227 1595 266 hujusmodi
1615 227 1736 259 dubium
1750 250 1761 266 ,
1789 227 1919 258 relaxatio
1942 224 2084 258 interdicti
2101 225 2224 257 nimium
2245 224 2359 258 differa-

1301 277 1353 299 tur.

1339 305 1440 336 Testes
1454 313 1565 343 autem,
1583 306 1635 343 qui
1645 304 1724 342 super
1738 314 1774 335 eo
1788 303 1891 335 fuerint
1903 304 2057 342 nominati,
2075 302 2095 333 fi
2110 302 2147 334 de
2159 304 2262 343 gratia,
2278 304 2359 344 odio,

1301 344 1348 374 vel
1360 345 1464 375 timore
1477 343 1673 381 subtraxerint,
1693 353 1752 382 quo
1767 344 1858 372 minus
1871 343 2035 380 perhibeant
2049 340 2243 372 testimonium
2257 344 2360 374 verita-

1301 383 1323 412 ti
1339 406 1349 420 ,
1373 382 1408 411 ad
1429 382 1487 412 hoc
1508 391 1558 419 per
1579 382 1725 412 censuram
1747 380 1969 411 Ecclesiasticam
1985 404 1995 420 ,
2020 380 2206 418 appellatione
2225 390 2335 412 remota
2348 406 2360 421 ,

1301 420 1470 458 compellas,
1489 429 1640 458 quatenus,
1658 419 1786 458 inquisita
1801 420 1835 450 &
1848 419 1963 457 cognita
1983 420 2113 457 veritate,
2131 419 2152 449 si
2175 419 2260 458 quid,
2277 420 2359 458 super

1301 459 1459 489 ablatorum
1478 457 1668 496 restitutione,
1693 457 1739 489 vel
1760 458 2019 495 recompensatione
2038 457 2222 495 damnorum,
2243 468 2360 496 propter

1302 496 1490 534 quaestionem
1509 497 1668 534 subortam,
1684 496 1843 527 remanserit
1863 496 2080 534 imperfectum,
2099 505 2149 533 pei·
2170 496 2360 533 apostolicum

1302 540 1397 565 tamen
1410 534 1573 565 mandatum
1585 533 1735 566 consultius
1748 534 1903 571 impleatur.

1341 573 1452 611 Qod,
1470 573 1490 603 fi
1510 573 1585 604 forte
1604 573 1732 611 praefatus
1752 572 1832 611 Rex,
1856 573 1926 603 infia
1948 572 2073 603 mensem
2095 571 2282 610 praescriptam
2299 573 2360 605 for-

1304 620 1381 640 mam
1402 621 1463 642 non
1473 611 1583 642 duxerit
1593 611 1812 649 acceptandam,
1829 611 1874 641 sed
1888 613 1917 641 in
1931 611 1976 642 sua
1990 612 2118 641 maluerit
2133 610 2234 641 duritia
2254 613 2359 650 perdu-

1303 658 1377 686 rare,
1395 659 1448 679 vos
1468 658 1571 680 eXtunc
1591 650 1751 680 recedentes
1772 649 1807 679 ab
1828 649 1902 688 ipso,
1919 649 2090 690 significetis,
2108 658 2143 679 ex
2165 657 2242 686 parte
2262 650 2360 681 nostra

1303 687 1442 724 praedidtis
1455 686 1738 726 Archiepiscopo,&
1751 687 1896 726 Episcopis
1910 697 1940 719 ut
1955 689 2102 727 negotium
2116 686 2360 726 Ecclefiae,prout

1303 725 1402 755 melius
1422 733 1572 763 poterunt,
1596 725 1810 765 prosequantur,
1829 726 1936 765 vosque
1955 736 2016 757 non
2038 725 2171 757 differatis
2192 725 2306 757 ulterius
2325 726 2361 758 ad

1303 763 1428 794 nostram
1443 764 1617 803 praesentiam
1631 774 1765 794 remeare.

1399 890 1427 917 ’X‘
1451 891 1636 922 Innocentius
1654 893 1737 937 Papa
1756 894 1862 937 iniqua
1876 893 1969 925 Pacta
1985 890 2144 925 denunciat
2161 896 2263 927 irrita.

1352 975 1495 1013 Tephano
1510 974 1701 1006 Cantuariensi
1715 974 1936 1014 Archiepiscopo
1949 976 1978 1007 S.
1996 976 2037 1007 R.
2056 975 2091 1007 E.
2112 976 2269 1016 Cardinali,
2285 978 2328 1009 W
2329 979 2364 1009 il·

1363 1014 1452 1044 lelmo
1474 1012 1856 1056 Londonienfi,-Eustachio
1874 1014 1995 1054 Elienfi,
2014 1014 2135 1055 AEgidio
2156 1014 2360 1048 Herefordemi

1305 1054 1339 1084 &
1355 1051 1490 1083 Huberto
1507 1052 1699 1084 Lincolniensi
1718 1051 1870 1093 Episcopis.

1342 1090 1400 1129 Ea,
1419 1101 1482 1130 quae
1495 1091 1590 1122 illicite
1602 1091 1803 1129 praestununtur
1822 1099 1922 1121 contra
1930 1091 2106 1123 honestatem
2117 1094 2303 1133 canonicam,
2316 1103 2364 1126 aut

1305 1127 1439 1160 Ecclesiae
1451 1129 1626 1167 libertatem,
1644 1130 1748 1160 merito
1766 1129 1870 1160 debent
1887 1139 1937 1167 per
1950 1130 2145 1161 auctoritatem
2165 1131 2363 1169 Apostolicam

1306 1168 1418 1207 irritari,
1438 1178 1475 1198 ne
1489 1168 1564 1199 forte
1575 1167 1709 1199 transeant
1718 1167 1967 1236 ffiumpmsibus
1979 1169 2010 1198 in
2023 1169 2196 1206 exemplum.

1345 1206 1494 1246 roirca
1506 1207 1667 1238 fraternitati
1680 1216 1717 1236 ve
1787 1229 1797 1245 ,
1816 1216 1867 1244 per
1883 1206 2048 1245 Apostolica
2068 1207 2182 1245 scripta,
2200 1206 2366 1239 mandamus

1328 1254 1442 1276 uatenus
1459 1245 1670 1283 conceffiones,
1688 1245 1846 1283 padtiones,
1865 1244 1923 1275 sive
1944 1243 2157 1283 promiffiones,
2176 1255 2243 1283 quas
2259 1244 2368 1278 Clerici

1319 1293 1354 1313 eu
1374 1283 1511 1321 Religiosi
1531 1284 1599 1322 viri,
1617 1283 1807 1323 cujuscunque
1828 1282 2005 1322 professionis
2027 1283 2073 1313 vel
2093 1283 2216 1322 ordinis,
2238 1281 2363 1322 johanni

1307 1320 1384 1361 Regi
1406 1322 1536 1361 Angliae,
1553 1321 1633 1360 super
1653 1321 1748 1352 ablatis
1773 1321 1820 1352 vel
1838 1322 1972 1361 extortis,
1999 1321 2063 1359 post
2083 1322 2267 1352 interdictum
2288 1322 2367 1354 fece-

1307 1368 1372 1390 runt
1406 1360 1578 1391 denuncietis
1591 1361 1677 1391 irritas
1691 1361 1848 1391 &inanest
1869 1360 2009 1391 Αυᾶοῐεε
2031 1361 2114 1390 etiam
2136 1361 2169 1392 &
2191 1359 2364 1392 Procurato-

1307 1408 1350 1443 res
1371 1385 1496 1467 iliarum,
1514 1398 1564 1429 nisi
1585 1400 1690 1430 moniti
1710 1397 1908 1437 satisfecerint,
1925 1399 2226 1430 excommunicationis
2245 1400 2364 1431 vinculo

1307 1447 1378 1467 mno
1399 1446 1456 1468 CUS.

1345 1475 1375 1506 Si
1397 1477 1444 1514 qui
1465 1486 1537 1507 vero
1556 1474 1760 1514 praedatorum
1782 1475 1925 1506 noluerint
1939 1475 2028 1506 ablata
2039 1475 2086 1506 vel
2101 1483 2209 1506 extorta
2223 1484 2367 1515 repetere,

1305 1512 1465 1544 detentores
1485 1523 1588 1545 eorum
1600 1513 1780 1544 nihilominus
1793 1514 1848 1551 ipsa
1861 1513 2004 1544 restituere
2018 1514 2192 1551 compellatis
2224 1515 2253 1544 in
2266 1515 2369 1545 Terrae

1305 1552 1407 1584 sanetae
1422 1552 1583 1583 Subsidium
1599 1554 1677 1591 juxta
1690 1551 1855 1582 mandatum
1867 1551 2055 1590 apostolicum
2070 1537 2237 1583 reservanda.
2275 1553 2369 1592 Quod

1306 1590 1340 1661 g<
1346 1601 1406 1622 non
1426 1601 1543 1631 omnes,
1563 1592 1624 1624 &e
1642 1598 1698 1623 tres
1718 1598 1765 1622 aut
1785 1589 1845 1622 duo
1868 1589 2014 1629 vestrum,
2031 1590 2215 1629 appellatione
2235 1600 2368 1630 remota,

1341 1639 1366 1661 c.

1657 1706 1782 1755 Eifiiem
1797 1709 1892 1756 staper
1912 1706 2024 1743 eodem.

1307 1793 1434 1858 SAEpe
1458 1794 1598 1838 contingit
1611 1818 1621 1832 ,
1653 1802 1685 1825 ut
1705 1793 1776 1838 dum
1794 1792 1901 1824 hostilis
1917 1794 2074 1831 malignitas
2094 1792 2122 1823 se
2139 1794 2243 1831 reperit
2260 1803 2370 1827 coarta-

1305 1831 1854 1942 t3s¹i²1¹5¹e²0ss²²f531¹311i2nusd21¹50ud1²n¹¹3¹231²ffit
1862 1832 2047 1909 {2333stss
2057 1830 2150 1908 3233st
2157 1841 2371 1911 Ρῧξὲῗωᾛὲἶ

1306 1921 1326 1943 V
1353 1921 1407 1941 ese.

1345 1949 1482 1980 Volentes
1497 1950 1591 1987 itaque
1605 1955 1703 1979 contra
1717 1947 1877 1978 dolositates
1889 1946 2049 1986 hujusmodi
2074 1946 2199 1987 diligenti
2221 1947 2373 1987 providere

1307 1988 1431 2026 cautela,
1449 1987 1628 2026 praesentium
1644 1987 1726 2017 vobis
1738 1985 1904 2017 auetoritate
1917 1985 2103 2016 concedimus
2117 1985 2212 2023 quod,
2231 1986 2251 2015 si
2261 1986 2373 2024 johan-

1307 2036 1357 2057 nes
1372 2026 1438 2057 Rex
1517 2026 1560 2056 lite
1573 2025 1720 2056 violaverit
1746 2033 1861 2063 pacem,
1880 2023 2033 2063 postquam
2053 2024 2125 2054 inter
2144 2025 2154 2053 i
2186 2033 2235 2054 um
2255 2025 2289 2056 &
2312 2024 2373 2056 Ec-

1307 2064 1419 2096 clesiam
1439 2064 1625 2104 Angicanam
1646 2063 1806 2101 provisione
1828 2063 1912 2094 fuerit
1934 2061 2102 2101 Apostolicfi
2122 2072 2135 2091 r
2184 2070 2296 2102 rmata,
2321 2063 2373 2094 nifi

1310 2102 1377 2134 Rex
1391 2103 1445 2142 ipse
1458 2103 1584 2143 legitime
1597 2102 1722 2133 monitus
1736 2100 1895 2132 satisfecerit
1915 2108 2130 2139 competenter,
2147 2100 2277 2132 consulto
2299 2103 2373 2132 inte-

1309 2142 1364 2172 rim
1379 2142 1518 2174 Romano
1531 2139 1691 2178 Pontifice,
1708 2138 1824 2179 Regem
1842 2139 1933 2177 ipsum
1947 2140 1981 2171 &
2003 2138 2144 2176 Regnum
2164 2140 2238 2178 ejus,
2254 2140 2285 2169 in
2304 2149 2374 2170 eum

1310 2179 1414 2212 statum
1426 2179 1567 2211 interdiciti
1581 2179 1615 2210 &
1638 2178 1958 2216 excommunicationis,
1975 2178 2006 2207 in
2026 2186 2087 2215 quo
2109 2184 2174 2207 ante
2193 2177 2374 2209 reformatio—

1309 2229 1379 2250 nem
1393 2219 1612 2290 pacigcfiierunt,
1629 2217 1796 2249 auctoritate
1810 2215 1963 2255 apostolia
1977 2214 2122 2248 reducatis.
2163 2215 2257 2255 Qiod
2269 2216 2290 2248 si
2313 2226 2375 2248 non

1308 2267 1431 2298 omnes,
1483 2267 1510 2290 c.
1829 2271 1831 2274 >

1595 2333 1717 2381 Eifilem
1740 2332 1841 2368 adhuc
1856 2333 1947 2382 staper
1969 2332 2079 2368 eodem.

1382 2422 1443 2455 Uia
1464 2430 1670 2459 nonnunquam
1690 2419 1880 2463 malignorum
1898 2418 2075 2459 perverfitas,
2093 2427 2142 2457 per
2157 2416 2374 2462 Succeffionem

1312 2431 1375 2503 Q
1395 2462 1555 2500 Sanguinis,
1570 2469 1586 2489 a
1601 2459 1760 2497 parentibus
1773 2459 1801 2488 in
1816 2457 1887 2488 fihos
1901 2457 2058 2502 derivatur,
2076 2457 2146 2489 sicut
2159 2456 2304 2487 evidenter
2325 2466 2375 2495 ap-

1312 2510 1390 2540 paret
1404 2510 1444 2545 ex·
1453 2510 1489 2531 eo
1502 2497 1580 2538 quod
1592 2498 1663 2542 olim
1678 2497 1744 2541 Rex
1758 2495 2075 2540 AnglonimHenricus
2087 2495 2204 2526 beatum
2222 2495 2375 2539 Thomarn

1311 2536 1823 2620 ffaffimffiffiffifflffeffiss'ssufffiss
1838 2534 1974 2611 effi}
1988 2533 2376 2616 ὅὶἓὲεἳῖέὲῗῗὲὲἓῖῖὲᾞῖἔ,

1313 2617 1429 2649 tandem
1448 2615 1543 2656 gladiis
1563 2622 1742 2652 impiorum,
1768 2611 1802 2644 ὃ(
1823 2610 1966 2655 Johannes
2003 2620 2050 2655 *ex
2070 2610 2184 2647 Angliae
2200 2618 2279 2640 natus
2299 2620 2377 2648 ejus,

1313 2664 1428 2700 propter
1449 2653 1570 2684 eandem
1584 2650 1693 2696 causam
1708 2660 1776 2688 VOS,
1794 2660 1827 2680 ac
1840 2649 1960 2692 dilez‘jws
1971 2648 2044 2679 filios
2063 2648 2229 2692 Monachos
2249 2646 2377 2692 Cantua-

1314 2685 2378 2792 ἓὲἓὲὲῖ,ἱῖἓφξὲἒῑὲῗοὲἰξῑῦἒςῬρὲιὲξιὲέῗῃῖςᾬρέἆὲεξέἓὲῗέἒῗῗέἒὲῑ

1313 2763 1958 2846 ῗὲῐῑέἶῆὲὲἦὲὶῗῗέξὲῦξτέἓέἶῑέξξῗηὲέἐὲ,
1968 2762 2377 2845 Ἔῗοῶἓὶὲῗιὲἓὲἓῑέιῗὲἒέἑ

1314 2855 1432 2884 pacem,
1448 2853 1512 2882 quae
1525 2843 1597 2872 inter
1609 2839 1699 2878 ipsum
1713 2839 1747 2870 δε
1762 2838 1919 2883 Ecclesiam
1997 2839 2118 2869 licanarn
2132 2838 2295 2876 provisione
2312 2839 2376 2869 fue-

1313 2886 1349 2915 rit
1362 2882 1518 2922 apostolica
1530 2880 1697 2917 reformata,
1715 2887 1768 2908 vos
1782 2885 1828 2908 aut
1842 2877 1958 2921 quilibet
1998 2878 2017 2907 ii
2030 2876 2142 2907 nullum
2161 2875 2198 2906 de
2218 2876 2377 2921 haeredibus

1313 2915 1904 2997 ἷζὶξῗηΐέυξῗξοῖξὲιεὲἳὲειῖᾝὲἔὲἓῗω
1923 2925 1955 2946 ¹¹¹
1966 2914 2100 2955 Regem⁵
2118 2914 2205 2946 ⁸²¹V⁰
2219 2914 2329 2953 ‘emm‘
2346 2925 2376 2947 ¹¹¹

1315 3095 1474 3126 conventio
1491 3091 1536 3123 W
1532 3090 1650 3123 illielmi
1668 3089 1792 3123 Comitis
1811 3085 1958 3120 Holland.
1983 3085 2020 3119 de
2035 3088 2187 3134 Homagio
2214 3088 2252 3124 ὠ·
2270 3084 2376 3131 servi-

1476 3142 1517 3172 tio
1529 3139 1609 3185 fico,
1629 3149 1686 3185 pro
1699 3134 1794 3171 feodo
1810 3146 1879 3183 400
1905 3136 2051 3171 Marcar.
2071 3146 2129 3182 per
2144 3137 2212 3168 An.

1317 3236 1341 3257 1.
1435 3225 1555 3256 Mnibus
1576 3222 1683 3255 Christi
1702 3221 1845 3259 fidelibus,
1863 3222 1936 3253 hanc
1951 3221 2082 3261 paginam
2102 3219 2280 3258 inspecturis,
2296 3216 2374 3250 Wil-

1445 3264 1554 3295 lielmus
1569 3262 1679 3293 Comes
1693 3260 1829 3291 Holland.
1847 3261 1982 3292 Salutem.

1350 3302 1480 3333 Noverit
1498 3300 1672 3333 Universitas
1691 3299 1782 3330 vestra
1801 3299 1880 3338 quod

1315 3340 1387 3372 land.
1406 3339 1522 3378 promisi
1541 3339 1676 3369 Domino
1693 3337 1770 3377 Regi
1788 3308 2158 3380 Angliaeeffohanniffluod
2173 3335 2303 3378 figentes
2323 3339 2373 3377 ex·

1315 3388 1419 3410 traneae
1431 3380 1462 3410 iii
1477 3377 1612 3415 Angliam
1625 3376 1660 3407 ad
1675 3386 1738 3407 eam
1752 3375 1966 3416 expugnandam
1979 3383 2126 3413 venerint,
2142 3380 2254 3405 vanam
2275 3369 2311 3400 ad
2331 3381 2374 3408 ip-

1316 3417 1377 3448 sum
1390 3418 1419 3448 in
1435 3417 1552 3456 Anglia,
1570 3425 1639 3447 curn
1652 3424 1717 3446 toto
1732 3414 1812 3453 posse
1827 3424 1913 3453 meo,
1931 3422 2065 3453 quatenus
2081 3421 2200 3452 potero,
2216 3409 2292 3453 bona
2307 3407 2374 3447 fide,

1318 3455 1375 3486 sine
1396 3455 1472 3486 malo
1494 3455 1628 3492 ingenio,
1646 3453 1798 3491 postquam
1819 3453 2071 3483 summonitionem
2090 3448 2166 3481 suam
2179 3447 2376 3484 habuerimus,

1317 3493 1364 3524 vel
1384 3493 1574 3524 necessitatem
1596 3492 1672 3522 suam
1696 3491 1876 3529 audierimus,
1893 3490 1928 3521 ad
1941 3487 2146 3532 defendendam
2159 3494 2260 3516 terram
2279 3485 2374 3529 suam,

1320 3541 1372 3570 pro
1387 3531 1467 3570 posse
1480 3541 1563 3569 meo,
1582 3529 1616 3560 ad
1629 3530 1755 3561 denarios
1771 3529 1848 3568 suos,
1867 3531 1901 3561 ὃς
1915 3530 1973 3561 hoc
1986 3538 2046 3559 non
2058 3527 2196 3568 dimittqm
2210 3533 2263 3562 pro
2283 3523 2374 3561 aliqua

1320 3579 1368 3608 re,
1385 3570 1436 3601 nisi
1448 3570 1583 3600 exercitus
1597 3578 1729 3606 apparens
1744 3567 1823 3606 super
1837 3577 1942 3599 terram
1953 3575 2048 3598 meam
2061 3571 2179 3595 venerit.
2253 3600 2259 3606 Ι

1357 3618 1384 3638 2.
1404 3607 1460 3645 Et,
1479 3607 1592 3646 quando
1603 3607 1725 3638 voluerit
1737 3606 1839 3637 habere
1853 3606 1996 3638 servitium
2010 3610 2126 3639 meum,
2141 3599 2221 3639 quod
2234 3598 2377 3643 endebeo,

1321 3645 1783 3715 viffiiaff‘cssstffffi'eeuffli&
1797 3649 1821 3713 ἓξ
1831 3636 2378 3719 'Zissassuffssffiissffhfflssuiffgiffl‘

1321 3692 1441 3753 servient
1455 3721 1589 3753 Domino
1603 3721 1693 3761 Regi,
1717 3708 1751 3752 {d
1766 3707 1986 3757 denarios'ipfius
1994 3739 2004 3755 ,
2018 3725 2068 3754 per
2081 3724 2137 3759 tres
2151 3713 2335 3756 quadragenas
2349 3714 2381 3744 in

1322 3761 1442 3798 Anglia,
1461 3761 1495 3791 ὃς
1511 3770 1578 3790 cum
1594 3770 1717 3798 corpore
1732 3760 1812 3798 ipsius
1824 3760 1906 3790 ibunt
1919 3764 2103 3799 quocumque
2117 3753 2174 3790 ipse
2187 3751 2326 3796 voluerit,
2345 3752 2380 3782 &

1324 3798 1437 3838 quando
1450 3808 1498 3830 eos
1510 3800 1649 3837 remittet,
1667 3798 1701 3829 ad
1715 3798 1827 3830 custum
1842 3797 1922 3828 suum
1936 3801 2059 3824 remittet
2075 3800 2124 3822 eos
2135 3789 2222 3828 usque
2236 3798 2382 3821 interram

1323 3846 1426 3867 mean]-

1361 3884 1386 3914 3.
1406 3874 1559 3914 Praeterea,
1578 3875 1597 3907 si
1610 3875 1646 3905 de
1661 3883 1733 3906 terra
1747 3884 1810 3906 mea
1825 3872 1972 3904 servientes
1985 3869 2088 3899 habere
2101 3866 2223 3911 voluerit
2244 3865 2279 3896 ad
2298 3865 2383 3897 servi-

1323 3913 1396 3943 tium
1411 3913 1509 3945 suum,
1525 3914 1615 3944 mittet
1630 3915 1657 3943 in
1671 3922 1775 3943 terram
1788 3919 1882 3942 meam
1894 3909 2016 3946 aliquem
2031 3905 2068 3936 de
2090 3904 2141 3934 suis
2161 3903 2196 3934 ad
2207 3904 2384 3949 'ducendum

1324 3960 1373 3980 eos
1386 3953 1416 3981 in
1429 3951 1575 3990 Angliam,
1594 3954 1626 3982 &
1642 3951 1744 3981 faciam
1757 3951 1782 3980 ei
1798 3949 1900 3978 habere
1913 3947 2097 3987 quingentOS,
2109 3942 2158 3986 'vel
2173 3942 2250 3986 mille
2262 3942 2384 3973 servren-

1322 3997 1380 4027 tes,
1400 3989 1445 4019 vel
1467 4000 1502 4019 eo
1525 3989 1660 4027 amplius,
1680 3990 1700 4020 si
1720 3987 1832 4018 necesse
1853 3984 2002 4027 fueriti&
2020 3991 2162 4025 inveniam
2185 3991 2222 4011 eis
2244 3990 2327 4025 naves
2347 3979 2386 4010 ad

1325 4027 1547 4061 tranfretandum
1562 4028 1592 4059 in
1606 4027 1738 4068 Anglia‘m
1750 4025 1785 4058 ad
1801 4023 1944 4056 denarium
1956 4020 2037 4061 ipsius
2049 4018 2155 4060 Regis,
2173 4019 2206 4052 &
2219 4028 2235 4050 a
2248 4018 2385 4096 ⁶³¹⁶?ss

2270 4068 2289 4088 a
2322 4066 2351 4087 or

2375 221 2452 252 Anti.
2462 222 2506 254 Di

2395 270 2480 301 1213.

2380 891 2396 909 '¹
2407 893 2429 921 1.
2448 892 2510 920 168.

2393 3215 2524 3249 Ann.D.

2420 3264 2508 3295 1213.

1936 3308 1956 3329 o
1976 3296 2149 3328 Willielmus
2169 3296 2279 3328 Comes
2292 3292 2371 3324 Hol-
2389 3298 2444 3323 An.
2462 3304 2506 3331 ¹4·

2395 3332 2456 3370 Joh.

2394 3375 2470 3399 Cart.
2482 3374 2527 3408 ¹4ss

2395 3408 2493 3447 Johan-

2395 3449 2444 3479 nis,
2452 3456 2490 3476 m.
2499 3455 2509 3474 1
2516 3470 2523 3476 .

2399 3645 2415 3663 ¹*
2430 3646 2455 3674 1.
2467 3645 2526 3681 ¹⁶9=
