2570 4261
216 127 272 167 94

68 199 144 229 Ann.
157 197 196 228 D.
216 199 293 230 facio
313 197 448 229 Nuncios
467 195 527 226 suos
547 192 581 222 ad
602 191 807 229 Imperatorem
826 190 929 221 iterum
949 188 1112 226 transmisit,
1137 186 1183 218 sed
1204 185 1271 224 quid

90 246 173 274 1224.
256 246 336 267 erunt
350 237 441 266 adhuc
455 233 630 263 nescivimus.
668 268 673 273 ι
874 268 879 272 ῃ
949 267 954 272 ἡ
1066 265 1071 270 ι
1113 265 1118 269 ¹
1141 263 1147 268 ²

69 279 131 304 Hen-
154 285 178 312 3-
257 273 305 305 De
318 273 439 304 Falkasio
452 271 488 301 de
503 268 628 305 Brealth,
645 266 791 297 dicebatur
811 267 910 305 nobis,
928 275 1006 297 circa
1025 264 1200 306 Principium
1224 260 1273 291 ad-

218 323 317 345 ventus
332 311 467 345 Domini,
485 306 562 346 quod
576 314 633 336 erat
647 307 676 335 in
687 305 829 336 veniendo
845 305 992 342 Romam3
1010 311 1130 333 attamen
1143 301 1189 330 die
1208 299 1274 329 Do-

222 353 327 382 minica
341 373 350 388 ,
382 349 508 387 proxima
527 353 590 375 ante
609 344 713 374 Natale
736 343 883 382 Domini,
912 342 1025 381 quando
1044 339 1187 370 recederet
1204 338 1274 368 lator

223 389 412 428 priesentium,
431 385 622 423 percepimus,
641 383 719 421 quod
740 392 801 412 non
820 382 866 412 ille
890 390 964 419 erat,
987 380 1024 410 de
1045 389 1104 416 quo
1125 376 1275 443 cavebaffir

224 429 269 457 illc
287 427 333 456 die
759 422 802 451 uia
1260 423 1276 443 e

222 464 377 496 Doininica
392 462 497 492 detinet
512 470 579 491 eum
593 459 672 498 quod
684 431 779 497 captqus
791 467 850 489 erat
863 458 892 487 in
906 457 1022 486 Francia
1035 456 1068 486 &
1081 453 1217 483 detentus.

260 502 354 532 Valeat
371 500 515 531 Dominus
532 498 644 537 noster,
662 500 695 530 &
712 496 847 537 quicquid
863 495 937 532 Papa
950 492 1155 537 disponendum
1170 490 1206 520 de
1219 489 1277 519 fac-

223 549 254 572 to
275 539 369 570 vestro
386 538 508 576 duxerit,
528 537 675 568 Dominus
696 535 897 566 nichilominus
920 532 1018 572 dirigat
1033 531 1112 561 aCms
1127 530 1160 560 ὅς
1175 528 1278 560 volun-

224 587 289 609 tates
304 577 411 609 vestros
425 578 458 608 &
473 575 592 606 nostros.

258 617 287 647 Si
300 616 407 657 placet,
423 615 540 656 vigiletis
551 613 725 651 caveatisque
736 612 826 642 vobis.

226 745 345 777 Littera
362 743 468 785 Legati
487 741 568 785 Papia
586 739 768 777 monitoria,
793 732 874 781 quod
897 745 966 780 aegre
984 732 1050 777 fert
1076 733 1141 763 Rex
1167 729 1281 776 Angliae

332 787 489 832 miffionem
503 786 642 834 papalem
660 789 691 817 in
710 787 822 831 negotio
840 780 972 826 FalQfii
987 779 1023 813 de
1040 781 1161 812 Breant.

75 891 143 924 Am,
166 891 195 922 D
226 873 412 939 DOmino
426 873 519 911 Papae.
558 870 701 901 sanctitati
718 867 819 899 vestrae
834 867 900 912 duxi
914 874 1013 897 tenore
1026 865 1202 903 praesentium
1216 864 1281 908 inti-¹

116 916 150 953 ,ζ
199 915 203 920 ”
313 913 448 945 mnndum
468 909 563 949 quod,
580 918 729 947 antequam
750 907 783 937 ad
805 906 960 950 melliterae'
979 905 1096 942 vestrae,
1123 913 1189 947 quas
1213 902 1283 932 mihi

75 941 128 998 Αἴξ,
135 940 181 1004 ‘94'
228 953 335 985 misistis
352 963 403 992 pro
418 951 495 982 fac‘lo
511 949 623 979 Falkalii
635 946 840 986 pervenissent,
858 944 934 975 idem
954 954 983 974 in
1006 941 1166 982 Burgundia
1188 949 1283 984 captus

230 1002 295 1023 esar.

75 1031 110 1076 B.
133 1029 170 1074 ’l‘r
270 1031 381 1071 Quibus
394 1028 498 1059 devote
511 1026 643 1064 receptis,
661 1025 694 1057 δε
709 1033 773 1062 quae
788 1021 1046 1066 continebantur-in
1060 1019 1097 1049 eis
1119 1017 1284 1062 intempesta,

76 1059 141 1113 [1ζὶἴρ
150 1058 186 1113 Τ
231 1064 322 1101 statim
343 1068 393 1099 illis
413 1067 534 1106 personis
556 1065 674 1109 scri-bere
691 1062 848 1107 diligentius
862 1069 1030 1098 procuraVi,
1049 1068 1097 1096 per
1112 1066 1178 1095 quas
1193 1055 1283 1094 ipsum

77 1135 135 1150 rum
145 1106 176 1151 'in
226 1108 376 1140 credebam
390 1106 492 1137 debere
505 1104 610 1134 restitui
622 1103 748 1133 libertati.
863 1137 868 1143 ·
1136 1134 1141 1140 ·
1252 1134 1256 1139 Ι

75 1166 127 1188 ΤΥ
142 1173 153 1190 2
264 1147 376 1184 Recepi
399 1142 585 1184 postmodum
610 1141 697 1172 literas
715 1141 747 1171 &
766 1137 903 1182 Nuncios
920 1145 955 1167 ex
973 1143 1050 1174 parre
1067 1133 1155 1173 Regis
1174 1132 1284 1173 Angli-ae

76 1181 111 1228 L''
136 1202 144 1228 Ι
228 1185 359 1223 illustris,
389 1184 489 1222 quibus
507 1181 650 1222 intellexi,
680 1178 758 1218 quod
776 1186 834 1207 tam
853 1176 909 1214 ipse
929 1175 994 1219 Rex
1014 1183 1097 1212 quam
1116 1174 1174 1216 fere
1190 1180 1284 1202 toturn

99 1212 152 1229 Μ’
229 1223 367 1263 Regnum
381 1221 490 1261 Anglice
508 1230 561 1258 pro
577 1219 709 1249 mislione
727 1213 1074 1258 ejusdem-Falcasunquarn
1087 1211 1204 1254 faciatis,
1224 1219 1284 1240 tur—

229 1265 287 1294 bati
305 1263 365 1293 sunt
383 1261 536 1298 plurimum
555 1259 588 1289 &
604 1257 746 1287 commoti
759 1279 768 1293 ‚
802 1255 834 1285 &
851 1253 933 1296 ipsius
949 1261 1057 1281 inimici
1072 1273 1082 1294 9
1115 1250 1285 1280 deriiionem

228 1301 352 1341 ejusdem
365 1302 392 1330 in
404 1300 456 1328 hac
471 1306 546 1335 parte
558 1296 757 1334 percipientes,
775 1292 837 1323 elati
849 1292 911 1335 sunt
926 1300 955 1320 in
969 1290 1134 1334 superbiam.
1243 1326 1249 1331 ·

270 1339 361 1371 Unde
379 1337 489 1369 videtur
513 1345 561 1373 per
574 1335 648 1372 hoc,
666 1332 744 1372 quod
759 1338 906 1370 negotium
920 1336 995 1367 pacis
1008 1328 1054 1359 vel
1067 1335 1228 1366 treugarum
1242 1336 1285 1356 in-

232 1387 273 1409 ter
297 1377 418 1409 eundem
445 1376 478 1405 &
502 1374 616 1412 Regem
641 1372 817 1402 Francorum
835 1368 971 1398 illustrem
985 1391 995 1404 ,
1016 1376 1082 1410 'pro
1100 1375 1159 1403 quo
1174 1372 1286 1407 tanturn

233 1417 327 1455 (Deus
346 1415 438 1451 novit)
451 1413 590 1450 laboravi,
608 1420 668 1440 non
682 1408 764 1448 possit
777 1406 914 1438 effeeium
930 1415 1080 1443 mancipari
1087 1416 1101 1448 ς’
1115 1405 1148 1435 δε
1164 1406 1219 1441 lic,
1238 1412 1287 1440 per

231 1455 404 1493 consequens
418 1475 427 1491 ,
450 1451 599 1489 negotium
620 1447 814 1489 Albigensium
833 1453 907 1484 patet
928 1444 1009 1482 (sicut
1026 1442 1178 1479 credimus)
1201 1450 1286 1472 retar-

229 1494 296 1525 dari.

269 1531 349 1561 Cum
362 1531 454 1568 itaque
467 1529 565 1560 diebus
579 1527 650 1565 istis,
668 1533 784 1565 propter
796 1523 910 1554 malitias
924 1522 1094 1558 hominurn,
1112 1521 1146 1551 &
1167 1518 1285 1556 Regum

234 1571 267 1601 δε
289 1570 457 1609 Regnorum
481 1568 533 1598 sint
551 1565 673 1597 scandala
692 1563 835 1600 evitanda,
853 1571 922 1592 cum
942 1569 1017 1602 totus
1040 1558 1161 1589 mundus
1177 1556 1286 1600 feretsit

233 1609 337 1647 positus
352 1609 380 1637 in
394 1607 536 1645 maligno,
556 1604 628 1643 (plus
642 1605 727 1634 etiam
743 1611 828 1641 quam
851 1599 973 1637 creditis)
994 1601 1014 1628 li
1034 1598 1143 1637 placet,
1160 1596 1287 1627 sanctitas

231 1646 322 1677 vestra
336 1645 480 1685 provideat
494 1643 561 1683 quid
577 1642 608 1675 sit
623 1641 722 1674 exinde
733 1638 903 1672 faciendum.

81 1790 95 1805 ⁸
113 1789 135 1816 i.
147 1795 208 1822 275.
405 1773 433 1801 ’κ’
460 1773 620 1823 Ejusmodi
638 1776 757 1807 Littera
773 1770 896 1805 cuidam
913 1767 1065 1817 Magistro
1083 1771 1121 1802 T.

79 1874 146 1905 Ann
164 1873 205 1904 D.
232 1862 431 1927 MAgistro
448 1861 488 1893 T.
508 1860 666 1892 Paternitati
686 1858 787 1889 vestrae
807 1866 906 1887 tenore
918 1855 1094 1895 praesentium
1108 1856 1285 1896 intimamus,

107 1898 157 1943 μζ
328 1901 405 1941 quod
415 1909 565 1938 antequam
579 1899 665 1929 literae
681 1897 804 1928 Domini
816 1895 900 1934 Papa:
921 1894 1125 1933 perveniffent,
1144 1904 1210 1933 quas
1229 1905 1283 1926 no-

78 1922 189 1988 AnTJT'
231 1944 274 1973 bis
294 1952 347 1984 pro
367 1941 444 1971 facto
464 1938 577 1969 Faikafii
596 1936 765 1973 destinavit,
796 1934 873 1964 idem
896 1933 926 1965 F.
952 1935 982 1963 in
1001 1932 1159 1973 Burgundia
1187 1942 1284 1972 captus

77 1996 189 2058 xiia-n-
231 1990 322 2050 el‘aSted
343 2017 434 2048 statim
448 2041 458 2055 ,
480 2015 543 2055 post
563 2015 754 2052 receptionem
775 2011 934 2042 Literarum
952 2010 1070 2048 ipsarum
1085 2034 1095 2048 ,
1118 2010 1169 2040 illis
1190 2010 1283 2049 perso-

78 2067 133 2096 dela
146 2068 190 2094 lit·
230 2060 273 2089 nis
292 2056 462 2096 scripsimus,
488 2065 538 2096 per
557 2063 623 2093 quas
643 2051 826 2083 credebamus
845 2049 936 2090 ipsum
955 2049 1059 2079 debere
1080 2047 1184 2079 restitui
1201 2049 1285 2090 liber-¹

76 2113 192 2133 terarum
230 2098 285 2129 tati.
740 2128 745 2135 .
850 2128 855 2134 ι
1146 2127 1151 2133 .

78 2146 104 2171 in
114 2148 190 2171 Tum
267 2135 438 2171 Recepimus
452 2131 638 2170 postmodum
651 2128 779 2161 Nuntios
792 2128 825 2172 ὃς
837 2126 984 2166 literaS,ex
995 2134 1072 2164 parte
1078 2126 1165 2172 Regis
1172 2125 1282 2167 Anglo-

78 2183 186 2211 zonam,
234 2183 298 2205 rum
313 2172 438 2209 illustris,
457 2171 557 2209 quibus
573 2169 755 2200 intelleximus
767 2166 928 2204 ewdenter,
948 2165 1026 2204 quod
1038 2164 1097 2196 tam
1110 2164 1178 2204 ipse,
1196 2167 1284 2205 quarn

232 2213 291 2244 fere
302 2219 396 2242 totum
410 2210 547 2247 Regnum
562 2208 672 2247 Angliae
685 2206 764 2236 valde
778 2205 879 2235 turbati
891 2204 969 2242 sunt,
983 2203 1138 2242 plurimum
1153 2205 1187 2236 &
1201 2214 1284 2235 com-

233 2251 323 2288 moti,
340 2259 394 2286 pro
407 2247 552 2284 mistione,
571 2255 658 2284 quam
672 2244 817 2275 Dominus
831 2243 906 2282 Papa
918 2241 984 2274 facit
1004 2243 1033 2272 in
1054 2242 1186 2282 Angliam
1205 2242 1284 2282 super

232 2289 366 2325 Negotiis
382 2285 494 2317 Falkaiii
506 2285 663 2315 memorati.

271 2322 364 2358 Unde
377 2324 487 2356 viderur
499 2334 548 2362 pei·
562 2323 620 2353 hoc
634 2321 711 2360 quod
725 2321 870 2361 negotium
883 2320 958 2359 pacis
973 2320 1020 2351 vel
1033 2328 1193 2360 treugarum
1212 2321 1283 2352 inter

232 2366 304 2397 duos
318 2364 426 2401 Reges,
444 2373 498 2401 pro
509 2372 568 2400 quo
582 2369 691 2392 tantum
704 2359 797 2398 (Deus
811 2360 904 2396 novit)
919 2358 1123 2396 laboravimus,
1139 2369 1198 2389 non
1219 2369 1285 2398 pos-

232 2405 264 2436 sit
275 2397 412 2434 effectam
426 2401 592 2439 mancipari3
612 2400 645 2431 δε
656 2399 692 2429 sic
709 2408 758 2436 per
771 2398 944 2436 consequens
957 2398 1105 2436 negotium
1120 2396 1284 2438 Albigense‚

231 2452 317 2482 prout
332 2441 488 2477 credimus,
506 2439 538 2469 sit
552 2438 625 2477 quasi
637 2438 744 2475 penitus
758 2435 939 2467 exsufflatum.

270 2481 350 2512 Cum
366 2481 458 2518 itaque
475 2479 571 2508 diebus
592 2476 649 2506 istis
664 2499 674 2513 ,
697 2484 810 2516 propter
827 2475 979 2505 hominum
997 2474 1110 2505 malitias
1124 2498 1134 2512 ,
1166 2473 1284 2514 Regum

232 2522 266 2552 δε
282 2519 455 2557 Regnorum
471 2517 522 2547 sint
541 2515 663 2546 scandala
681 2512 808 2544 evitanda
821 2536 831 2551 ,
859 2522 927 2543 cum
945 2521 1019 2542 totus
1038 2512 1159 2543 mundus
1178 2512 1237 2544 fere
1254 2514 1284 2544 in

231 2559 356 2598 maligno
375 2557 406 2587 sit
424 2555 543 2594 positus,
570 2554 629 2592 plus
648 2554 731 2583 etiarn
751 2552 836 2590 qu‘ani
856 2550 1033 2594 creditisvos
1051 2552 1084 2582 &
1102 2551 1145 2580 alii
1164 2561 1170 2580 :
1205 2551 1284 2590 Qi,

230 2607 298 2628 cum
319 2596 380 2626 estis
398 2596 427 2625 in
446 2595 562 2625 cameris
577 2592 690 2629 vestris,
708 2601 767 2620 non
785 2591 911 2629 cogitatis
930 2588 1106 2627 hujusmodi3
1125 2589 1178 2626 set,
1197 2598 1227 2620 ut
1242 2591 1285 2621 vi-

232 2635 329 2672 detur,
344 2633 478 2664 Ecclesiae
497 2632 554 2662 Dei
573 2637 696 2668 parantes
715 2628 871 2666 excidium,
890 2627 984 2667 Reges
1002 2629 1035 2658 ὅ(
1054 2627 1156 2666 Regna
1173 2634 1232 2658 non
1250 2627 1285 2658 ad

231 2674 417 2704 devotionem
435 2670 586 2708 Ecclesiae,
610 2669 648 2699 set
668 2669 759 2706 potius
777 2667 811 2698 ad
829 2666 986 2697 scandalum
1003 2667 1036 2697 &
1054 2665 1201 2696 discordias
1219 2676 1287 2704 pro-

230 2720 345 2745 vocatis.

268 2751 367 2782 Sciatis
380 2749 458 2788 quod
472 2748 625 2787 plurimum
639 2745 826 2782 admiramur,
845 2745 878 2775 &
894 2742 975 2774 multi
987 2743 1031 2772 alii
1047 2749 1287 2781 commoventur,

257 2789 315 2820 uod
335 2799 404 2820 cum
424 2788 562 2827 Regnum
580 2785 624 2815 An
646 2785 688 2814 lire
711 2793 787 2814 nunc
808 2784 836 2812 in
856 2783 937 2812 bono
952 2780 1023 2812 statu
1037 2781 1182 2818 consistat,
1223 2788 1288 2812 uate

269 2829 381 2858 ominus
395 2826 470 2864 Papa
480 2827 513 2857 &
528 2834 597 2862 VOS,
614 2834 629 2853 a
661 2832 766 2853 vocem
780 2822 877 2858 unius,
894 2820 927 2850 ad
943 2819 1142 2858 inquirendum
1155 2819 1191 2850 de
1236 2820 1286 2850 <sto

234 2865 350 2905 Regum
363 2865 472 2904 Angliae
481 2888 490 2903 ,
509 2863 599 2902 (quod
615 2870 693 2891 antea
706 2861 741 2890 de
755 2860 806 2890 hiis
815 2884 824 2895 ,
844 2869 908 2897 quae
920 2859 1043 2899 Regiam
1055 2859 1220 2898 contingant
1234 2868 1286 2895 po-

235 2904 381 2942 testatem,
399 2903 457 2933 fieri
470 2912 528 2933 non
545 2900 702 2937 consucvit)
717 2901 750 2930 ὃς
764 2898 799 2928 de
812 2897 882 2928 statu
896 2897 976 2935 ipsius
998 2896 1110 2936 Regni,
1131 2897 1164 2927 &
1186 2894 1288 2927 Praela-

235 2951 333 2974 torum
346 2941 466 2979 ejusdem
474 2966 483 2979 ,
502 2939 645 2970 mandatis.

275 2979 312 3010 Et
333 2980 397 3010 ideo
419 2979 450 3016 (si
471 2979 572 3017 placet)
592 2975 710 3015 provide
729 2976 757 3005 in
777 2975 830 3005 hac
852 2983 929 3012 parte
951 2982 1058 3005 utentes
1073 2973 1192 3004 consilio
1207 2972 1288 3010 (ficut

234 3017 327 3054 decet)
344 3016 497 3056 procedatis
509 3018 538 3046 in
552 3017 609 3053 ipso
624 3015 756 3053 negotio,
772 3013 884 3051 (Deum
897 3012 988 3043 solum
1000 3013 1131 3043 habentes
1145 3022 1203 3050 prae
1216 3021 1289 3043 ocu-

233 3057 276 3094 lis)
293 3064 377 3095 prout
390 3055 487 3085 melius
501 3054 621 3084 videritis
635 3052 771 3090 expedire.

236 3181 355 3213 Litterae
369 3181 453 3212 Duci
468 3176 595 3220 Austriae
610 3180 645 3214 (ῤ’
664 3177 885 3223 Arclnepifiopo
909 3175 1008 3208 colon.
1034 3173 1232 3209 Credentiales
1251 3177 1288 3213 (ῤ’

504 3226 540 3259 de
556 3228 718 3273 maritagio
735 3238 805 3258 cum
815 3225 885 3269 filia
900 3227 1007 3257 Ducis.

239 3312 359 3374 REX
380 3312 470 3356 nobili
491 3312 570 3355 viro,
587 3312 620 3342 &
641 3289 735 3341 amico
754 3308 895 3342 carissimo
918 3308 998 3340 Duci
1018 3307 1140 3340 Austriae
1159 3307 1290 3345 salutem,

90 3347 165 3377 Asm-
175 3345 215 3375 D·
318 3361 387 3395 cum
402 3355 504 3381 sincera
516 3349 678 3393 dileffione3
1221 3385 1225 3390 Ι

241 3383 1197 3493 531ss}{ttffliussiigffngiissilbffliiisst{5322st'fircassssffi¹ff.¹sii¹i¹3{i
1219 3383 1290 3452 ¹53ss

91 3465 127 3489 Η.
147 3471 171 3498 3·
271 3463 357 3508 lilitiit:
368 3466 485 3509 Templi
499 3466 528 3494 in
542 3465 587 3495 An
609 3464 642 3508 lia
650 3488 659 3500 ,
677 3465 711 3496 &
723 3464 843 3517 fratrem⁴
853 3462 891 3491 R.
910 3471 1033 3504 priorem
1045 3460 1149 3527 Hoffit
1176 3471 1196 3490 is
1209 3460 1292 3504 Jeru-

92 3503 149 3527 Par.
167 3508 195 3533 9·
244 3501 326 3531 salem
338 3513 365 3532 in
380 3503 496 3543 Anglia,
513 3503 548 3533 ὃς
602 3502 734 3542 agistrum
749 3500 790 3531 H.
810 3499 1019 3530 Cancellarium
1034 3499 1100 3528 Lon
1120 3508 1140 3528 o
1163 3522 1168 3528 .
1186 3499 1220 3529 &
1234 3497 1293 3528 Ni-

93 3542 128 3612 Ξί-
145 3546 173 3603 Ξ-
189 3547 224 3564 m·
244 3540 375 3570 cholaum
393 3542 428 3571 de
446 3541 551 3578 Molis,
567 3540 601 3570 ad
622 3540 798 3571 traslandum
815 3537 965 3568 vobiscum
984 3536 1020 3566 de
1038 3537 1155 3575 negotiis
1174 3536 1292 3574 nostris3

112 3393 194 3421 1225.

91 3427 143 3451 An.
158 3433 183 3457 9.

247 3578 347 3620 quibus
360 3578 444 3609 fidem
459 3579 560 3610 habere
572 3578 660 3610 velitis
673 3578 752 3616 super
765 3578 816 3607 hiis
829 3586 892 3615 quae
906 3576 989 3608 vobis
1003 3575 1122 3605 dixerint
1135 3574 1171 3604 de
1190 3574 1294 3605 eisdem

245 3626 264 3646 n
301 3623 449 3683 ogss'cnim
468 3662 523 3685 rata
541 3654 706 3684 habebimus
726 3654 759 3685 δε
779 3661 855 3693 grata
868 3663 916 3690 ea,
934 3662 998 3690 quae
1012 3651 1094 3682 vobis
1107 3650 1243 3687 dixerint,
1259 3659 1294 3680 ex

249 3700 326 3729 parte
345 3690 455 3729 nostra,
471 3693 503 3722 &
525 3692 658 3730 fecerint,
674 3692 827 3722 secundum
848 3692 972 3722 formam
992 3689 1086 3728 scripti
1099 3689 1179 3726 super
1190 3688 1294 3719 eisdem

248 3728 417 3760 conficiendi
425 3752 435 3766 ,
452 3731 497 3759 cui
510 3739 611 3760 eorum
624 3730 707 3770 sigilla
719 3730 820 3760 fuerint
831 3730 956 3767 appensa.

283 3803 374 3835 Teste
396 3804 528 3847 Domino
547 3804 736 3847 Cantuariensi
755 3804 992 3845 Archiepiscopo,
1010 3804 1083 3843 apud
1095 3802 1294 3835 Westmonas-

248 3844 350 3875 terium
366 3851 381 3882 3
396 3842 441 3873 die
450 3841 579 3879 Januarii.

100 3920 202 3950 Ibidem.
302 3918 361 3949 EX
384 3917 518 3948 Domino
539 3916 702 3949 Coloniensi
720 3919 942 3958 Archiepiscopo
961 3920 1091 3958 salutem,
1108 3927 1176 3951 cum
1192 3917 1296 3948 sincera

287 3957 491 4025 Μῗῑιῑιίοι-ῗιέξῃὲἆ
508 4003 560 4025 vos
578 3995 765 4026 venerabilem
783 4004 891 4034 patrem
910 3996 963 4027 W.
990 3995 1196 4028 Carleolensem
1214 3993 1296 4032 Epis-

643 99 1445 149 CONVENTIONES‚

1500 99 1888 149 LITER·AE‚

1309 197 1418 224 copum
1433 211 1442 225 ,
1468 188 1501 218 &
1519 186 1633 217 fratrem
1649 187 1685 217 A.
1710 188 1770 218 &e
1789 187 1823 217 ad
1839 186 2013 218 trac'tandum
2029 184 2178 217 vobiscum
2195 185 2232 217 de
2249 188 2370 224 negotiis
2387 185 2465 218 Ann.
2477 187 2519 221 D.

1310 225 1428 263 nosti-is,
1446 225 1516 256 ficut
1534 235 1583 263 per
1599 225 1699 256 litteras
1717 225 1818 257 vestras
1837 224 2022 264 fignificast153
2041 225 2142 264 quibus
2161 223 2263 263 fidem,
2280 226 2343 258 ὅτε.
2410 233 2494 264 1225.

1347 301 1436 332 Teste
1450 301 1533 341 Rege
1546 301 1620 340 apud
1632 301 1922 333 W'estmonasterium
1938 310 1952 341 3
1967 301 2012 332 die
2018 300 2149 341 Januaffi·
2391 268 2453 293 Hm.
2475 275 2503 303 3,
2516 298 2517 303 1

1313 377 1427 435 REX
1441 377 1549 408 Nobili
1563 379 1641 416 viro,
1659 380 1693 410 &
1707 380 1802 410 amico
1815 377 1957 409 karissimo
1971 378 2052 409 Duci
2066 378 2186 409 Austriae
2196 378 2318 410 salutem,
2390 385 2510 416 ,bl-dm.-

1407 416 1483 446 Bene
1496 416 1595 446 recolit
1609 417 1814 457 magnificentia
1827 417 1917 447 vestra
1931 417 2046 455 qualiter
2060 416 2168 447 misistis
2181 417 2215 447 ad
2235 427 2287 447 nos
2298 418 2372 455 jam-

1314 451 1424 484 dudum
1432 455 1569 485 Nuncios
1582 455 1690 486 vestros
1705 466 1758 494 pro
1772 457 1841 485 mari
1888 456 1916 485 io
1931 457 2003 486 inter
2017 455 2125 493 nOS,&
2139 454 2225 485 filiam
2237 455 2372 495 vestram;

1315 499 1430 535 propter
1466 492 1524 523 uod
1538 495 1674 524 mittimus
1686 494 1720 525 ad
1735 505 1786 524 vos
1801 494 1856 524 dile
1886 504 1920 524 os
1933 494 1967 525 &
1992 493 2137 523 farniliaroe
2157 493 2286 533 nostros,
2304 494 2373 525 Ma-

1315 530 1436 574 gistrum
1485 532 1613 562 enricum
1627 532 1835 563 Cancellarium
1849 531 1993 570 London,
2008 533 2041 563 &
2054 531 2235 562 Nicholaum
2246 532 2283 563 de
2299 532 2374 563 Mo-

1315 567 1348 596 lis
1370 568 1512 612 Militem,
1528 569 1562 600 ad
1582 570 1752 603 audiendum
1771 571 1836 601 inde
1877 571 1968 601 lenam
1990 570 2166 601 voluntatem
2179 569 2320 609 vestram,
2337 572 2373 602 δι

1317 607 1513 649 remittendam
1526 618 1590 639 eam
1604 609 1753 640 venerabili
1768 608 1843 639 Patri
1904 632 1910 639 .
1923 608 2096 639 Carleolensi
2111 607 2215 646 Episco
2261 632 2271 646 ,
2283 609 2318 639 &
2331 609 2374 639 di-

1317 643 1396 688 leffis
1415 645 1560 689 fratribuS,
1577 647 1652 677 fratri
1670 647 1706 677 A.
1723 647 1864 687 Magistro
1886 646 2000 677 Militiae
2017 646 2135 685 Templi
2152 647 2181 676 in
2271 645 2321 686 lia,
2341 648 2376 678 &

1318 682 1395 712 fratri
1416 683 1455 713 R.
1474 683 1575 728 Priori,
1586 685 1737 724 Hospitalis
1755 685 1906 723 jerusalem
1927 686 1956 716 in
1970 685 2088 725 Anglia,
2106 694 2178 723 quos
2198 686 2238 715 m'
2250 695 2322 715 imus
2341 685 2377 716 ad

1319 729 1408 789 paritr&
1428 721 1603 753 Alemanmae
1618 747 1628 762 ,
1662 725 1762 762 quibus
1782 724 1888 762 plenius
1911 724 2087 762 exposuimus
2106 723 2172 754 inde
2200 723 2378 755 voluntatem

1318 769 1359 789 no
1385 770 1453 790 ram.

1357 799 1376 818 ²*
1386 797 1486 828 Causas
1498 806 1591 829 autern
1600 809 1730 838 ,propter
1746 810 1811 839 quas
1824 800 1940 832 dilatum
1953 800 2011 831 fuit‘
2020 809 2130 832 certum
2142 799 2302 838 responsum
2314 810 2381 832 nos-
2398 806 2447 839 *1,
2462 810 2525 847 27⁶·

1319 844 1397 905 τωδὶ
1412 837 1490 875 super
1504 838 1562 868 hoc
1575 839 1709 877 negotio,
1728 839 1855 877 praedicti
1874 839 2017 870 Henricus
2035 841 2070 871 &
2094 839 2255 870 Nicholaus
2271 839 2378 878 plenius

1319 885 1359 906 vo
1381 886 1402 905 is
1414 885 1448 906 ex
1488 884 1565 906 nent¹

1316 951 1334 991 J
1357 886 1596 959 Testepssommo
1610 913 1801 946 Cantuan'ensi
1814 915 2036 955 Archiepiscopo
2048 915 2122 954 apud
2137 914 2270 948 London.
2294 925 2310 957 3
2332 915 2379 948 die

1337 962 1446 983 anuarii.

1358 990 1469 1022 Coram
1483 991 1664 1032 Magnatibus
1678 991 1715 1023 de
1728 990 1864 1023 Concilio
1879 991 1985 1023 nostro.

1352 1132 1450 1180 Qod
1465 1135 1531 1166 Rex
1548 1132 1664 1179 Angliae
1675 1130 1840 1179 prudenter
1853 1131 1887 1177 fi
1903 1129 2011 1165 habeat
2028 1144 2100 1179 erga
2108 1132 2180 1178 ficos
2196 1133 2348 1179 Vafflallos.

1324 1225 1396 1286 H
1405 1224 1533 1256 Onorius
1546 1224 1718 1264 Episcopus,
1727 1224 1818 1256 servus
1831 1224 1976 1255 servorum
1988 1223 2063 1263 Dei,
2072 1222 2226 1255 Cariffimo
2237 1226 2268 1255 in
2282 1224 2382 1256 Chris·
2402 1232 2478 1264 Am,⁴
2488 1233 2530 1266 D¹

1416 1273 1448 1295 to
1463 1264 1521 1294 filio
1534 1263 1666 1295 Henrico
1680 1263 1756 1303 Regi
1772 1263 1933 1303 Anglorum
1945 1262 2060 1302 illustri,
2078 1262 2193 1294 salutern
2213 1264 2248 1295 &
2268 1263 2382 1303 aposto·
2428 1282 2483 1303 122
2505 1297 2512 1303 ,

1323 1302 1408 1333 licam
1420 1302 1658 1333 benedictionem.
2400 1315 2452 1340 An,
2466 1282 2500 1347 9?

1361 1340 1526 1372 Gaudemus
1546 1341 1575 1370 in
1597 1341 1732 1372 Domino
1780 1341 1813 1372 &
1836 1341 1861 1370 ei
1883 1339 2008 1371 actiones
2028 1341 2186 1371 exolvimus
2207 1342 2354 1380 gratiarum
2399 1354 2428 1378 H

1324 1379 1420 1424 quod,
1438 1380 1507 1410 licut
1527 1378 1622 1409 dilecti
1643 1379 1690 1409 filii
1712 1365 1850 1423 Magister
1871 1378 2027 1422 Stephanus
2045 1378 2082 1410 de
2103 1378 2205 1418 Lucis,
2223 1381 2257 1411 &
2278 1366 2381 1411 nobilis
2398 1372 2439 1416 Es
2456 1359 2530 1427 grsg,
2559 1401 2563 1405 -

1323 1428 1367 1448 vrr
1388 1417 1427 1448 G.
1446 1417 1482 1448 de
1502 1416 1678 1448 Crancumb.
1696 1425 1786 1447 nuntii
1807 1425 1863 1454 tui,
1891 1418 1943 1447 viri
1964 1418 2059 1455 utique
2081 1417 2193 1457 providi
2216 1419 2250 1449 ὃς
2269 1418 2380 1458 fideles,

1323 1457 1405 1487 nobis
1427 1457 1461 1487 ὃ(
1479 1456 1607 1487 fratribus
1630 1455 1732 1486 nostris
1752 1465 1827 1486 voce
1839 1454 1965 1485 consona
1980 1456 2148 1494 retulerunt,
2166 1465 2195 1487 te
2207 1457 2236 1486 in
2247 1458 2381 1488 omnibus

1324 1494 1495 1525 laudabiliter
1527 1495 1578 1524 eris
1586 1519 1596 1533 ,
1614 1495 1651 1525 ita
1663 1502 1694 1524 ut
1709 1494 1762 1524 flos
1774 1493 1967 1524 adolescentiae
1978 1501 2034 1524 tuae
2048 1503 2140 1533 gratos
2152 1495 2186 1525 &
2198 1494 2381 1533 acceptabiles

1323 1533 1429 1577 fructus
1443 1503 1630 1577 induffiitanter
1644 1533 1809 1571 promittere
1819 1531 1963 1570 videatur,
1982 1531 2061 1569 super
2076 1542 2135 1570 quo
2148 1540 2227 1563 tanto
2247 1543 2295 1563 am
2316 1534 2380 1565 liori

1323 1572 1461 1602 alacritate
1482 1571 1693 1610 perfundimur,
1712 1579 1818 1609 quanto
1838 1570 1986 1608 personam
2006 1578 2084 1601 tuam
2106 1570 2139 1602 &
2160 1579 2278 1610 regnum

1323 1612 1402 1641 rioris
1418 1611 1535 1641 caritatis
1547 1610 1665 1641 brachiis
1677 1609 1876 1647 amplexamur.

1364 1649 1442 1694 Qia
1455 1651 1526 1694 vero
1535 1672 1545 1688 ,
1563 1649 1632 1680 sicut
1643 1649 1725 1681 facies
1737 1649 1775 1681 ita
1788 1649 1821 1681 &
1836 1648 1922 1680 animi
1934 1647 2087 1681 hominurn
2102 1647 2164 1681 sunt
2182 1647 2301 1688 diversi,
2313 1650 2378 1689 jux-

1322 1696 1349 1718 ta
1363 1687 1431 1718 illud
1443 1687 1613 1727 Poeticum,

1362 1764 1444 1796 Mille
1455 1765 1692 1806 hominumspeci‘es
1700 1791 1710 1806 ,
1727 1764 1766 1802 ά
1780 1777 1870 1798 rerum
1883 1765 1993 1807 discolor
2007 1766 2087 1807 uficr,

1360 1804 1430 1835 Velle
1437 1803 1518 1844 fixum
1531 1809 1620 1845 cuique
1634 1805 1686 1846 est,
1706 1817 1752 1836 nee
1764 1812 1829 1836 voto
1842 1809 1955 1836 vivitur
1965 1816 2024 1836 uno.

2333 1582 2380 1604 CO-

1323 1882 1443 1921 Expedit
1457 1891 1505 1921 ut,
1523 1882 1591 1914 sicut
1607 1882 1801 1914 universorum
1816 1883 1970 1914 hominum
1985 1881 2066 1921 ipfius
2081 1882 2159 1922 regni
2173 1882 2335 1913 communis
2349 1892 2380 1914 es

1323 1921 1486 1960 Dominus,
1503 1923 1540 1952 ita
1554 1931 1667 1952 morem
1682 1931 1780 1959 gerere
1794 1921 1902 1953 studeas
1925 1923 2118 1953 communiter
2138 1921 2284 1961 umversiS,
2302 1921 2380 1952 exhi-

1322 1960 1417 1990 bendo
1437 1969 1465 1991 te
1484 1959 1593 2000 singulis
1609 1960 1794 1991 favorabilem
1813 1962 1848 1992 &
1869 1961 2043 2000 benignum,
2061 1960 2095 1991 &
2116 1959 2136 1990 fi
2158 1959 2270 1998 quando
2279 1959 2381 1991 incidit

1322 1998 1512 2030 controversia
1527 2001 1599 2030 inter
1611 2009 1659 2029 eos
1668 2022 1677 2037 ,
1694 2007 1779 2036 prout
1792 1999 1822 2028 in
1834 1999 1909 2030 tanta
1924 1998 2104 2030 multitudine
2117 1998 2244 2029 accidere
2263 1998 2381 2030 consue-

1323 2039 1380 2076 vit,
1399 2047 1459 2068 non
1474 2036 1612 2068 declinare
1626 2039 1656 2067 in
1670 2046 1778 2075 partem
1790 2038 1969 2076 alterutram,
1985 2036 2031 2067 sed
2044 2046 2192 2074 utramque
2213 2038 2270 2074 pari
2291 2035 2379 2067 affec-

1323 2084 1370 2114 tu,
1387 2077 1445 2114 pari
1463 2075 1619 2116 diligentia,
1638 2077 1695 2114 pari
1715 2075 1807 2106 studio
1830 2077 1987 2113 corrigere,
2006 2085 2121 2112 regere,
2139 2075 2309 2113 gubernare:
2337 2074 2378 2106 Ita

1322 2123 1355 2145 ut
1371 2124 1471 2145 eorum
1494 2115 1627 2153 quilibet,
1644 2116 1673 2144 in
1691 2123 1719 2144 te
1743 2114 1939 2144 rectitudinem
1960 2114 2043 2153 regiae
2057 2113 2195 2151 dignitatis
2209 2112 2380 2152 agnoscens,

1322 2163 1382 2183 non
1396 2161 1502 2184 metuat
1516 2154 1548 2182 in
1563 2153 1622 2183 sinu
1636 2161 1688 2183 tuo
1743 2162 1808 2182 nere
1821 2152 1930 2183 causam
1946 2151 2040 2189 suam3
2059 2151 2105 2181 secl
2119 2151 2154 2181 de
2167 2159 2211 2189 te,
2224 2151 2295 2182 sicut
2310 2151 2379 2182 fide-

1322 2192 1353 2222 lis
1366 2191 1491 2223 vassallus
1503 2190 1539 2221 de
1549 2191 1677 2229 benigno
1690 2161 1842 2230 iggmino,
1860 2191 1894 2222 ὃ(
1908 2190 1977 2221 sicut
1990 2189 2102 2220 humilis
2116 2189 2187 2220 filius
2208 2188 2243 2220 de
2263 2191 2312 2228 pio
2331 2200 2380 2228 pa-

1474 2229 1507 2259 da
1521 2253 1527 2259 .

1322 2238 1364 2262 tre
1397 2229 1473 2261 confi
1508 2237 1519 2260 t
1565 2277 1609 2299 tur
1629 2276 1684 2299 tuae
1705 2267 1852 2298 serenitatis
1865 2266 2044 2305 industriam,
2064 2268 2190 2311 quatinus
2202 2266 2264 2297 haec
2279 2266 2380 2298 scribas

1495 2279 1507 2298 s
1527 2279 1536 2298 i

1321 2255 1582 2338 inssggffiucorffiis
1604 2307 1662 2345 tui,
1680 2307 1732 2345 δε,
1750 2316 1888 2344 reponens
1908 2307 1937 2335 in
1957 2315 2013 2336 tuae
2026 2314 2126 2335 mentis
2138 2315 2254 2344 arcana,
2271 2304 2379 2343 produ-

1322 2355 1385 2385 σεε,
1404 2355 1471 2377 cum
1485 2356 1556 2383 opus
1569 2345 1664 2382 fuerit,
1682 2346 1711 2374 in
1723 2344 1879 2383 effeeium,
1897 2354 1956 2375 non
1971 2343 2138 2375 declinando
2151 2345 2180 2374 in
2199 2352 2307 2381 partem
2330 2343 2379 2374 ali-

1343 2394 1424 2423 uam;
1442 2383 1488 2414 sed
1499 2393 1546 2423 te,
1564 2383 1634 2414 sicut
1648 2383 1760 2423 Regem
1776 2383 1872 2421 decet,
1891 2391 2081 2413 communem
2095 2382 2228 2413 omnibus
2242 2382 2379 2412 exhiben-

1322 2395 1419 2461 do,&
1430 2431 1489 2453 tuas
1502 2424 1586 2453 etiam
1600 2420 1798 2453 dissimulando
1811 2421 2014 2461 injurias,cum
2029 2419 2160 2459 expedire
2171 2420 2312 2452 videbitur
2323 2430 2381 2459 pro

1323 2461 1451 2492 scandalo
1465 2460 1605 2492 evitando.

1360 2499 1433 2531 Illud
1447 2508 1540 2530 autem
1551 2501 1720 2531 nominatim
1735 2508 1791 2530 tuae
1803 2499 1973 2539 suggerimus
1986 2497 2151 2530 Celsitudini
2164 2498 2197 2530 ὃ(
2210 2494 2384 2529 consulimus

1323 2539 1400 2569 boni
1414 2537 1469 2569 fide
1503 2548 1534 2570 ut
1548 2548 1617 2570 cum
1632 2538 1659 2569 V
1661 2538 1756 2568 assallis
1770 2539 1821 2569 tuis
1837 2548 1897 2568 non
1909 2547 1996 2578 ponas
2008 2538 2065 2568 hoc
2081 2546 2211 2576 tempore
2225 2537 2384 2576 rationem,

1323 2587 1377 2608 nec
1398 2587 1447 2609 eos
1467 2562 1546 2616 super
1566 2576 1740 2608 restitutione
1756 2586 1873 2608 tuorum
1887 2575 2046 2607 reddituum
2058 2574 2240 2615 scandalizes3
2258 2573 2304 2605 sed
2317 2575 2382 2606 haec

1323 2617 1357 2647 &
1374 2615 1441 2654 alia,
1458 2626 1522 2656 quae
1539 2615 1654 2654 poffunt
1667 2615 1825 2646 scandalum
1854 2624 1984 2652 enerare,
2002 2613 2152 2652 prudenter
2163 2615 2314 2652 intempus
2326 2612 2382 2643 dif-

1325 2655 1395 2685 feras
1412 2664 1588 2691 oportunum
1605 2664 1612 2683 :
1649 2653 1745 2683 Sciens
1762 2663 1821 2691 quo
1856 2652 1963 2690 praefati
1980 2653 2072 2683 nuntii
2090 2653 2130 2684 tui
2144 2675 2154 2690 ,
2189 2662 2261 2691 quos
2278 2652 2329 2682 tibi
2346 2651 2384 2682 de

1325 2692 1414 2723 multa
1431 2692 1560 2724 fidelitate
1577 2702 1609 2723 ac
1626 2691 1812 2722 sollicitudine
1828 2689 1970 2721 reddimus
1984 2689 2218 2729 commendatos,
2235 2690 2318 2721 nobis
2331 2700 2383 2728 pe-

1325 2732 1437 2762 titiones
1455 2739 1513 2762 tuas
1526 2755 1537 2769 ,
1559 2729 1639 2768 super
1656 2729 1775 2760 articulis
1791 2729 1950 2767 praenotatis
1968 2729 2001 2759 &
2020 2728 2094 2766 aliis,
2119 2736 2318 2766 porrexerunt,
2347 2728 2382 2759 &

1325 2769 1359 2799 ad
1392 2771 1587 2799 romotionem
1600 2768 1707 2798 illarum
1722 2767 1918 2798 laboraverunt
1931 2766 2047 2797 sollicite
2060 2776 2094 2797 ac
2104 2765 2246 2796 instanter.

1391 2817 1408 2838 x
1422 2808 1521 2846 quibus
1536 2806 1667 2845 quasdam
1679 2805 1853 2844 admisimus,
1872 2804 2002 2844 quasdam
2021 2806 2092 2835 vero
2126 2804 2163 2834 de
2182 2803 2299 2835 fratrum
2314 2802 2382 2834 nos-⁴

1326 2855 1436 2877 trorum
1456 2845 1589 2884 consilio,
1605 2844 1640 2875 ad
1658 2843 1775 2882 praesens
1795 2843 1924 2875 duximus
1942 2828 2157 2880 suspendendas,
2177 2843 2241 2880 quia
2258 2842 2296 2873 fic
2309 2841 2383 2873 vidi-

1327 2894 1390 2915 mus
1404 2883 1551 2923 expedire3
1569 2884 1626 2914 illas
1639 2883 1672 2914 ὃς
1683 2882 1761 2921 alias,
1780 2892 1846 2921 quas
1862 2882 1944 2912 nobis
1957 2881 2067 2912 duxeris
2108 2880 2284 2920 orrigendas,
2301 2889 2384 2911 exau-

1325 2922 1408 2954 dituri
1430 2932 1560 2960 tempore
1577 2930 1737 2960 oportuno:
1763 2919 1844 2951 Cum
1864 2929 1907 2958 te,
1931 2929 2063 2958 tanquam
2111 2918 2218 2950 cclesiae
2235 2919 2382 2950 Romanae

1325 2960 1548 2999 specialissimum
1563 2960 1670 2999 filium,
1686 2958 1846 2997 pleniffimo
1858 2958 2003 2998 diligamus
2015 2957 2139 2997 affectu,
2157 2958 2191 2989 δε
2211 2957 2382 2996 tranquilita-

1327 3008 1387 3031 tem
1401 3009 1478 3030 tuam
1491 3000 1524 3031 &
1537 2998 1635 3039 Regni
1645 2999 1703 3037 tui,
1721 2999 1793 3028 intus
1806 2998 1840 3029 ὃς
1854 3005 1945 3035 extra,
1963 2997 2095 3027 haetenus
2108 2996 2225 3028 sollicite
2248 3005 2383 3035 procura-

1327 3040 1466 3075 verimus,
1485 3038 1569 3068 etiam
1581 3047 1642 3068 non
1654 3037 1760 3076 rogati3
1779 3035 1812 3066 &
1828 3045 1977 3073 procurare
1991 3034 2168 3073 disponamus
2179 3034 2302 3074 vigilanti
2324 3032 2384 3064 stu·-

1326 3075 1376 3107 dio
1388 3078 1418 3106 in
1433 3076 1579 3114 futurum3
1597 3076 1706 3114 tibique
1717 3085 1732 3104 a
1773 3073 1878 3104 stolicae
1891 3073 1958 3104 sedis
1972 3072 2102 3104 favorem
2115 3074 2149 3105 &
2164 3074 2299 3113 gratiam,
2311 3081 2385 3104 con-

1328 3115 1419 3146 silium
1432 3115 1466 3146 &
1479 3114 1629 3152 auxilium,
1647 3115 1676 3144 in
1690 3114 1734 3151 qu'
1759 3111 1901 3151 uscunque
1913 3111 2054 3151 decuerit,
2073 3111 2213 3143 exhibere.
2332 3115 2339 3123 “

1366 3190 1435 3222 Dat.
1453 3190 1583 3222 Lateran.
1604 3201 1619 3219 2
1632 3189 1675 3221 Id.
1696 3188 1812 3228 Martii,
1830 3188 1961 3222 Pontific.
1977 3188 2067 3220 nostri
2079 3198 2155 3220 anno
2165 3188 2282 3221 ot‘hvo.

1659 3266 1748 3305 Sigillo
1757 3265 1878 3306 plumbeo
1887 3267 2021 3306 pendente
2035 3278 2053 3297 a
2062 3265 2116 3309 filo
2131 3265 2254 3298 canabeo.

1363 3407 1391 3434 ἓ*
1417 3407 1567 3443 Ricardus
1579 3408 1684 3454 frater
1699 3411 1787 3456 Regis
1804 3411 1835 3441 in
1847 3407 2026 3454 fhccurfhm
2043 3406 2186 3453 Vafioniae
2200 3405 2346 3438 mittitur.
2388 3420 2419 3447 ,⁰
2438 3421 2537 3457 1‚277.

1330 3494 1453 3557 REX
1466 3494 1616 3532 omnibus,
1634 3494 1694 3525 &c.
1712 3494 1746 3526 &
1760 3493 1886 3525 fidelibus
1900 3493 1952 3526 suis
1967 3494 2004 3525 de
2025 3492 2146 3532 partibus
2167 3489 2333 3529 Vaseoniae,
2349 3487 2384 3520 ad
2403 3494 2480 3526 Ann.
2491 3495 2533 3526 D.

1413 3543 1483 3572 quos
1496 3532 1643 3570 praesentes
1654 3533 1750 3564 litterae
1764 3533 1942 3570 pervenerint
1974 3531 2098 3563 salutem.
2364 3564 2370 3571 ,
2429 3541 2513 3573 1225.

1369 3571 1513 3602 Mittimus
1531 3571 1612 3601 vobis
1630 3572 1659 3600 in
1677 3571 1834 3602 succursum
1853 3570 1940 3602 Ricar
1960 3579 2010 3601 um
2061 3568 2177 3599 fratrem
2194 3566 2325 3598 nostrum
2341 3563 2386 3594 di·
2401 3575 2455 3602 An.
2471 3583 2500 3608 9.

1330 3608 1513 3653 lectissimum
1530 3632 1540 3646 ‚
1566 3618 1634 3639 curn
1652 3608 1759 3640 dilectis
1777 3610 1810 3641 δε
1829 3609 1954 3640 fidelibus
1971 3591 2072 3638 nossa-is
2088 3606 2250 3637 Willielmo
2266 3603 2384 3647 Comite
2401 3615 2437 3639 H.
2456 3621 2482 3648 3,

1331 3647 1510 3678 Sarresberiae
1527 3647 1670 3678 avunculo
1687 3647 1802 3686 nostro,
1829 3648 1862 3680 &
1879 3646 2010 3684 Philippo
2027 3644 2063 3675 de
2080 3644 2247 3681 Albinam,
2271 3642 2306 3673 &
2326 3641 2384 3671 alus
2401 3652 2459 3676 Par.
2472 3658 2501 3684 9.

1332 3685 1368 3715 de
1393 3685 1519 3716 fidelibus
1536 3685 1638 3716 nostris
1652 3710 1661 3724 ,
1691 3685 1725 3716 ad
1742 3686 1932 3717 defensionem
1949 3682 2071 3715 vestram
2086 3684 2121 3715 &
2137 3682 2258 3721 partium
2275 3678 2384 3710 nostra-
2400 3691 2435 3715 H.
2453 3695 2480 3725 3.
2496 3695 2533 3716 m.

1332 3733 1404 3755 rum.
2211 3757 2218 3763 ,
2401 3733 2432 3762 4.

1369 3761 1406 3792 Et
1425 3761 1491 3792 ideo
1511 3762 1592 3792 vobis
1614 3761 1778 3794 mandamus
1799 3761 1877 3801 quod
1898 3759 1989 3791 eidem
2009 3760 2086 3791 fratri
2098 3756 2197 3788 nostro
2209 3754 2387 3787 intendentes

1333 3800 1402 3838 sitiS,
1420 3801 1454 3831 ὃ(
1474 3810 1528 3838 pro
1546 3810 1582 3830 eo
1602 3800 1751 3839 facientes,
1768 3809 1902 3839 tanquam
1914 3809 1967 3837 pro
1981 3806 2103 3836 corpore
2114 3794 2234 3832 nostro,
2252 3794 2272 3824 si
2285 3794 2384 3825 vobis-

1333 3848 1402 3869 cum
1416 3839 1562 3876 praesentes
1573 3838 1700 3868 essemus.
2052 3844 2066 3856 ³

1370 3876 1406 3907 In
1427 3878 1506 3915 cujus
1525 3878 1564 3907 rei
1583 3877 1778 3909 testimonium
1797 3877 1844 3907 has
1857 3876 1958 3908 litteras
1971 3872 2078 3905 nostras
2091 3878 2214 3912 patentes
2233 3870 2293 3902 fieri
2315 3869 2386 3901 feci-

1333 3924 1404 3946 mus.

1370 3991 1461 4023 Teste
1471 3990 1554 4032 Rege
1565 3991 1639 4030 apud
1652 3991 1756 4025 suwic.
1775 3989 1911 4023 vicefimo
1924 3988 2007 4020 tertio
2019 3986 2064 4017 die
2077 3985 2184 4018 Martii.
2325 4022 2389 4053 ΕΟ.
