2560 4261
656 219 770 261 ET
854 216 1123 260 ACTA

0 324 20 345 i.
36 311 75 345 D.
93 307 252 348 honorans,
266 309 301 340 ad
322 306 544 340 exhortationem
564 304 688 337 nostram
712 307 746 336 &
765 307 821 343 ejus
840 304 910 334 infra
925 305 1046 335 duorum
1060 310 1140 333 men-

4 354 50 392 98.

0 2028 75 2052 ,102.

0 3440 27 3462 n.
42 3431 85 3463 D.

0 3471 55 3508 [98.

12 3518 54 3538 10.

2 4014 9 4024 .
24 4004 88 4034 ¹03·

93 348 162 379 sium
180 348 197 377 s
210 350 295 379 atium
308 348 372 388 post
387 347 578 385 receptionem
591 344 767 389 praesentium
781 345 814 374 ὅ(
828 344 1086 373 commonitionem
1101 342 1143 384 ip-

93 387 145 417 sius
157 358 262 417 fagtam
276 388 383 425 utrique
394 384 517 415 vestrum
525 405 535 421 ,
549 393 615 422 qma
625 382 670 413 hic
682 382 723 412 est
737 381 919 412 neceffarium
932 381 1038 418 populo
1045 379 1143 409 Chus-

92 426 175 455 tiono
190 434 221 456 ut
235 424 263 455 id
274 425 330 454 fine
342 423 477 453 dilationis
491 420 614 460 diffugio
625 428 792 458 maturetur,
812 428 880 449 cum
894 419 951 449 sine
964 426 1014 449 tuo
1028 418 1060 448 &
1075 416 1143 459 fide-

92 463 161 493 lium
183 471 295 494 tuorum
315 471 348 491 ac
369 461 424 490 sine
436 460 515 489 dieto
528 458 609 499 Rege
622 469 655 489 ac
668 458 791 488 fidelium
803 459 859 495 ejus
870 457 1004 495 subsidio,
1042 455 1099 485 uod
1114 463 1142 484 in

92 501 214 541 sequenti
235 499 343 529 Martio
363 498 555 539 proposuimus
568 498 601 528 ad
618 505 705 534 partes
717 497 771 526 illas
781 495 864 525 dante
877 495 1011 525 Domino
1044 493 1144 523 estina-

93 549 138 578 re,
156 541 203 570 vix
222 547 300 568 terrae
318 538 348 566 in
368 547 421 575 qua
461 537 523 566 edes
542 534 648 565 Christi
667 534 816 572 steterunt,
832 535 865 564 &
888 535 937 564 ubi
958 532 1038 563 Deus
1051 531 1142 561 noster

93 587 158 608 ante
172 576 276 614 secula,
294 575 418 605 nostram
453 576 556 614 ignatus
568 574 609 604 est
625 574 730 613 operari
744 572 873 610 salutem,
940 572 1001 602 terit
1016 570 1144 612 subveni-

92 617 130 653 n',
148 616 258 654 plenam
270 623 370 653 pacem
384 613 429 644 vel
445 622 549 652 treugas
561 613 656 651 longas
667 611 760 641 saltem
774 610 857 649 usque
871 621 887 640 a
919 610 1144 647 quinquennium

93 653 168 683 ineas
187 654 220 684 &
239 651 383 689 observes,
401 652 438 682 ita
461 650 536 691 quod
549 651 662 681 interim
676 650 783 680 nullum
797 648 918 678 alterutri
932 649 1006 677 circa
1020 647 1145 686 proprie-

93 699 178 721 tatem
200 690 246 720 vel
264 690 461 728 possessionem
481 699 580 719 eorum
600 698 665 728 quae
678 698 693 718 a
707 688 813 726 reliquo
825 687 999 723 detinentur,
1019 685 1146 723 praejudi-

93 730 172 759 cium
184 737 335 769 generetur.
366 728 515 768 Alioquin,
532 736 780 765 quantumcunque
792 726 873 755 nobis
887 724 1037 754 molestum
1051 723 1146 753 existat

94 768 286 798 celsitudinem
306 768 411 806 regiam
430 767 458 796 in
476 766 568 805 aliquo
588 764 735 795 molestare
748 787 757 802 ,
781 765 843 803 quia
863 771 957 793 tamen
976 761 1075 792 Deum
1095 761 1147 791 tibi

93 808 276 850 proponimus
290 829 300 844 ,
320 806 354 836 ὃς
374 814 560 835 communem
578 803 726 834 utilitatem
745 803 798 833 tuis
815 801 947 832 debemus
967 799 1146 836 commodis,

96 854 190 875 immo
209 844 300 883 potius
322 843 510 873 incommodis
531 842 681 880 anteferre,
697 841 746 871 nisi
760 840 793 871 ad
808 840 1066 870 commonitionem
1079 838 1147 876 ejus-

94 883 162 912 dem
186 883 284 922 Legati
303 882 465 912 mandatum
488 880 688 920 Apostolicum
701 880 770 910 infra
783 878 915 916 scripturn
927 877 1081 908 terminum
1095 876 1147 905 hu-

96 921 198 952 militer
217 922 349 958 receperis
367 921 401 951 &
421 919 591 957 impleveris,
609 928 642 949 ex
663 927 730 949 tunc
745 917 780 948 de
793 917 942 947 communi
956 916 1072 958 fratrum
1083 923 1149 943 nos-

92 968 201 990 trorum
228 959 344 990 consilio
364 967 454 988 totam
480 966 580 988 terram
600 965 677 987 tuam
703 957 839 994 subjacere
865 955 1043 996 decernimus
1065 960 1149 981 inter—

93 998 189 1036 dicto,
207 998 243 1028 ita
263 996 339 1035 quod
358 1004 457 1035 praeter
476 996 609 1034 baptisma
631 996 827 1035 parvulorum,
850 994 883 1024 δε
903 993 1073 1031 paenitentias
1086 998 1150 1019 mo-

94 1037 242 1074 rientium,
259 1034 367 1065 nullum
380 1036 410 1064 in
424 1044 455 1064 ea
468 1035 597 1065 divinum
611 1034 741 1064 officium
753 1033 915 1064 celebretur.

131 1074 221 1112 Qiod
243 1073 263 1103 fi
285 1083 339 1103 nec
359 1083 407 1111 per
431 1072 503 1103 hanc
523 1072 726 1103 distriffionem
747 1071 904 1111 impleveris
937 1066 1014 1107 quod
1035 1064 1150 1110 manda-

94 1123 171 1150 mus,
189 1120 216 1142 te
236 1112 342 1152 ipsum,
360 1111 478 1141 fautores
499 1111 533 1143 ὃς
545 1111 712 1141 consiliarios
727 1110 888 1151 principales
911 1104 1097 1151 scelesta-stica
1108 1103 1150 1133 se-

94 1152 208 1182 veritate
228 1151 340 1180 noveris
361 1149 543 1180 coercendos.
561 1149 681 1188 Idipsum
701 1149 736 1179 de
754 1156 822 1178 terra
842 1147 930 1184 Regis
944 1143 1072 1188 Angliae,
1090 1142 1148 1186 ipso

94 1191 193 1226 etiam,
212 1189 365 1219 fautoribus
378 1188 446 1227 suiS,
465 1189 625 1219 consiliariis
638 1188 824 1218 decernentes.
845 1181 1054 1214 Venerabilibus
1066 1188 1150 1224 etiarn

94 1228 221 1258 fratribus
235 1227 334 1257 nostris
347 1226 569 1270 Archiepiscopis
602 1225 746 1266 Episcopis
785 1224 818 1254 &
834 1221 940 1265 dileffls
954 1220 1012 1250 filiis
1029 1218 1150 1262 Abbati-

93 1267 160 1305 bus,
179 1265 337 1303 PrioribuS,
353 1266 387 1296 &
409 1265 540 1295 universis
580 1264 741 1294 eclesiarum
752 1246 875 1291 l'raelatis
888 1259 1025 1303 utriusque
1038 1257 1152 1303 Regni,

94 1303 144 1335 sub
182 1314 247 1334 oena
268 1303 374 1334 ordinis
395 1304 429 1334 ὃς
452 1302 543 1333 officii
561 1301 599 1331 sui
622 1300 802 1338 mandamus,
819 1300 895 1330 &in
911 1305 1014 1328 Virtute
1035 1296 1152 1335 Spiritus

93 1343 149 1373 San
169 1344 190 1373 ti
202 1344 393 1382 praecipimus,
427 1349 458 1370 ut
469 1340 609 1370 interdicti
620 1339 783 1369 sententiam
796 1336 951 1367 secundum
965 1334 1152 1375 praescriptam

96 1381 220 1411 formam
234 1380 427 1410 inviolabiliter
439 1377 566 1407 studeant
578 1376 742 1415 observare,
767 1376 800 1406 &
815 1376 918 1405 facient
929 1374 965 1404 ab
978 1374 1035 1404 aliis
1046 1373 1154 1402 irrefra-

116 1420 220 1450 abiliter
234 1418 379 1448 observari.
411 1415 493 1445 Idem
506 1416 591 1445 etiam
605 1415 730 1445 fratribus
745 1414 860 1444 Militiae
873 1412 991 1450 Templi
1003 1422 1035 1443 ac
1048 1411 1154 1441 Hiero-

108 1458 256 1495 olymitani
273 1453 420 1492 Hospitalis
440 1453 490 1483 sub
507 1453 718 1494 privilegiorum
737 1453 771 1484 &
793 1452 1027 1491 indulgentiarum
1044 1450 1154 1481 suarum

95 1506 181 1536 poena
196 1494 375 1531 mandamus,
394 1491 535 1522 credentes
548 1501 582 1522 ex
594 1491 652 1522 hoc
668 1501 727 1522 non
741 1491 877 1522 voluntati
896 1499 954 1521 tuae
968 1489 1013 1520 sed
1026 1490 1153 1527 utilitati,

93 1544 154 1565 non
166 1533 278 1564 affectui
291 1531 336 1562 sed
371 1529 505 1568 rofeetui,
522 1541 582 1561 non
594 1531 675 1560 oneri
688 1530 733 1560 sed
747 1530 851 1560 honori
863 1528 1025 1567 consulere,
1043 1529 1151 1566 totique

95 1571 258 1602 Christiano
278 1580 354 1610 popu
365 1579 385 1599 0
404 1568 560 1609 providere.
596 1569 748 1599 Statuimus
766 1570 850 1598 etiarn
868 1576 899 1598 ut
916 1567 935 1597 si
952 1568 1011 1607 quis
1030 1567 1153 1597 omnino

95 1610 222 1640 Clericus
235 1631 245 1647 ‚
272 1608 402 1646 cujuscun
424 1617 458 1638 ue
479 1607 654 1647 profeffionis
673 1607 718 1638 vel
734 1607 839 1637 ordinis
853 1629 863 1644 ,
903 1605 948 1636 ost
970 1605 1151 1636 interdictum

94 1649 222 1679 nostrum
240 1646 370 1677 divinum
392 1646 412 1676 ti
434 1647 443 1676 i
457 1646 574 1684 praesum
595 1646 656 1677 serit
668 1644 798 1676 officium
812 1646 880 1675 min'
910 1655 983 1682 rare,
1001 1643 1104 1674 ordinis
1116 1645 1150 1674 &

95 1686 223 1717 beneficii
242 1685 281 1715 sui
302 1685 328 1715 se
347 1685 460 1715 noverit
498 1686 574 1715 ericu
586 1694 634 1714 urn
655 1683 805 1714 incurrisse.
845 1683 978 1714 Attendas
997 1683 1095 1722 igitur,
1114 1682 1152 1712 fili

95 1725 246 1762 cariffime,
265 1723 394 1754 nostrum
414 1722 448 1752 ὃ(
499 1722 571 1761 post.
587 1722 665 1753 Sedis
684 1731 741 1753 tuae
761 1721 862 1752 Matris
874 1721 1026 1760 affedfflm,
1045 1720 1154 1752 causam

96 1763 250 1794 coaffionis
262 1761 398 1802 inspicias,
416 1760 451 1790 &
463 1762 613 1791 communi
630 1761 738 1791 utilitati
757 1760 941 1800 prospiciens,
960 1760 1050 1790 motui
1066 1761 1154 1790 carnis

96 1803 198 1833 animae
231 1809 346 1839 raepone
360 1800 491 1838 salutem,
518 1800 552 1831 δε
566 1799 726 1829 sensualitati
738 1799 804 1829 feras
816 1800 971 1837 rationem,
986 1808 1046 1829 non
1061 1798 1155 1837 Apos-

99 1840 194 1871 tolicae
234 1838 279 1869 edi
300 1839 373 1878 regia
394 1837 530 1875 potestate
547 1837 686 1876 resistens,
701 1837 746 1868 sed
760 1837 913 1867 humilitate
927 1837 1051 1867 deferens
1066 1837 1153 1875 filiali,

96 1888 161 1919 quae
174 1879 205 1908 in
216 1877 274 1907 hoc
289 1878 373 1907 etiam
387 1875 499 1907 salutem
513 1884 590 1908 tuam
605 1884 737 1918 procurat
749 1876 846 1916 pariter
859 1876 892 1907 &
908 1876 1057 1906 honorem.

96 2011 125 2038 ’ΚΞ
141 2013 326 2045 Innocentius
344 2022 373 2056 3.
398 2012 482 2056 Papa
500 2009 591 2044 nobili
610 2013 677 2043 viro
686 2009 752 2055 filio
773 2012 857 2044 Duci
873 2006 1155 2055 Austriae5imperat

142 2070 178 2093 ut
191 2063 352 2107 pecuniam
369 2056 508 2093 ablatam
524 2069 580 2107 per
593 2068 715 2105 patrem
734 2061 807 2105 Regi
824 2058 940 2104 Angliae
960 2055 1107 2100 restituat.

98 2148 165 2212 IN
179 2159 215 2180 eo
229 2149 322 2181 sumus
334 2149 436 2181 officio
446 2145 612 2189 disponente
625 2147 758 2180 Domino
771 2146 971 2186 constituti,ut
984 2147 1155 2189 singulorum

146 2188 180 2220 &
199 2189 331 2219 omnium
351 2189 428 2219 saluti
449 2188 591 2218 consulere
609 2189 774 2226 debeamus,
790 2187 823 2218 &
837 2186 967 2219 universis
980 2188 1153 2229 petentibus,

100 2226 157 2257 tam
171 2227 320 2267 majoribus
332 2228 419 2265 quam
431 2227 602 2264 minoribus,
619 2229 649 2258 in
661 2228 825 2257 executione
837 2225 946 2265 justitiae
958 2227 1115 2264 providere.

134 2265 208 2296 Sane
226 2275 313 2304 quam
367 2275 431 2296 aves
450 2265 559 2307 injurias
580 2266 614 2296 &
633 2265 747 2304 jaeturas
768 2265 910 2295 cariffimo
922 2265 952 2294 in
966 2264 1082 2296 Christo
1095 2264 1153 2296 filio

97 2303 198 2335 nostro
217 2303 257 2334 R.
275 2304 304 2334 ill
365 2305 371 2310 ’
391 2304 467 2343 Regi
489 2304 665 2344 Anglorum,
685 2314 700 2334 a
722 2305 812 2335 crucis
829 2303 964 2343 obsequio
982 2304 1129 2336 revertenti
1144 2327 1154 2342 ,

95 2341 166 2373 Dux
183 2342 305 2374 Austriae
326 2342 409 2374 Pater
430 2351 492 2374 tuus
509 2342 648 2382 intulerit,
664 2342 775 2373 nullum
790 2341 944 2373 Christiani
956 2344 1078 2374 nominis
1089 2352 1155 2382 pro-

95 2380 227 2412 sefforem
247 2381 385 2413 credimus
397 2383 533 2422 ignorare.
566 2381 645 2421 Qiae
661 2391 702 2411 res
717 2389 796 2412 tanto
811 2380 976 2419 profundius
988 2381 1152 2413 Romanam

93 2421 182 2459 tangit
193 2419 366 2460 Ecclesiam,
380 2428 485 2460 quanto
497 2421 605 2459 injuriae
620 2419 696 2460 Regi
710 2419 804 2450 eidem
817 2420 899 2450 illatae
913 2421 943 2450 in
958 2421 1014 2459 ejus
1025 2421 1153 2460 injuriam

94 2458 131 2488 &
151 2460 337 2498 ignominiam
356 2459 508 2489 noscuntur
526 2459 635 2498 gravius
653 2458 823 2497 redundare,
840 2468 909 2489 curn
923 2459 972 2498 ipsi
987 2459 1063 2499 Regi
1077 2469 1152 2490 non-

93 2495 164 2526 dum
180 2496 264 2527 fuerit
273 2497 438 2528 satisfactum
446 2497 528 2536 ,licet
541 2506 601 2527 non
621 2496 765 2528 credamus
778 2507 793 2526 a
805 2505 853 2527 tua
867 2498 1006 2528 memoria
1019 2497 1152 2529 excidisse

96 2534 176 2572 quod
195 2535 300 2572 (divina
312 2537 397 2575 gratia
410 2535 566 2576 inspirante)
585 2535 731 2575 praedictus
746 2542 821 2572 pater
835 2544 898 2566 tuus
911 2535 990 2566 suum
1003 2546 1157 2577 recognos-

95 2582 164 2602 cens
183 2574 341 2613 excessum,
358 2574 477 2605 ablatam
497 2576 648 2613 pecuniam
667 2574 717 2611 ipsi
729 2572 805 2613 Regi
817 2584 877 2604 non
889 2574 980 2604 solum
993 2575 1070 2606 reddi
1081 2585 1154 2613 prae-

97 2612 217 2649 ceperit,
231 2621 330 2642 verum
343 2613 426 2642 etiam
440 2622 456 2642 a
469 2620 497 2642 te
510 2613 544 2642 &
556 2612 592 2642 ab
604 2612 661 2642 aliis
674 2612 849 2642 familiaribus
862 2611 912 2642 suis
920 2635 931 2650 ,
947 2615 996 2652 qui
1010 2614 1156 2653 praesentes

95 2649 222 2687 aderant,
240 2650 319 2688 super
337 2649 473 2681 solutione
498 2650 580 2690 ipsius
594 2651 737 2689 pecuniae,
752 2650 873 2688 praestari
891 2650 987 2681 fecerit
1001 2652 1155 2692 corporali-

95 2693 138 2717 ter
155 2689 351 2732 iuramentum.
387 2688 464 2727 Qia
485 2689 567 2728 igitur
589 2689 658 2718 tanti
680 2688 802 2719 excelsus
818 2690 948 2727 injuriam
961 2690 1054 2721 clausis
1065 2691 1155 2721 oculis

94 2735 234 2766 praeterire
250 2738 310 2758 non
331 2726 474 2767 possumus
506 2736 561 2757 nec
580 2726 730 2765 debemu53
755 2728 930 2758 nobilitatem
960 2736 1036 2759 tuam
1055 2738 1155 2759 mone-

94 2773 158 2794 mus
177 2766 210 2796 &
227 2766 405 2796 exhortamur
424 2766 453 2796 in
476 2750 630 2803 homino,
643 2773 727 2804 atque
739 2766 768 2795 in
782 2765 972 2797 remissionem
985 2769 1155 2807 injungimus

94 2812 291 2844 peccatorum,
310 2812 444 2844 quatenus
463 2811 521 2834 tam
541 2812 597 2834 tuae
613 2814 697 2844 quam
711 2804 825 2834 Animae
840 2804 923 2835 Patris
937 2807 977 2835 tui
990 2805 1067 2836 saluti
1076 2808 1154 2845 juxta

94 2841 250 2885 ptaestitum
274 2845 288 2874 a
308 2851 335 2873 te
355 2842 504 2882 providens
522 2842 737 2882 juramentum,
754 2844 961 2880 praenominato
973 2844 1049 2884 Regi
1066 2854 1153 2884 pecu-

93 2890 171 2924 niam
184 2882 239 2912 sine
253 2881 417 2913 difficultate
430 2881 551 2912 restituas
564 2881 732 2912 antedi&am
741 2904 750 2919 ,
769 2882 803 2913 ὃς
816 2881 851 2912 de
863 2882 964 2920 injuriis
978 2884 1100 2922 irrogatis
1114 2884 1154 2913 sa-

93 2918 282 2950 tisfad‘tionem
294 2930 448 2961 congruam
463 2930 522 2950 non
534 2919 643 2951 differas
656 2919 794 2951 exhibere.
833 2919 968 2960 Alioquin
979 2923 1090 2952 noveris
1102 2933 1155 2952 nos

94 2959 244 3000 yenerabili
262 2959 347 2989 Fratri
365 2958 464 2989 nostro
485 2958 665 2998 Salzburgen.
686 2957 907 2998 Archiepiscopo
921 2959 1024 2990 dedisse
1039 2960 1153 2991 firmiter

95 3004 126 3024 m
144 2997 276 3027 mandatis
288 3004 318 3027 ut
330 3005 359 3028 te
370 2997 405 3028 ad
418 2997 481 3028 haec
494 3007 544 3037 per
556 2998 855 3028 excommunicationis
869 2997 1031 3029 sententiam
1046 3001 1075 3030 in
1090 3009 1154 3037 per-

96 3033 208 3077 sonam,
228 3036 262 3066 &
280 3035 418 3066 interdiciti
432 3036 462 3065 in
474 3043 593 3074 terram,
608 3036 837 3066 contradictionis
852 3036 1000 3066 occasione
1014 3038 1047 3067 ὃς
1060 3039 1156 3077 appel-

96 3070 200 3103 latione
220 3073 384 3105 cessantibus
418 3075 577 3104 monitione
597 3073 737 3113 praemiffa
758 3074 930 3112 compellere
952 3085 1011 3105 non
1029 3078 1152 3108 omittat.

98 3108 226 3151 Datum,
245 3113 306 3143 &c.
325 3121 351 3152 3.
370 3097 491 3143 Kalend.
503 3112 600 3152 Junii,
618 3112 801 3145 pontificatus
814 3111 902 3143 nostri
917 3112 1006 3144 Anno
1019 3115 1119 3153 primo.

98 3242 262 3273 Innocentis·
287 3253 317 3286 ς.
343 3245 458 3277 Litterae
487 3242 742 3292 a'ldagdeburgenfi
766 3242 1007 3292 Archiepiftopo;
1030 3256 1064 3278 ut
1084 3249 1156 3279 Du-

145 3300 208 3321 cem
232 3292 346 3323 Sueviae
371 3291 494 3325 inducat
520 3296 595 3341 Regi
620 3293 714 3340 Angl.
739 3290 876 3327 ablatam
893 3298 1052 3342 pecuniam
1073 3293 1157 3338 resti-

146 3347 241 3371 tuere.

106 3414 172 3476 IN
187 3425 222 3446 eo
234 3415 325 3448 sumus
335 3416 452 3462 officio,
470 3418 632 3460 disponente
644 3419 791 3460 Domino,
809 3421 970 3460 constituti,
993 3430 1024 3453 ut
1038 3422 1159 3462 singulo-

118 3493 123 3498 .
156 3456 272 3501 rump&
294 3466 426 3501 omnium
444 3457 518 3488 saluti
531 3459 672 3489 consulere
685 3459 848 3498 debeamus,
870 3462 903 3491 &
918 3462 1047 3491 universis
1060 3471 1158 3499 peren-

103 3492 193 3562 LiibiuS,
212 3501 270 3524 tam
289 3495 438 3533 majoribus
457 3496 542 3535 quam
556 3498 727 3537 minoribus,
743 3499 773 3529 in
786 3500 952 3529 executione
962 3499 1078 3538 justitiae
1091 3509 1159 3537 pro-

151 3541 205 3562 ere.

141 3569 215 3615 Sane
229 3580 313 3616 quam
328 3581 456 3611 potenter
469 3572 503 3603 &
516 3572 663 3612 magnifice
675 3575 824 3606 carissimus
836 3576 865 3606 in
879 3574 997 3607 Christo
1010 3576 1080 3607 filius
1094 3585 1160 3605 nos-

104 3615 146 3638 ter
165 3609 359 3654 Ric.·illustris
378 3612 441 3642 Rex
461 3611 572 3650 Angliae
590 3611 616 3641 se
637 3612 671 3641 ad
687 3613 849 3654 obsequium
863 3613 986 3645 Domini
998 3616 1027 3644 in
1040 3614 1160 3655 partibus

103 3647 285 3679 transmarinis
302 3649 445 3689 habuerit,
463 3651 498 3680 ita
519 3658 548 3680 ut
562 3659 615 3679 nec
630 3650 710 3679 rebus
725 3651 774 3681 suis
786 3654 937 3692 pepercerit
951 3663 1005 3683 nec
1036 3653 1159 3691 ersonae,

104 3684 148 3715 sed
161 3686 289 3732 seipsum
304 3688 398 3719 multis
412 3689 445 3720 ὃς
460 3690 539 3719 variis
552 3688 754 3719 discriminibus
766 3700 817 3730 pro
829 3691 992 3722 exaltatione
1038 3690 1160 3721 hristiani

104 3733 228 3756 nominis
241 3726 409 3767 exposuerit,
428 3737 568 3767 quamque
578 3736 672 3766 graves
688 3728 720 3757 &
735 3736 861 3758 enormes
872 3730 979 3767 injurias
994 3730 1028 3760 &
1039 3730 1157 3768 jacturas

104 3762 140 3791 ab
160 3762 201 3793 H.
220 3764 364 3804 quondam
383 3765 553 3805 Imperatore
574 3765 713 3805 pertulerit
733 3764 798 3795 inde
818 3775 970 3806 revertens,
999 3778 1048 3808 per
1066 3776 1159 3798 totum

103 3799 161 3831 fere
181 3803 281 3834 orbem
299 3803 372 3834 fama
390 3804 531 3834 notiffima
548 3803 707 3843 divulgavit.
742 3802 819 3841 Qiae
839 3814 879 3834 res
897 3813 976 3836 tanto
995 3805 1160 3843 profundius

105 3835 267 3882 Romanam
282 3843 370 3881 tangit
386 3842 558 3879 Ecclesiam,
576 3850 680 3881 quanto
699 3842 804 3878 injuriae
826 3842 859 3872 &
879 3845 1036 3884 gravamina
1051 3867 1060 3882 ,
1085 3844 1160 3883 Regi

106 3876 197 3945 gldedn
211 3879 299 3918 illata,
319 3881 349 3911 in
361 3881 417 3920 ejus
430 3881 616 3921 ignominiam
634 3881 667 3911 δί
688 3880 815 3917 injuriam
833 3882 983 3913 noscuntur
997 3884 1104 3922 gravius
1117 3892 1161 3912 re-

127 3924 164 3944 un
183 3926 236 3946 are.

144 3952 222 3997 Qia
236 3957 319 4001 igitur
333 3964 391 3988 tarn
406 3967 519 4003 gravem
542 3957 673 3987 Domino
693 3957 727 3987 &
746 3954 920 3995 Apostolicae
935 3957 999 3988 Sedi
1017 3983 1027 3996 ‚
1047 3968 1161 3989 necnon

107 3991 142 4022 δε
155 4001 165 4020 1
185 3991 285 4033 siRegi
299 3995 319 4014 ²¹¹
334 3997 461 4035 injuriam
476 3998 637 4035 irrogatam,
656 3995 726 4025 salva
740 3994 908 4025 conscientia
921 3995 1089 4026 dissimulare
1101 4007 1162 4026 non

105 4038 145 4067 ΡΟ
169 4038 270 4069 umus,
295 4042 348 4064 nec
368 4035 522 4072 debemus,
544 4034 704 4065 fraternitati
726 4041 782 4063 tuae
805 4042 853 4072 per
877 4032 1042 4072 Apostolica
1065 4035 1114 4064 scri
1137 4044 1163 4065 ta

107 4067 286 4107 mandamus,
301 4071 335 4101 ὃ(
348 4071 473 4103 districte
486 4074 679 4113 praecipimu5‚
697 4080 829 4110 quatenus
851 4072 977 4101 nobilem
991 4074 1083 4102 virum
1132 4083 1164 4102 u-

108 4105 447 4179 ceglogffegiaelssffdffulus
457 4120 556 4143 manus
568 4110 705 4144 thesaurus
719 4109 826 4150 praefati
839 4108 1012 4149 imperatoris
1023 4111 1165 4149 pervenit,

1206 213 1686 260 PtissttoA.
2196 230 2244 274 33

1189 300 1223 330 δε
1235 300 1435 339 patrimonium
1450 302 1520 339 eius,
1536 303 1580 331 vel
1596 303 1653 339 jure
1664 302 1850 334 Succcffionis
1859 329 1868 343 ,
1885 303 1928 335 vel
1942 300 2034 335 saltem
2045 301 2138 334 tutelae
2151 303 2244 334 norni-
2258 299 2334 333 Ann.
2350 299 2390 332 D}

1188 349 1225 368 ne
1238 339 1359 370 noscitur
1372 340 1521 376 devenisse)
1542 340 1687 379 diligenter
1708 343 1870 381 admoneas,
1887 345 1920 374 &
1940 353 2023 382 quam
2038 342 2178 373 efficacius
2194 352 2246 381 po-

1190 378 1253 407 teris
1268 387 1399 416 procures
1419 378 1551 422 induce-re
1570 387 1600 408 ut
1616 379 1705 409 eidem
1730 380 1803 418 Regi
1822 382 1857 411 de
1873 382 1960 412 ablata
1975 381 2092 425 pecunia
2103 381 2247 411 satisfaciat

1189 424 1400 459 competenter,
1417 417 1539 453 alioquin
1553 418 1664 446 noverit
1678 418 1753 456 quod
1770 428 1819 447 nos
1832 428 1935 449 tantam
1949 421 2075 457 injuriam
2089 429 2148 449 non
2164 426 2246 458 pote-

1189 463 1274 483 rimus
1285 454 1334 483 sub
1349 454 1564 485 dissimulatione
1578 456 1703 491 transire,
1723 456 1790 499 quin
1804 458 1832 485 in
1848 467 1912 487 eum
1927 459 1960 488 ὃς
1979 466 2078 487 terram
2092 459 2147 495 ejus
2159 456 2247 487 nostri

1189 490 1280 521 officii
1297 492 1422 522 debiturn
1471 493 1538 522 sicut
1553 492 1655 529 justum
1670 493 1752 522 fuerit
1766 516 1776 531 ,
1801 504 1977 533 exequamur.
2015 496 2124 526 Datum
2139 495 2247 526 Romae

1188 530 1261 569 apud
1273 530 1410 561 Sanctum
1424 516 1558 569 13etrum,
1576 540 1595 560 2
1612 529 1730 560 Kalend.
1744 530 1831 569 Junii.

1192 664 1240 696 De
1258 666 1336 697 Pace
1359 660 1552 707 reformanda
1573 665 1650 694 inter
1670 658 1857 696 Richardum
1876 665 1989 711 Angliae
2014 669 2049 703 ὠ·
2081 666 2249 713 Philippum

1595 713 1727 743 Franciae
1749 714 1847 759 Reges.

1192 798 1240 859 P
1249 798 1385 866 ETRQ
1402 799 1512 831 &ndi—ae
1526 797 1629 831 Mariae
1643 800 1673 830 in
1686 799 1732 831 via
1745 800 1799 832 lata
1818 798 1953 832 Diacono
1966 799 2110 836 Cardinali
2126 802 2252 844 Aposto·

1267 848 1322 868 icae
1333 838 1400 868 sedis
1414 839 1529 883 Legato.

2286 342 2367 379 1198.

2270 799 2346 831 Ann.
2363 796 2398 832 D

2287 840 2369 878 1198.

1231 874 1351 919 Qanto
1367 877 1483 916 amplius
1497 876 1532 906 de
1545 876 1688 920 honestate
1703 885 1764 915 tua,
1791 878 1957 909 discretione
1970 880 2068 919 pariter
2082 880 2116 911 δε
2129 880 2250 911 literatu-
2265 880 2300 905 A·
2324 887 2368 906 10·

1193 921 1221 941 ra
1234 913 1420 953 confidimus,
1439 922 1518 944 tanto
1533 914 1683 945 fiduCialius
1697 925 1728 945 ea
1740 915 1790 945 tibi
1805 918 2008 948 committimus
2020 926 2069 948 exe
2090 919 2179 949 uenda
2186 929 2250 959 quae
2265 920 2294 945 R·
2317 924 2343 952 ¹⁵.

1194 950 1370 995 Apostolicae
1381 952 1448 983 sedis
1461 952 1601 983 honorem
1615 952 1764 992 respiciunt
1793 955 1826 985 &
1841 965 2026 986 communem
2041 958 2077 987 ut'
2093 958 2187 988 'tatem
2200 968 2254 995 po-

1194 989 1250 1026 puli
1271 989 1430 1020 Christiani.
1465 990 1549 1034 'Cum
1571 992 1661 1034 itaque
1680 992 1741 1031 Te,
1756 976 1793 1022 d’e
1808 993 1921 1023 fratrum
1944 994 2105 1025 nostrorum
2119 996 2237 1027 consilio

1195 1025 1229 1055 ad
1244 1027 1453 1058 reformandam
1464 1036 1533 1058 inter
1548 1027 1730 1058 Chariffimos
1744 1029 1814 1060 filios
1827 1031 1936 1061 nostros
1947 1032 2110 1074 Philippum
2128 1021 2254 1065 Franco?

1195 1073 1259 1108 rum
1280 1065 1314 1096 &
1334 1065 1511 1096 Richardum
1533 1066 1693 1104 Anglorum
1706 1067 1799 1105 Reges
1810 1067 1928 1098 illustres
1941 1071 2030 1108 plenae
2042 1073 2117 1111 pacis
2131 1083 2255 1104 concor-

1194 1102 1271 1146 diam
1292 1103 1336 1133 vel
1354 1112 1476 1143 treugas,
1494 1102 1588 1133 saltem
1610 1103 1644 1133 us
1658 1113 1692 1133 ue
1706 1104 1740 1134 ad
1777 1106 1977 1144 uinquennium
1990 1109 2136 1142 dilatandas
2167 1111 2256 1143 duxe-

1194 1150 1280 1185 rimus
1301 1143 1374 1172 inter
1391 1150 1491 1172 caetera
1512 1141 1638 1184 destinari
1660 1151 1710 1171 um
1724 1164 1734 1180 ,
1755 1114 1904 1173 devotioni
1929 1153 1985 1175 tuae
2002 1135 2162 1180 auetoritat’e
2182 1160 2256 1189 prae-

1196 1179 1316 1210 sentium
1331 1180 1523 1220 indulgemuS,
1543 1187 1589 1217 ut,
1609 1182 1628 1209 ii
1639 1190 1708 1219 quos
1723 1181 1796 1211 viros
1809 1180 2032 1222 Ecclesiasticos,
2058 1185 2254 1225 Archiepisco-

1196 1226 1249 1257 pos
1268 1218 1315 1249 vel
1334 1218 1507 1259 Episcopos,
1526 1217 1571 1248 vel
1586 1219 1701 1248 minoris
1713 1218 1829 1249 Ordinis
1843 1221 1916 1250 viros
1931 1221 1960 1250 in
1974 1222 2078 1261 Regno
2094 1224 2253 1264 Anglorum

1197 1255 1253 1286 effe
1271 1259 1454 1297 cognoveris,
1474 1266 1596 1295 quorum
1619 1257 1743 1286 tracftatui
1756 1258 1829 1296 pacis
1842 1258 1873 1287 sit
1885 1259 2032 1289 consilium
2045 1271 2237 1300 opportunum

1196 1304 1244 1324 eos
1256 1294 1291 1338 ad
1305 1304 1333 1326 te
1346 1305 1506 1332 convoces,
1524 1296 1558 1325 &
1573 1304 1622 1333 per
1635 1295 1840 1325 distrifflonem
1856 1296 2076 1329 Ecclesiasticam
2085 1323 2094 1337 ,
2112 1300 2131 1329 si
2146 1290 2256 1334 necess}

1196 1332 1296 1370 fuerit,
1315 1334 1409 1365 nostra
1423 1335 1506 1365 fretus
1520 1333 1699 1371 austoritate,
1718 1335 1812 1364 venire
1830 1334 1991 1371 compellas.

1235 1370 1319 1402 Nulli
1333 1382 1402 1412 ergo
1416 1373 1538 1403 omnino
1555 1372 1706 1402 hominum
1719 1371 1800 1403 liceat
1814 1372 1880 1403 huic
1892 1374 2001 1413 paginae
2014 1377 2236 1415 contraire,&c.

1197 1502 1361 1533 Innocentii
1378 1512 1406 1546 3.
1428 1504 1546 1535 Litterae
1564 1502 1691 1535 Wzlaero
1711 1500 1932 1548 Archiepiftopo
1948 1503 2127 1552 Rothomng.
2150 1517 2185 1538 ut
2199 1519 2258 1539 nu-

1243 1549 1346 1582 daster
1352 1551 1414 1595 sim
1425 1549 1634 1596 jurifiz'icsione
1655 1560 1782 1587 utatur,
1807 1553 1843 1588 ὠ
1863 1553 1930 1585 Ric.
1958 1554 2072 1600 Angliae
2088 1558 2125 1591 &⁹
2146 1554 2259 1601 Philip-

1240 1601 1275 1643 pi
1298 1600 1430 1630 Franciae
1450 1602 1564 1646 Regum
1580 1602 1677 1631 minus
1693 1611 1750 1631 non
1762 1600 1973 1645 pertimeftat,
1999 1603 2147 1648 Pontificis
2163 1607 2257 1636 auxi-

1243 1647 1281 1678 lio
1296 1646 1427 1692 confisus.

1200 1733 1391 1791 Ainetate
1402 1734 1510 1777 cordis,
1528 1739 1563 1770 ὃς
1574 1740 1757 1772 amaritudine
1771 1741 1941 1781 premimur,
1966 1750 2035 1772 cum
2049 1740 2201 1783 angustias,
2219 1753 2253 1774 o·
2271 1753 2349 1786 Ann·
2362 1754 2404 1786 D,

1274 1787 1355 1814 nera,
1371 1779 1405 1808 &
1424 1779 1599 1817 gravamina,
1615 1790 1678 1819 quae
1688 1803 1697 1818 ,
1714 1780 1778 1809 zelo
1798 1781 1923 1818 justitiae,
1949 1790 2000 1820 pro
2016 1781 2138 1811 libertate
2151 1782 2251 1813 Eccle-

1196 1815 1242 1845 siae
1263 1816 1483 1854 manutenenda,
1509 1826 1592 1855 aequo
1609 1819 1705 1847 animo
1727 1819 1760 1849 &
1781 1820 1883 1849 inviffita
1904 1819 2066 1849 fortitudine
2089 1820 2199 1860 toleras,
2217 1821 2251 1852 ad

2289 1795 2372 1833 1198.

2270 1837 2304 1860 A.
2329 1844 2370 1861 ιο.

1197 1855 1365 1884 memoriam
1384 1853 1509 1884 nostram
1529 1855 1687 1886 reducimus
1722 1858 1755 1888 ὃς
1777 1857 1959 1888 meditatione
1976 1857 2067 1888 sedula
2088 1861 2297 1900 cogitamus.=R⁴
2321 1881 2342 1901 ι,

1197 1892 1389 1939 Veruntamen
1411 1892 1505 1930 quod,
1518 1895 1552 1937 ,in
1568 1903 1595 1923 te
1606 1880 1808 1936 persedtionem
1825 1897 1931 1926 virtutis
1944 1895 2110 1934 adimplens,
2129 1907 2187 1927 non
2201 1908 2254 1937 po—

1198 1931 1273 1975 tuisti
1288 1942 1303 1961 a
1318 1939 1373 1961 tuae
1386 1931 1551 1962 constantiae
1566 1934 1708 1969 proposito
1721 1935 1861 1972 amoveri,
1881 1943 1957 1963 tuam
1970 1933 2047 1972 super
2060 1934 2117 1964 hoc
2132 1936 2255 1973 pruden-

1197 1978 1267 2039 nand
1277 1969 1568 2008 commendamus,&
1583 1970 1741 2001 fortitudini
1755 1980 1811 2002 tuae
1824 1973 1978 2011 plurimum
1992 1973 2023 2002 in
2036 1971 2171 2004 Domino
2185 1985 2257 2006 con-

1196 2017 1248 2048 gau
1269 2016 1356 2039 errius.

1235 2047 1304 2077 Nos
1322 2056 1416 2079 autem
1434 2048 1594 2079 fraternitati
1614 2057 1671 2079 tuce
1694 2049 1819 2080 volentes
1840 2049 2029 2088 patrocinium
2054 2050 2256 2090 Apostolicurn

1198 2086 1350 2125 impertiri,
1367 2089 1425 2118 tam
1440 2096 1468 2118 te
1501 2088 1588 2127 quam
1601 2086 1756 2118 Ecclesiam
1769 2090 1900 2128 regimini
1912 2097 1963 2119 tuo
1978 2089 2158 2121 commissam
2174 2093 2189 2108 ²*
2204 2092 2254 2125 sub

1197 2125 1272 2156 beati
1285 2124 1361 2155 Petri
1379 2127 1412 2157 ὃς
1424 2110 1519 2156 nostra
1530 2126 1708 2166 proteffione
1722 2127 1888 2164 suscipimus.

1235 2163 1344 2195 Verum
1363 2165 1443 2203 quia,
1467 2164 1537 2195 sicut
1561 2174 1594 2194 ex
1615 2165 1699 2195 literis
1719 2166 1771 2195 tuis
1790 2167 1871 2196 nobis
1891 2166 2014 2198 innotuit
2059 2167 2200 2199 Cariffimi
2227 2170 2259 2202 in

1198 2202 1316 2234 Christo
1329 2202 1375 2233 filii
1394 2202 1482 2234 nostri
1497 2202 1641 2243 Philippus
1656 2202 1828 2234 Francorum
1843 2205 1876 2235 &
1890 2203 1930 2234 R.
1957 2190 2068 2245 Angliae
2079 2206 2174 2247 Reges
2185 2208 2261 2238 illus-

1199 2250 1268 2282 tres,
1285 2241 1356 2273 dum
1370 2243 1442 2273 inter
1454 2242 1480 2272 se
1489 2250 1696 2283 componerent
1710 2265 1720 2281 ,
1742 2241 1895 2273 statuerunt
1908 2243 1937 2273 su
1959 2254 1988 2274 er
2000 2252 2084 2282 caput
2097 2253 2178 2276 tuum
2193 2257 2262 2284 qua-

1198 2289 1263 2313 tuor
1282 2279 1410 2311 Clericos
1431 2281 1463 2312 el‘
1486 2280 1596 2323 endos,
1606 2280 1641 2311 ad
1662 2291 1732 2321 quos
1753 2282 1885 2321 pertineat
1905 2282 1932 2319 ju
1953 2283 2026 2313 icare
2049 2291 2144 2313 utrum
2165 2293 2260 2316 tenere

1198 2320 1244 2352 vel
1267 2329 1327 2350 non
1346 2328 1440 2351 tenere
1480 2320 1558 2350 ebeat
1580 2321 1727 2358 iententia,
1743 2330 1827 2359 quam
1843 2321 1872 2351 in
1886 2328 1986 2351 terram
2001 2321 2043 2351 vel
2058 2321 2186 2352 homines
2200 2323 2261 2354 Re-

1199 2368 1270 2399 gum
1290 2358 1430 2398 ipsorum,
1448 2369 1500 2397 pro
1518 2358 1568 2389 suis
1589 2358 1759 2397 exceffibus,
1774 2360 1873 2389 ordine
1895 2360 2056 2399 canonico,
2073 2360 2181 2391 duxeris
2197 2372 2262 2401 pro-

1200 2397 1398 2438 mulgandam,
1417 2399 1513 2438 (quarn
1525 2397 1544 2427 si
1559 2396 1740 2435 judicaverint
1757 2407 1815 2428 non
1829 2406 1939 2436 tenere,
1957 2399 2019 2436 ipsis
2033 2399 2176 2438 Regibus,
2203 2402 2260 2432 sive

1199 2438 1225 2467 ei
1247 2439 1276 2468 in
1295 2438 1372 2475 cujus
1389 2445 1491 2468 terram
1512 2435 1557 2467 vel
1568 2435 1698 2466 homines
1710 2435 1873 2466 sententiam
1887 2437 1995 2475 tuleris,
2013 2437 2109 2468 licebit
2125 2438 2198 2469 bona
2214 2447 2262 2470 tua

1200 2476 1234 2507 δε
1256 2475 1377 2506 redditus
1393 2485 1551 2515 occupare,
1578 2474 1671 2505 donec
1691 2475 1742 2505 lata
1762 2474 1894 2505 sententia
1916 2478 2075 2510 revocetur)
2099 2476 2261 2508 fraternitati

1199 2523 1256 2546 tuae
1277 2515 1327 2545 sub
1349 2524 1435 2555 poena
1453 2514 1544 2545 officii
1564 2513 1598 2544 &
1618 2513 1747 2543 beneficii
1765 2512 1915 2543 districtius
1928 2514 2087 2545 inhibemus
2102 2524 2138 2544 ne
2151 2516 2259 2546 illitam

1201 2554 1306 2592 iniquae
1330 2554 1518 2584 conventioni
1540 2553 1735 2583 auctoritatem
1751 2553 1871 2588 praebeas
1883 2552 1927 2582 vel
1939 2552 2090 2590 assensum,
2108 2553 2170 2591 sed,
2189 2554 2260 2584 sicut

1200 2592 1384 2631 consuevisti,
1402 2593 1436 2623 &
1448 2590 1629 2622 antecessores
1642 2591 1681 2620 tui
1697 2589 1790 2620 fecisse
1805 2590 1973 2629 noscuntur,
1999 2599 2054 2620 tuae
2068 2592 2260 2628 jurisdictionis

1200 2629 1331 2661 officium
1352 2640 1400 2671 per
1412 2638 1489 2660 tuam
1503 2629 1685 2658 Provinciam
1701 2628 1806 2658 studea<
1820 2637 1961 2666 exercere,
1977 2629 2082 2667 nosque
2094 2629 2261 2661 sententiam

1199 2677 1286 2699 ratam
1307 2669 1458 2707 habemus,
1476 2669 1508 2698 ὃς
1530 2667 1710 2706 habebimus,
1726 2667 1745 2696 si
1763 2676 1846 2704 quam
1862 2668 1890 2696 in
1906 2675 1986 2698 terras
1998 2668 2042 2697 vel
2057 2668 2185 2698 homines
2197 2676 2256 2698 tuae

1200 2707 1382 2746 iurisdietioni
1401 2707 1538 2745 subjectos
1558 2706 1693 2736 haetenus
1716 2706 1853 2734 canonice
1874 2705 2072 2744 promulgasti,
2090 2705 2135 2736 vel
2149 2705 2259 2736 amodo

1200 2747 1356 2777 decreveris
1366 2745 1548 2786 promulgare.
1587 2743 1715 2782 Datum,
1732 2744 1792 2775 &c.
1809 2752 1840 2774 ut
1854 2743 1946 2783 supra,
1966 2753 1980 2782 3
1998 2744 2099 2775 Nonas
2108 2744 2195 2783 Junii.

1200 2890 1385 2921 Innocentius
1421 2887 1502 2931 Papa
1532 2884 1688 2929 confirmat
1716 2887 1873 2916 statutum
1912 2885 1979 2915 Ric.
2011 2884 2098 2927 Regis·
2131 2881 2261 2926 Anglar-

1245 2935 1282 2969 Δι’
1311 2934 1447 2967 libertate
1470 2937 1506 2971 (ἐν
1538 2936 1734 2965 immunitate
1760 2932 1960 2974 Ecclcfiarum
1993 2930 2176 2973 confirmatis
2200 2925 2262 2974 pcst

1249 2986 1314 3030 ejus
1332 2981 1569 3028 Redemptionem
1587 2978 1723 3014 Huberto
1741 2980 1949 3021 Cantuarieffi
1958 2977 2194 3023 Arclaiepisbopo.

2275 2094 2329 2124 *1-
2346 2095 2409 2130 ¹043.

1202 3073 1356 3135 MOnct
1377 3081 1430 3102 nos
1449 3070 1625 3112 Apostolicae
1643 3069 1725 3106 sedis,
1751 3069 1797 3098 cui
1821 3068 1885 3098 licet
1907 3066 2040 3098 immeriti
2060 3062 2236 3105 praesidemus
2250 3086 2260 3103 ,
2276 3074 2351 3105 Ann-
2367 3074 2409 3105 DJ

1296 3112 1443 3142 auctoritas
1471 3120 1522 3148 pro
1540 3108 1610 3139 statu
1635 3108 1765 3138 omnium
1788 3105 1975 3136 Ecclesiarum
1998 3105 2114 3143 provida
2135 3105 2259 3134 circum-
2297 3113 2376 3151 1198.

1201 3150 1345 3187 spectione
1366 3150 1498 3187 satagere,
1516 3148 1549 3178 &
1568 3149 1604 3177 ne
1629 3147 1817 3183 malignorum
1837 3145 1939 3184 rapinis
1959 3145 2003 3175 vel
2025 3142 2157 3173 molestiis
2171 3152 2256 3182 expo-
2272 3157 2308 3180 A,
2329 3162 2369 3178 10·

1202 3197 1317 3227 riantur,
1335 3187 1535 3226 Apostolicuiii
1548 3186 1607 3222 ipsis
1620 3183 1813 3214 Patrocinium
1827 3184 1975 3220 exhibere,
1991 3192 2022 3212 ea
2037 3191 2255 3219 propter,vcne-
2271 3196 2298 3218 R.
2324 3198 2348 3225 ,ἒ

1202 3226 1294 3257 rabilis
1308 3229 1337 3256 in
1351 3225 1468 3257 Christo
1481 3226 1575 3262 frater,
1588 3223 1639 3253 tuis
1648 3221 1727 3261 justis
1741 3223 1868 3258 precibus
1881 3223 1913 3252 &
1928 3220 2050 3251 honesti}
2065 3229 2170 3260 gratam
2184 3228 2256 3248 con-

1202 3266 1356 3296 niventiam
1370 3266 1410 3295 im
1432 3264 1561 3294 endentes
1574 3261 1705 3291 statutum
1720 3260 1803 3298 illud,
1828 3261 1904 3299 quod
1919 3258 2082 3289 Cri-issimus
2095 3258 2124 3287 in
2140 3255 2256 3298 Cin-isto

1204 3303 1273 3334 filius
1296 3303 1390 3334 noster
1412 3274 1453 3333 ἓξ.
1474 3299 1586 3331 Illustris
1598 3299 1757 3339 Anglorum
1772 3298 1836 3328 Rex
1849 3299 1926 3337 super
1940 3299 2062 3327 libertate
2075 3306 2106 3325 ac
2123 3297 2257 3334 inimum-

1204 3351 1259 3374 tate
1281 3341 1468 3372 Ecclesiarum
1487 3340 1520 3370 &
1541 3337 1717 3376 personarum
1737 3337 1872 3375 iisarum,
1893 3336 1956 3374 post
1976 3335 2197 3375 redemptionem
2219 3332 2258 3361 lui

1203 3380 1320 3421 provida
1334 3380 1530 3410 deliberatione
1542 3376 1635 3407 fecisse
1648 3348 1819 3415 dignoshitur
1827 3399 1837 3414 ,
1863 3376 1930 3415 licut
1945 3375 1972 3403 in
1989 3373 2090 3408 scripto
2105 3373 2184 3413 ipsius
2198 3369 2260 3399 Re-

1225 3420 1245 3448 is
1260 3418 1360 3449 exinde
1381 3418 1517 3449 confedto
1529 3416 1634 3456 plenius
1649 3413 1994 3452 continetur,auctoritate
2008 3408 2171 3449 Apostolica
2187 3418 2260 3451 con-

1205 3429 1364 3496 {rmamum
1381 3458 1415 3487 &
1456 3455 1576 3486 raesentis
1595 3454 1686 3493 scripti
1709 3453 1805 3493 pagina
1824 3450 2054 3491 communimus,
2073 3448 2105 3477 &
2128 3446 2160 3476 ad
2180 3446 2260 3484 huius

1205 3497 1241 3526 rei
1257 3504 1418 3535 perpetuam
1451 3495 1607 3531 rmitatem,
1628 3491 1830 3522 continentiam
1844 3489 1922 3528 ipsius
1935 3487 2014 3530 rescri
2028 3495 2054 3532 *ti
2071 3486 2106 3529 de
2120 3485 2208 3514 verbo
2224 3484 2259 3515 ad

1205 3537 1325 3565 verbum
1346 3534 1387 3564 his
1401 3533 1530 3564 duximus
1548 3530 1728 3561 inserendam.
1765 3526 1923 3557 Richardus
1939 3524 1996 3554 Dei
2044 3533 2107 3553 mim
2119 3523 2183 3553 Rex
2196 3523 2259 3554 An-

1205 3574 1284 3612 gliae,
1304 3572 1371 3603 Dux
1390 3571 1581 3602 Normanniae
1603 3570 1636 3600 δε
1650 3567 1826 3604 Aquitaniae,
1845 3563 1952 3594 Comes
1966 3563 2186 3601 Andcgavenlis,
2205 3561 2260 3592 Ar-

1205 3612 1386 3651 chiepiscopis
1405 3611 1438 3642 &
1461 3609 1604 3647 Episcopis
1620 3608 1652 3637 &
1666 3603 1808 3635 Universo
1822 3602 1908 3631 Clero
1922 3602 2016 3640 Regni
2031 3601 2159 3640 Angliae,
2177 3600 2258 3630 Salu-

1206 3658 1274 3680 tem.
1312 3649 1421 3680 Gratias
1439 3649 1545 3685 agimus
1567 3643 1729 3676 affetstuoias
1744 3641 1924 3670 Uiiivcrlitati
1937 3640 2036 3671 vestrae
2048 3649 2099 3679 pro
2113 3649 2148 3668 eo
2161 3639 2237 3677 quod
2246 3662 2259 3677 ‚

1206 3688 1241 3719 de
1255 3687 1382 3719 thesauris
1394 3688 1427 3718 δε
1442 3681 1611 3717 ornamentis
1626 3679 1837 3718 Ecclesiasticis,
1863 3680 1895 3710 δε
1912 3679 2082 3708 facultatibus
2096 3676 2206 3715 vestris,
2222 3678 2257 3707 ad

1206 3737 1308 3767 corpus
1328 3726 1456 3756 nostrum
1478 3721 1669 3753 redimendum
1690 3728 1746 3748 tam
1763 3719 1884 3757 benigne
1898 3717 1979 3746 nobis
1989 3717 2022 3746 &
2038 3716 2180 3746 liberaliter
2195 3716 2258 3745 sub-

1207 3765 1335 3803 venistis,
1352 3766 1385 3795 &
1407 3762 1486 3801 quod
1505 3761 1587 3790 nobis
1602 3759 1629 3787 in
1643 3766 1717 3786 tanta
1730 3756 1886 3786 necestitate
1900 3766 1938 3784 res
1953 3754 2140 3785 Ecclefiarum
2154 3753 2257 3784 vestra-

1206 3814 1287 3841 rum,
1306 3804 1339 3833 ὅ(
1361 3801 1461 3832 vestras
1481 3798 1560 3831 gratis
1579 3805 1718 3835 exponere
1734 3794 1874 3831 ioluistis3
1893 3804 1927 3822 ne
1939 3794 2038 3832 igitur,
2054 3793 2133 3830 quod
2149 3792 2183 3822 de
2197 3801 2258 3821 me-

1206 3853 1234 3873 ra
1257 3841 1415 3872 liberalitate
1434 3839 1448 3868 a
1462 3831 1542 3867 vobis
1553 3835 1649 3865 aetum
1663 3833 1703 3863 est
1718 3833 1750 3863 ad
1764 3833 1955 3862 liberationem
1968 3833 2091 3869 corporis
2104 3830 2189 3860 nostri
2198 3853 2207 3867 ,
2222 3831 2256 3860 δε

1206 3879 1381 3910 ineffabilem
1411 3878 1549 3907 honorem
1564 3896 1573 3911 ,
1599 3873 1632 3903 &
1662 3872 1806 3901 utilitatem
1828 3869 1951 3900 nostram
1969 3870 2065 3900 futuris
2084 3869 2256 3936 temporibus

1207 3918 1327 3950 trahatur
1348 3918 1377 3946 in
1397 3912 1641 3951 consequentiam,
1660 3911 1692 3941 ὃ(
1714 3910 1826 3940 sanctae
1848 3908 1935 3938 Matri
1958 3907 2089 3939 Ecclesia:
2109 3918 2143 3936 ve
2174 3906 2255 3936 vobis

1205 3956 1378 3995 dispendium
1390 3961 1481 3991 pravae
1495 3952 1627 3988 importet
1639 3947 1858 3985 consuetudinis,
1873 3947 1906 3976 ad
1920 3948 2051 3977 omnium
2065 3945 2255 3986 voluniusno-

1207 3996 1296 4025 titiam
1312 3992 1454 4033 pervenire
1466 3990 1544 4028 quod
1558 3998 1606 4026 ea,
1623 3997 1686 4027 quae
1698 3986 1779 4016 nobis
1793 3986 1820 4015 in
1832 3985 1968 4022 praediCm
1983 3983 2144 4015 necessitatis
2155 3990 2256 4011 aiticu-

1207 4033 1237 4063 lo
1258 4029 1428 4067 contulistis,
1445 4036 1498 4057 nec
1519 4036 1641 4065 unquam
1663 4034 1697 4055 ex
1716 4024 1812 4054 debito
1832 4024 1876 4053 vel
1891 4033 1937 4061 per
1952 4021 2179 4053 confitetudinem
2193 4028 2258 4049 exe-

1208 4072 1374 4110 gimus,nec
1391 4066 1503 4104 posteris
1517 4064 1606 4095 sumus
1620 4062 1791 4100 temporibus
1804 4062 1944 4100 exaituri,
1954 4071 2008 4091 nec
2022 4060 2074 4089 hac
2088 4058 2133 4088 vel
2143 4058 2192 4087 alia
2205 4067 2258 4087 oc-

1209 4108 1319 4139 casione
1341 4105 1471 4137 volumus
1491 4103 1665 4144 dignitatibus
1684 4101 1796 4169 Satheioe
1810 4099 1910 4131 Matris
1922 4099 2055 4131 Ecclesiae
2067 4099 2096 4128 in
2107 4094 2260 4169 aliquoewjlke}
