2570 4261
719 169 829 212 ET
911 171 1180 212 ACTA

2 257 78 291 Ann-
91 255 131 287 D·
149 259 358 299 beneplacitum
368 281 378 298 ,
396 259 520 300 praestito
534 257 675 296 corporali
683 257 852 296 juramento
865 264 960 287 tenore
973 257 1127 288 litterarum
1143 263 1215 295 pra:-

21 303 103 335 1253·
152 298 288 337 sentium,

0 340 34 363 H·
52 344 77 372 3·
191 336 381 368 Protestamur
394 336 428 365 &
440 335 556 366 fideliter
574 335 766 372 promittimus
780 333 872 371 quod,
891 343 958 364 cum
974 333 1051 364 idem
1066 334 1211 364 Dominus

0 374 17 391 '
32 375 55 402 Ι-
67 371 134 408 483·
151 375 246 406 noster
263 375 296 405 ad
319 375 338 395 *ἵ
353 382 453 404 teri-arn
473 373 638 411 praedietam
659 374 711 402 ibit
726 395 735 410 ,
757 382 810 402 nos
830 382 898 402 cum
919 372 978 409 ipso
999 372 1211 412 proficiscemur

151 413 348 454 corporaliter,
366 412 436 442 Deo
451 412 534 442 nobis
553 412 642 442 vitam
663 411 695 442 ὃς
708 410 822 440 salutem
845 412 1039 449 concedente,
1057 412 1090 442 δε
1109 411 1210 451 praedi-

151 453 203 484 <sto
218 451 352 482 Domino
364 449 465 480 nostro
482 449 565 489 Rege
577 449 742 487 subsidium,
760 448 837 487 quod
851 450 932 479 nobis
954 450 1079 488 promisit
1094 472 1103 486 ,
1127 450 1210 479 nobis

151 488 387 526 subministrante,
406 488 559 518 secundum
575 487 652 526 quod
664 489 693 517 in
705 487 799 517 litteris
813 487 883 526 suis,
900 497 965 526 quas
979 488 1042 518 inde
1056 488 1210 527 habemus,

151 528 257 568 plenius
270 529 448 564 continetur,
984 547 989 553 .

188 566 258 596 Nec
274 565 387 606 aliquod
400 563 473 595 aliud
492 564 638 602 negotium
653 564 769 594 scienter
784 563 951 594 assumemus
967 564 1014 594 vel
1033 565 1210 603 attemptabi-

149 614 236 672 mtds'a
246 614 294 645 per
307 603 385 645 quod
396 605 447 633 iter
460 602 588 632 nostrum
603 612 671 632 cum
686 601 819 632 Domino
833 602 931 632 nostro
947 602 1029 642 Rege
1040 604 1139 634 debeat
1154 604 1209 633 im-

170 653 185 673 e
205 653 246 673 in.

148 653 169 682 P
184 680 219 712 In
233 682 310 719 cuius
347 681 406 711 &c.

182 718 294 750 Datum
308 703 440 749 ssondon.
458 726 494 757 14
508 716 574 747 Kal.
592 716 682 755 Maii,
701 727 776 747 anno
792 717 915 748 Domini
933 726 1016 756 1252.

183 758 253 788 Nos
267 759 356 794 vero,
372 757 435 787 Rex
452 756 617 794 praedictus,
633 755 761 795 Sigillum
776 755 905 786 nostrum
920 779 929 794 ,
954 758 1009 787 una
1023 766 1092 787 curn
1109 755 1207 793 Sigillis

146 797 311 827 venerabilis
329 795 416 826 Patris
433 794 486 824 W.
507 793 566 824 Dei
579 794 665 832 gratia
686 793 879 824 Norwicensis
894 795 1048 833 Episcopi,
1072 795 1098 833 J.
1121 794 1208 824 Man-

147 835 200 865 fell.
216 834 248 865 P.
263 834 428 872 Chaceport
447 832 623 863 Thesaurarii
637 832 722 862 nostri
737 856 747 871 ,
772 832 905 869 Magistri
920 834 1071 863 willielmi
1091 833 1127 862 de
1142 833 1207 862 Kil-

147 873 234 904 kenn.
249 872 415 903 Cancellarii
431 870 537 909 nostri,
556 871 737 908 &johannis
752 870 858 901 Prioris
873 872 908 902 de
928 872 962 902 N
965 872 1066 901 euburt
1079 871 1208 908 Capella-

148 913 180 942 ni
194 910 298 980 ndostri,
315 912 348 942 ὃς
363 910 483 942 Henrici
497 909 533 940 de
545 909 710 949 Wengham
722 910 849 948 praesenti
862 910 964 948 scripto
978 910 1108 941 duximus
1120 919 1208 949 appo-

148 960 204 980 nen
225 959 286 980 um.

181 1024 274 1056 Teste
285 1033 316 1056 ut
331 1025 419 1064 supra.

148 1149 199 1182 De
218 1160 328 1182 10000
346 1152 456 1183 Marc.
465 1161 520 1196 pro
533 1153 621 1184 Petro
637 1149 673 1182 de
682 1148 838 1182 Sabandia
855 1161 923 1182 cum
941 1152 1017 1196 Rege
1033 1152 1064 1181 in
1080 1151 1209 1182 Terram

513 1199 657 1231 Sanfz‘am
670 1198 848 1244 professuro-

0 1287 76 1319 Ann.
90 1285 130 1316 D.
151 1282 286 1344 REX
302 1283 450 1321 omnibus,
468 1276 530 1314 &e¹
542 1281 665 1312 salutem.

19 1334 104 1365 1253.
251 1322 349 1352 Sciatis
363 1322 456 1361 quod,
475 1331 543 1350 cum
557 1320 674 1350 dileilms
690 1320 723 1350 &
738 1319 825 1350 fidelis
839 1319 934 1350 noster
947 1320 1044 1351 Petrus
1057 1321 1093 1351 de
1107 1320 1212 1350 Sabait-

0 1369 52 1392 An.
71 1374 114 1400 37.
152 1360 212 1397 dia,
229 1360 367 1397 corporali
383 1359 551 1398 Jurarnento
572 1359 751 1397 interposito,
770 1368 819 1395 per
841 1359 941 1390 litteras
955 1359 1013 1390 suas
1027 1359 1053 1389 se
1065 1359 1211 1398 obligasset

0 1408 35 1431 H.
57 1412 84 1438 3.
153 1399 230 1438 quod
244 1398 387 1429 nobiscum
401 1399 429 1427 in
443 1398 563 1427 Terram
577 1396 708 1427 Sanctam
722 1397 904 1433 corporaliter
938 1397 1156 1433 rofieisceretur3

0 1445 58 1470 Pat-
75 1449 120 1476 37.
193 1436 258 1466 Nos
275 1437 299 1466 ei
310 1459 320 1474 ,
344 1445 374 1467 ut
388 1436 453 1465 Rex
474 1434 649 1466 consecratus
664 1435 697 1466 &
712 1435 842 1465 inunctus
854 1459 864 1474 ,
887 1435 906 1466 fi
926 1436 1003 1466 eliter
1018 1437 1212 1476 promisimus,

0 1484 33 1507 Η.
52 1488 77 1515 3.
153 1475 187 1506 δε
205 1474 381 1512 praesentium
405 1483 504 1505 tenore
525 1472 710 1513 obligavimus
730 1473 808 1512 quod
824 1475 849 1504 ei
864 1498 874 1512 ,
896 1476 926 1504 in
949 1474 1100 1506 subsidium
1120 1475 1214 1513 liujus-

0 1527 37 1546 ττι.
56 1526 98 1543 12.
152 1513 231 1543 modi
252 1513 474 1552 peregrinationis
488 1535 498 1551 ,
522 1511 649 1543 dabimus
667 1511 703 1543 de
722 1512 868 1544 Thesauro
887 1513 986 1544 nostro
1005 1514 1107 1544 decem
1129 1514 1213 1544 millia

153 1561 309 1588 marcarum
321 1551 394 1589 apud
410 1551 534 1589 Marsi113

186 1589 225 1620 Et
239 1591 415 1621 inveniemus
429 1591 472 1629 ei,
487 1589 522 1621 ad
533 1588 685 1630 passagium
699 1589 795 1629 suum,
809 1600 895 1621 unam
911 1600 1029 1630 navem,
1047 1590 1213 1622 victualibus

148 1628 182 1660 &
196 1628 352 1659 neceffarii‘s
367 1629 504 1660 munitam
519 1651 528 1666 ,
552 1627 586 1658 ad
608 1627 721 1658 custum
742 1628 888 1665 nostrum3
910 1630 943 1660 &
958 1653 967 1668 ,
990 1640 1058 1661 cum
1079 1638 1214 1668 pervene-

148 1668 236 1698 rimus
250 1668 279 1697 in
292 1667 414 1698 Terram
428 1667 560 1698 Sanctam
568 1690 577 1705 ‚
595 1666 722 1697 dabimus
736 1666 830 1697 eidem
845 1668 884 1698 ibi
898 1669 1000 1708 viginti
1017 1668 1175 1699 dextrarios.

187 1706 291 1737 Medio
303 1714 398 1738 autem
409 1713 539 1743 tempore
551 1705 648 1736 licebit
661 1706 752 1737 eidem
766 1705 853 1737 Petro
867 1705 1001 1746 Negotiis
1015 1707 1080 1746 suis,
1094 1708 1128 1739 &
1143 1706 1214 1737 ami-

147 1754 250 1776 corum
264 1746 376 1776 suorum
390 1743 534 1775 intendere
555 1744 588 1775 ὃ(
604 1754 700 1775 vacare
715 1767 725 1783 ‚
748 1745 782 1776 ὃς
805 1755 857 1775 nos
872 1746 915 1783 ei,
933 1745 967 1775 ad
983 1755 1119 1785 giverram
1136 1745 1212 1777 suam

148 1783 353 1821 sustinendam,
372 1784 405 1814 &
421 1783 536 1820 negotia
551 1782 596 1812 sua
610 1783 723 1813 interim
739 1783 929 1821 expedienda,
946 1784 1156 1822 subveniemus,
1174 1786 1215 1816 se-

147 1823 276 1854 cundum
291 1821 369 1861 quod
387 1823 419 1853 in
438 1822 533 1853 litteris
554 1820 656 1852 nostris
670 1844 680 1860 ‚
705 1832 770 1862 quas
791 1822 855 1853 inde
875 1822 974 1862 habet,
992 1823 1100 1861 plenius
1119 1825 1214 1855 conti-

148 1871 237 1893 netur.

186 1899 220 1930 In
235 1900 328 1938 cujus,
344 1899 406 1930 &c.

186 1975 277 2008 Teste
289 1975 374 2015 Rege
388 1974 461 2014 apud
473 1974 600 2006 Westm.
617 1975 651 2007 18
668 1974 714 2007 die
727 1975 838 2014 Aprilis.

150 2100 200 2133 De
224 2099 310 2144 5500
330 2101 453 2133 Marcis
468 2097 549 2131 datis
576 2101 609 2133 P.
636 2098 671 2132 de
689 2097 843 2132 Sabaudia
862 2111 917 2146 pro
933 2099 1025 2133 eundo
1045 2113 1114 2134 cum
1138 2105 1214 2149 Rege

509 2151 542 2180 in
558 2149 687 2181 Terram
704 2149 860 2182 Sanffam.

0 2239 77 2271 Ann.
90 2238 132 2270 D.
220 2230 284 2264 EX
299 2234 450 2272 omnibus,
469 2233 530 2263 &c.
549 2225 671 2264 salutern.

20 2287 105 2318 ¹253·
230 2311 234 2316 ⁵
252 2271 402 2304 Noveritis
415 2271 509 2316 quod,
530 2281 600 2302 cum
612 2272 729 2303 dileetus
743 2273 776 2304 ὃς
790 2271 874 2303 fidelis
888 2272 983 2303 noster
1001 2273 1099 2304 Petrus
1114 2274 1150 2305 de
1164 2274 1214 2306 Sa-

0 2321 50 2346 An.
68 2327 111 2353 37.
152 2310 266 2349 baudia,
284 2311 320 2341 ad
334 2312 407 2341 bene
428 2312 542 2341 lacitum
555 2310 701 2348 nostrum,
718 2311 881 2348 interposito
897 2313 1036 2350 corporali
1050 2313 1215 2344 Sacramen-

0 2360 29 2383 H.
52 2365 77 2392 3,
153 2357 200 2386 t0,
219 2359 268 2388 per
283 2350 382 2380 litteras
408 2359 452 2380 uas
466 2348 613 2387 Patentes,
630 2349 782 2380 secundum
803 2351 969 2381 earumdem
989 2352 1214 2390 continentiam,

0 2397 54 2422 Par.
73 2403 116 2429 37.
153 2388 179 2417 se
193 2389 272 2418 nobis
285 2387 431 2426 obligasset
446 2387 539 2426 quod,
559 2397 627 2417 cum
639 2389 668 2418 in
682 2388 803 2418 Terram
823 2388 956 2419 Sanitam
970 2390 1022 2420 iter
1035 2391 1216 2430 arripiemus,

0 2436 35 2468 ῌ,
52 2441 76 2469 3,
153 2426 208 2464 ipse
223 2437 277 2456 una
291 2427 439 2457 nobiscum
453 2426 636 2463 corporaliter
652 2426 860 2465 proficiscetur,

0 2479 35 2498 m.
53 2479 96 2507 ¹3·
189 2464 272 2504 Nos,
291 2475 325 2496 ex
340 2465 488 2505 spontanea
501 2463 663 2503 voluntate,
680 2465 713 2496 δε
729 2475 803 2495 mera
818 2465 979 2496 liberalitate
992 2465 1086 2497 nostra
1101 2468 1128 2497 ei
1142 2477 1216 2498 con-

150 2502 296 2541 cessimus,
315 2505 347 2534 δε
361 2503 539 2542 praesentibus
552 2502 647 2533 litteris
663 2502 764 2533 nostris
778 2513 829 2533 nos
849 2504 1036 2541 obligavimus
1054 2505 1129 2546 quod
1144 2529 1155 2545 ,
1179 2506 1215 2537 ad

149 2543 262 2586 negotia
284 2542 328 2572 sua
349 2542 462 2572 interim
482 2540 653 2579 expedienda
667 2564 677 2580 ,
710 2542 760 2572 sibi
785 2541 914 2573 dabimus
934 2543 1059 2582 quinque
1076 2545 1162 2575 millia
1181 2546 1215 2576 ὃς

147 2589 311 2619 quingentas
328 2589 432 2610 marcas
445 2579 656 2618 sterlingorum,
674 2579 745 2610 infra
759 2582 910 2611 triennium
923 2582 1085 2619 proximum
1101 2594 1117 2613 a
1130 2593 1216 2614 com-

149 2619 288 2659 positione
304 2618 498 2657 praesentium,
516 2627 614 2661 praeter
630 2628 662 2648 ea
681 2619 811 2657 quaesibi
832 2620 1009 2658 promisimus
1029 2631 1078 2659 per
1093 2622 1156 2652 alias
1168 2623 1215 2653 lit-

149 2665 219 2688 teras
231 2660 352 2695 noitras,
370 2656 484 2695 quando
498 2656 648 2687 nobiscum
662 2658 712 2687 iter
727 2658 845 2694 arripiet.

187 2696 234 2727 Ad
247 2706 362 2734 quarum
376 2695 491 2735 quIdem
505 2696 630 2736 quinque
642 2696 762 2726 millium
775 2697 808 2728 &
822 2697 1042 2737 quingentarum
1056 2707 1215 2730 marcarum

148 2734 317 2766 solutionem
331 2733 525 2772 affignavimus
533 2756 542 2771 ,

189 2772 221 2805 In
235 2774 330 2811 primis
343 2773 421 2803 mille
439 2772 521 2803 libi-as
535 2795 544 2810 ³
566 2782 633 2811 quas
651 2773 686 2804 ad
699 2783 769 2812 opus
789 2773 870 2804 suurn
884 2781 986 2806 mutuo
999 2777 1161 2815 accepimus
1179 2777 1215 2808 de

149 2811 361 2842 Mercatoribus
374 2811 476 2841 Senen.
491 2811 524 2847 &
539 2810 663 2842 Florem.

186 2850 259 2881 Item
274 2850 351 2881 mille
364 2850 444 2880 libras
456 2850 662 2889 percipiendas,
682 2850 753 2880 infra
765 2851 917 2882 triennium
930 2853 1100 2890 praedi&um
1109 2877 1118 2892 ,
1142 2865 1157 2885 a
1170 2855 1214 2885 di-

147 2889 226 2919 leffito
241 2890 275 2920 &
289 2889 363 2919 fideli
379 2888 477 2919 nostro
489 2888 621 2926 Johanne
643 2889 701 2919 silio
715 2888 858 2929 Galfridi,
872 2891 1031 2929 Justiciario
1046 2893 1144 2924 nostro
1159 2893 1216 2924 Hi-

148 2928 272 2965 berniae3
290 2927 423 2958 videlicet
439 2950 448 2965 ,
474 2927 584 2966 singulis
601 2929 678 2959 annis
693 2951 711 2966 ‚⁷
729 2929 893 2968 quingentas
914 2940 1019 2962 marcas
1032 2955 1042 2970 ,
1065 2933 1094 2963 in
1115 2933 1215 2972 quibus

172 2966 299 2996 raedietus
311 2966 455 3004 Johannes
471 2966 553 2995 nobis
572 2975 680 2997 tenetur
695 2976 747 3004 pro
762 2967 891 2999 custodia
914 2976 995 3000 terrae
1015 2971 1049 3002 δε
1068 2971 1214 3003 haeredum

180 3004 311 3034 heobaldi
327 3004 352 3034 le
367 3004 497 3042 Butiller,
516 3004 548 3034 ὃ(
558 3006 710 3043 maritagio
724 3006 890 3037 eorumdem
903 3007 1059 3044 haeredum.

188 3042 327 3072 Praeterea
341 3041 535 3082 affignavimus
548 3044 685 3081 proedffito
704 3043 791 3074 Petro
810 3045 975 3084 proficuum
987 3071 998 3087 ,
1022 3056 1156 3088 quantum
1176 3057 1217 3080 at-

150 3080 260 3111 trahere
274 3081 445 3120 poterimus,
462 3081 498 3111 de
514 3081 639 3113 custodia
654 3091 788 3113 terrarum
803 3106 813 3122 ,
837 3094 901 3123 quae
914 3085 1026 3118 fuerunt
1042 3086 1162 3119 Geroldi
1179 3088 1215 3120 de

0 3119 53 3148 ³1.
65 3118 133 3159 489.
151 3118 354 3163 Prendregest,
373 3119 406 3150 &
421 3119 616 3163 de'maritagio
630 3120 649 3140 ⁴*
665 3121 811 3166 haeredum
830 3123 911 3162 ipsius
925 3123 1062 3165 Geroldi,
1080 3128 1127 3167 qui
1142 3129 1216 3158 exie-

151 3166 215 3189 runt
231 3158 266 3188 de
281 3157 336 3188 filia
345 3157 482 3202 johannis
499 3158 534 3189 de
546 3156 668 3202 Cogan3
685 3160 718 3191 ὃς
732 3168 817 3191 etiam
832 3169 926 3192 totum
941 3163 1103 3201 proficuum
1112 3190 1121 3204 ,
1136 3167 1214 3204 quod

151 3195 287 3227 attrahere
299 3203 453 3234 poterimus
466 3196 501 3227 de
515 3196 642 3227 custodia
655 3205 791 3229 terrarum
807 3222 817 3237 ,
839 3209 904 3240 quae
917 3201 1031 3234 fuerunt
1044 3204 1168 3236 Roberti
1183 3204 1216 3235 fi-

150 3234 331 3304 gietRicardi‚
349 3235 383 3266 &
398 3236 542 3274 maritagio
554 3235 698 3266 haeredum
711 3236 826 3267 suorum
837 3239 922 3279 usque
935 3241 970 3272 ad
989 3241 1128 3274 summam
1143 3254 1217 3285 prae-

171 3285 181 3305 i
211 3283 265 3305 am.

188 3312 226 3343 Et
240 3335 250 3350 ,
274 3311 293 3342 si
306 3311 372 3350 quid
390 3309 509 3341 defuerit
527 3310 563 3341 de
577 3311 714 3342 solutione
733 3313 850 3345 summae
872 3317 1073 3356 praediCtarum
1092 3320 1216 3360 quinque

153 3352 274 3382 millium
294 3351 326 3381 &
342 3349 557 3388 quingentarum
577 3360 734 3381 marcarum
747 3374 758 3390 ,
781 3356 975 3390 promittimus
990 3358 1068 3395 quod
1082 3359 1148 3391 iilud
1166 3361 1216 3392 fibi

153 3389 329 3435 perficiemus
343 3389 372 3421 in
389 3387 488 3432 wardis
501 3388 546 3417 vel
565 3390 711 3429 maritagiis
723 3412 732 3428 ,
755 3392 850 3430 primo
869 3394 951 3424 nobis
967 3399 1103 3428 vacaturis
1151 3409 1215 3436 quae

152 3429 209 3469 ipse
224 3428 321 3458 melius
337 3426 445 3456 duxerit
459 3426 629 3463 acceptanda
642 3437 649 3456 :
674 3428 717 3459 Ita
729 3429 806 3468 quod
818 3430 896 3461 alteri
911 3442 942 3463 ea
956 3433 1020 3465 dare
1033 3435 1079 3466 vel
1094 3421 1216 3468 vendere

155 3478 215 3513 non
237 3467 397 3504 debemus,
408 3464 501 3495 donec
524 3465 690 3503 praedidtam
707 3468 845 3499 summam
868 3473 999 3508 pecuniae
1019 3473 1070 3505 sibi
1091 3476 1218 3514 perfece-

155 3516 251 3539 rimus.

190 3545 226 3576 In
240 3545 335 3583 cujus,
355 3543 416 3574 &e-

190 3620 280 3652 Teste
293 3620 376 3660 Rege
388 3619 461 3659 apud
473 3618 570 3650 West.
588 3618 622 3649 18
635 3618 679 3649 die
695 3618 803 3657 Aprilis.

431 3754 490 3784 Pro
508 3753 628 3798 Magno
645 3749 769 3783 Haerede
789 3753 934 3788 Manm‘ae.

0 3843 88 3877 OEnn.
101 3841 144 3875 D·
163 3835 252 3896 Μ
261 3835 364 3866 Haeres
374 3835 503 3867 Manniae
517 3837 550 3868 &
563 3835 713 3867 Insularum
722 3859 731 3873 ,
747 3846 815 3867 cum
834 3835 938 3869 familia
953 3840 1014 3879 sua,
1032 3841 1116 3875 habet
1129 3845 1218 3875 literas

30 3891 116 3923 1253,
268 3874 356 3914 Regis
373 3875 408 3919 de
429 3875 575 3920 condusiii
598 3876 627 3905 in
649 3875 743 3905 eundo
762 3885 810 3916 per
828 3875 996 3913 potestatem
1016 3880 1104 3922 Regis
1124 3884 1218 3916 versus

9 3925 63 3951 An.
78 3931 123 3959 37.
163 3912 445 3990 paffitllNl—lutgr’wgacgciz—e,
462 3914 495 3949 &
509 3914 575 3945 inde
588 3913 740 3944 redeundo.

195 4024 285 4058 Teste
298 4025 386 4071 Rege,
395 4029 469 4069 apud
482 4029 612 4063 Merton.
629 4037 666 4070 30
677 4028 722 4060 die
735 4029 847 4070 Aprilis.

1263 169 1295 210 Ρ
1333 169 1379 210 U
1416 170 1449 210 B
1485 168 1519 208 L
1557 169 1573 210 1
1610 171 1650 212 c
1685 170 1734 212 A.
2227 183 2302 224 173

2323 255 2455 289 Ast-.,D„

2347 299 2429 332 1253.

2325 333 2389 358 Heu.
2411 342 2435 370 3.

1630 347 1678 378 De
1694 346 1820 393 pafflzgio
1839 350 1934 394 Regis.

1248 427 1376 484 REX
1393 427 1636 472 Archiepiscopis,
1653 429 1813 469 Episcopis,
1831 430 2010 470 Comitibus,
2029 429 2309 470 Baronibus,Militi-
2328 436 2379 460 An.
2395 444 2438 471 37.

1311 468 1378 505 bus,
1397 468 1430 498 &
1445 468 1577 497 omnibus
1591 468 1647 497 aliis
1661 469 1854 508 crucesignatis
1869 469 2015 500 Hiberniae
2031 471 2150 500 salutem.
2326 475 2358 497 H.
2380 482 2405 509 3.

1285 505 1383 536 Sciatis
1402 505 1479 545 quod
1497 506 1646 542 juravimus
1662 507 1695 538 &
1715 507 1858 537 statuimus
1874 509 2024 548 passagium
2046 508 2174 539 nostrum
2193 509 2222 538 in
2234 507 2309 538 Ter-
2326 513 2384 536 Pat-
2396 520 2440 547 37.

1248 551 1306 585 ram
1323 544 1456 575 Sameram
1470 554 1484 573 a
1498 543 1570 574 festo
1585 544 1680 574 Sanffi
1692 544 1828 581 Johannis
1841 545 1986 584 Baptistae,
2002 556 2076 577 anno
2084 547 2207 577 Domini
2226 556 2308 587 1253.
2327 551 2353 573 H
2384 558 2410 584 3.

1249 590 1279 612 ln
1297 591 1349 614 tres
1360 593 1465 619 annos;
1484 582 1560 620 quod
1579 584 1662 613 etiam
1684 582 1830 614 Dominus
1847 583 1921 621 Papa
1942 585 2134 615 confirmavit:
2156 586 2216 623 Ac,
2235 585 2308 624 apud
2324 596 2349 612 n·
2367 596 2413 624 23.

1247 620 1352 652 Marsil.
1369 630 1443 651 mare
1458 621 1567 659 ingredi
1589 631 1776 661 proponentes
1788 646 1797 661 ,
1822 623 1968 653 trastatum
1987 633 2075 660 nuper
2089 624 2251 662 habuimus,
2269 624 2309 654 ob

1246 658 1375 690 nostrum
1390 660 1422 690 ὃς
1437 660 1560 690 vestrum
1582 660 1786 697 commodum,
1805 661 1884 700 super
1902 661 1979 692 dicto
2000 661 2119 701 passagio
2134 672 2199 692 cum
2216 662 2310 699 probis

1246 697 1412 741 hominibus
1425 697 1530 728 Marsil.
1548 708 1617 736 quos
1636 697 1670 728 ad
1690 709 1742 729 nos
1762 700 1791 729 in
1814 699 1945 739 Angliam
1964 700 2060 730 venire
2071 709 2183 739 propter
2196 700 2254 730 hoc
2269 699 2310 731 fe-

1247 745 1349 766 cimus.

1285 773 1323 804 Et
1339 774 1403 804 ideo
1417 774 1498 806 vobis
1511 775 1690 813 mandamus,
1714 785 1842 815 rogantes
1857 776 1949 816 quod,
1967 776 2002 807 ad
2018 784 2109 806 certos
2122 775 2197 806 diem
2213 777 2245 807 &
2265 776 2311 807 lo-

1249 822 1334 849 cum,
1352 814 1523 843 conveniatis
1539 813 1572 843 ad
1588 813 1730 844 sciendum
1747 825 1816 853 quot
1830 839 1839 853 ‚
1862 817 1895 846 &
1911 816 1958 853 qui
1974 814 2101 846 vesti-sim
2119 814 2266 844 nobiscum
2278 816 2310 844 in

1247 849 1368 894 Terram
1388 850 1519 881 Sameram
1541 851 1715 890 personaliter
1735 853 1967 892 proficiscentur,
1992 854 2026 884 &
2047 852 2084 883 de
2106 863 2226 883 numero
2245 862 2311 882 orn-

1249 898 1329 918 nium
1344 889 1455 919 illorum
1469 900 1521 920 nos
1540 891 1596 920 fine
1609 889 1742 920 dilatione
1764 892 1896 922 distinete
1914 893 1947 922 &
1967 899 2061 929 aperte
2075 891 2255 929 certificeti33
2279 898 2310 920 ut

1249 926 1286 955 de
1299 927 1395 957 securis
1410 928 1542 964 navibus,
1561 937 1661 958 contra
1675 929 1842 966 praedietum
1855 931 2007 970 passagium
2022 952 2032 968 ,
2053 929 2087 960 ad
2100 939 2170 968 opus
2185 929 2310 961 vestrum

1252 964 1285 995 &
1300 965 1444 1003 nostrum,
1462 966 1600 1004 provideri
1616 966 1758 998 faciamus.

1288 1001 1322 1032 In
1337 1004 1431 1042 cujus,
1448 1005 1509 1035 &c.

1286 1079 1376 1110 Teste
1391 1079 1474 1119 Rege
1487 1079 1563 1120 apud
1575 1079 1619 1110 W
1621 1079 1702 1110 estm.
1714 1090 1733 1119 9
1746 1080 1791 1111 die
1805 1080 1885 1111 Maii.

1286 1159 1359 1225 {tem
1373 1156 1531 1226 gnandgctum
1546 1155 1583 1196 est
1598 1156 1820 1196 Archiepiscopis,
1838 1156 1985 1198 Epifiopis,
2002 1156 2062 1192 &a
2076 1160 2177 1188 Scotiae.

1302 1206 1320 1225 n
1336 1206 1431 1234 cuius,
1484 1205 1510 1226 e.

1286 1271 1376 1303 Teste
1397 1279 1428 1302 ut
1438 1274 1533 1321 [supra.

1297 1402 1345 1433 De
1366 1399 1509 1446 Conftnfh
1529 1403 1616 1448 Regis
1633 1403 1670 1438 (θ
1693 1403 1884 1447 Magnatum
1903 1401 2022 1447 Angliae
2039 1403 2070 1432 in
2086 1403 2271 1433 Sententiam

1614 1452 1950 1482 Excommunicasionis.

1336 1533 1458 1565 Overint
1471 1534 1604 1572 universi,
1641 1533 1697 1564 uod
1712 1534 1858 1564 Dominus
1871 1534 1912 1564 H.
1928 1534 1992 1565 Rex
2008 1533 2119 1569 Angliae
2131 1533 2256 1572 illustris,
2274 1533 2315 1564 R.
2331 1543 2406 1574 Arm,
2422 1543 2463 1574 D,

1336 1572 1445 1603 Comes
1461 1572 1561 1602 Norff.
1576 1574 1609 1603 &
1666 1573 1807 1604 arescallus
1822 1573 1934 1612 Angliae
1948 1598 1958 1610 ‚
1983 1573 2023 1603 H.
2040 1572 2148 1605 Comes
2163 1573 2314 1603 Hereford.
2352 1591 2434 1621 1253,

1250 1613 1283 1642 &
1300 1611 1400 1650 Effex,
1415 1611 1444 1650 J
1460 1610 1571 1642 Comes
1584 1611 1619 1641 de
1633 1612 1829 1650 Warrevvico,
1847 1611 1944 1641 Petrus
1959 1612 1994 1642 de
2012 1611 2187 1650 Sabbaudia,
2205 1613 2314 1642 caeteri-
2331 1626 2383 1650 Aa.
2403 1631 2446 1658 37,

1250 1660 1306 1689 que
1319 1649 1465 1690 Magnates
1480 1650 1526 1680 An
1547 1650 1608 1689 liae,
1628 1651 1825 1680 consenserunt
1843 1651 1871 1679 in
1886 1650 2056 1680 Sententiam
2076 1649 2318 1681 Excommunica—
2335 1666 2367 1687 H.

1252 1690 1336 1718 tionis
1349 1689 1512 1728 generaliter
1536 1697 1611 1719 atam
1623 1688 1697 1726 apud
1705 1689 1830 1720 Westm.
1845 1690 1928 1720 tertio
1944 1689 2060 1719 decimo
2075 1689 2120 1720 die
2134 1688 2225 1727 Maii,
2239 1699 2315 1720 anno
2334 1703 2391 1727 pas,
2401 1708 2446 1734 37,

1250 1726 1298 1757 Re
1319 1728 1348 1757 ni
1363 1728 1453 1764 Regis
1467 1727 1594 1767 praedksti
1615 1736 1651 1767 37
1663 1750 1672 1764 ,
1690 1728 1719 1757 in
1733 1728 1785 1758 hac
1798 1729 1905 1765 forma,
1924 1727 2046 1766 scilicet,
2334 1742 2368 1765 H.
2389 1747 2413 1772 3,

1288 1736 1379 1803 {uod
1392 1766 1509 1797 vinculo
1522 1766 1645 1806 praefatae
1652 1766 1803 1796 Sententiae
1815 1766 1939 1803 ligentur
1951 1777 2052 1796 omnes
2061 1789 2070 1804 ,
2088 1767 2231 1796 venientes
2244 1775 2316 1796 con·
2332 1786 2369 1804 m,
2389 1775 2463 1803 12.d.

1253 1813 1294 1835 tra
1310 1805 1467 1843 libertates,
1487 1812 1631 1835 contentas
1646 1805 1675 1834 in
1691 1804 1782 1835 Carris
1797 1806 1999 1835 communium
2013 1805 2172 1835 libertatum
2189 1804 2318 1843 Angiiae,

1251 1844 1285 1874 δε
1301 1843 1337 1873 de
1351 1842 1481 1880 Foresta3
1499 1844 1533 1873 &
1550 1853 1650 1874 omnes
1663 1844 1710 1882 qui
1725 1843 1863 1874 libertates
1876 1843 2010 1873 Ecclesiae
2027 1842 2193 1881 Anglicanae
2208 1866 2218 1880 ,
2244 1851 2315 1872 tem-
2361 1864 2364 1866 -

1251 1882 1368 1922 poribus
1380 1881 1600 1920 DominiRegis
1611 1882 1645 1913 &
1656 1882 1892 1919 praedecefforum
1908 1882 2037 1919 suorum,
2056 1880 2172 1919 Regum
2185 1880 2317 1919 Angliae,

1251 1929 1380 1959 optentas
1393 1921 1426 1951 ὅτ
1441 1920 1562 1958 usitatas,
1580 1919 1698 1951 scienter
1713 1921 1746 1951 ὃς
1763 1920 1897 1950 malitiose
1916 1920 2098 1958 violaverint,
2117 1927 2163 1950 aut
2178 1920 2318 1957 infringe-

1251 1969 1282 1990 re
1315 1959 1531 1997 raesumpserint:

1288 1969 1326 2028 Et
1342 2007 1441 2027 omnes
1455 1997 1494 2027 illi
1508 1997 1556 2034 qui
1571 2006 1670 2034 pacem
1686 1996 1809 2028 Domini
1823 1996 1909 2036 Regis
1923 1997 1955 2028 &
1970 1998 2048 2037 regni
2063 1996 2298 2034 perturbaverint:

1288 2036 1326 2067 Et
1345 2036 1471 2066 similiter
1490 2045 1591 2066 omnes
1607 2037 1655 2074 qui
1667 2036 1727 2074 jura
1747 2037 1780 2067 &
1802 2036 1939 2066 libertates
1953 2036 2043 2073 Regis
2064 2036 2097 2067 &
2119 2034 2218 2073 Regni
2234 2035 2319 2065 dimi-
2366 2042 2369 2044 ·

1251 2085 1355 2113 nuere,
1372 2076 1542 2114 infringere,
1560 2074 1607 2104 seu
1621 2075 1771 2106 immutare
1787 2074 2023 2111 praesumpserint:

1288 2113 1328 2144 Et
1342 2113 1419 2152 quod
1442 2122 1542 2143 omnes
1557 2136 1566 2150 ‚
1589 2113 1733 2144 venientes
1754 2121 1853 2143 contra
1874 2112 2030 2152 praemissa,
2048 2112 2093 2143 vel
2112 2122 2215 2142 eorum
2231 2112 2320 2151 aliqua

1253 2154 1415 2192 ignoranter
1432 2175 1441 2190 ,
1463 2152 1587 2189 legitime
1606 2152 1729 2189 moniti,
1756 2151 1827 2181 infra
1851 2152 2022 2189 quindenam
2042 2150 2105 2187 post
2128 2151 2320 2181 monitionem

1252 2190 1425 2229 praemiffam
1440 2214 1449 2229 ,
1477 2190 1586 2221 dietam
1606 2190 1846 2228 transgressionem
1868 2200 1928 2219 non
1950 2190 2184 2228 emendaverint,
2213 2197 2319 2220 extunc

1252 2229 1398 2270 praedietae
1413 2229 1432 2249 ³*
1445 2229 1597 2260 Sententiae
1610 2228 1923 2259 Excommunieationis
1935 2228 2134 2266 subjacebunt,

1289 2268 1330 2299 Ita
1349 2276 1444 2299 tamen
1459 2291 1469 2304 ,
1494 2267 1571 2306 quod
1593 2267 1738 2298 Dominus
1753 2266 1817 2298 Rex
1834 2266 2076 2307 transgressionem
2091 2265 2166 2296 illam
2181 2275 2230 2303 per
2246 2274 2319 2296 con-

1251 2307 1446 2338 siderationem
1459 2305 1556 2337 Curiae
1571 2305 1626 2336 suae
1643 2306 1725 2337 faciat
1739 2306 1889 2336 emendari.

1288 2346 1445 2376 Sciendum
1461 2353 1555 2375 autem
1570 2344 1648 2381 quod
1662 2367 1671 2382 ,
1697 2345 1716 2374 ii
1732 2345 1760 2374 in
1776 2345 1880 2382 scriptis
1897 2366 1906 2381 ,
1930 2343 2008 2382 super
2027 2343 2124 2375 eadem
2145 2341 2290 2373 Sententia
2307 2352 2323 2373 a

1253 2384 1464 2423 quibuscunque
1486 2383 1626 2413 conferitis
1643 2383 1688 2413 seu
1708 2382 1891 2414 conficiendis
1905 2405 1914 2420 ,
1939 2382 2030 2420 aliud,
2049 2381 2095 2413 vel
2116 2381 2191 2412 aliter
2213 2380 2322 2420 apposi-

1253 2431 1330 2467 tum,
1349 2423 1395 2453 vel
1408 2422 1550 2460 adjectum
1565 2421 1665 2459 fuerit,
1683 2430 1731 2452 aut
1750 2421 1858 2452 articuli
1872 2421 1954 2459 aliqui
1970 2421 2015 2451 alii
2029 2421 2057 2451 in
2075 2421 2113 2451 eis
2134 2420 2263 2451 contenti
2276 2420 2322 2449 in-

1254 2469 1401 2491 veniantur
2286 2483 2289 2486 ,

1293 2483 1439 2529 Domin’us
1455 2497 1537 2536 Rex,
1552 2499 1585 2529 &
1609 2498 1736 2537 praedie'ti
1759 2497 1908 2536 Magnates
1928 2504 2029 2527 omnes
2043 2520 2052 2536 ‚
2075 2498 2108 2528 ὃ(
2123 2496 2324 2527 Communitas

1254 2538 1351 2577 populi
1367 2536 1551 2576 protestantur
1565 2537 1694 2575 publice,
1710 2537 1738 2566 in
1750 2537 1893 2574 praesentia
1906 2536 2107 2567 venerabilium
2116 2535 2249 2574 Parrum,
2265 2534 2322 2564 Bo-

1254 2577 1368 2615 nifacii,
1388 2575 1445 2605 Dei
1459 2574 1548 2611 gratia
1562 2574 1765 2605 Cantuariensis
1781 2574 1990 2614 Archiepiscopi
2001 2597 2010 2611 ,
2029 2576 2113 2604 totius
2129 2574 2244 2611 Angliae
2259 2573 2323 2603 Pri-

1254 2616 1352 2653 matis,
1370 2623 1485 2644 necnon
1499 2614 1531 2644 ὃς
1546 2613 1754 2652 Episcoporum
1769 2614 1918 2651 omnium,
1937 2614 1966 2642 in
1980 2612 2084 2643 eodem
2096 2611 2254 2653 Colloquio
2267 2612 2324 2642 exi-

1253 2653 1407 2691 stentium,
1421 2651 1498 2691 quod
1514 2653 1542 2682 iii
1558 2662 1590 2682 ea
1606 2662 1752 2691 nunquam
1765 2651 1962 2683 consenserunt
1974 2674 1984 2690 ,
2002 2661 2056 2682 nec
2072 2651 2267 2689 consentiunt,
2285 2650 2324 2681 set
2375 2654 2377 2657 '

1255 2692 1291 2724 de
1305 2692 1389 2729 plano
1404 2692 1444 2721 eis
1459 2690 1666 2721 contradicunt.
2315 2691 2318 2692 ’

1293 2729 1448 2767 Praeterea,
1471 2729 1600 2769 praefatus
1614 2729 1760 2760 Dominus
1779 2728 1845 2759 Rex
1860 2752 1870 2767 ,
1895 2729 1924 2759 in
1945 2728 2100 2768 prolatione
2113 2727 2236 2768 praefatae
2255 2726 2326 2758 Seri-

1255 2770 1350 2801 tentiae
1364 2778 1465 2799 omnes
1479 2768 1631 2807 libertates,
1649 2776 1747 2799 contra
1770 2767 1985 2798 consuetudines
2005 2769 2087 2805 regni
2104 2766 2189 2797 nostri
2203 2767 2258 2796 anti
2280 2775 2327 2796 uas

1255 2809 1289 2839 &
1305 2808 1427 2845 usitataS,
1447 2807 1480 2837 δε
1493 2806 1638 2846 dignitates
1652 2830 1661 2845 ,
1687 2806 1802 2845 &jura
1817 2805 1944 2836 Coronae
1966 2806 2021 2836 suae
2035 2829 2045 2844 ,
2069 2815 2119 2835 ore
2139 2806 2253 2845 proprio
2277 2814 2326 2842 pe-

1255 2847 1359 2878 cialiter
1376 2846 1443 2884 sibi,
1461 2846 1495 2876 &
1509 2855 1601 2883 regno
1614 2846 1663 2876 suo
1676 2844 1801 2884 salvavit,
1820 2846 1853 2877 &
1867 2846 1987 2884 excepit.

1292 2884 1325 2917 In
1340 2886 1418 2923 cujus
1436 2885 1474 2914 rei
1491 2885 1661 2914 memoriam
1674 2907 1683 2922 ,
1708 2884 1742 2914 &
1764 2885 1793 2914 in
1809 2882 1955 2921 posterum
1972 2883 2092 2913 veritatis
2112 2880 2327 2920 testimonium,

1254 2924 1312 2955 tam
1325 2923 1470 2954 Dominus
1488 2922 1552 2953 Rex
1567 2946 1577 2961 ‚
1603 2924 1687 2961 quam
1707 2922 1835 2961 praediffi
1852 2921 1982 2952 Comites
1996 2944 2005 2960 ,
2028 2922 2061 2950 ad
2078 2920 2239 2951 instantiam
2256 2921 2325 2951 alio-

1253 2973 1316 2994 rum
1337 2962 1509 3000 Magnarum
1525 2984 1534 2999 ,
1559 2962 1592 2993 δε
1609 2960 1707 3002 populi
1719 2984 1730 3000 ,
1754 2960 1884 3000 praesenti
1898 2960 2003 3000 scripto
2021 2960 2106 3001 sigilla
2125 2959 2171 2990 sua
2190 2959 2324 3000 apposue-

1253 3009 1328 3033 runt.

2336 2242 2355 2262 ὃ*
2364 2244 2387 2271 Ι.
2401 2251 2470 2281 490.

1435 3135 1484 3166 De
1500 3128 1619 3164 Foedere
1639 3129 1790 3177 conjugali
1806 3141 1874 3162 cum
1894 3132 1971 3177 Rege
1989 3128 2149 3176 Hispaniis.

1254 3225 1382 3283 REX
1399 3224 1541 3256 carissimo
1555 3224 1764 3265 consanguineo
1778 3224 1827 3255 suo
1841 3223 1878 3254 A.
1895 3223 1994 3255 eadem
2028 3223 2112 3260 rarii,
2130 3221 2227 3253 illustri
2242 3221 2320 3259 Regi
2340 3233 2417 3264 ΑΜ,
2429 3231 2475 3271 DJ«

1319 3264 1433 3296 Castell.
1454 3263 1551 3294 Tolet.
1574 3262 1696 3300 Legion.
1719 3262 1823 3294 Gallie.
1836 3262 1927 3294 Sibill.
1943 3261 2006 3292 Cor
2028 3263 2075 3292 ub.
2096 3259 2195 3292 Mure.
2216 3261 2249 3292 δε
2264 3260 2320 3291 Gi-
2362 3281 2446 3312 1253·

1254 3303 1339 3333 henn.
1355 3303 1493 3340 Salutem,
1511 3303 1544 3333 &
1562 3301 1696 3340 quicquid
1712 3301 1813 3341 Regiae
1827 3302 1964 3332 convenit
1982 3299 2144 3330 celsitudini.
2340 3315 2392 3339 An.
2409 3319 2455 3350 37·

1294 3341 1369 3373 Inter
1386 3342 1468 3371 claras
1479 3340 1617 3378 &pientiae
1630 3341 1662 3371 δε
1676 3340 1892 3372 mansuetudinis
1907 3339 2006 3369 vestrae
2021 3338 2131 3374 laudes,
2148 3347 2228 3377 quae,
2246 3337 2321 3375 quasi
2342 3355 2378 3377 H.
2402 3360 2427 3377 a,

1254 3380 1326 3411 sidus
1344 3380 1464 3411 emicans
1478 3403 1488 3417 ,
1507 3388 1557 3418 per
1572 3378 1688 3409 diversas
1706 3379 1806 3410 mundi
1821 3387 1909 3419 partes
1922 3377 2050 3407 irradiant
2065 3399 2074 3414 ,
2099 3376 2145 3405 illa
2163 3375 2322 3406 dilectionis
2341 3370 2473 3425 ,pat—³37„

1255 3418 1356 3449 vestrae
1369 3426 1432 3457 erga
1447 3427 1498 3447 nos
1510 3426 1651 3455 concepta
1662 3417 1775 3448 suavitas
1789 3440 1798 3455 ,
1822 3426 1870 3456 per
1903 3425 1967 3445 uam
1983 3415 2063 3444 nobis
2079 3414 2192 3458 adjungi
2207 3413 2322 3454 satagitis
2340 3432 2374 3454 H.
2398 3436 2423 3464 3,

1255 3466 1365 3488 mutuae
1379 3457 1538 3488 dilectionis
1555 3455 1661 3487 affedhi
1675 3479 1686 3495 ,
1713 3466 1765 3486 nos
1781 3456 1876 3488 habun
1897 3454 1986 3484 antius
1999 3454 2101 3484 excitat
2116 3453 2149 3483 ὅτ
2165 3452 2275 3484 inducit
2289 3461 2321 3485 ut
2339 3476 2377 3494 m,
2390 3474 2431 3502 ¹3·
2448 3464 2476 3493 J,

1256 3496 1404 3527 sinceritati
1419 3494 1533 3532 vestr-x,
1553 3495 1583 3524 in
1599 3495 1699 3533 quibus
1709 3495 1870 3534 pofliimuS,
1891 3493 2056 3530 placeamus.
2077 3529 2082 3534 ι
2125 3529 2131 3534 ¹

1292 3533 1373 3566 Cum
1390 3535 1473 3573 igitur
1492 3532 1571 3563 nullo
1590 3533 1810 3571 competentiori
1829 3532 1920 3561 modo
1942 3532 2013 3560 inter
2035 3529 2180 3568 Principes
2199 3530 2323 3561 amicitia

1257 3582 1354 3605 mutua
1369 3571 1547 3603 contrahatur
1562 3594 1572 3609 ,
1597 3572 1681 3608 quam
1698 3581 1746 3610 per
1760 3569 1911 3602 vinculum
1930 3568 2045 3598 foederis
2065 3568 2240 3608 conjugalis,
2256 3569 2326 3600 sere-

1259 3613 1345 3643 nitate
1357 3611 1447 3642 vestra
1462 3609 1528 3641 illud
1542 3609 1706 3647 affectante,
1724 3609 1759 3640 de
1771 3618 1830 3646 quo
1845 3617 1904 3638 non
1920 3605 2067 3637 modicum
2081 3607 2272 3646 gratulamur3

1295 3650 1381 3688 Nos,
1398 3650 1462 3679 vice
1473 3648 1562 3686 versa,
1577 3648 1695 3678 eandem
1708 3647 1859 3678 amicitiam
1872 3653 2033 3685 perpetuare
2046 3644 2188 3684 volentes,
2203 3645 2237 3676 ad
2251 3656 2325 3677 con-

1258 3689 1474 3720 summationem
1489 3687 1559 3717 iilius
1577 3685 1691 3726 foederis
1733 3685 1935 3724 rosequendarn
1953 3683 2072 3714 dileetos
2090 3684 2172 3714 nobis
2192 3684 2222 3715 in
2237 3684 2325 3716 Chri-

1259 3728 1304 3758 sto
1320 3726 1506 3758 venerabilem
1520 3724 1636 3755 Patrem
1643 3724 1695 3755 W.
1704 3695 1878 3764 ffipiscopum
1892 3722 2010 3753 Bathon.
2023 3722 2057 3752 δε
2071 3720 2182 3753 fidelem
2192 3722 2322 3754 nostrum

1254 3766 1419 3806 Johannem
1434 3763 1575 3795 Maunsell
1588 3762 1796 3793 Cancellarinm
1811 3761 1946 3791 London.
1965 3769 1999 3790 ac
2021 3760 2207 3800 Praepositum
2221 3761 2325 3792 Bever-

1259 3805 1337 3836 laciae
1353 3803 1539 3834 Secretarium
1555 3801 1686 3832 nostrum
1701 3824 1711 3839 ,
1736 3800 1934 3832 Procuratores
1955 3797 2066 3830 nostros
2086 3798 2121 3830 &
2135 3798 2273 3831 Nuncios
2291 3799 2325 3831 ad

1259 3842 1461 3878 maenitudinis
1471 3840 1572 3871 vestrae
1586 3839 1762 3877 praesentiam
1776 3838 1959 3869 destinamus:

1297 3881 1433 3920 Qorum
1447 3880 1594 3910 tractatum
1608 3879 1641 3909 &
1655 3878 1764 3909 factum
1773 3900 1781 3915 ‚
1800 3878 1877 3907 circa
1896 3876 2030 3915 praemiffi
2046 3876 2162 3907 foederis
2176 3874 2324 3906 vinculum

1260 3918 1502 3955 contrahendum,
1517 3916 1698 3954 conjunffim
1712 3916 1757 3947 vel
1773 3915 1901 3953 divisim,
1918 3923 2009 3945 ratum
2028 3915 2063 3946 ὃς
2080 3914 2195 3945 firmum
2210 3913 2325 3944 habebi-

1259 3968 1322 3989 mus
1334 3959 1368 3988 &
1385 3957 1538 3993 habemus,
1554 3955 1636 3985 omni
1650 3955 1741 3993 specie
1756 3954 1926 3993 calumpnias
1939 3953 2174 3995 circumscriptas

1297 3995 1413 4025 Plenam
1428 3994 1522 4024 dantes
1533 3993 1636 4024 eisdem
1650 3991 1836 4031 potestatem,
1854 3991 2035 4030 conjunctim
2053 3991 2098 4023 vel
2117 3989 2227 4020 divisim
2260 3997 2325 4018 om-

1258 4035 1306 4064 nia
1317 4044 1348 4064 ea
1363 4032 1520 4073 explicandi
1535 4033 1569 4064 &
1583 4031 1683 4073 agendi
1695 4055 1719 4070 ‚„
1730 4041 1795 4071 quae
1808 4031 1843 4061 ad
1885 4030 2040 4061 raemiffum
2062 4039 2097 4059 ne
2116 4029 2209 4059 otium
2235 4027 2326 4071 uerint

1259 4071 1424 4110 necessaria,
1440 4071 1474 4104 ὃ(
1487 4080 1552 4110 quae
1570 4080 1624 4103 nos
1643 4071 1694 4109 ipsi
1714 4070 1857 4140 praesYenn'a
1872 4071 1921 4101 iter
1935 4069 2027 4102 facere
2046 4077 2087 4109 po
2109 4076 2189 4098 emus
2201 4065 2236 4097 ad
2255 4065 2330 4142 {¹⁶}

1827 4117 1841 4146 3
2225 4113 2261 4134 ne
2279 4112 2299 4133 0
2323 4113 2332 4132 ι
