2560 4261
46 212 126 244 Ann.
140 212 181 246 D.

49 253 136 285 1182.

47 468 112 494 Hm.
130 475 157 494 2.

45 504 125 531 Alex.
143 515 169 542 3.

47 545 88 569 Ex
101 546 161 571 Au-

45 586 111 617 tegr-

40 1434 106 1461 Jx'en.
120 1439 133 1458 2
141 1451 147 1458 .

40 1470 118 1499 Alex.
138 1479 163 1507 3.

41 1512 84 1537 Ex
97 1511 155 1536 Au-

40 1554 106 1583 ευρ.

42 1735 159 1768 ⁸1.6i.

36 2436 100 2463 Hm.
116 2436 142 2462 2ss

34 2472 114 2503 Alex.
127 2483 153 2512 3.

202 115 254 142 20

202 276 383 310 Alexander
408 280 488 320 Papa
509 271 664 316 confirmat
690 270 816 306 Roberto
837 270 874 305 de
896 270 1115 305 Chedelewurd
1141 281 1273 318 quatuor

278 324 382 359 Hidas
403 324 500 357 Terra
520 324 551 353 in
568 319 734 357 chedelew.
755 320 850 356 eidem
871 321 1008 368 conccffizs
1027 333 1049 355 a
1068 325 1186 355 Mona-

591 367 653 403 chis
667 370 705 405 de
722 369 877 405 Abendon.

264 457 406 489 Lexander
421 455 445 487 E
468 455 592 496 iscopus‚
610 454 702 487 servus
715 455 859 488 servorum
880 457 955 496 Dei,
973 457 1078 487 dilecm
1100 455 1172 486 Filio
1187 453 1268 499 Rob.

269 497 304 528 de
319 496 448 527 Cheddei
461 495 558 526 ewurd
577 494 695 527 Clerico
715 495 841 528 Salutem
863 496 896 527 ὃς
917 495 1116 535 Apostolicam
1136 494 1272 525 Benedic-

203 544 319 567 tionem.

238 574 323 613 Justis
335 573 492 614 petentium
506 571 642 604 desideriis
655 571 774 612 dignum
792 572 833 603 est
850 582 902 603 iios
922 571 1034 602 facilem
1054 572 1184 612 praebere
1198 582 1271 602 con-

200 613 308 644 sensum
319 635 330 652 ,
353 613 387 644 &
408 621 475 643 vota
489 635 500 651 ,
523 621 588 652 quae
600 621 616 641 a
631 612 744 642 rationis
763 611 873 641 tramite
894 620 953 640 non
970 610 1147 648 discordant,
1164 610 1272 642 effectu

200 653 264 683 sunt
277 650 461 693 prosequente
482 650 667 689 complenda,
685 659 717 679 ea
738 657 870 687 propter,
888 648 991 678 dilecte
1006 649 1035 678 in
1051 648 1184 679 Domino
1198 649 1270 688 Fili,

199 691 252 721 tuis
264 690 338 729 justis
352 689 585 729 postulationibus
605 695 684 727 grato
705 696 907 718 concurrentes
924 686 1029 717 assensu
1044 710 1054 726 ‚
1075 696 1194 727 quatuor
1209 687 1270 718 Idas

196 728 298 761 Terrae
310 730 341 760 in
356 727 573 760 Chedeleswurd
586 736 602 756 a
618 725 774 756 Monachis
794 725 830 756 de
844 725 990 756 Abendon
1006 726 1204 757 rationabiliter
1217 728 1268 757 tibi

197 768 360 806 concessas,
375 767 444 798 sicut
458 767 488 796 iri
501 765 643 796 autentico
658 764 761 804 scripto
775 764 876 795 exinde
896 764 972 796 neto
990 766 1170 804 continetur,
1189 767 1223 798 ὃς
1237 774 1269 796 tu

194 817 239 838 eas
257 807 381 847 legitime
398 803 534 845 poss‘ideS,
552 803 699 834 devotioni
716 812 772 834 tuae
790 803 954 835 auetoritate
976 803 1142 844 Apostolica
1163 804 1270 836 confir-

195 855 324 884 mamus,
340 845 374 875 &
389 842 528 884 praesentis
541 841 634 882 scripti
649 843 808 882 patrocinio
824 842 1047 873 communimus.

234 885 390 915 Statuentes
406 892 437 914 ut
450 881 519 912 nulli
532 881 655 911 omuino
669 880 821 911 hominum
836 881 916 912 liceat
931 880 1005 911 hanc
1020 883 1149 922 paginam
1162 882 1269 914 nostrae

193 922 417 955 confirmationis
431 920 598 958 infringere,
616 918 662 949 vel
678 920 704 949 ei
718 919 889 958 aliquatenus
904 920 1052 951 contraire.

232 961 324 1001 Siquis
336 969 429 991 autem
443 960 500 989 hoc
514 966 679 998 attemptare
694 959 913 999 praesumpserit,
929 958 988 989 indi
1028 960 1153 990 ationem
1171 960 1268 991 omni-

194 1001 317 1037 potentis
331 999 405 1038 Dei,
423 999 457 1029 &
471 999 621 1028 beatorum
642 995 718 1028 Petri
733 998 766 1028 &
786 997 866 1028 Pauli
879 1021 890 1036 ,
915 996 993 1036 Apol
1008 998 1122 1030 olorum
1135 1000 1190 1038 eius
1201 1022 1214 1039 ,
1239 999 1266 1031 se

194 1039 305 1070 noverit
318 1037 500 1070 incursurum.
539 1035 607 1067 Dat.
621 1034 735 1077 Anagn.
750 1036 786 1068 V.
800 1035 877 1067 KL.
893 1036 1026 1068 Februar.

740 1110 807 1142 Filis
814 1111 906 1151 sericis
913 1112 994 1153 flavi
1010 1113 1136 1155 rubeique
1149 1112 1226 1145 color.

195 1234 377 1271 Alexander
400 1238 484 1284 Papa
515 1236 637 1272 Clericis
666 1246 720 1282 per
743 1234 998 1271 Archidiaconat.
1022 1236 1167 1284 Berkefire
1197 1250 1267 1272 con-

277 1283 396 1329 stitutis
420 1285 553 1334 indulget
570 1298 606 1319 ne
631 1287 724 1318 Canes
741 1285 793 1318 vel
809 1287 979 1335 Accipitres
998 1286 1172 1321 Archidia-

598 1346 667 1367 cono
686 1332 859 1369 exhibeant.

194 1417 400 1481 ALexander
414 1419 569 1460 Episcopus
584 1442 594 1459 ,
620 1418 712 1451 servus
726 1420 869 1452 servorum
885 1420 943 1452 Dei
983 1422 1091 1453 dilectis
1105 1421 1180 1453 Filiis
1195 1422 1264 1454 Cle-

263 1459 323 1489 ricis
339 1482 349 1498 ,
375 1469 424 1500 per
439 1459 710 1490 Archidiacoriatum
731 1459 869 1492 Berkesire
884 1444 1042 1492 constitutis
1054 1484 1065 1501 ,
1088 1461 1212 1493 Salutem
1229 1463 1263 1494 &

194 1497 392 1538 Apostolicam
407 1498 647 1528 Benedifflonem.

232 1535 311 1567 Cum
326 1537 409 1566 nobis
421 1537 469 1576 sit,
488 1546 658 1575 quamquam
678 1536 828 1576 inmeritis,
846 1538 980 1568 omnium
994 1536 1182 1569 Ecclesiarum
1197 1549 1264 1571 cura

192 1574 357 1615 commissa,
378 1575 465 1615 licut,
484 1575 573 1606 officii
586 1575 672 1605 nostri
685 1575 783 1606 debito
795 1599 804 1616 ,
830 1577 960 1616 cogimur
981 1576 1130 1616 providere
1147 1588 1184 1608 ne
1199 1578 1264 1609 sub-

190 1614 242 1645 diti
256 1613 441 1654 superioribus
454 1614 578 1646 debitam
602 1615 785 1645 reverentiam
806 1614 964 1646 subtrahant
981 1616 1015 1646 &
1036 1616 1176 1647 honorem
1192 1640 1202 1656 ,
1227 1619 1263 1650 ita

190 1663 306 1694 quoque
320 1654 450 1684 volumus
462 1663 638 1693 praecavere,
654 1663 690 1683 ne
702 1663 718 1684 a
731 1654 881 1692 majoribus
895 1653 995 1684 subditi
1012 1654 1120 1686 valeant
1138 1655 1263 1687 indebite

189 1693 378 1733 praegravari3
400 1702 433 1723 ea
451 1698 566 1733 propter
581 1714 590 1730 ,
639 1692 703 1722 uieti
721 1692 821 1722 vestrae
840 1701 952 1730 paterna
967 1691 1152 1724 sollicitudine
1166 1696 1262 1734 provi—

190 1730 287 1761 dentes
300 1754 311 1770 ,
335 1730 500 1762 auCtoritate
519 1731 600 1761 vobis
648 1730 785 1770 postolica
798 1731 819 1750 ³*
835 1731 1012 1770 indulgemus
1026 1754 1037 1770 ,
1060 1741 1098 1762 ne
1120 1742 1202 1763 canes
1217 1735 1263 1765 vel

191 1771 336 1810 accipitres
352 1769 567 1801 Archidiacono
585 1769 680 1800 vestro
699 1769 843 1809 cogamini
865 1769 996 1799 exhibere
1009 1792 1019 1808 ,
1043 1780 1097 1800 nec
1112 1780 1180 1802 eum
1200 1773 1262 1813 plu-

189 1809 258 1847 ries,
275 1818 361 1848 quam
373 1809 459 1838 semel
471 1810 499 1838 in
513 1818 589 1838 anno
602 1810 743 1849 recipere,
760 1817 829 1838 tunc
843 1809 868 1837 ei
884 1818 932 1848 per
945 1807 1023 1838 diem
1036 1819 1125 1839 unum
1141 1811 1175 1842 ὃ(
1190 1821 1263 1842 noc-

187 1856 248 1878 tem
267 1845 419 1877 necess'aria
439 1846 641 1885 ministraturi,
674 1856 742 1876 cum
764 1847 870 1884 septem
891 1855 1001 1877 tantum
1021 1849 1178 1887 equitaturis
1191 1873 1202 1889 ,
1228 1851 1262 1882 &

186 1885 310 1927 personis
325 1885 464 1924 totidem,
481 1886 515 1916 &
532 1886 620 1915 tribus
633 1885 812 1915 servientibus
826 1885 974 1923 peditibus.

230 1923 317 1954 Nulli
336 1933 405 1964 ergo
426 1923 580 1955 hominum
603 1924 683 1967 licoet
704 1923 777 1954 lianc
799 1925 929 1964 paginam
948 1923 1054 1956 nostrae
1074 1926 1263 1959 conceffionis

187 1963 357 2001 infringere,
376 1962 421 1993 vel
435 1963 459 1992 ei
472 1962 535 1994 ausu
550 1971 698 1993 temerario
710 1964 856 1993 contraire.

226 2001 317 2041 Siquis
331 2010 423 2031 autem
440 2001 498 2031 hoc
513 2009 679 2039 attemptare
698 2001 914 2042 praesumpserit,
933 2002 1154 2043 indignationem
1166 2007 1262 2037 omni-

189 2040 310 2080 potentis
324 2038 399 2078 Dei,
418 2040 452 2071 &
467 2040 615 2071 beatorum
631 2039 707 2070 Petri
729 2041 762 2072 &
779 2040 856 2071 Pauli
906 2041 1113 2082 Apostolorum
1128 2045 1186 2084 ejus
1200 2069 1211 2087 ,
1233 2046 1261 2078 se

186 2079 299 2111 noverit
312 2078 496 2110 incuriumm.
535 2078 604 2127 Det·
621 2078 749 2112 Lateran.
768 2079 848 2111 viii.
866 2064 933 2110 KL.
948 2080 1057 2112 Martii.

769 2155 836 2188 filis
839 2156 932 2196 sericis
946 2156 1038 2189 coloris
1044 2157 1134 2199 flavi.

231 2290 424 2334 Cvrfirmatio
442 2292 530 2323 Pacis
552 2293 628 2323 initae
644 2294 722 2324 inter
740 2294 864 2325 fratres
883 2294 1009 2328 Militia
1021 2294 1154 2340 Templi,
1177 2297 1214 2334 &-

558 2342 685 2373 Fratres
703 2341 883 2389 Hospitales.

187 2422 395 2486 ALexander
408 2424 582 2465 Episcopus,
600 2425 690 2457 servus
705 2425 850 2457 servorum
871 2425 931 2457 Dei
946 2449 956 2466 ,
980 2426 1088 2459 dileffis
1102 2427 1177 2459 Filiis
1194 2427 1261 2458 Ma-

186 2500 210 2532 Β
247 2463 342 2533 egiii‘grto
361 2464 396 2494 &
418 2464 559 2495 Fratribus
579 2464 695 2496 Militiae
714 2465 832 2504 Templi
859 2465 983 2497 Salutem
1005 2467 1040 2498 &
1062 2466 1260 2508 Apostolicam

211 2512 245 2532 en
284 2513 291 2532 i
324 2512 431 2532 ionem.

225 2541 346 2579 Qianto
367 2541 466 2579 religio
483 2540 574 2572 vestra
596 2543 630 2574 δε
651 2542 780 2573 Fratrum
799 2541 1090 2581 Jerosolimitanorum
1111 2543 1261 2584 Hospitalis

184 2578 257 2610 Deo
269 2581 302 2611 δε
316 2581 482 2611 hominibus
495 2581 618 2611 creditur
633 2583 722 2622 magis
741 2590 816 2621 grata
837 2581 970 2621 existere,
989 2583 1022 2614 &
1040 2583 1140 2614 Terrae
1155 2584 1260 2614 Orien-

185 2618 233 2649 tali
249 2620 366 2658 amplius
381 2619 530 2650 necessaria
550 2621 584 2651 &
600 2629 760 2660 opportuna
775 2620 910 2661 probatur
925 2643 936 2659 ,
962 2630 1042 2652 tanto
1060 2621 1097 2652 de
1120 2622 1207 2652 vestra
1226 2622 1260 2653 &

185 2656 311 2695 ipsorum
333 2660 439 2689 unitate
460 2659 548 2697 majus
573 2658 712 2690 debemus
731 2658 864 2699 gaudium
887 2659 1070 2698 laetitiamque
1089 2662 1175 2691 corici
1197 2671 1261 2700 ere,

186 2696 241 2735 &,
259 2705 290 2726 ut
303 2696 409 2734 semper
423 2699 495 2728 inter
514 2707 566 2728 vos
581 2697 730 2728 vinculum
742 2697 900 2728 dilectionis
917 2697 1038 2729 servetur
1054 2721 1065 2737 ,
1087 2707 1151 2729 toto
1210 2699 1260 2729 dio

185 2733 328 2772 laborare,
345 2735 398 2766 hac
415 2737 509 2774 itaque
521 2737 627 2768 ratione
642 2736 768 2775 inducti,
787 2745 887 2776 pacem
901 2736 935 2766 &
951 2735 1154 2780 concordiam,
1172 2747 1258 2778 quam

185 2783 256 2804 cum
269 2773 377 2804 diletftis
392 2773 468 2806 Filiis
481 2775 598 2815 nostris,
615 2775 756 2815 Magistro
771 2775 804 2805 &
824 2774 964 2805 Fratribus
983 2775 1133 2816 Hospitalis
1144 2776 1180 2807 de
1193 2786 1259 2806 om-

184 2812 269 2842 nibus
282 2813 413 2853 querelis,
430 2822 496 2852 quae
510 2815 583 2844 inter
597 2814 718 2844 domurn
733 2813 855 2844 vestram
867 2814 900 2844 &
914 2814 1039 2853 ipsorum
1051 2825 1066 2845 a
1080 2814 1170 2854 longo
1185 2823 1258 2845 tem-

184 2859 254 2890 pore
268 2851 377 2882 fuerant
391 2853 519 2891 agitatae,
537 2855 594 2883 tam
605 2852 641 2883 de
656 2854 732 2883 terris
748 2854 782 2884 ὃς
804 2851 1018 2892 possessionibus
1032 2876 1042 2891 ,
1068 2854 1155 2891 quam
1175 2855 1259 2884 enam

184 2887 222 2919 de
237 2891 378 2929 pecuniis,
395 2891 441 2921 vel
456 2892 627 2930 quibussibet
643 2892 699 2922 aliis
711 2892 792 2922 rebus
806 2915 815 2929 ,
840 2891 876 2921 de
892 2891 1004 2922 illorum
1019 2891 1123 2922 assensu
1140 2891 1260 2931 fecistis,

181 2937 247 2970 riori
262 2927 352 2958 solum
386 2939 490 2967 ratam,
508 2940 609 2961 verum
628 2931 712 2961 etiam
726 2938 814 2961 ratam
835 2930 984 2969 habentes,
1003 2930 1166 2962 auctoritate
1180 2931 1259 2972 Apo-

183 2964 283 2997 stohca
297 2976 354 2996 con
421 2978 498 2999 amus
510 2991 520 3007 ,
545 2970 579 3001 &
595 2971 732 3014 perpetuis
753 2969 926 3007 temporibus
944 2969 1054 3000 firmam
1069 2970 1258 3011 illibatamque

184 3012 301 3048 manere
321 3006 488 3045 censemus,
512 3017 597 3047 quam
616 3017 713 3049 utique
733 3007 770 3039 de
792 3009 884 3039 verbo
900 3008 936 3039 ad
958 3009 1079 3040 verbum
1102 3008 1145 3040 his
1164 3009 1259 3040 litteris

183 3041 317 3074 duximus
330 3045 527 3075 annotandam.

223 3080 258 3111 In
272 3083 391 3125 nomine
404 3082 506 3120 Patris,
524 3084 558 3114 &
573 3083 651 3122 Filii,
669 3086 703 3115 δε
723 3084 839 3126 Spiritus
855 3085 950 3117 Sanffl
963 3110 974 3126 ,
998 3085 1102 3118 Amen.
1139 3086 1258 3118 Notum

186 3119 218 3149 sit
231 3121 366 3151 omnibus
379 3144 389 3159 ,
414 3123 471 3152 tam
487 3122 584 3152 futuris
598 3146 608 3161 ,
630 3125 715 3161 quam
729 3124 906 3163 praesentibus
919 3149 929 3164 ,
949 3126 1045 3166 quod,
1062 3136 1111 3164 per
1129 3126 1259 3157 volunta-

186 3166 247 3189 tem
259 3160 464 3204 omnipotentis
485 3161 560 3204 Dei,
579 3162 613 3192 &
632 3171 680 3201 per
702 3162 824 3193 Domini
840 3164 925 3205 Papae
944 3164 1114 3204 Alexandri,
1131 3166 1178 3195 cui
1193 3165 1259 3204 soli,

185 3196 252 3236 post
266 3197 446 3237 Domuium,
465 3199 581 3229 obedire
595 3208 739 3238 tenemur,
757 3211 932 3241 praeceptum
955 3205 989 3235 &
1004 3205 1258 3242 ammonitionem,

187 3244 243 3274 ego
256 3235 353 3267 Frater
366 3236 437 3268 Odo
451 3237 547 3268 Sancti
563 3237 691 3270 Amantis
725 3239 835 3270 humilis
852 3241 989 3279 Magister
1002 3243 1110 3273 militiae
1123 3243 1258 3283 Templi,

188 3274 228 3316 &⁵
237 3283 292 3310 ego
307 3275 448 3315 Rogerius
461 3276 496 3307 de
510 3276 646 3313 Mulinis,
666 3263 803 3317 Magister
817 3277 932 3310 Domsis
952 3281 1102 3319 Hospitalis
1114 3281 1172 3320 Jer.
1186 3291 1258 3312 con-

188 3310 249 3341 silio
263 3313 296 3343 &
310 3315 454 3345 voluntate
474 3314 674 3355 Capitulorum
693 3315 855 3347 nostrorum
870 3340 880 3356 ,
904 3318 1014 3349 firmam
1031 3330 1132 3364 pacem
1147 3321 1181 3350 ὃς
1196 3330 1259 3360 gra-

188 3356 248 3379 tam
261 3353 446 3394 concordiam
458 3353 577 3385 fecimus
591 3355 627 3385 de
641 3356 775 3386 omnibus
794 3357 926 3395 querelis,
945 3368 1009 3396 quae
1031 3368 1102 3388 inter
1123 3358 1259 3389 Domum

187 3386 351 3430 Templi&
367 3391 501 3423 Domum
513 3392 714 3434 Hospitalitatis
726 3394 833 3426 fuerant
851 3395 934 3442 usque
946 3396 980 3427 ad
998 3396 1072 3427 hanc
1093 3397 1169 3427 diem
1189 3407 1260 3427 ven-

190 3425 297 3471 nlatae,
320 3430 376 3460 tam
391 3431 427 3461 de
446 3433 523 3462 terris
538 3434 571 3464 &
591 3432 804 3471 possessionibus
817 3456 827 3472 ,
852 3443 939 3472 quam
959 3435 1044 3465 etiam
1061 3435 1098 3466 de
1118 3436 1259 3474 pecuniis,

188 3463 241 3510 vel
251 3466 419 3504 quibussibet
431 3469 487 3500 aliis
504 3471 584 3501 rebus
599 3483 610 3510 3
634 3471 726 3512 sopitis
749 3471 786 3502 ita
804 3472 914 3502 cunctis
934 3474 1051 3512 querelis
1062 3497 1072 3512 ,
1097 3475 1155 3504 tam
1169 3475 1237 3505 citra
1248 3497 1259 3514 ,

190 3511 278 3542 quam
292 3504 377 3544 ultra,
396 3508 475 3546 quod
489 3509 564 3539 nulla
579 3509 708 3551 deinceps
721 3510 838 3541 suscitari
853 3509 937 3555 posfit
950 3512 996 3542 vel
1009 3511 1105 3552 repeti.

225 3539 315 3586 Hanc
330 3554 424 3576 autem
438 3557 539 3588 pacem
551 3548 584 3578 δε
595 3549 795 3589 concordiam,
813 3549 1002 3581 universarum
1036 3551 1189 3581 uerelarum
1203 3559 1259 3582 ter-

190 3588 393 3626 minationem,
411 3595 464 3616 nec
479 3596 539 3616 non
553 3586 587 3617 &
600 3588 634 3618 ad
655 3589 779 3619 invicem
797 3589 946 3620 fraternam
965 3588 1021 3619 dile
1052 3590 1147 3620 'onem
1162 3612 1172 3628 ,
1195 3591 1260 3621 uni-

192 3618 276 3661 versis
291 3618 430 3652 Fratribus
442 3625 558 3668 Templi
573 3626 607 3656 &
620 3625 772 3666 Hospitalis
789 3635 885 3659 tenere
896 3652 905 3666 ,
931 3626 1094 3658 conservare
1108 3629 1142 3659 ὃς
1161 3628 1259 3660 fovere

193 3654 340 3700 statuimus
355 3660 387 3689 ὃς
402 3664 594 3702 pijaecipimus,
608 3664 685 3694 salvis
700 3666 735 3695 ab
751 3666 818 3697 hinc
834 3668 862 3697 in
876 3676 1044 3707 perpetuum
1061 3667 1210 3705 quieteque
1223 3676 1258 3696 ac

192 3694 309 3738 pacifice
324 3702 483 3731 remansuris
498 3703 608 3740 utrique
619 3702 719 3734 domui
731 3704 811 3734 rebus
826 3706 860 3736 ὃ(
871 3704 1104 3746 possessionibus,
1123 3714 1188 3744 quas
1204 3705 1258 3735 ho—

193 3731 240 3763 die
252 3732 354 3776 domus
368 3744 500 3776 utraque,
519 3741 576 3770 tam
592 3741 660 3772 ultra
673 3751 767 3780 mare,
783 3744 867 3782 quam
882 3745 951 3774 citra
986 3744 1109 3774 noscitur
1122 3752 1225 3774 tenere.

232 3770 315 3815 Siqua
329 3783 400 3817 vero
414 3777 524 3813 querela
538 3778 669 3818 deinceps
688 3781 758 3810 inter
779 3791 831 3811 nos
847 3804 857 3820 ,
883 3783 929 3814 vel
956 3782 1112 3813 ucceffores
1130 3780 1259 3820 nostros,

194 3807 241 3839 seu
260 3818 343 3840 etiam
358 3821 431 3855 inter
452 3813 556 3845 Fratres
573 3817 684 3848 nostros
696 3841 707 3857 ,
730 3819 799 3848 citra
815 3828 890 3850 mare
902 3844 912 3858 ,
937 3822 983 3852 vel
1001 3821 1071 3852 ultra
1091 3820 1232 3850 surrexerit
1247 3842 1258 3858 ,

195 3855 245 3886 per
259 3855 312 3892 tres
328 3850 468 3888 utriusque
482 3854 563 3896 partis
577 3854 682 3886 Fratres
696 3879 706 3895 ,
730 3857 800 3887 sicut
812 3858 841 3887 in
854 3859 988 3889 mandatis
1007 3870 1023 3890 a
1037 3859 1170 3889 Domino
1184 3857 1258 3898 Papa

194 3895 386 3930 percepimus,
402 3898 464 3918 earn
479 3890 620 3922 statuimus
632 3896 772 3924 terminari
787 3906 798 3932 3
823 3895 911 3926 taliter
929 3898 1076 3936 videlicet,
1095 3896 1171 3935 quod
1185 3906 1259 3936 prae·

193 3932 321 3966 ceptores
335 3926 443 3969 illarum
463 3928 618 3972 domorum
640 3933 684 3962 vel
699 3933 907 3971 provinciarum
920 3958 929 3973 ,
953 3937 1023 3966 inter
1037 3946 1103 3976 quas
1122 3943 1183 3965 orta
1196 3935 1258 3965 fue-

194 3969 229 4004 ¹rlt
243 3962 361 4006 quaestio
377 3987 386 4002 ,
412 3965 556 4004 assumptis
572 3968 688 4012 quisque
707 3971 909 4002 discretioribus
929 3972 1070 4005 Fratribus
1081 3997 1093 4014 ,
1118 3974 1258 4014 querelam

192 3999 269 4032 illam
281 4001 448 4043 dissolvere,
466 4005 500 4036 ὃς
512 4014 613 4045 pacem
626 4016 696 4039 inter
708 4009 735 4040 se
753 4008 882 4042 studeant
898 4010 1062 4044 conservare
1074 4036 1085 4054 ,
1109 4012 1166 4044 sine
1184 4013 1260 4044 frau-

663 95 1473 149 CONVENTIONES,

1530 100 1929 151 LITERAE‚

1314 185 1350 217 de
1365 188 1399 219 &
1420 187 1478 219 fine
1489 190 1653 228 {gravamine
1665 190 1818 222 alterutrius
1837 191 1920 230 partis
1932 212 1943 229 ,
1967 195 2104 230 quantum
2120 197 2254 233 poterunt
2269 200 2379 224 cavere.

1356 226 1375 246 *
1389 226 1421 256 Si
1432 236 1502 257 vero
1514 238 1564 265 per
1575 229 1602 259 se
1614 230 1793 268 nequiverint
1807 229 1913 260 Fratres
1932 229 1970 259 illi
1981 228 2102 269 querelae
2116 231 2202 259 linem
2216 231 2382 272 imponere,

1314 263 1446 295 asciscant
1458 266 1507 296 sibi
1519 267 1555 297 de
1573 268 1626 298 suis
1643 269 1739 298 amicis
1760 269 1950 299 communiter
1965 290 1975 306 ,
2000 277 2124 308 quorum
2137 268 2257 299 consilio
2272 271 2306 301 ὃς
2321 279 2383 301 me-

1315 302 1439 333 diatione
1452 304 1572 343 quaestio
1584 307 1673 337 valeat
1683 307 1843 345 terminari,
1860 306 1897 337 sic
1910 306 2031 344 scilicet,
2048 307 2125 346 quod
2138 329 2148 346 ,
2173 308 2203 337 in
2214 317 2273 347 quo
2293 311 2384 348 major

1314 349 1376 379 pars
1391 341 1520 374 Fratrum
1535 344 1648 375 illorum
1662 346 1828 376 convenerit
1842 345 1886 376 vel
1902 345 2078 385 amicorum,
2097 346 2128 376 in
2142 355 2174 376 ea
2189 345 2251 376 finis
2265 348 2387 385 querelae

1313 380 1495 449 imppfiatur,
1517 382 1551 413 &
1571 383 1644 414 inter
1663 383 1770 415 Fratres
1790 393 1843 423 pax
1862 382 1969 424 semper
1990 384 2096 423 integra
2115 385 2150 416 &
2173 384 2289 416 dilectio
2306 385 2388 420 firma

1315 427 1374 449 con
1421 427 1456 450 at.

1354 457 1384 487 Si
1399 466 1494 489 autem
1509 469 1564 490 nec
1580 460 1616 491 ad
1630 460 1659 491 id
1674 461 1748 499 pacis
1766 460 1858 491 adhuc
1872 461 1996 500 poterint
2012 461 2158 500 pervenire
2167 484 2178 501 ,
2196 463 2338 501 querelam
2351 464 2387 495 ad

1317 505 1370 526 nos
1382 496 1513 538 scriptam
1536 500 1734 538 transmittant,
1754 501 1787 531 ὃς
1800 510 1852 530 nos
1865 500 1939 530 illam
1953 522 1962 538 ,
1987 499 2056 530 Deo
2075 500 2206 539 volente,
2224 503 2388 534 terminabi-

1315 543 1396 602 rsnus3
1412 536 1462 574 ipsi
1473 546 1544 568 vero
1559 537 1666 569 Fratres
1686 538 1887 570 nichilominus
1905 547 2006 578 pacem
2027 538 2061 569 &
2075 538 2300 572 benevolentiam
2311 542 2387 574 inter

1329 582 1345 602 e
1360 582 1479 606 teneant.

1353 611 1446 656 Siquis
1457 623 1526 644 vero
1542 614 1689 655 Fratrum,
1705 615 1784 655 quod
1800 615 1867 646 abiit
1881 639 1891 655 ,
1914 616 1951 646 ab
1972 615 2026 646 hac
2076 625 2111 646 ce
2123 638 2134 654 ,
2153 615 2283 655 pacisque
2294 628 2328 649 ac
2343 618 2388 650 di-

1314 648 1440 680 lefflonis
1455 652 1666 684 conservatione
1678 654 1836 692 diffiluerit,
1854 655 1881 685 se
1894 664 1994 685 contra
2049 653 2141 694 agistri
2156 654 2194 685 sui
2207 665 2384 696 praecepturn

1314 688 1349 718 &
1371 687 1495 733 Capituli
1513 690 1730 729 Jerosolimitani
1749 692 1981 724 constitutionem
2002 693 2068 724 sciat
2088 692 2193 733 egisse,
2219 702 2385 735 reatumque

1312 726 1392 757 suum
1408 728 1563 766 huJusmodi
1580 731 1733 762 nullatenus
1754 733 1856 770 poterit
1874 733 1982 771 expiare
1995 755 2004 770 ,
2029 733 2175 773 quousque
2194 731 2328 773 Magistri
2344 736 2386 766 sui

1314 766 1348 796 &
1361 765 1484 807 Capituli
1492 767 1710 806 Jerosolimitani
1724 770 1887 810 conspastui
1897 772 1925 802 se
1939 770 2093 811 praesentet.

1349 803 1406 835 His
1419 815 1514 837 autem
1527 806 1656 838 duximus
1668 808 1890 848 adnectendum,
1907 809 1985 849 quod
2002 810 2110 840 Fratres
2127 809 2268 849 utriusque
2282 810 2386 844 domus

1311 842 1339 874 se
1351 844 1457 883 ubique
1470 845 1585 886 diligant
1600 848 1633 878 &
1647 846 1805 886 honorent,
1820 848 1854 879 &
1868 849 1936 878 alter
1953 848 2144 879 commodum
2157 849 2267 880 alterius
2285 859 2385 882 mutua

1311 883 1439 922 caritate,
1460 885 1493 916 &
1509 886 1691 916 unanimitate
1703 886 1820 916 fraterna
1852 888 1991 926 erquirant
2011 888 2045 919 δε
2065 888 2233 926 observent;
2250 897 2297 927 ut,
2316 889 2385 920 dua-

1310 922 1542 991 ffifflgomomm
1554 923 1699 955 existentes
1713 934 1762 964 per
1775 896 1975 965 proipeffionem
1989 950 2000 966 ,
2026 928 2109 958 unius
2129 925 2186 958 esse
2207 936 2320 967 pareant
2331 938 2384 969 per

1350 970 1366 990 e
1406 971 1501 992 onem.
2359 992 2362 994 ,

1347 997 1536 1032 Decernimus
1548 1010 1617 1044 ergo
1631 1025 1641 1041 ,
1665 1011 1697 1033 ut
1711 1001 1781 1032 nulli
1799 1003 1921 1033 omnino
1941 1003 2092 1035 hominum
2116 1005 2198 1037 liceat
2214 1006 2289 1037 hanc
2303 1006 2381 1046 pagi-

1310 1047 1377 1083 nam
1395 1039 1499 1070 nostrae
1520 1041 1742 1072 coniirmationis
1761 1040 1913 1081 infringere
1928 1065 1939 1081 ,
1961 1043 2007 1075 vel
2020 1044 2045 1073 ei
2058 1043 2122 1075 ausu
2141 1046 2289 1076 temerario
2307 1055 2380 1076 con-

1311 1085 1402 1108 traire.

1347 1116 1379 1146 Si
1393 1118 1454 1155 quis
1466 1125 1560 1148 autem
1575 1119 1633 1150 hoc
1651 1126 1737 1150 attem
1759 1127 1815 1149 tare
1829 1117 2029 1159 praesumserit,
2047 1120 2269 1161 indignationem
2283 1122 2380 1152 omni-

1308 1157 1430 1192 potentis
1443 1156 1518 1195 Dei,
1534 1158 1568 1188 &
1581 1159 1730 1188 beatorum
1769 1158 1820 1187 etri
1836 1158 1869 1188 &
1883 1157 1961 1188 Pauli
1981 1158 2189 1197 Apostolorum
2209 1162 2266 1199 ejus
2283 1161 2312 1191 se
2325 1170 2380 1192 no-

1310 1194 1383 1226 verit
1397 1195 1581 1227 incursurum.
1619 1197 1687 1229 Dat.
1702 1196 1780 1237 Sign.
1794 1195 1844 1227 IV.
1858 1195 1941 1227 Non.
1956 1195 2075 1236 August.

1775 1277 1945 1305 Communita
1959 1273 2047 1315 figillo
2058 1272 2178 1312 plumbeo
2189 1274 2324 1312 pendente
2340 1274 2344 1306 l

1820 1325 1839 1342 a
1846 1312 1907 1354 filis
1915 1312 2009 1352 sericis
2024 1312 2098 1342 rubei
2113 1312 2212 1342 coloris.

1308 1434 1331 1457 *
1353 1437 1475 1469 Littera
1495 1435 1626 1483 Philippi
1644 1440 1733 1485 Regis
1749 1441 1860 1472 Franc.
1880 1438 1925 1472 ad
1938 1439 2036 1484 Angl.
2056 1441 2164 1486 Regem
2184 1439 2378 1484 Ricardum,

1503 1484 1539 1518 de
1553 1487 1693 1532 propesito
1714 1486 1804 1520 eundi
1821 1486 1865 1520 ad
1879 1489 2009 1521 Terram
2027 1489 2185 1523 Santram.

1309 1568 1498 1632 NOverit
1511 1570 1602 1603 vestra
1617 1571 1732 1603 dileetio
1743 1572 1823 1612 quod
1842 1572 1876 1604 ad
1896 1571 2111 1602 subventionem
2125 1572 2227 1604 Terrae
2246 1573 2380 1612 Jerosoli-

1405 1610 1520 1641 niitanae
1532 1610 1661 1642 nostrum
1674 1611 1783 1642 hanelat
1797 1613 1830 1642 δε
1851 1613 1942 1642 fervet
1962 1611 2138 1650 propositum
2149 1635 2159 1650 ,
2184 1611 2309 1651 Deoque
2323 1624 2378 1644 no-

1309 1645 1690 1717 strumlin'ssrosolimitanis
1708 1651 1829 1692 partibus
1850 1650 1984 1681 exhibere
2005 1650 2149 1681 servitium
2169 1652 2242 1682 votis
2263 1651 2380 1684 affecta-

1307 1693 1370 1715 mus
1414 1692 1469 1717 enii
1484 1698 1554 1719 imis.

1346 1696 1419 1767 §artie
1433 1725 1541 1757 dudum
1564 1726 1599 1757 de
1619 1727 1709 1757 verbis
1726 1726 1840 1767 vestris,
1858 1728 1891 1759 &
1907 1727 1942 1758 ad
1956 1726 2092 1767 praesenS,
2111 1726 2147 1758 de
2160 1727 2320 1759 vestrorum
2334 1739 2379 1760 re·

1306 1761 1411 1794 latione
1430 1763 1635 1804 Nunciorum,
1653 1767 1836 1797 intelleximus
1858 1766 1940 1805 quod
1954 1766 2130 1806 propositum
2148 1767 2182 1798 ὃς
2203 1768 2381 1799 voluntatem

1308 1800 1430 1832 habeatis
1444 1804 1527 1834 eundi
1542 1804 1708 1843 Jerusalem,
1727 1806 1901 1836 voluntatem
1921 1805 2002 1845 igitur
2017 1804 2139 1835 vestram
2154 1806 2188 1836 δε
2202 1815 2254 1845 pro
2295 1807 2379 1838 situm

1308 1839 1387 1877 super
1400 1840 1458 1873 hoc
1474 1842 1602 1873 Nunciis
1620 1842 1739 1883 nostris,
1757 1844 1935 1881 praesentium
1950 1843 2099 1881 latoribus,
2119 1844 2183 1874 vice
2203 1855 2243 1875 no
2271 1846 2293 1878 ri
2308 1844 2378 1876 aise—

1308 1880 1399 1909 curari
1414 1880 1539 1920 faciatis,
1557 1881 1664 1920 nosque
1679 1892 1727 1922 per
1744 1882 1861 1913 Litteras
1877 1881 1980 1913 vestras
2003 1881 2131 1912 Patentes
2152 1882 2231 1922 super
2245 1883 2302 1914 hoc
2315 1893 2383 1914 cer-

1306 1917 1425 1949 tificetis.
1461 1919 1551 1950 Iidem
1575 1922 1647 1951 vero
1669 1921 1783 1951 Nuncii
1806 1920 1895 1951 nostri
1918 1921 1996 1958 super
2018 1920 2076 1950 hoc
2099 1921 2182 1952 vobis
2204 1922 2380 1956 securitatem

1305 1955 1498 1998 praestabunt,
1518 1958 1655 1999 vobisque
1670 1959 1777 1992 nostras
1790 1960 1899 1992 tradent
1915 1959 2034 1990 Litteras
2048 1958 2183 1991 Parentes.

1882 2037 1953 2067 Αἱῖ.
1965 2036 2002 2065 ab
2017 2038 2211 2067 Incarnatione
2223 2038 2338 2068 Domini
2362 2059 2365 2060 γ

1937 2085 1950 2105 1
1959 2076 2022 2114 189.
2059 2073 2155 2114 Mense
2169 2074 2265 2104 octob.

1305 2200 1374 2234 Ric.
1399 2203 1517 2249 Angliae
1543 2206 1580 2241 ὠ·
1609 2201 1762 2248 Philippus
1788 2205 1920 2236 Francia
1943 2203 2035 2248 Reges
2062 2205 2119 2234 iter
2146 2200 2381 2247 Jerosblimitaq

1392 2263 1466 2283 num
1481 2252 1649 2299 aggreffiiri
1657 2278 1669 2295 ,
1696 2251 1733 2284 de
1749 2249 1931 2297 quibusdam
1951 2253 2028 2283 inter
2036 2250 2072 2296 fi
2088 2250 2241 2284 Articulis
2249 2249 2312 2295 fic>

1745 2303 1935 2333 conveniunt.

1308 2394 1332 2415 1.
1342 2384 1461 2446 PHili
1484 2396 1533 2424 pus
1541 2385 1600 2417 Dei
1608 2385 1708 2417 Gratia
1716 2385 1892 2416 Francorum
1900 2383 1983 2423 Rex,
1997 2383 2179 2415 &Ricardus
2199 2383 2299 2415 eadem
2314 2393 2376 2425 gra-

1407 2425 1445 2455 tia
1462 2395 1527 2456 Rex
1535 2425 1666 2465 Angiiae,
1682 2424 1753 2454 Dux
1767 2424 1960 2455 Normanniae
1976 2424 2010 2454 &
2020 2422 2198 2463 Aquitaniae,
2215 2425 2249 2455 &
2265 2422 2374 2455 Comes

1304 2462 1500 2502 Andegaviae,
1518 2464 1651 2495 omnibus
1666 2462 1793 2493 fidelibus
1810 2487 1820 2503 ,
1846 2463 1880 2494 ad
1897 2472 1967 2505 quos
1982 2462 2081 2492 litterae
2102 2461 2164 2493 istae
2178 2463 2375 2502 pervenerint,

1303 2502 1334 2531 in
1356 2501 1491 2533 Domino
1513 2503 1636 2534 salutem.
1679 2501 1810 2532 Noverit
1833 2503 1992 2532 universitas
2015 2500 2105 2531 vestra
2127 2500 2209 2543 quiid
2232 2502 2304 2531 inter
2322 2511 2375 2537 rios

1303 2539 1421 2571 firmiter
1436 2543 1573 2572 convenit
1586 2565 1595 2580 ,
1618 2542 1652 2573 &
1667 2540 1704 2571 de
1717 2541 1835 2571 consilio
1857 2540 2042 2571 Praelatorum
2058 2539 2194 2570 Eccleiiae
2204 2539 2244 2583 ,ὃς
2266 2539 2377 2572 Princi-

1303 2587 1374 2618 pum
1396 2588 1530 2611 terrartun
1552 2580 1710 2611 nostrarum
1731 2579 1912 2620 disposuimus
1927 2602 1938 2619 ,
1969 2586 2001 2610 ut
2019 2579 2072 2609 iter
2092 2577 2350 2616 jerosolimitanum
2365 2601 2379 2620 ‚

1301 2618 1425 2649 ducente
1437 2618 1591 2659 Domino,
1609 2618 1688 2649 simul
1705 2619 1889 2658 perficiamus.

1340 2666 1368 2686 2.
1387 2656 1426 2688 Et
1440 2666 1557 2696 uterque
1571 2657 1703 2688 nostrum
1718 2658 1795 2687 alteri
1810 2658 1917 2687 bonam
1933 2655 2018 2687 fidem
2034 2678 2044 2695 ,
2072 2655 2106 2685 &
2124 2654 2234 2684 bonum
2248 2663 2378 2698 amorem

1304 2694 1332 2724 se
1347 2695 1518 2726 servaturum
1532 2697 1676 2736 promiiit3
1695 2704 1748 2734 ego
1762 2695 1906 2732 Philippus
1921 2694 1985 2725 Rex
2001 2694 2177 2724 Francorum
2191 2715 2202 2731 ,
2227 2692 2378 2736 Richardo

1305 2732 1381 2773 Regi
1397 2733 1558 2773 Anglorum
1572 2742 1706 2772 tanquam
1729 2735 1825 2763 amico
1845 2733 1880 2764 &
1895 2732 1970 2763 fideli
1992 2742 2075 2762 meo:
2094 2731 2132 2761 Et
2146 2740 2202 2769 ego
2217 2730 2379 2763 Rich-ardus

1304 2770 1371 2801 Rex
1386 2772 1439 2842 gn
1469 2782 1554 2803 orum
1570 2795 1581 2812 ‚
1602 2771 1736 2813 Philippo
1757 2770 1836 2811 Regi
1859 2771 2036 2801 Francorum
2051 2793 2063 2810 ,
2088 2778 2222 2807 tanquam
2242 2769 2378 2801 Domitio

1304 2819 1372 2841 meo
1465 2820 1551 2842 mico.

1345 2858 1369 2889 3.
1389 2850 1539 2881 Statuimus
1554 2850 1646 2888 itaque
1658 2857 1690 2880 ut
1701 2857 1819 2887 omnes,
1839 2858 1925 2879 cruce
1939 2848 1959 2879 fi
1979 2848 2036 2879 nati
2051 2848 2081 2878 in
2101 2848 2198 2886 terris,
2216 2846 2266 2877 sub
2281 2846 2378 2880 nostra

1302 2887 1438 2927 potestate
1453 2889 1613 2920 constitutis
1628 2911 1638 2928 ,
1672 2889 1744 2919 infra
1763 2888 1886 2918 octavas
1907 2857 2021 2917 Paiffhae
2069 2886 2115 2916 vel
2130 2896 2182 2916 nos
2197 2885 2378 2931 praecedant,

1303 2927 1349 2959 vel
1363 2929 1394 2958 iri
1408 2929 1532 2958 termino
1544 2928 1594 2958 illo
1613 2927 1764 2958 nobiscum
1778 2935 1858 2965 eant,
1877 2925 1928 2957 nisi
1942 2925 1978 2956 de
1993 2908 2138 2957 voluntate
2153 2925 2186 2956 &
2202 2923 2376 2958 conscientia

1302 2965 1398 2997 nostra
1413 2967 1601 2998 remanserint.

1340 3014 1368 3043 4.
1387 3005 1417 3036 Si
1433 3016 1503 3036 vero
1517 3005 1602 3044 aliqui
1616 3004 1693 3036 aliter
1706 3013 1849 3035 remanere
1871 3002 2093 3048 praesumpserint
2107 3025 2118 3047 ,
2137 3002 2172 3034 &
2205 3001 2313 3047 ersonae
2327 3010 2376 3033 ex-

1302 3045 1577 3084 communicationi,
1592 3043 1626 3075 &
1641 3051 1723 3074 terrae
1737 3043 1893 3074 eorundem
1907 3042 2088 3073 sub'icientur
2110 3048 2182 3072 inter
2201 3041 2263 3072 icto
2276 3041 2376 3072 aucto-

1306 3084 1385 3114 ritate
1401 3082 1586 3114 Praelatorum
1601 3090 1735 3113 terrarum
1749 3082 1890 3120 utriusque
1905 3091 1946 3112 no
1985 3089 2077 3111 orum.

1339 3130 1365 3160 5.
1387 3121 1527 3153 Volumus
1542 3123 1644 3160 etiam,
1661 3121 1806 3152 statuimus
1820 3121 1854 3153 &
1869 3121 2069 3161 praecipimus,
2085 3125 2117 3162 iit
2131 3140 2142 3157 ,

1304 3159 1366 3192 stris
1401 3169 1539 3201 raeerunt,
1556 3160 1576 3191 fi
1591 3169 1662 3199 opus
1676 3160 1776 3199 fuerit,
1794 3167 1890 3190 mutua
1904 3159 1955 3190 sibi
1969 3157 2155 3199 subventione
2178 3164 2340 3188 uccurrant.

1342 3201 1370 3230 6.
1381 3171 1499 3231 ιἰῖοωτη
1513 3207 1607 3231 autem
1624 3199 1717 3238 bona,
1735 3200 1784 3238 qui
1807 3199 1859 3230 iter
1870 3197 2130 3236 Jerosolimitanum
2144 3195 2192 3226 vel
2205 3195 2379 3233 nobiscum,

1303 3238 1351 3268 vel
1365 3246 1430 3270 ante
1444 3249 1497 3269 nos
1511 3238 1674 3277 arripuerint
1687 3260 1698 3277 ,
1724 3238 1762 3269 ita
1778 3237 1860 3268 illaesa
1874 3237 1908 3274 &
1922 3236 2026 3267 intacta
2040 3243 2221 3278 permaneant
2241 3243 2375 3278 tanquam

1305 3277 1400 3308 nostra
1415 3278 1543 3315 propria,
1559 3278 1594 3308 δε
1608 3299 1618 3316 ,
1643 3276 1664 3306 fi
1679 3276 1740 3316 quis
1751 3276 1790 3306 eis
1804 3276 1934 3314 injuriam
1955 3274 2120 3317 irrogaverit
2134 3295 2144 3312 ,
2166 3272 2318 3317 justiciarii
2339 3271 2375 3302 δε

1303 3315 1393 3347 Balivi
1408 3315 1498 3346 nostri
1511 3315 1616 3347 faciant
1635 3314 1778 3345 emendari
1793 3337 1804 3354 ,
1851 3322 1969 3345 uantum
1981 3311 2019 3344 de
2039 3321 2097 3350 iure
2118 3318 2258 3353 poterint,
2275 3309 2374 3341 secun-

1305 3354 1375 3385 dum
1390 3353 1622 3385 consuetudinem
1636 3361 1771 3385 terrarum
1785 3363 1826 3384 no
1852 3362 1952 3383 rarum.

1345 3401 1371 3431 7.
1388 3392 1418 3423 Si
1433 3403 1503 3424 vero
1520 3393 1634 3432 aliquis,
1653 3392 1684 3422 in
1698 3392 1789 3430 aliqua
1802 3399 1936 3422 terrarum
1957 3388 2114 3421 nostrarum
2129 3410 2140 3427 ,
2153 3394 2291 3432 'guerram
2306 3395 2371 3416 mo-

1304 3441 1370 3462 vere
1382 3431 1583 3472 praesumpserit
1596 3432 1627 3461 in
1642 3430 1763 3461 absentia
1776 3429 1871 3461 nostra
1886 3429 1969 3460 nobis
1981 3452 1992 3468 ,
2017 3428 2064 3459 vel
2078 3428 2160 3459 alicui
2174 3425 2210 3469 de
2222 3432 2301 3455 terris
2315 3435 2370 3455 no-

1306 3470 1384 3509 stris,
1402 3470 1437 3501 &
1450 3469 1484 3501 ad
1496 3469 1631 3509 justitiam
1644 3469 1671 3500 se
1686 3479 1745 3499 non
1760 3467 1846 3500 offert
1859 3492 1870 3508 ,
1913 3469 1987 3499 rimo
2008 3470 2271 3508 excommunicetur
2283 3486 2294 3502 ,
2316 3464 2370 3502 &‚

1304 3508 1369 3552 post
1391 3510 1717 3540 excommunicationem
1731 3530 1741 3546 ,
1765 3508 1833 3548 nifi,
1851 3508 1881 3538 in
1907 3517 1922 3537 a
1964 3517 1984 3538 o
2002 3506 2077 3545 dies,
2093 3502 2267 3547 sonsfaffihun
2287 3501 2369 3532 suum

1305 3547 1515 3586 emendaverit,
1533 3547 1710 3578 decernimus
1725 3547 1746 3567 ³*
1759 3556 1790 3577 ut
1805 3546 1861 3588 ipse
1881 3547 1916 3578 &
1962 3544 2064 3588 aeredes
2082 3551 2138 3579 ejus
2157 3548 2367 3582 imperpetuum

1305 3586 1528 3617 exhaeredentur:
1547 3586 1572 3617 F
1573 3586 1635 3617 cudi
1651 3594 1749 3616 autem
1760 3586 1846 3625 illius,
1865 3586 1914 3626 qui
1929 3595 1978 3625 per
1991 3580 2164 3624 fomfan
2178 3579 2263 3623 suum
2274 3578 2368 3623 exhae-

1304 3626 1413 3656 redatus
1426 3625 1525 3663 fuerit,
1540 3625 1675 3655 transeant
1685 3625 1714 3654 in
1727 3626 1926 3666 proprietatem
1939 3623 1973 3655 &
1994 3621 2170 3651 Dommlum
2184 3627 2370 3658 PYOPfflqfflO·

1303 3665 1340 3695 ris
1351 3664 1475 3694 Domini
1490 3664 1505 3693 a
1518 3674 1576 3702 quo
1589 3663 1665 3694 feodi
1680 3664 1847 3694 movebunt.
2124 3697 2130 3703 ⁸

1345 3702 1371 3732 8.
1390 3701 1527 3733 Praeterea
1540 3703 1699 3743 quicunque
1712 3704 1741 3733 iri
1760 3703 1848 3742 aliqua
1859 3707 1992 3742 terrarum
2010 3696 2164 3742 alterutrius
2176 3693 2305 3738 nostrum
2323 3695 2370 3725 fo-

1302 3741 1451 3779 risfecerit,
1470 3741 1503 3772 &
1516 3741 1689 3771 forisfastum
1703 3741 1852 3772 emendare
1870 3738 2014 3780 noluerit,
2026 3746 2068 3780 ..¹¹²
2089 3733 2288 3778 terralalteriu's
2305 3743 2366 3764 non

1304 3787 1475 3820 receptetur,
1495 3780 1528 3810 &
1540 3780 1559 3810 si
1575 3781 1614 3811 ibi
1634 3781 1763 3812 inventus
1780 3780 1879 3816 fuerit,
1893 3775 2055 3816 justiciariis
2072 3782 2153 3805 terrae
2166 3772 2255 3811 illius,
2271 3782 2300 3802 in
2313 3781 2369 3812 qua

1301 3819 1419 3857 deliquit
1454 3818 1590 3849 reddatur.
2245 3849 2251 3854 ¹
2273 3849 2278 3855 ,
2312 3849 2317 3855 ,
2363 3853 2370 3856 ἡ

1343 3867 1369 3896 9.
1389 3841 1436 3887 Ad
1449 3856 1513 3887 haec
1532 3867 1625 3888 autem
1636 3880 1645 3895 ,
1662 3867 1728 3898 quae
1747 3853 1961 3896 supradiximus,
1976 3849 2165 3894 observanda,
2179 3848 2369 3894 Justiciarios,

1306 3896 1339 3928 &
1352 3895 1472 3926 Bailivos
1490 3896 1599 3927 nostros
1618 3896 1668 3927 fibi
1689 3897 1811 3928 invicem
1830 3893 1963 3924 volumus
1983 3891 2017 3922 δε
2035 3897 2212 3933 praecipimus
2227 3896 2314 3933 teneri
2333 3888 2368 3920 δε

1303 3934 1434 3974 obligari,
1453 3934 1539 3973 usque
1550 3935 1586 3965 ad
1600 3935 1722 3966 reditum
1736 3933 1865 3965 nostrum
1880 3954 1890 3968 ,
1911 3931 1962 3960 sub
1981 3937 2080 3959 tenore
2089 3935 2236 3971 juramenti
2252 3950 2262 3964 ,
2286 3927 2320 3957 δε
2335 3926 2368 3957 fi-

1303 3973 1419 4004 delitatis
1433 3983 1518 4012 quam
1531 3973 1613 4003 nobis
1631 3975 1825 4015 praeffiterunt.
1869 3969 1943 4002 Acta
1957 3967 2020 4000 sunt
2035 3966 2099 3999 haec
2120 3975 2158 4006 30
2176 3966 2222 3998 die
2239 3965 2369 3997 Decem-

1303 4011 1360 4042 bris
1372 4020 1438 4053 aput
1452 4011 1636 4044 Nonancurt.
2291 4039 2370 4074 Haec

2187 3118 2217 3148 ui
2231 3118 2308 3148 terris
2323 3127 2377 3149 no-

2396 190 2474 224 Ann.
2488 189 2532 226 D:

2399 231 2484 262 1182.

2398 270 2457 301 *1.
2470 270 2520 308 624

2392 1445 2413 1466 ⁸*
2430 1446 2454 1475 1.
2467 1445 2515 1485 63.

2394 1573 2472 1604 Ann.
2486 1571 2530 1604 D.'

2396 1613 2481 1651 1189.

2393 1655 2430 1680 A.
2439 1661 2449 1681 i
2456 1656 2493 1680 .R.
2504 1652 2529 1687 ιζ

2394 2394 2471 2427 Anti.
2485 2393 2528 2426 D.

2395 2435 2477 2473 1189.

2392 2478 2527 2503 A.i.R.1.

2387 3545 2407 3566 ³*
2421 3547 2445 3575 1.
2456 3546 2504 3582 64·
2527 3540 2531 3543 ’
