2570 4261
680 217 791 259 ET
875 216 1143 260 ACTA

0 303 48 324 ΠΒ·
64 292 106 324 D·
158 302 177 322 '¹‘
193 302 289 335 Sciatis
301 313 352 335 nos
365 303 484 342 dedisse,
503 302 726 342 conceffiffe‚&
741 304 793 334 hac
808 303 882 335 carta
894 304 986 336 nostra
1001 304 1180 336 confirmasse

0 333 74 370 [265.
119 340 291 381 Edmundo‚
310 343 367 372 filio
376 342 478 372 bostro
494 342 634 372 karissimo
649 365 658 380 ,
685 341 863 372 Comitatum
881 343 914 373 &
934 343 1086 374 Honorem
1105 343 1180 383 Ley-

0 381 35 398 ²²¹·
52 380 76 406 3·
119 380 244 420 cestriae,
263 381 462 412 Senescalciam
471 380 583 419 Angliae
596 404 606 419 ,
631 382 664 411 ὃς
678 391 777 411 omnes
791 389 871 411 terras
890 382 923 412 δε
939 390 1098 412 tenementa
1116 391 1180 420 quae

0 410 23 436 1·-
35 408 101 446 33¹·
117 418 231 450 fuerunt
251 420 381 460 Symonis
407 418 443 448 de
464 417 644 461 Monteforte
657 442 667 457 ,
692 419 835 459 quondam
856 419 979 451 Comitis
996 420 1181 459 Leycestriae,

116 458 225 526 ifiliiimid
238 459 272 489 δε
290 458 388 487 felonis
408 455 493 486 nostri
510 468 521 494 ς,
545 467 594 497 per
608 468 694 497 quem
710 467 805 497 guerra
819 459 848 488 in
862 457 966 497 Regno
986 459 1085 489 nostro
1103 466 1181 489 mota

160 504 186 526 t:

154 534 225 565 Nec
237 543 298 564 non
312 542 410 563 ornnes
421 540 502 563 terras
524 534 557 564 &
571 541 731 564 tenementa
744 560 754 573 ,
778 544 842 573 quae
860 535 972 566 fuerunt
993 535 1029 565 N
1031 535 1132 565 icholai
1145 535 1181 565 de

116 574 255 612 Segrave,
273 573 382 602 inimici
398 572 432 602 &
447 571 556 602 rebellis
569 572 674 609 nostri,
693 574 740 612 qui
762 573 853 603 eidem
868 573 1001 614 Symoni,
1019 575 1053 605 &
1068 574 1182 614 inprifiis

115 611 166 642 suis
179 618 307 650 tempore
328 619 436 650 guerrae
457 610 601 648 praedietae
623 611 735 641 adhaeiit
747 634 758 650 ,
782 611 817 642 acl
832 611 1104 642 exhaereditationem
1118 622 1182 642 nos-

114 657 187 680 tram
202 649 236 679 &
249 649 471 679 deffinitionem
486 647 615 679 Coronae
629 648 749 687 nostrae,
769 650 805 680 us
818 660 852 679 ue
863 650 896 680 ad
911 651 1016 681 bellum
1031 652 1101 680 inter
1114 661 1182 690 nos,

116 689 151 720 &
168 687 261 718 dictos
273 689 405 718 inimicos
418 687 451 717 &
466 687 580 717 rebelles
592 687 702 717 nostros
715 689 787 725 apud
816 689 942 719 ‘veiham
956 688 1157 727 commissum3

152 726 190 757 Et
204 736 327 766 quorum
343 725 525 755 inimicorum
540 727 624 756 etiam
640 726 785 756 rebellium
801 736 879 757 terne
902 728 935 758 δε
950 735 1109 758 tenementa
1133 738 1182 764 per

118 764 322 795 forisfadturam
336 773 454 801 eorum,
468 763 503 793 de
518 765 668 794 communi
681 765 814 794 consensu
830 767 862 796 ὃς
878 766 995 795 consilio
1012 765 1180 804 Magnatum

115 812 150 833 ac
166 803 288 833 fidelium
304 802 399 841 Regni
414 801 503 831 nostri
516 825 525 841 ‚
552 802 586 832 ad
606 802 731 832 nostram
753 804 958 834 ordinationem
975 804 1008 835 &
1027 804 1182 841 dispositio-

116 851 185 885 nem
200 841 295 878 (salvis
308 839 468 879 capitalibus
483 840 620 871 Dominis
639 841 775 881 homagiis
792 843 825 873 &
841 842 954 873 servitiis
972 842 1035 879 suis)
1052 842 1104 872 hac
1119 842 1184 872 vice

138 887 272 909 ertinent:

115 891 136 919 P
151 917 293 948 Habenda
306 917 339 948 &
352 917 470 947 tenenda
485 917 577 948 eidem
591 918 650 948 filio
668 918 767 948 nostro
781 919 815 949 &
835 918 991 950 haeredibus
1011 918 1063 949 suis
1083 918 1120 949 de
1133 928 1180 949 ca-

115 956 244 997 pitalibus
256 956 392 986 Dominis
406 955 481 986 feodi
495 956 581 995 illius,
602 958 657 987 sive
669 957 750 987 nobis
764 957 809 987 vel
823 957 897 996 aliis,
915 968 985 988 cum
997 958 1132 987 omnibus
1147 956 1180 987 ad

119 995 254 1035 praediCia
262 993 442 1024 Comitatum
455 995 488 1024 &
503 995 661 1034 honorem,
675 995 878 1034 senescalciam,
897 1006 979 1026 terras
990 997 1024 1026 &
1037 1004 1185 1025 tenemen-

116 1042 145 1064 ta
159 1033 344 1072 spectantibus
360 1032 441 1069 (dum
460 1042 553 1064 tamen
575 1042 658 1064 terr-:e
672 1035 705 1065 &
722 1043 881 1064 tenementa
895 1034 1031 1075 praedi&a
1046 1043 1106 1064 non
1122 1035 1182 1064 fue-

116 1073 172 1102 rint
187 1072 222 1102 de
238 1072 387 1102 dominico
399 1071 528 1103 Coronae
549 1072 664 1109 nostrae)
681 1072 809 1103 faciendo
823 1073 890 1104 inde
903 1073 1001 1104 omnia
1015 1071 1121 1103 servitia
1134 1071 1183 1102 de-

116 1111 173 1141 bita
185 1111 218 1141 &
231 1110 378 1147 consuetaz,
396 1111 432 1140 ita
445 1111 524 1148 quod
533 1133 543 1149 ,
561 1112 708 1141 occasione
723 1111 801 1149 hujus
814 1110 975 1142 donationis
987 1109 1092 1140 nostrae
1106 1133 1115 1148 ,
1140 1111 1185 1140 ni-

115 1148 174 1179 chil
186 1149 347 1189 capitalibus
363 1148 499 1179 Dominis
512 1149 650 1189 praedietis
663 1151 691 1180 in
705 1150 820 1180 Wardis
833 1174 843 1187 ,
867 1149 993 1181 Releviis
1004 1171 1015 1187 ,
1040 1156 1086 1179 aut
1101 1149 1183 1180 rebus

117 1188 191 1225 aliis,
206 1187 241 1218 ad
252 1197 300 1218 eos
315 1189 532 1227 pertinentibus,
551 1188 680 1227 depereat
693 1189 910 1228 imperpetuum.

156 1227 254 1265 Qare
270 1226 402 1256 volumus
416 1227 449 1258 &
471 1226 585 1258 firmiter
601 1228 778 1266 praecipirnus
794 1236 847 1266 pro
867 1226 949 1256 nobis
968 1225 1002 1256 ὃς
1025 1224 1183 1256 haeredibus

117 1265 234 1303 nostris,
251 1265 328 1305 quod
342 1264 488 1302 praedffitus
500 1265 682 1303 EdmunduS,
701 1265 733 1295 &
746 1263 869 1294 haeredes
881 1264 937 1303 sui,
954 1263 1133 1294 Comitatum
1147 1265 1181 1294 δε

117 1304 276 1341 honorem,
293 1303 483 1334 senescalciam
500 1326 510 1341 ,
531 1311 613 1334 terras
627 1304 660 1333 &
680 1310 839 1332 tenementa
853 1302 987 1339 praedic'ta
1006 1311 1073 1332 cum
1087 1302 1183 1331 omni-

115 1343 167 1372 bus
185 1343 355 1380 pertinentiis
369 1341 421 1371 suis
431 1341 549 1371 habeant
562 1342 596 1372 ὃς
616 1348 728 1371 teneant
748 1340 784 1370 de
799 1340 959 1378 capitalibus
974 1340 1108 1370 Dominis
1121 1340 1183 1370 feo-

116 1381 145 1411 di
160 1381 246 1420 illius,
264 1381 321 1411 five
333 1380 432 1417 nobis,
450 1380 495 1409 vel
505 1380 562 1410 aliis
577 1379 659 1414 (dum
674 1387 769 1409 tamen
783 1386 862 1408 terrae
877 1379 910 1409 &
931 1385 1089 1409 tenementa
1108 1388 1181 1416 prae-

118 1420 194 1450 dieta
208 1429 268 1450 non
283 1419 334 1449 sint
347 1417 383 1449 de
395 1417 557 1448 Dominico
575 1417 704 1448 Coronae
723 1416 839 1453 nostrae)
860 1417 991 1448 faciendo
1005 1417 1070 1447 inde
1084 1418 1181 1448 omnia

114 1459 222 1489 servitia
234 1457 326 1488 debita
340 1457 372 1487 &
387 1456 534 1495 consucta,
549 1456 618 1487 ficut
633 1456 801 1494 praedietum
816 1453 872 1494 est,
890 1457 976 1494 impe,
1000 1464 1107 1486 eruum.

154 1496 191 1526 Et
213 1496 343 1526 volumus
363 1496 396 1525 δε
418 1496 597 1534 praecipimus
613 1518 622 1533 ‚
647 1504 700 1534 pro
722 1494 804 1524 nobis
824 1495 858 1525 &
879 1493 968 1524 Haere
988 1492 1049 1524 ibus
1063 1493 1165 1524 nostris
1172 1517 1182 1532 ,

117 1534 194 1574 quod
207 1534 314 1572 nullus,
332 1534 529 1573 rationejuris,
546 1534 623 1574 quod
637 1534 686 1563 {ibi
703 1542 752 1572 per
773 1532 923 1573 praedidtos
937 1556 947 1570 ,
970 1533 1128 1573 Symonem
1146 1533 1179 1563 δε

115 1572 314 1610 Nicholaum‚
328 1571 502 1602 haereditarie
513 1581 677 1612 competere
689 1571 780 1611 poffet
793 1593 803 1610 ,
828 1571 971 1601 actionem
990 1571 1036 1602 vel
1048 1571 1182 1601 clamium

115 1611 176 1642 ullis
189 1611 362 1651 temporibus
376 1610 475 1641 habeat
493 1611 529 1641 de
547 1619 652 1642 caetero
667 1611 697 1640 in
714 1609 853 1650 praedietis
873 1608 1036 1648 Comitatu,
1055 1610 1181 1649 honore,

116 1649 305 1687 Senescalcia‚
321 1649 399 1679 terris
412 1650 446 1680 &
460 1651 644 1687 tenementis,
661 1649 698 1679 set
713 1649 749 1679 ab
762 1649 844 1678 omni
855 1648 931 1687 jure,
949 1648 1060 1679 afflone
1076 1649 1109 1680 &
1125 1649 1182 1684 cla-

117 1690 179 1719 mio
193 1687 304 1726 penitus
314 1687 473 1718 excludatur
485 1689 701 1725 imperpetuum.

158 1727 196 1757 Et
207 1737 259 1756 nos
272 1726 441 1758 &haeredes
455 1725 568 1764 nostri,
593 1727 666 1756 hanc
685 1724 812 1756 nostram
831 1725 1015 1757 donationem
1034 1725 1184 1756 defendere

117 1766 153 1796 &
165 1765 328 1796 conservare
345 1772 490 1802 tenemur,
510 1764 579 1794 ficut
598 1775 650 1794 nos
665 1765 699 1795 ὃς
714 1764 898 1795 antecessores
913 1764 1001 1795 nostri
1021 1764 1084 1794 alias
1097 1764 1186 1795 dona-

115 1805 207 1834 tiones
218 1802 323 1837 nostras
337 1803 371 1833 &
383 1801 564 1834 feoffamenta
579 1802 742 1834 conservare
754 1803 787 1834 &
804 1803 952 1834 defendere
974 1803 1188 1842 consuevimus,

118 1842 153 1873 &
168 1842 239 1872 ficut
249 1851 281 1872 ea
295 1840 458 1872 conservare
471 1842 504 1873 &
517 1841 667 1873 defendere
681 1849 820 1873 tenemur.

156 1922 222 1953 Hiis
236 1919 370 1954 Testibus
376 1945 388 1960 ‚

122 2002 277 2036 Venerabili
293 2006 382 2033 Patre
397 2004 441 2034 W.
456 2002 578 2034 Bathon.
596 2001 634 2038 &
672 2003 790 2033 Roberto
805 2001 960 2033 Walerand
966 2027 977 2040 ‚

160 2041 273 2073 Wllen.
287 2040 411 2080 Epfiopo
419 2065 430 2081 ‚
674 2044 717 2072 W
717 2041 824 2071 illielmo
839 2041 919 2071 Belet
928 2064 938 2080 ,

119 2084 235 2119 Hugone
250 2080 275 2110 le
288 2081 393 2118 Bigod,
673 2079 797 2110 Waltero
812 2081 844 2110 de
857 2083 960 2117 Bruges
969 2102 978 2117 ,

119 2120 242 2158 Philippo
258 2119 373 2158 Baſjet,
671 2117 801 2158 Gaffrido
819 2119 851 2149 de
867 2120 966 2158 Percy,
984 2117 1018 2149 &
1031 2116 1098 2148 aliis.

117 2162 220 2196 Rogero
235 2158 267 2188 de
281 2157 443 2197 Leyburne,

121 2278 139 2311 s
159 2238 228 2269 Dat.
244 2237 377 2269 Cantuar.
397 2237 438 2268 26
458 2236 505 2268 die
525 2236 662 2269 Oetobxis
674 2260 685 2276 ‚
707 2246 784 2269 anno
799 2236 896 2277 Regni
909 2235 998 2267 nostri
1017 2235 1190 2275 quinquage-

133 2287 203 2309 imo.

121 2414 219 2445 Carta
232 2421 287 2457 per
309 2422 404 2457 quam
430 2411 582 2443 Dominus
606 2410 759 2443 Heni-icus
783 2408 866 2442 dedit
886 2407 922 2447 (ξ’
944 2419 1027 2450 conce
1047 2417 1070 2439 tt
1097 2409 1192 2452 nepoti

160 2460 218 2504 fito
230 2485 239 2501 ‚
265 2462 312 2492 H.
322 2458 388 2502 filio
404 2456 526 2501 illustris
543 2461 629 2504 Regis
647 2459 815 2491 Alemaniae
826 2460 1024 2503 primogenito
1041 2482 1050 2497 ‚
1086 2465 1188 2486 mane-

165 2511 250 2539 rium
266 2506 301 2539 de
317 2507 493 2555 Gringelay,
518 2517 588 2538 cnm
602 2503 737 2537 omnibns
747 2506 815 2551 fiais
825 2507 1031 2551 pertinentiis,
1057 2514 1116 2547 quae
1131 2502 1191 2545 fu-

171 2564 259 2588 erunt
274 2556 319 2588 W
319 2554 437 2587 illielmi
451 2553 487 2587 de
497 2554 669 2591 anivak
691 2557 744 2600 qni
759 2552 910 2600 quondam
923 2555 1037 2586 Simoni
1053 2550 1089 2582 de
1098 2553 1192 2582 Mon-

166 2603 258 2648 tefort
271 2627 281 2645 ,
307 2604 428 2635 inimico
445 2605 481 2640 ὠ·
495 2601 591 2646 feloni
609 2604 715 2648 Regis,
740 2601 867 2645 adhaefit.

0 2714 53 2737 nn.
66 2703 108 2735 D·
128 2691 346 2757 HEnricuS‚
364 2690 422 2721 Dei
444 2690 529 2730 gratia
543 2714 553 2729 ‚
575 2690 642 2721 Rex
663 2688 777 2730 Angliae
789 2713 799 2728 ‚
826 2688 971 2720 Dominus
988 2686 1139 2718 Hiberniae
1161 2685 1194 2715 &

34 2744 52 2774 6
212 2730 281 2760 Dux
294 2729 489 2768 Aquitanniae,
508 2728 898 2769 ArchiepiscopisAEpiscopis
907 2751 916 2766 ,
925 2727 1098 2762 Abbatibus‚
1113 2724 1196 2754 Prio-

0 2754 32 2811 {2²
54 2751 94 2809 ξ,
130 2768 205 2811 ribus
239 2767 422 2812 Comitibus‚
438 2767 608 2812 Batonibus,
621 2766 800 2812 justiciariis,
817 2766 1062 2811 Vicecomitibus‚
1077 2763 1196 2801 Praepo-

0 2827 9 2848 ·.
47 2793 63 2819 5
131 2806 199 2843 sitis,
211 2790 370 2843 iMmistris,
386 2807 420 2837 δε
433 2805 566 2837 omnibus
580 2806 704 2845 Balhvrs,
721 2807 755 2837 &
769 2805 894 2836 fidehbus
906 2805 957 2835 suis
968 2804 1090 2834 salutem.
1139 2839 1148 2848 Α

0 2832 111 2896 ,1-3189·
166 2844 263 2876 Sciatis
277 2855 329 2875 nos
340 2844 460 2882 dedisse,
476 2843 641 2875 conceffiffe
654 2868 664 2884 ,
688 2845 722 2875 ὅτ,
742 2844 796 2874 hac
817 2852 891 2874 carta
905 2842 1000 2874 nostra
1013 2839 1194 2872 confirmasse

130 2883 237 2915 dile&o
252 2884 348 2924 nepoti
361 2883 394 2915 ὃς
409 2883 482 2914 fideli
495 2883 594 2914 nostro
607 2882 738 2914 Henrico
754 2881 862 2913 illustris
876 2882 905 2912 R
943 2883 965 2912 is
971 2880 1128 2912 Alemaniae
1136 2878 1198 2908 Pri-

133 2924 279 2962 mogenito
291 2946 302 2961 ,
325 2931 378 2962 pro
392 2921 466 2952 fideli
479 2922 588 2953 servitio
601 2922 650 2952 suo
665 2944 676 2961 ,
700 2923 856 2952 manerium
877 2921 912 2951 de
961 2919 1080 2960 ringelay
1094 2942 1103 2957 ,
1129 2927 1197 2947 cum

130 2961 318 2998 pertinentiis,
336 2960 414 2999 quod
436 2961 488 2992 fuit
504 2961 658 2995 Willielmi
675 2960 711 2990 de
732 2959 865 2991 Furnival
881 2983 891 2998 ‚
917 2960 947 2989 in
966 2958 1114 2988 Comitatu
1129 2955 1199 2999 No-

131 3000 261 3037 tingharn
275 3022 285 3038 ,
307 2998 415 3028 inimici
438 2999 472 3029 &
495 2999 601 3030 rebellis
621 2998 710 3029 nostri
722 3021 733 3037 ‚
754 3000 803 3038 qui
821 2998 942 3037 Symoni
962 2996 998 3026 de
1011 2995 1197 3038 Monteforti‚

153 3037 279 3067 uondam
293 3035 404 3066 Comiti
416 3036 602 3077 Leycestriae,
618 3038 737 3068 inimico
749 3038 782 3068 &
801 3037 888 3067 feloni
903 3035 1019 3074 nostrO,
1037 3036 1070 3065 &
1084 3033 1198 3074 inprisus

146 3076 187 3105 uis
200 3075 330 3112 adhaefit,
348 3081 407 3105 tem
448 3085 477 3104 re
492 3084 598 3114 guerrae
612 3099 622 3115 ,
667 3086 712 3106 uae
729 3085 818 3113 nuper
837 3076 866 3105 in
884 3074 990 3114 Regno
1006 3072 1106 3104 nostro
1120 3080 1198 3115 mota

134 3115 187 3144 fuit
199 3123 248 3154 per
261 3113 282 3133 ²*
295 3112 384 3150 ipsum
420 3113 547 3144 imonem
560 3115 594 3144 &
612 3114 642 3145 di
671 3124 704 3144 os
725 3115 860 3154 imprisios
879 3113 941 3143 suos
955 3112 992 3143 ad
1002 3111 1198 3154 exhaeredatio<

132 3162 201 3183 nem
214 3151 340 3182 nostram
353 3152 387 3182 δε
404 3150 624 3182 destructionem
643 3153 771 3183 Coronae
791 3152 896 3183 nostrae
911 3175 921 3190 ,
944 3151 1029 3190 usque
1049 3151 1084 3181 ad
1098 3148 1199 3180 confli-

134 3191 215 3222 ctum
230 3191 301 3221 inter
315 3200 382 3229 nos,
398 3190 432 3221 ὃς
445 3189 536 3220 ἀίᾶοε
554 3191 688 3222 inimicos
702 3192 735 3222 δε
748 3191 862 3223 rebelles
881 3189 1007 3229 nostros,
1024 3188 1098 3230 apud
1112 3187 1198 3218 Eves-

131 3228 198 3260 ham
211 3228 412 3265 commiffum3

169 3267 208 3298 Et
218 3276 342 3307 quorum
355 3267 538 3298 inimicorum
557 3273 638 3297 terrae
654 3265 689 3296 &
707 3273 866 3298 tenementa
883 3277 933 3308 per
953 3267 1126 3298 forisfactum
1148 3275 1198 3294 eo-

133 3316 196 3337 rum
205 3328 214 3345 ,
229 3306 266 3336 de
280 3306 429 3336 communi
441 3305 544 3335 assensu
559 3306 594 3336 &
606 3305 725 3335 consilio
739 3305 911 3345 Magnarum
924 3307 957 3336 &
976 3305 1101 3336 fidelium
1117 3303 1196 3334 Refr-

134 3346 165 3375 ni
177 3344 281 3383 nostri,
297 3343 332 3374 ad
343 3343 466 3373 nostram
478 3343 686 3373 ordinationem
699 3343 734 3374 &
751 3344 962 3382 dilpositionem
977 3344 1065 3378 (salvis
1077 3344 1165 3383 capita
1177 3343 1198 3371 i-

134 3384 185 3414 bus
200 3383 337 3413 Dominis
348 3380 502 3421 Homagiis
535 3383 569 3412 &⁴
581 3381 694 3411 servitiis
705 3380 766 3419 suis)
780 3382 834 3413 hac
849 3384 912 3414 vice
924 3383 1071 3423 pertinent.

171 3421 347 3452 Habendum
362 3404 567 3462 &tenendum
581 3419 632 3449 fibi
647 3419 680 3449 &
694 3419 849 3452 haeredibus
860 3421 911 3452 suis
925 3446 934 3460 ‚
957 3421 993 3452 de
1012 3430 1134 3459 corpore
1148 3418 1197 3449 suo

134 3460 258 3500 legitime
273 3468 430 3497 procreans.

172 3499 209 3530 Et
221 3522 231 3537 ‚
255 3499 275 3529 si
298 3497 446 3535 praediecus
465 3494 624 3534 Henricus,
647 3495 704 3526 fine
725 3495 885 3534 hujusmodi
902 3495 1059 3529 haeredibus
1080 3497 1198 3533 obierit,

136 3546 205 3568 tunc
220 3535 387 3576 praedietum
403 3535 560 3565 manerium
572 3533 608 3564 de
615 3533 786 3577 Gringelay,
804 3545 871 3566 cum
878 3537 1065 3577 pertinentiis,
1084 3534 1199 3565 Edwar-

134 3576 175 3606 do
189 3575 376 3615 primogenito
386 3574 486 3604 nostro
501 3596 511 3611 ‚
533 3573 566 3603 &
582 3571 736 3602 haeredibus
749 3573 801 3604 suis
814 3597 824 3613 ,
851 3575 1059 3616 imperpetuum
1073 3582 1198 3603 remanc-

135 3615 178 3645 bit
189 3639 198 3654 ,
217 3614 369 3645 tenendum
382 3611 418 3642 de
434 3610 594 3649 capitalibus
609 3608 746 3640 Dominis
764 3611 841 3643 feodi
858 3613 929 3644 illius
942 3637 952 3652 ,
976 3613 1022 3643 seu
1035 3613 1134 3649 nobis,
1153 3610 1199 3641 vel

133 3654 191 3684 aliis
204 3654 410 3691 imperpetuum
422 3651 503 3685 (dum
524 3658 620 3680 tamen
639 3650 796 3680 manerium
815 3651 882 3681 illud
898 3662 960 3682 non
983 3652 1065 3682 fuerit
1079 3649 1115 3679 de
1133 3649 1199 3679 Do-

133 3693 245 3723 minico
259 3690 386 3722 Coronae
400 3688 515 3726 nostrae)
527 3686 658 3718 faciendo
672 3686 737 3716 inde
749 3686 848 3719 omnia
860 3690 965 3720 servitia
977 3690 1070 3720 debita
1083 3689 1116 3719 &
1129 3698 1199 3717 con-

134 3730 223 3768 sueta;
241 3731 278 3761 ita
291 3728 368 3769 quod
382 3728 532 3758 occasione
544 3724 624 3764 hujus
635 3723 793 3768 donationis
807 3726 913 3758 nostrae
932 3729 1021 3759 nichil
1040 3727 1200 3766 capitalibus

135 3767 270 3800 Dominis
281 3767 436 3809 praedietis,
451 3767 480 3796 in
494 3764 623 3802 Wardis‚
640 3762 764 3800 releviis,
781 3772 828 3795 aut
842 3766 923 3796 rebus
934 3767 1008 3806 aliis,
1026 3766 1061 3797 ad
1075 3775 1123 3796 eos
1135 3775 1197 3803 per-

135 3806 302 3845 tinentibus,
320 3807 447 3846 depereat
460 3806 501 3834 im
522 3810 677 3849 erpetuum.
707 3841 712 3847 .
736 3841 741 3847 .

175 3845 272 3884 Quare
293 3846 423 3877 volumus
438 3843 471 3874 &
512 3851 605 3873 rmiter
628 3848 809 3879 praecipimus
827 3849 880 3878 pro
901 3842 984 3876 nobis
997 3843 1030 3874 &
1044 3841 1201 3872 haeredibus

136 3878 254 3921 nostris,
271 3884 348 3923 quod
361 3882 510 3921 praediffirs
524 3880 614 3911 Henr.
629 3880 663 3910 &
677 3877 799 3909 haeredes
811 3878 867 3916 sui,
881 3879 917 3909 de
934 3886 1055 3918 corpore
1069 3881 1118 3911 suo
1134 3880 1201 3919 legi-

132 3922 203 3951 time
223 3924 384 3960 procreati,
410 3920 576 3959 praedic‘tum
603 3919 760 3948 manerium
780 3917 817 3948 de
831 3916 987 3959 Gringeley
1001 3943 1011 3957 ‚
1046 3919 1125 3956 quod
1148 3919 1202 3949 fuit

133 3958 262 3996 praediffi
277 3961 421 3991 inimici&
436 3959 543 3989 rebellis
556 3956 665 3995 nostri,
683 3956 804 3993 habeant
819 3955 852 3985 &
871 3963 982 3987 teneant
1000 3957 1038 3988 de
1076 3957 1199 3988 raediCtis

133 3997 194 4027 filio
209 3997 307 4028 nostro
320 4000 353 4029 &
368 3999 524 4029 haeredibus
535 3996 585 4027 suis
595 4019 605 4035 2
618 3994 777 4033 capitalibus
792 3993 928 4024 Dominis
942 3994 1018 4025 feodi
1036 3995 1056 4026 il
1068 3996 1108 4026 ius
1121 4019 1131 4034 ,
1156 3996 1201 4025 seu

135 4035 234 4074 nobis,
252 4037 296 4066 vel
311 4036 369 4067 aliis
380 4038 597 4077 imperpetuum.
812 4071 816 4076 ⁵
932 4070 938 4076 ·

170 4073 225 4112 Et,
243 4074 260 4104 fi
277 4074 354 4104 idem
369 4075 459 4106 Henr.
475 4076 531 4106 fine
543 4072 700 4111 hujusmodi
715 4069 871 4102 haeredibus
890 4070 1013 4109 obierit,
1041 4078 1110 4102 tunc
1125 4071 1201 4114 idem

132 4113 290 4144 manerium
302 4121 370 4144 cum
382 4114 552 4154 pertinentiis
563 4111 701 4152 praedisto
720 4110 780 4143 filio
800 4109 900 4142 nostro
920 4110 955 4141 &
977 4109 1135 4141 haeredibus
1150 4111 1201 4140 luis

9 3111 34 3140 I.
47 3110 113 3149 832.

1226 216 1695 265 PUBLICA.
2212 230 2283 279 '103

1222 302 1429 345 imperpetuum
1447 307 1602 351 remanebit
1617 331 1626 345 ‚
1652 308 1806 340 tenendum
1819 309 1856 340 de
1875 309 2035 348 capitalibus
2055 308 2192 340 Dominis
2205 310 2282 340 feodi
2298 309 2373 341 Ann.
2390 308 2430 341 D.

1220 340 1367 378 illius,1eu
1382 342 1481 389 nobas,
1501 345 1544 374 vel
1557 346 1613 376 alus
1633 347 1838 384 imperpetuum
1873 348 1940 378 dum
1961 356 2055 379 tamen
2077 350 2233 378 manerium
2249 349 2281 377 il-
2317 350 2399 387 1265.

1220 378 1267 408 lud
1277 389 1344 422 *non
1357 379 1440 410 fuerit
1454 391 1489 410 oe
1504 381 1662 413 Dominico
1677 386 1803 416 Coronae
1817 396 1855 416 no
1882 386 1930 423 rae)
1953 386 2084 417 faciendo
2097 386 2162 417 inde
2175 387 2281 418 servitia
2296 392 2358 416 Hen.
2372 398 2400 425 3.

1219 416 1311 448 debita
1325 418 1359 448 &
1374 418 1519 457 consueta,
1539 421 1606 451 licut
1621 423 1789 458 praedidium
1799 423 1848 454 est.

1255 454 1294 486 Et
1308 456 1439 500 volumus
1454 458 1487 487 &
1502 461 1679 501 praecipimus
1693 472 1745 502 pro
1758 463 1839 492 nobis
1853 463 1887 492 &
1902 462 2058 494 haeredibus
2068 462 2184 500 nostris,
2204 461 2283 501 quod

1220 493 1326 541 nulllus,
1345 503 1450 524 ratione
1468 506 1532 534 Juns
1545 498 1621 536 quod
1639 499 1688 528 sibi
1710 509 1757 536 per
1777 501 1943 538 praediffitum
1958 502 2148 532 &Villielmum
2167 501 2284 531 haeredi-

1220 540 1288 563 tane
1303 534 1581 577 competere-possit,
1600 538 1743 567 atilionem
1759 539 1803 568 vel
1824 539 1955 568 clamium
1968 540 2028 571 ullis
2043 540 2216 579 temporibus
2234 541 2285 570 ha-

1219 570 1283 601 beat
1296 571 1332 615 de
1350 580 1456 617 caetero
1472 583 1499 601 m
1514 576 1640 605 manerio
1655 576 1811 614 praedicto,
1826 577 1864 606 set
1879 578 1914 606 ab
1928 579 2008 608 omni
2028 580 2104 618 jure,
2122 579 2234 609 afflone
2249 579 2283 609 &

1222 609 1342 653 clamio,
1360 619 1470 648 penitus
1484 611 1644 643 excludatur
1657 616 1871 653 imperpetuum.

1258 647 1296 678 ht
1317 658 1368 678 nos
1389 650 1422 679 &
1435 648 1556 681 haeredes
1567 651 1658 694 nostri
1670 652 1741 682 hanc
1756 653 1879 683 nostram
1893 652 2073 685 donationem
2088 654 2236 685 defendere
2249 655 2284 685 ὅτ

1221 687 1383 716 conservare
1397 695 1542 731 tenemur,
1559 694 1629 720 licut
1647 701 1698 720 nos
1713 692 1746 721 ὃς
1767 692 1949 722 antecessores
1967 693 2054 722 nostri
2075 694 2137 723 ali-as
2152 693 2284 724 donatio-

1221 734 1269 754 nes
1283 725 1388 768 nostras
1401 726 1433 756 δε
1448 727 1626 769 teoffamenta
1641 728 1735 759 nostra
1757 730 1920 760 conservare
1933 731 1967 761 ὃ(
1981 731 2128 762 defendere
2139 733 2285 762 consuevi⁴

1221 772 1299 801 mus,
1317 764 1350 794 &
1365 766 1433 794 sicut
1447 775 1477 794 ea
1490 768 1652 797 conservare
1666 768 1698 798 ὃς
1713 767 1863 799 defendere
1879 778 2014 800 tenemur.

1259 842 1323 872 Hiis
1336 843 1484 884 Testibus,

1222 922 1373 952 Venerabili
1393 926 1478 966 Patre
1500 927 1543 955 W.
1557 928 1678 958 Bathea.
1693 927 1732 963 ὠ·
1771 932 1870 965 Rogero
1883 931 1914 959 de
1929 929 2071 969 clifforde,

1261 961 1374 990 Wllen.
1389 963 1527 1002 Episcopo,
1771 970 1871 1003 Rogero
1889 970 1920 998 de
1935 967 2071 999 Lerburrz.

1222 1000 1334 1044 Hugqne
1345 999 1369 1028 le
1381 1002 1483 1043 Bsgoa',
1771 1006 1887 1035 Roberto
1903 1004 2060 1035 Walbrand.

1222 1036 1343 1075 Philippo
1359 1040 1453 1077 Basset
1463 1063 1472 1076 ,
1773 1043 1920 1073 Wsllielmo
1938 1044 2017 1073 Belet
2026 1067 2035 1081 ‚

1221 1078 1320 1112 Rogero
1332 1075 1363 1104 de
1381 1080 1494 1106 Mortuo
1510 1082 1608 1117 Mari,
1773 1083 1855 1110 Petro
1870 1084 1901 1111 de
1916 1083 2102 1120 Chaumpnent
2113 1105 2122 1119 ,
2140 1083 2174 1113 δε
2188 1082 2251 1112 aliis.

1261 1156 1329 1186 Dat.
1346 1166 1393 1196 per
1409 1166 1524 1188 manum
1540 1157 1663 1188 nostram
1678 1159 1750 1196 apud
1765 1158 1896 1191 Cantuar.
1909 1160 2042 1191 vicesimo
2051 1162 2180 1192 nonodie
2191 1162 2287 1192 osto:

1223 1195 1265 1225 br.
1281 1205 1356 1225 anno
1370 1195 1465 1235 Regni
1479 1195 1565 1225 nostri
1583 1198 1821 1236 quinquageiinio.

1495 1331 1553 1362 Pro
1566 1328 1697 1362 Ricardo
1720 1333 1796 1377 Rege
1821 1330 2017 1365 Alemmmiae.

1221 1416 1349 1471 REX
1365 1417 1534 1455 Abbatibus‚
1553 1417 1711 1456 Prioribus,
1729 1417 1911 1458 Comitibus,
1932 1419 2100 1457 Bironibus‚
2122 1417 2281 1458 Militibus,
2303 1413 2377 1444 Ann-
2395 1411 2433 1445 D·-

1219 1493 1254 1524 m
1283 1457 1316 1486 ὅτ.
1336 1457 1468 1486 omnibus
1487 1457 1573 1487 libere
1588 1459 1744 1488 tenentibus
1758 1458 1793 1488 de
1816 1458 1963 1489 Rich-ardo
1985 1458 2067 1497 Rege
2087 1457 2282 1497 Alemanniae,
2297 1453 2405 1517 A1265·

1256 1502 1342 1524 utem.
2325 1502 2350 1518 ⁷¹·
2364 1501 2412 1527 50·

1245 1532 1340 1576 'Cum
1358 1534 1485 1571 praefatus
1498 1533 1579 1572 Rex,
1598 1534 1680 1564 frater
1700 1534 1794 1565 noster
1813 1535 1966 1565 karissimus
1980 1559 1990 1574 ,
2013 1537 2043 1566 in
2062 1534 2216 1574 conflictu,
2232 1535 2281 1565 ha·
2295 1533 2331 1556 H.
2347 1539 2371 1566 3·
2390 1564 2405 1574 y

1222 1572 1284 1601 bito
1296 1573 1369 1611 apud
1381 1572 1490 1610 Lewis,
1507 1581 1601 1613 captus
1616 1574 1735 1604 extiterit
1747 1575 1779 1604 &
1794 1576 1992 1612 incarceratus,
2011 1584 2060 1612 per
2074 1584 2162 1604 unum
2174 1584 2281 1604 annum
2298 1571 2358 1596 Pas.
2374 1577 2391 1604 5
2393 1578 2420 1594 0=

1224 1611 1258 1641 &
1271 1611 1388 1650 amplius
1401 1611 1527 1641 detentus
1542 1634 1551 1649 ,
1575 1621 1624 1651 per
1638 1612 1712 1649 quod
1733 1621 1814 1643 terrae
1827 1636 1836 1650 ,
1860 1621 2018 1643 tenementa
2040 1613 2072 1642 ὅ(
2091 1613 2184 1643 catalla
2203 1613 2282 1650 ipsius
2300 1610 2334 1633 H.
2353 1615 2378 1641 3-

1224 1648 1413 1717 fratrciisgostri
1432 1658 1569 1687 occupata
1581 1673 1591 1688 ,
1612 1650 1724 1681 alienam
1745 1652 1778 1682 &
1796 1650 1923 1681 distratfta
1943 1659 2018 1681 erant
2039 1650 2136 1681 medio
2156 1658 2284 1691 tempore
2298 1653 2323 1672 ⁷²·
2341 1653 2402 1680 ¹3²³

1244 1697 1281 1717 rae
1303 1698 1312 1717 i
1343 1697 1377 1717 o:

1223 1697 1242 1741 p·
1263 1726 1308 1756 Ac
1322 1726 1397 1756 idem
1408 1726 1490 1757 frater
1506 1727 1616 1765 noster,
1633 1729 1782 1758 occasione
1795 1727 1928 1768 praedi&a
1940 1752 1950 1766 ,
1976 1728 2010 1758 &
2030 1728 2182 1759 rationibus
2196 1728 2288 1759 diver*

1228 1764 1274 1803 fis,
1295 1775 1360 1803 quas
1378 1765 1560 1803 subticemus,
1578 1767 1611 1796 ad
1631 1767 1748 1803 praesens
1768 1777 1823 1797 aere
1843 1768 1934 1797 alieno
1954 1767 1985 1797 sit
2003 1776 2131 1797 oneratus
2143 1791 2154 1805 ,
2176 1776 2289 1805 propter

1226 1803 1304 1841 quod
1317 1803 1409 1833 eidem
1424 1804 1496 1833 fratri
1511 1804 1609 1834 nost-ro
1625 1806 1863 1843 quamplurimum
1877 1806 2084 1843 compatimur:

1265 1842 1485 1872 Universitatem
1501 1842 1623 1873 vestram
1636 1843 1762 1874 duximus
1777 1844 1907 1874 attentius
1919 1845 2073 1883 rogandam
2087 1851 2237 1881 quatenus,
2255 1842 2291 1875 ad

1228 1881 1428 1911 relevationem
1444 1882 1603 1920 bonorum,
1622 1882 1782 1912 catallorum
1797 1882 1830 1913 δε
1842 1883 2003 1912 debitorum
2017 1882 2234 1920 praedid'torum,
2252 1890 2292 1912 ta-

1229 1920 1257 1950 le
1272 1921 1403 1950 auxilium
1419 1919 1577 1950 concedere
1599 1920 1687 1950 velitis
1702 1921 1781 1950 dic'to
1795 1921 1868 1951 fratri
1885 1920 1983 1950 nostro
1996 1944 2006 1958 ,
2030 1919 2164 1950 Domino
2177 1920 2289 1959 vestro,

1228 1969 1296 1989 cum
1309 1960 1345 1989 ab
1359 1968 1395 1988 eo
1408 1958 1485 1996 super
1499 1959 1556 1988 hoc
1569 1959 1670 1989 fueritis
1681 1959 1816 1997 requisiti,
1835 1959 1911 1996 quod
1927 1958 2046 1998 proinde
2060 1959 2232 1996 temporibus
2246 1959 2290 1988 fu-

1229 1998 1296 2028 turis
1309 1999 1389 2028 vobis
1401 1996 1428 2027 se
1440 1997 1664 2027 favorabiliorem
1679 1999 1779 2028 merito
1790 2006 1911 2028 teneatur
1927 1998 2074 2036 exhibere,
2089 2007 2123 2027 ac
2137 1997 2217 2027 nobis
2229 2007 2291 2037 gra-

1231 2044 1271 2067 tes
1286 2044 1423 2075 reportare
1438 2035 1560 2066 debeatis
1574 2036 1708 2076 speciales.

1264 2115 1354 2147 Teste
1368 2116 1450 2156 Rege
1461 2116 1534 2157 apud
1548 2116 1632 2147 Cant.
1645 2125 1683 2154 29
1697 2116 1743 2147 die
1758 2116 1827 2147 Οξὶ.

1356 2244 1385 2272 ³3
1408 2250 1458 2282 De
1465 2249 1641 2295 proteHione
1651 2260 1706 2296 pro
1724 2248 1853 2291 Ecolefia
1872 2246 1907 2280 de
1924 2246 2163 2293 Heveringlard.
2311 2250 2327 2267 ⁴*
2338 2252 2360 2279 Ι.
2375 2250 2391 2278 8
2396 2262 2408 2289 3
2414 2262 2426 2290 3
2436 2273 2443 2280 0

1231 2337 1419 2398 CLemens
1432 2338 1601 2378 Episcopus,
1620 2336 1709 2367 servus
1724 2336 1864 2368 servorum
1881 2336 1956 2374 Dei,
1973 2336 2080 2367 diletstis
2094 2336 2153 2368 filiis
2166 2361 2177 2376 ,
2202 2337 2291 2369 Priori
2310 2332 2383 2366 Ann-
2399 2336 2441 2367 D:

1298 2375 1430 2406 Eccleiiae
1444 2376 1479 2407 de
1493 2376 1696 2414 Heveringlard
1710 2399 1720 2414 ,
1743 2376 1805 2415 ejus
1819 2385 1853 2406 ue
1874 2376 2002 2406 fratribus
2019 2375 2079 2405 tam
2097 2377 2289 2416 praesentibus,
2328 2376 2411 2414 1265.

1230 2416 1317 2453 quam
1331 2415 1426 2445 futuris
1440 2415 1592 2455 regularem
1606 2417 1693 2446 vitam
1707 2415 1788 2452 profe
1812 2425 1849 2451 is,
1867 2415 1896 2444 in
1909 2421 2084 2454 perpetuum.
2307 2418 2358 2441 An.
2379 2424 2425 2449 50.

1268 2452 1438 2492 Religiosam
1454 2456 1539 2484 vitam
1555 2454 1718 2493 eligentibus
1737 2453 1923 2490 apostolicum
1944 2453 2079 2482 convenit
2093 2452 2184 2483 adess‘e
2197 2454 2289 2492 praesr-
2308 2457 2343 2479 H.
2361 2462 2387 2488 3-

1230 2490 1325 2529 dium,
1344 2492 1381 2520 ne
1395 2492 1467 2522 forte
1480 2492 1625 2531 cujussibet
1638 2493 1799 2522 temeritatis
1811 2490 1932 2521 incursus
1943 2499 1989 2520 aut
2002 2500 2049 2520 eos
2061 2501 2076 2521 a
2088 2494 2233 2531 proposito
2245 2503 2289 2523 re.
2307 2495 2346 2517 Ex
2358 2494 2417 2518 Ans

1231 2538 1333 2566 vocet,
1351 2538 1397 2560 aut
1410 2531 1494 2560 robur
1504 2553 1514 2569 ‚
1532 2531 1609 2568 quod
1625 2530 1708 2567 abiit,
1726 2529 1808 2560 sacrae
1822 2529 1959 2568 religionis
1972 2538 2093 2559 enervet.
2304 2536 2367 2566 regn

1267 2567 1439 2607 Eapropter,
1457 2569 1551 2599 dilecti
1569 2570 1599 2599 in
1614 2568 1747 2598 Domino
1761 2567 1809 2597 filii
1823 2591 1833 2606 2
1859 2567 1955 2598 vestris
1975 2567 2049 2605 justis
2061 2567 2291 2607 postulationibus

1230 2606 1385 2636 clementer
1404 2609 1551 2637 annuimus
1565 2630 1574 2645 ,
1603 2609 1637 2638 ἃ
1659 2605 1813 2636 Ecclesiam
1834 2606 1869 2636 de
1892 2605 2098 2645 Heveringla'rd
2118 2605 2290 2637 Norwicen.

1233 2643 1321 2674 Dioc.
1338 2644 1479 2675 Abbatem
1494 2646 1638 2684 proprium
1651 2655 1711 2674 non
1731 2644 1880 2674 habentem
1896 2667 1906 2682 ‚
1930 2644 1967 2674 set
1981 2655 2028 2684 per
2043 2643 2172 2674 Priorem
2186 2645 2293 2675 solitam

1231 2684 1397 2722 gubernari,
1414 2684 1445 2713 in
1459 2694 1512 2721 qua
1525 2684 1626 2714 divino
1639 2682 1700 2712 estis
1720 2683 1854 2723 obsequio
1869 2684 2019 2722 mancipati
2031 2705 2042 2721 ,
2061 2683 2111 2713 sub
2131 2683 2203 2714 beati
2216 2682 2294 2714 Petri

1233 2723 1265 2752 ὃς
1288 2721 1382 2765 nostri
1404 2722 1580 2761 proteffione
1604 2722 1762 2761 suscipimus
1777 2745 1787 2760 ,
1813 2722 1846 2752 ὃς
1873 2721 2013 2760 praesentis
2033 2720 2124 2759 scripti
2146 2721 2293 2762 privilegio·

1233 2769 1460 2798 communimus3
2238 2790 2240 2795 ,

1273 2797 1305 2828 In
1319 2799 1413 2839 primis
1428 2798 1561 2838 siquidem
1576 2797 1738 2837 statuentes,
1758 2805 1789 2829 ut
1801 2797 1874 2828 ordo
1894 2798 2045 2828 canonicus
2079 2799 2126 2842 qui
2142 2797 2295 2829 secundum

1234 2835 1333 2868 Deum
1349 2839 1382 2868 ὃς
1397 2838 1468 2868 beati
1484 2837 1631 2876 Augustini
1651 2838 1773 2876 regulam
1794 2838 1822 2866 in
1839 2836 1935 2866 eadem
1950 2836 2037 2866 Eccle
2048 2836 2074 2867 ia
2088 2836 2226 2867 institutus
2240 2837 2296 2867 esse

1235 2875 1405 2915 dinoscitur,
1422 2877 1559 2916 perpetuis
1573 2875 1678 2905 ibidem
1692 2876 1866 2914 temporibus
1878 2875 2070 2906 inviolabiliter
2084 2875 2253 2906 observetur.

1271 2913 1409 2945 Praeterea
1424 2919 1610 2954 quaicumque
1622 2914 1819 2951 poffeffiones,
1838 2923 2027 2951 quaecumque
2042 2915 2117 2944 bona
2131 2913 2230 2944 eadem
2237 2913 2294 2945 Ec:

1233 2953 1311 2984 clesia
1327 2954 1572 2993 impraesentiarum
1593 2952 1662 2991 juste
1681 2963 1715 2983 ac
1734 2953 1872 2984 canonice
1892 2951 2010 2991 poffidet
2023 2976 2034 2990 ,
2055 2960 2102 2983 aut
2124 2952 2155 2982 in
2168 2952 2295 2983 futurum

1234 2991 1415 3022 concessione
1430 2991 1621 3028 Pontificum,
1640 2991 1783 3031 largitione
1792 2991 1906 3029 Regum
1920 2990 1963 3020 vel
1978 2989 2159 3031 Principum,
2173 2989 2296 3021 oblatio:

1234 3040 1270 3060 ne
1284 3030 1427 3069 fidelium,
1445 3031 1489 3060 seu
1505 3030 1560 3060 aliis
1576 3029 1650 3066 justis
1667 3029 1776 3068 modis,
1792 3027 1940 3069 praestante
1958 3028 2107 3067 Domino,
2124 3030 2227 3068 poterit
2239 3029 2297 3061 adi-

1234 3069 1318 3109 pisci,
1334 3069 1412 3099 firma
1427 3070 1509 3100 vobis
1523 3068 1673 3106 vestrisque
1687 3067 1884 3098 successoribus
1897 3067 1930 3098 &
1944 3066 2047 3097 illibata
2060 3075 2249 3107 permaneant.

1272 3106 1305 3138 In
1327 3108 1426 3147 quibus
1439 3108 1502 3137 haec
1523 3108 1638 3144 propriis
1659 3106 1788 3136 duximus
1808 3105 1987 3142 exprimenda
2008 3106 2176 3144 vocabulis3
2198 3106 2296 3137 locum

1235 3146 1340 3185 ipstim,
1357 3148 1386 3176 in
1401 3156 1458 3184 quo
1472 3145 1583 3185 praefata
1602 3144 1726 3175 Ecclesia
1745 3145 1791 3174 fita
1806 3143 1847 3174 est
1861 3167 1870 3182 ,
1892 3153 1959 3174 cum
1974 3145 2108 3175 omnibus
2125 3145 2296 3182 pertinentiis

1235 3185 1303 3223 suis,
1322 3195 1389 3215 cum
1406 3194 1497 3223 terris,
1511 3184 1607 3221 pratis,
1625 3184 1712 3213 vineis
1725 3207 1735 3220 .,
1760 3182 1921 3213 nemoribus
1935 3205 1946 3221 ,
1966 3182 2078 3222 usuagiis
2099 3183 2132 3213 ὃς
2144 3182 2247 3222 pascuis
2265 3184 2295 3212 in

1235 3223 1321 3254 bosco
1334 3225 1366 3254 &
1382 3223 1481 3263 plano,
1499 3224 1527 3251 in
1541 3223 1615 3260 aquis
1629 3221 1662 3251 ὃς
1676 3222 1863 3260 molendinis,
1881 3221 1909 3250 in
1924 3221 1976 3252 viis
1995 3221 2029 3252 ὃ(
2044 3221 2143 3251 semitis
2156 3244 2167 3259 ,
2185 3221 2219 3251 &
2231 3230 2297 3250 om-

1235 3261 1316 3291 nibus
1328 3263 1384 3291 aliis
1397 3260 1565 3291 libertatibus
1580 3260 1613 3290 &
1627 3260 1850 3290 immunitatibus
1862 3259 1920 3290 suis.
2246 3289 2249 3293 ,

1270 3299 1342 3330 Sane
1357 3300 1501 3330 novalium
1516 3297 1673 3329 vestrorum
1721 3308 1785 3337 quae
1804 3299 1922 3338 propriis
1936 3295 2064 3328 manibus
2084 3305 2129 3327 aut
2144 3296 2298 3334 sumptibus

1235 3338 1343 3376 colitis,
1359 3338 1395 3368 de
1407 3339 1506 3377 quibus
1527 3336 1622 3376 aliquis
1637 3321 1770 3367 meientis
1783 3347 1842 3366 non
1858 3338 1998 3374 percepit,
2017 3337 2074 3366 sive
2086 3335 2121 3365 de
2137 3334 2295 3365 vestrorum

1234 3377 1397 3408 animalium
1412 3376 1586 3406 nutrimentis
1600 3398 1609 3413 ,
1635 3375 1724 3405 nullus
1744 3386 1759 3405 a
1779 3376 1859 3405 vobis
1879 3375 2000 3405 decimas
2018 3375 2126 3413 exigere
2141 3373 2186 3403 vel
2202 3382 2295 3403 exror-

1235 3425 1320 3454 quere
1334 3415 1489 3453 praesumat.

1274 3454 1374 3484 Liceat
1388 3463 1499 3492 quoque
1513 3451 1594 3482 vobis
1607 3451 1723 3482 clericos
1736 3452 1781 3482 vel
1803 3450 1888 3481 laicos
1900 3474 1909 3489 ‚
1930 3451 2031 3481 liberos
2050 3450 2083 3480 &
2103 3448 2258 3490 absolutos,
2275 3451 2293 3481 ὲ

1234 3492 1327 3523 seculo
1340 3493 1489 3531 fugientes,
1506 3491 1540 3520 ad
1555 3491 1770 3521 conversionem
1790 3492 1930 3530 recipere,
1947 3490 1981 3520 &
2003 3498 2050 3518 eos
2070 3488 2170 3525 abique
2185 3497 2304 3518 contra-

1235 3531 1361 3561 dre-“tione
1374 3530 1462 3569 aliqua
1478 3530 1602 3559 retinere.

1273 3569 1459 3600 Prohibemus
1475 3567 1585 3610 insuper,
1596 3576 1626 3597 ut
1638 3568 1707 3598 nulli
1720 3567 1838 3598 fratrum
1859 3566 2014 3607 vestrorum
2028 3588 2037 3603 ,
2060 3562 2123 3601 post
2144 3563 2246 3595 fastam
2267 3566 2295 3595 iri

1235 3607 1359 3638 Ecclesia
1375 3607 1465 3638 vestra
1479 3605 1677 3646 proresiionem
1693 3629 1702 3644 ,
1727 3606 1764 3635 fas
1778 3606 1808 3635 lit
1822 3628 1831 3643 ,
1855 3606 1909 3634 sirie
1932 3604 2027 3641 prioris
2043 3602 2081 3632 sui
2104 3602 2231 3641 licentia,
2247 3612 2297 3634 eo-·

1235 3647 1301 3676 dem
1318 3647 1384 3677 loco
1394 3669 1402 3683 ,
1420 3646 1468 3675 nili
1482 3646 1587 3675 artioris
1601 3645 1738 3682 religionis
1759 3644 1878 3674 obtentu
1892 3665 1901 3680 ,
1927 3639 2086 3678 discedere3
2100 3640 2297 3685 ‘discedentem

1236 3688 1306 3715 vero
1322 3708 1331 3723 ‚
1356 3684 1456 3722 abliiue
1471 3685 1673 3714 communium
1689 3683 1841 3712 litterarum
1860 3680 2012 3711 vestrarum
2034 3687 2182 3719 cautione,
2205 3680 2298 3711 nullus

1236 3723 1331 3754 audeat
1344 3724 1468 3752 retinere.

1270 3761 1349 3792 Cum
1361 3770 1454 3792 autem
1468 3759 1594 3800 generale
1606 3758 1785 3789 interdistum
1801 3766 1881 3787 terrae
1894 3756 1992 3794 fuerit,
2007 3752 2088 3786 liceat
2102 3751 2201 3796 vobis5
2218 3758 2296 3789 clau-³

1237 3801 1268 3832 (ιε
1277 3801 1380 3839 januis,
1397 3799 1510 3829 exclusis
1523 3797 1775 3828 excommunicatis
1787 3797 1819 3827 &c
1835 3794 2004 3833 inrerdiffis,
2022 3804 2082 3825 non
2095 3795 2202 3833 pulsaris
2218 3804 2297 3826 cam-⁴

1237 3840 1330 3880 panis,
1349 3837 1483 3877 suppressi
1498 3846 1571 3866 voce
1589 3835 1683 3866 divina
1704 3834 1800 3864 officia
1821 3833 1959 3864 celebrare
1971 3857 1982 3872 ‚
2005 3832 2168 3866 dummodo
2187 3834 2296 3866 causam

1238 3888 1296 3908 non
1311 3877 1437 3907 dederitis
1452 3873 1612 3905 interdicto.
2083 3904 2087 3907 ,

1276 3916 1385 3946 Crisma
1399 3916 1488 3952 vero,
1505 3913 1601 3942 oleum
1614 3912 1760 3948 sanetum,
1777 3909 1996 3941 consecrationes
2013 3910 2156 3949 altarium,
2174 3908 2233 3940 s—
2249 3902 2300 3939 ba:

1238 3955 1374 3985 silicarum
1407 3952 1593 3981 ordinationes
1608 3949 1805 3988 Clericorum,
1821 3950 1869 3989 qui
1884 3949 1918 3980 ad
1932 3949 2042 3980 ordines
2060 3950 2165 3982 fuerint,
2179 3957 2296 3987 promo—⁴

1239 3993 1339 4030 vendi,
1354 4003 1369 4022 a
1382 3976 1546 4020 Diocesano
1554 3989 1697 4028 suscipietis
1713 3988 1816 4028 Episco
1836 3997 1856 4017 o
1869 4011 1878 4025 ‚
1902 3988 2041 4026 siquidem
2062 3987 2216 4018 catholicus
2232 3987 2292 4016 fue-

1238 4033 1273 4063 rit
1293 4054 1302 4069 ,
1326 4031 1359 4061 &
1372 4030 1486 4067 gratiam
1506 4026 1539 4058 sc
1556 4027 1792 4058 communionem
1807 3997 1987 4057 derosanctae
2004 4024 2148 4056 Romanae
2166 4023 2232 4054 sedis
2248 4023 2300 4054 ha·-

1241 4071 1347 4105 buerit,
1363 4069 1395 4098 &
1410 4077 1440 4097 ea
1455 4067 1534 4096 vobis
1548 4066 1667 4096 voluerit
1678 4066 1735 4107 sine
1749 4066 1881 4105 pravitate
1893 4064 1984 4103 aliqua
1997 4064 2135 4095 exhibere.-
2155 4093 2157 4095 ,

1277 4107 1463 4138 Prohibemus
1483 4104 1609 4145 insuper,
1627 4113 1657 4135 ut
1677 4105 1748 4134 intra
1761 4103 1827 4134 fines
1841 4103 1988 4135 Parochiae·
2006 4101 2125 4139 vestrae,
2139 4100 2159 4130 fi
2173 4092 2304 4171 ω’ἓεξιὲῑ
