2570 4261
81 150 159 185 Ann.
169 153 212 185 D.

103 193 187 230 1289.

82 234 150 259 Edv.
172 240 197 261 1.

71 1043 205 1081 '11.440.

69 1234 146 1266 Ann.
158 1235 199 1267 D.

91 1276 175 1313 1289.

66 1317 121 1341 An.
141 1325 184 1351 ¹7·

67 1356 99 1380 E.
121 1362 144 1380 i.

66 1395 98 1419 L.
115 1391 179 1429 B.f.

71 1438 81 1455 i
90 1432 132 1463 5⁶·
147 1431 171 1458 b.

64 1474 134 1504 penes
143 1473 197 1497 Ca-

66 1515 160 1535 merar.

227 155 261 182 R.
281 152 313 183 de
326 154 444 190 Bomio,

227 195 271 221 A.
290 192 321 220 de
334 190 474 226 Sabmno,

227 231 262 258 R.
285 227 463 268 Porcellettt,

227 267 264 305 J.
283 268 315 296 de
329 265 428 305 Biha-fio
434 266 542 304 senior,

777 151 812 178 R.
832 149 864 178 de
878 148 1004 179 Burbono
1020 148 1145 188 Milites,

777 190 812 216 G.
832 190 945 225 Amici,

778 229 816 255 G.
832 226 864 254 de
877 229 1001 264 Sinnan,

775 266 811 293 G.
832 263 1007 303 Ala'emarii,

226 308 260 334 P.
278 305 309 333 de
324 307 434 333 Laven.
778 305 813 331 G.
833 302 865 331 de
878 304 954 332 Bacu
966 313 1005 340 is,
1023 300 1062 337 ὢν

229 343 265 381 J.
285 343 316 371 de
329 344 459 371 Poncenes
466 340 579 378 junior,
779 343 882 369 Frater
901 344 940 370 Ro
960 349 1033 370 ertus
1055 343 1134 385 Frior
1147 339 1179 369 de
1193 337 1292 382 Ulpia-

229 384 263 410 R.
283 382 391 417 Durgi,
817 382 874 422 ris,
911 382 960 417 qui
984 379 1126 418 praedietis
1155 377 1291 408 omnibus

229 421 262 447 G.
283 419 315 447 de
328 416 475 455 Barbarn,

226 459 261 486 P.
281 456 314 484 de
326 454 465 492 Feneleto,

226 497 269 524 A.
287 494 320 523 de
333 496 423 531 Saga,

818 417 960 456 interfuit,
978 428 1012 448 ac

779 457 814 485 G.
832 455 951 496 Sacrista
965 459 1063 494 Regen.

260 569 392 639 Prffsenti
413 569 535 608 scripto,
559 571 617 601 una
634 579 704 601 cum
727 569 820 609 sigillis
841 570 960 609 nostru,
985 569 1030 600 sua
1044 568 1128 608 sigilla
1142 567 1293 607 pendentia

222 618 298 647 appo
311 617 420 640 uerunt.

260 684 299 716 Et
309 694 366 725 ego
372 685 520 725 Johannes
533 686 565 715 de
573 688 666 723 Capua
674 707 683 722 ‚
704 684 856 723 Pupplicus
869 686 1034 716 auctoritate
1043 683 1210 728 Apostolica
1219 683 1291 713 No-

221 725 303 755 tarius
315 725 466 763 praediflms
474 749 484 762 ,
497 724 631 755 omnibus
639 723 752 754 interfui
760 747 769 761 ,
785 724 818 754 ὃ(
834 726 919 755 etiarn
931 731 1042 763 rogatus
1056 723 1164 761 scripsi,
1177 724 1210 754 &
1217 732 1289 760 pupa

220 763 338 807 plicavi,
358 773 484 801 meoque
498 762 635 793 consueto
650 761 730 801 signo
744 762 856 802 signavi.

257 836 295 869 Et
308 848 363 878 ego
375 837 501 877 Tafficrus
515 839 547 868 de
563 841 673 876 Capua,
690 837 844 877 Pupplicus
858 839 1022 870 auctoritate
1038 838 1204 882 Apostolica
1217 838 1288 869 No-

220 879 322 915 tarius,
346 877 485 915 praedidti's
503 877 638 908 omnibus
656 878 788 917 interfui,
808 880 840 910 ὃς
853 886 964 918 rogatus
983 878 1144 917 subscripsi,
1162 887 1288 916 meoque

221 915 359 946 consueto
374 915 454 955 figno
469 916 580 955 signavi.

1197 991 1205 995 ⁶
1241 993 1284 1002 ²-—

222 1047 248 1075 ’Ῑέ
275 1048 527 1094 Certificatorium
551 1050 633 1097 quod
653 1049 793 1096 Jacobus
814 1055 879 1085 Rex
897 1054 1130 1098 MajorIcarum
1154 1051 1288 1086 lubenter

259 1096 410 1145 praestaret
422 1098 689 1144 afficuramentum
704 1100 828 1146 Alfonsb
846 1104 918 1147 Regi
939 1104 1116 1149 Arragoniae
1127 1128 1137 1144 ,
1163 1105 1284 1135 venien-

268 1151 293 1180 ti
305 1146 351 1180 ad
366 1146 565 1193 recipiendum
586 1149 729 1182 carolum
743 1153 852 1196 Regem
872 1151 986 1183 Sicilia.

217 1230 289 1296 IN
305 1233 440 1265 Nomine
453 1233 577 1279 Domini
589 1234 679 1278 nostri
687 1234 762 1273 Jehu
776 1234 885 1266 Christi
898 1235 1003 1267 Amen.
1042 1279 1045 1282 y
1064 1276 1069 1282 υ

218 1311 275 1341 bris
288 1273 377 1342 &¹232
391 1272 594 1351 1ῗέὲῖἒὲῗῖἔῖ
606 1273 820 1344 ⁰3?an
828 1275 1084 1352 Ὧῗὲιξίἕᾶἓξὲἐὲ
1099 1272 1133 1354 ἒξ
1147 1276 1286 1346 Em:

217 1350 437 1432 cussgpiyraesens
450 1389 599 1434 publicum
621 1389 841 1435 instrumentum
859 1400 948 1430 pateat
968 1391 1118 1437 Universis
1139 1393 1172 1424 &
1192 1392 1285 1438 singu-

214 1426 261 1465 lis,
279 1436 336 1458 tam
351 1428 547 1472 praesentibus,
568 1430 656 1467 quam
668 1430 783 1474 futuris,
798 1430 880 1474 'quod
895 1430 967 1461 dum
987 1430 1180 1476 Serenissirnus
1201 1431 1285 1462 Prin-

214 1466 466 1511 ceps,'Dominus
488 1466 631 1512 Karol'us,
656 1468 715 1512 Dei
737 1470 837 1508 gratia,
860 1469 1011 1523 Jerusalem
1034 1469 1193 1514 &siciliae
1218 1470 1285 1501 Rex

213 1503 1286 1593 {32¹¹}fssiic‘lfffril3035Jffsssssss'issufftssssnffisffss{Suiifflasss‘gssrsu‘ssfle‘ss

214 1582 302 1613 offert
323 1581 467 1627 rediread
488 1582 652 1628 Carcerem'
669 1583 819 1628 Magnifici
841 1584 903 1629 Viri
924 1585 1050 1616 Domini
1069 1585 1197 1624 Alionsi,
1212 1585 1287 1631 Nati

213 1620 360 1658 quondam
375 1621 468 1660 Petri,
490 1621 562 1651 olim
578 1622 667 1661 Regis
682 1622 848 1662 Aragoniae,
864 1632 941 1662 juitta
955 1624 1081 1654 formam
1102 1623 1285 1656 Conventio-

213 1669 303 1698 num,
321 1660 478 1690 habitarum
500 1660 635 1691 haesenus
653 1662 725 1691 inter
746 1672 811 1700 eos,
830 1672 883 1699 pro
903 1672 939 1692 eo
959 1662 1037 1700 quod
1059 1662 1097 1692 R.
1117 1663 1174 1701 ipse
1187 1673 1283 1703 certa,

213 1707 279 1736 quae
291 1699 372 1743 didio
388 1698 522 1729 Domino
536 1698 657 1730 Alfonso
673 1701 816 1744 promisit,
830 1701 994 1745 nequiverat
1007 1700 1175 1746 adimplere,
1191 1704 1225 1734 &
1239 1703 1283 1733 su-

213 1746 263 1781 per
277 1737 328 1768 hiis
344 1736 542 1778 protestaretur
557 1737 738 1776 solempniter
750 1749 780 1769 in
800 1739 921 1777 scriptis,
940 1741 974 1771 δε
995 1741 1114 1772 oraculo
1135 1751 1211 1773 Vivae
1230 1751 1284 1772 vo-

214 1785 270 1806 cis:

254 1814 388 1846 Praesatus
409 1815 555 1847 Dominus
574 1816 640 1847 Rex
659 1816 791 1848 inclitum
815 1817 981 1849 Dominum
999 1818 1163 1857 Jacobum,
1181 1818 1283 1850 eadem
1307 1850 1310 1854 ,

214 1853 303 1892 gratia
320 1853 526 1893 Majoricarum
542 1856 655 1895 Regem
670 1856 823 1894 illustrem,
842 1867 894 1887 ore
914 1866 994 1888 tenus
1018 1858 1160 1896 requisivit
1180 1860 1214 1889 ὃς
1237 1868 1285 1888 ro—

214 1893 292 1931 gavit
312 1902 432 1932 attente,
459 1903 489 1924 ut
508 1895 626 1932 praefiito
649 1894 784 1926 Domino
808 1895 944 1935 Alfonso,
968 1896 1055 1927 suisve
1076 1896 1220 1935 Nunciis,
1249 1898 1283 1928 &

234 1932 290 1961 enti
312 1932 506 1971 venientibus,
524 1933 569 1963 seu
591 1934 705 1964 evenire
723 1934 884 1965 volentibus
901 1935 936 1965 ad
952 1935 1146 1973 recipiendum
1161 1935 1283 1966 eundem

213 1939 382 2001 {ominum
402 1971 517 2010 Regem
541 1971 701 2010 Karolum,
718 1973 751 2003 &
774 1972 937 2003 faciendum
960 1983 991 2004 ea
1003 1984 1069 2012 quae
1082 1974 1158 2004 idern
1175 1973 1284 2005 Domi-

215 2018 268 2038 nus
289 2009 421 2040 Alfonsus
437 2010 531 2040 eidem
555 2010 681 2041 Domini
704 2010 781 2050 Regi
802 2011 913 2042 Karolo
927 2012 1020 2042 facere
1032 2013 1194 2051 tenebatur,
1208 2013 1286 2051 quta

216 2047 341 2077 foi-mam
363 2048 604 2079 Conventionum
623 2050 759 2088 ipsarum,
783 2051 812 2080 in
834 2050 995 2090 veniendo,
1013 2051 1169 2089 morando,
1187 2051 1221 2082 &
1240 2062 1285 2082 re-

215 2084 331 2116 deundo
342 2086 514 2117 securitatem
530 2097 584 2125 pro
598 2088 625 2117 se
640 2089 673 2119 δε
689 2088 733 2118 sua
748 2098 834 2126 gente
846 2090 1001 2128 praeberet,

257 2125 319 2163 Qi
334 2124 481 2155 Dominus
494 2125 559 2155 Rex
574 2125 779 2164 Majoricarum
794 2129 983 2158 incontinenti
996 2128 1153 2170 respondit,
1171 2130 1204 2160 &
1217 2139 1283 2160 om-

214 2163 297 2193 nibus
311 2162 462 2204 astantibus
478 2163 625 2201 patefecit,
643 2164 722 2201 quod
734 2165 791 2203 ipse
806 2176 865 2196 non
880 2175 994 2198 venerat
1007 2167 1072 2198 illuc
1093 2167 1127 2198 ad
1148 2169 1283 2198 intentio-

214 2210 283 2231 nem
298 2201 465 2232 ostendendi
481 2202 591 2233 didium
606 2201 772 2234 Dominum
788 2204 954 2244 Alfonsum,
973 2206 1020 2236 vel
1038 2205 1168 2236 Gentem
1188 2206 1282 2245 suam,

213 2240 252 2270 set
272 2248 303 2270 ut
323 2239 503 2278 defenderet,
522 2240 541 2270 si
561 2241 673 2271 necesse
696 2241 780 2280 esset,
799 2243 888 2281 ipsum
910 2244 1076 2275 Dominum
1091 2244 1207 2285 Regem
1221 2245 1282 2276 Ka-

214 2278 309 2308 tolum
323 2279 359 2308 ab
371 2280 522 2316 omnibus,
540 2280 701 2310 volentibus
714 2291 780 2310 eum
794 2281 943 2313 offendere
957 2283 1075 2322 injuste,

251 2315 288 2346 Et
302 2325 428 2354 paratum
441 2317 468 2348 se
481 2317 583 2354 optulit
598 2317 675 2348 idem
691 2318 836 2350 Dominus
849 2320 916 2351 Rex
932 2321 1154 2362 Majoricarum,
1170 2333 1223 2361 pro
1237 2323 1280 2362 se,

212 2356 246 2387 &
269 2364 353 2395 gente
372 2355 433 2394 sua,
453 2355 624 2387 Valitoribus
644 2356 711 2395 suis,
730 2358 934 2397 praesentialiter
947 2360 1028 2400 dare,
1047 2363 1080 2393 &
1093 2362 1169 2392 dedit
1184 2362 1279 2400 plena-

212 2395 281 2424 riam
303 2394 478 2424 securitatem
494 2418 503 2433 ,
532 2395 565 2425 δε
584 2395 753 2437 assecuravit
771 2397 899 2428 eundum
918 2398 1084 2430 Dominum
1102 2400 1254 2431 Alfonsum
1271 2424 1281 2439 ,

212 2432 364 2470 Nuncios,
383 2434 416 2464 ὃ(
431 2433 561 2463 Gentem
577 2437 670 2472 suam,
689 2436 850 2474 venientes,
869 2437 902 2467 &
917 2440 1012 2468 venire
1036 2439 1164 2470 volentes
1184 2439 1218 2470 ad
1236 2440 1280 2469 10-

211 2481 279 2502 cum
301 2470 486 2510 prtediesum,
506 2473 534 2501 in
554 2473 715 2512 veniendo,
735 2475 877 2506 morando
901 2477 934 2507 &
950 2476 1111 2516 redeundo,
1130 2488 1184 2516 pro
1205 2479 1277 2508 reci-

207 2510 314 2549 piendo
332 2510 435 2541 eodem
458 2510 592 2541 Domino
613 2512 695 2551 Rege
716 2512 844 2552 Karolo,
863 2514 998 2546 redeunte
1011 2516 1045 2546 ad
1058 2515 1214 2547 Carcerem
1233 2517 1278 2548 su-

76 3888 206 3926 '‘H-44¹·

211 2549 386 2587 pradiClum,
403 2551 436 2581 δε
452 2560 505 2587 pro
518 2549 647 2580 faciendo
669 2561 718 2588 ea,
736 2563 800 2589 quae
820 2552 896 2583 idem
919 2553 1066 2585 Dominus
1088 2554 1221 2586 Alfonsus
1242 2558 1281 2586 ei—

211 2588 279 2618 dem
308 2587 440 2618 Domino
470 2588 545 2628 Regi
568 2588 678 2619 Karolo
699 2590 792 2621 facere
812 2592 960 2623 tenebatur
983 2595 1061 2632 juxta
1080 2594 1278 2632 praedictarum

213 2625 454 2657 Conventionum
470 2635 598 2656 tenorem
613 2628 645 2658 &
661 2628 802 2667 formam,

250 2663 289 2695 Et
304 2664 340 2695 dc
353 2665 496 2695 securitate
511 2667 544 2696 δε
559 2666 760 2697 assecuratione
774 2669 931 2708 praediCtis,
950 2669 1026 2700 idem
1048 2670 1196 2701 Dominus
1213 2671 1280 2702 Rex

211 2701 417 2742 Majoricarum
432 2704 536 2734 obtulit
546 2703 573 2734 se
587 2714 712 2743 paratum
732 2707 920 2738 incontinenti
943 2707 1009 2738 dare
1031 2708 1131 2739 litteras
1151 2709 1208 2739 suas
1232 2720 1280 2748 pa-

212 2750 300 2773 tentes
317 2741 408 2772 eldem
422 2741 555 2772 Domino
570 2742 705 2781 Alsonso,
724 2744 850 2776 Nunciis
863 2747 896 2777 &
911 2746 1002 2778 Genti
1016 2747 1088 2786 suae,
1107 2749 1140 2779 ὃ(
1156 2749 1276 2779 cuicun-

212 2790 270 2820 que
285 2781 392 2811 volenti
407 2781 507 2811 litteras
524 2781 588 2821 ipsas
604 2783 729 2820 recipere
745 2793 797 2820 pro
812 2784 924 2814 eisdem.

250 2819 360 2850 Similes
376 2830 492 2858 quoque
524 2821 652 2851 etitiones
668 2821 704 2851 de
717 2822 901 2853 ass'ecuraiido
915 2825 948 2855 ὃ(
961 2824 1105 2855 securitate
1126 2825 1280 2863 praestanda

212 2856 294 2888 dictis
307 2858 441 2889 Domino
456 2859 491 2888 Al
505 2859 594 2897 onso,
614 2859 753 2898 Nunciis,
772 2861 805 2891 δε
827 2861 917 2892 Genti
936 2863 1009 2901 suae,
1027 2863 1094 2894 fecit
1115 2864 1190 2894 idem
1214 2865 1281 2895 Do-

213 2897 307 2926 minus
325 2896 389 2926 Rex
411 2896 533 2927 Karolus
563 2897 656 2928 eidem
679 2898 813 2929 Domino
834 2900 909 2940 Regi
932 2901 1136 2939 Majoricarum
1158 2904 1187 2933 in
1212 2904 1280 2934 loco

213 2934 370 2973 praedidio,
388 2935 511 2972 sequenti
527 2935 572 2966 die
587 2936 704 2975 Martis,
722 2940 818 2975 primo
832 2940 954 2976 ejusdem
970 2940 1079 2971 Mensis
1100 2941 1280 2973 Novembris

214 2974 245 3004 in
262 2972 362 3010 Festo,
372 2973 522 3015 videlicet,
541 2974 685 3006 Omnium
697 2976 868 3007 Sime‘icruni
882 2988 915 3009 ae
928 2978 1053 3017 sequenti
1067 2979 1113 3010 die
1126 2979 1281 3020 Mercurii,

213 3010 339 3042 secundo
353 3011 474 3048 ejusdem
489 3012 597 3043 Mensis
613 3014 800 3044 Novembris.

253 3048 291 3080 Et
305 3048 381 3078 idem
398 3049 543 3093 Dominus
556 3051 620 3081 Rex
636 3052 840 3091 Majoricarum
855 3055 955 3086 similes
970 3056 1161 3094 responsiones
1184 3058 1277 3098 singu-

214 3087 246 3118 lis
260 3087 363 3131 eisdem
376 3086 485 3118 duobus
497 3088 612 3128 diebus,
631 3092 741 3130 primo,
758 3092 879 3132 scilicet,
899 3097 931 3125 δε
948 3095 1072 3126 secundo
1086 3095 1280 3137 Novembris,

215 3127 283 3157 fecit
302 3125 394 3156 eidem
415 3125 546 3157 Domino
566 3127 640 3167 Regi
661 3128 787 3168 Karolo,
806 3131 841 3161 de
861 3133 1017 3170 praestanda
1032 3133 1176 3165 securitate
1198 3135 1279 3167 (11ἂο

215 3164 350 3195 Domino
365 3163 501 3207 Alfonso,
520 3165 661 3207 Nunciis,
682 3169 715 3198 δε
730 3168 820 3200 Genti
833 3170 903 3210 suae,
921 3174 954 3204 ὃς
967 3172 1004 3203 de
1016 3171 1112 3203 dandis
1127 3173 1178 3204 suis
1197 3174 1278 3212 super

214 3202 274 3234 hoc
290 3203 385 3234 litteris
396 3201 500 3234 obtulit
513 3205 635 3235 similiter
648 3205 675 3236 se
688 3216 822 3243 paratum.

232 3279 383 3348 iassfflm'
401 3280 430 3309 in
446 3278 548 3311 eodem
560 3280 645 3320 loco,
664 3282 735 3314 inter
750 3283 866 3317 Collem
879 3287 915 3318 de
934 3287 1101 3319 Paniczariis
1120 3289 1155 3320 &
1173 3288 1283 3328 Junka-

217 3328 231 3348 Ῐ
292 3343 302 3357 3

254 3393 439 3427 Praesentibus
446 3420 457 3436 ,

255 3469 409 3539 Reffigrelnatio
431 3476 518 3504 Patre
540 3477 654 3505 Domino
673 3476 822 3517 Rogstano,
842 3481 934 3510 eadem
945 3483 1061 3521 gratia,
1077 3481 1282 3522 A⁷⁴chiepistopo

328 3520 355 3538 re
367 3523 384 3538 a
400 3523 440 3541 en.

256 3546 352 3590 Fratre
366 3550 515 3581 Guillielmo
530 3554 620 3582 Priore
635 3551 768 3620 Hosff'tital.
788 3558 883 3586 Sandli
900 3559 993 3595 Egidii
1004 3562 1034 3589 in
1049 3561 1214 3598 Provincia,

258 3584 372 3613 Domino
383 3587 501 3619 Alberto
514 3591 603 3621 Arch,
624 3595 687 3620 Are
699 3599 771 3622 aten-

257 3621 559 3668 Magistro-Guillielmo
579 3630 609 3659 de
631 3630 718 3659 viridi
732 3635 848 3671 Campo,
867 3633 987 3664 Eborum
1003 3639 1150 3675 Canonico,
1173 3638 1280 3667 Numio

296 3660 404 3703 Domi-m
418 3666 494 3701 Regis
509 3666 622 3704 Angliae
633 3667 744 3708 illustris
752 3693 762 3708 ‚

260 3696 374 3741 Domino
387 3705 419 3728 A
415 3707 526 3739 ymerico
539 3707 570 3735 de
583 3706 735 3746 Narbona,

260 3735 374 3763 Domino
391 3740 537 3777 Reymundo
551 3745 583 3773 de
596 3748 717 3783 Baucia,

261 3773 377 3801 Domino
392 3777 500 3812 Hugone
514 3781 544 3808 de
556 3785 657 3813 Baucio
665 3806 675 3822 ,

260 3811 381 3840 Gerardo
396 3814 426 3841 de
440 3818 563 3856 Batrufis
575 3824 642 3850 Cive
657 3821 694 3857 ὠ·
710 3825 866 3853 Mercatore
880 3827 987 3857 Lucan.

240 3886 284 3929 .*.
297 3886 334 3917 Et
356 3886 479 3933 plurib-1¹8
497 3891 552 3934 aliis
574 3894 711 3936 praelatis,
729 3898 850 3937 personis
871 3900 1090 3942 Ecclesiasticis,
1114 3911 1173 3934 tam
1195 3902 1277 3933 Reli-

219 3928 316 3968 giosis,
335 3935 421 3964 quam
434 3928 613 3972 secularibus,
632 3935 802 3976 Baronibus,
821 3938 962 3971 Militibus
991 3944 1026 3975 ὃς
1039 3943 1096 3974 aliis
1110 3941 1230 3974 Clericls
1242 3942 1276 3973 &

222 3964 331 4001 Laicis,
349 3964 383 3995 ad
398 3965 456 3996 hoc
471 3976 578 3998 vocatis
590 3971 623 4001 &
638 3971 754 4013 Rogatis
766 3979 958 4009 TESTIBUS.
968 3966 978 3980 ’

689 61 1502 112 CONVENTIONES,

1557 62 1945 114 LITERAE‚

1366 148 1406 179 Et
1424 158 1480 188 ego
1496 149 1643 189 Johannes
1664 151 1701 183 de
1722 151 1822 190 Capua
1834 176 1844 191 ,
1868 152 2022 190 Pupplicus
2042 147 2211 191 Apostolica
2230 153 2397 189 auetoritate

1328 187 1469 218 Notarius
1481 212 1491 226 ,
1516 190 1657 226 praedietis
1673 191 1808 222 omnibus
1828 191 1965 229 interfui,
1989 191 2023 223 ὅ(
2045 200 2078 222 ea
2097 191 2226 231 Rogatus
2244 192 2338 232 scripsi
2358 197 2392 228 ὃ(

1328 226 1488 264 pupplicavi
1497 251 1507 265 ,
1525 236 1651 267 meoque
1665 229 1747 260 solito
1763 229 1842 269 signo
1855 230 1968 269 signavi.

1329 354 1437 385 Litera
1451 365 1472 385 a
1489 355 1594 386 Carolo
1614 358 1692 402 Rege
1709 356 1814 388 Siciliae
1825 380 1834 394 ‚
1852 355 1896 388 ad
1909 356 2074 402 Alfonfitm
2094 359 2205 404 Regem
2222 361 2395 407 Aragoniae,

1374 413 1435 446 qua
1461 413 1480 433 a
1502 412 1629 448 tempore
1653 402 1852 437 Liberationis
1872 405 1933 450 sitae
1952 409 2054 438 omnia
2069 410 2195 451 repetit,
2221 420 2282 454 quae
2298 410 2398 454 juxta

1365 450 1507 493 formam
1529 453 1736 485 conventionis
1756 457 1836 485 inter
1850 466 1894 486 eos
1907 453 2030 500 feciffi’t.

1331 533 1821 594 SPe&abiliPrincipi,lDomino
1836 538 2000 578 Alphonso,
2019 539 2049 570 R
2088 537 2152 570 iAr
2186 542 2261 572 oniae
2280 536 2397 584 ill'ustri,

1390 572 1497 604 dilesto
1518 573 1633 618 Consan
1674 585 1740 605 ineo
1754 577 1821 615 suo,
1838 576 1962 608 Karolus
1982 580 2066 610 secun
2088 589 2134 622 uS,
2152 548 2213 622 gei
2232 581 2333 626 gratia,
2347 583 2397 621 Je-

1329 610 1447 642 rusalem
1469 614 1503 643 ὃς
1523 613 1626 643 Siciliae
1672 623 1721 652 eit,
1737 614 1866 646 Ducatus
1886 616 2014 656 Apuliae,
2031 619 2065 648 &
2087 617 2265 657 principatus
2286 619 2395 658 Capuae

2414 152 2544 190 Ann.Da

2432 196 2518 233 1289.

2412 236 2479 264 Edv.
2503 237 2546 265 ι.,’

2414 549 2490 580 Ann.
2500 550 2542 582 D.

2431 590 2517 627 1289.

2411 632 2463 657 An.
2483 638 2524 665 17.

1329 648 1482 689 Princeps,
1508 651 1651 690 Achayae,
1675 651 1865 693 Andegaviae,
1883 652 2045 687 Provinciae
2065 657 2098 687 δε
2120 655 2144 685 F
2146 657 2313 696 orcalquerii
2334 658 2399 690 Co·
2411 670 2439 694 Ε.
2463 677 2485 696 i.
2519 682 2528 688 .

1329 694 1406 728 rnes,
1421 689 1537 720 salutem
1549 690 1583 721 &
1597 690 1743 728 prosperos
1756 691 1791 722 ad
1805 701 1872 723 vota
1887 693 2034 725 successus.

1365 727 1395 757 Si
1410 729 1508 759 veritas
1521 729 1556 759 δε
1569 730 1660 759 amica
1673 729 1831 770 simplicitas
1848 731 1910 769 (per
1926 742 2045 770 quarum
2067 733 2148 764 calles
2168 734 2340 775 incedimus,
2360 737 2394 768 &

1834 769 1854 778 «Α

2413 709 2443 734 L.
2458 707 2520 744 B.f.

2416 753 2476 780 137.
2494 745 2520 773 b.

1325 766 1458 796 incedere
1475 767 1594 806 jugiter,
1612 767 1710 798 divina
1730 778 1858 807 potentia
1880 772 2073 810 concedente,
2091 772 2241 812 speramus)
2264 776 2394 806 confide-
2407 786 2479 811 Penes
2488 789 2542 815 Cas

1326 814 1422 836 rentur
1444 807 1564 843 attente,
1584 807 1783 837 rationabiliter
1802 807 1994 848 advertantur,
2021 810 2157 848 Liquebit
2172 813 2292 853 apertius
2315 815 2393 853 quod
2410 831 2504 852 meras,

1325 842 1399 874 fa&a
1414 844 1510 875 nostra
1524 843 1658 882 dkstaque
1671 846 1866 885 concordant,
1884 847 2003 879 essedius
2018 849 2156 887 scripturis
2179 850 2344 892 assentiunt,
2361 855 2396 886 &

1327 891 1409 920 quae,
1428 893 1478 920 per
1491 882 1614 913 diversos
1629 882 1783 927 Nuncios,
1802 885 1885 915 vobis
1900 887 2093 926 exposuimus,
2112 889 2204 926 prima
2217 890 2288 921 facie
2302 891 2396 923 diver-

1324 921 1350 950 sa
1377 921 1597 959 quodammodo
1624 931 1725 953 variata
1751 925 1934 963 negotiorum
1960 926 2072 963 qualitas
2093 926 2126 957 &
2147 928 2266 967 provida
2287 931 2394 963 cautela

1327 960 1436 990 consilii
1449 960 1556 999 nostri,
1574 961 1631 990 sine
1643 962 1802 992 variationis
1816 963 2001 1002 increpantia,
2020 963 2165 996 suaserunt.

1365 998 1532 1038 Siquidem,
1550 998 1616 1037 post
1629 999 1800 1031 solutionem
1815 1000 1942 1031 nostram
1955 1003 1971 1031 a
1993 1001 2135 1041 Carcere,
2152 1003 2224 1034 dum
2246 1006 2396 1039 accedere-

1326 1047 1390 1068 mus
1413 1039 1441 1068 in
1465 1038 1612 1068 Franciam
1648 1038 1683 1068 ad
1705 1039 1894 1077 optinendum
1914 1041 2061 1071 triennales
2081 1041 2212 1079 Treugas
2227 1044 2299 1074 inter
2311 1047 2395 1077 incli-

1326 1084 1388 1106 tum
1403 1076 1569 1115 Principem
1578 1101 1587 1115 ,
1607 1061 1773 1108 Dominum
1787 1078 1952 1118 Philippum
1961 1103 1970 1117 ‚
1989 1078 2157 1110 Dominum
2169 1082 2203 1112 &
2217 1081 2396 1123 Consangui-

1323 1124 1410 1145 neum
1430 1115 1562 1147 nostrum
1583 1115 1785 1154 Carissimum,
1802 1117 1976 1147 Francorum
1998 1117 2191 1158 Magnificum
2210 1119 2342 1161 Regem,
2357 1123 2393 1154 ὅτ.

1323 1163 1398 1223 ἔφες]
1414 1155 1448 1223 «ξε
1469 1154 1517 1224 aisis
1523 1155 1569 1194 id,
1583 1155 1661 1194 juxta
1682 1154 1810 1194 protniffi
1826 1155 1974 1196 debiturn,
1993 1156 2089 1188 nostra
2102 1157 2243 1197 diligentia
2256 1161 2321 1191 totis
2332 1160 2394 1193 stu-

1345 1203 1374 1222 us
1400 1203 1414 1223 a
1435 1204 1484 1225 ora
1511 1203 1556 1233 et,

1362 1231 1483 1273 Treugis
1496 1233 1558 1272 ipsis
1572 1243 1620 1272 per
1636 1234 1758 1266 eundem
1775 1234 1892 1274 Regem
1910 1236 2024 1274 praecise
2040 1237 2123 1268 vobis
2145 1236 2179 1269 &
2199 1237 2325 1269 absolute
2344 1248 2396 1270 ne-

1322 1270 1410 1315 gatis,
1428 1281 1513 1310 prout
1526 1273 1644 1304 celerius
1659 1274 1821 1312 possibilitas
1832 1274 1932 1314 affuit,
1950 1284 2038 1313 partes
2060 1275 2159 1312 Curiae
2182 1275 2326 1307 Romanae
2345 1285 2396 1316 pe-

1322 1317 1451 1349 tivimus,
1473 1311 1570 1350 ibique
1594 1311 1767 1351 aliquamdiu
1791 1320 1903 1344 moram
1923 1315 2110 1352 protraximus
2150 1325 2331 1353 procurantes
2352 1325 2395 1347 at-

1323 1349 1428 1380 tentius
1441 1357 1472 1381 ut
1483 1351 1555 1381 inter
1570 1350 1735 1382 Romanam
1755 1351 1931 1391 Ecclesiam,
1949 1353 2096 1391 praefatum
2115 1340 2249 1394 Regem,
2268 1364 2338 1393 nos,
2357 1356 2391 1387 &

1323 1397 1391 1426 νοε,
1409 1397 1442 1419 ac
1463 1388 1628 1420 Dominum
1648 1389 1793 1427 Jacobum
1815 1390 1940 1422 Fratrem
1955 1391 2097 1430 vestrum,
2116 1401 2168 1431 pax
2182 1393 2289 1424 turbata
2302 1393 2395 1425 resur·

1323 1434 1417 1465 geret,
1438 1427 1472 1458 ὅ(
1485 1429 1562 1467 quies
1576 1427 1725 1459 accederet
1740 1428 1897 1460 multorum
1913 1428 2049 1461 desideriis
2064 1431 2209 1470 affectam

1362 1464 1491 1505 Verum,
1508 1477 1578 1498 cum
1598 1467 1672 1505 pacis
1693 1467 1823 1498 traetatus
1846 1467 1968 1507 ejusdem
1992 1469 2155 1509 longiorem
2169 1479 2281 1502 moram
2296 1470 2392 1502 verisi-

1324 1503 1428 1535 militer
1442 1506 1581 1537 videretur
1595 1505 1760 1544 exposcere,
1779 1505 1906 1538 habuerit
1918 1507 2079 1538 amicorum
2091 1507 2258 1540 nostrorum
2271 1509 2307 1540 de
2328 1508 2392 1541 Cu-

1323 1542 1364 1572 ria
1385 1542 1522 1575 Romana
1544 1544 1722 1583 Consilium,
1762 1545 1821 1576 uod
1840 1556 1889 1584 per
1910 1546 2102 1577 venerabilem
2117 1548 2229 1585 virum,
2246 1546 2390 1579 Caesarau-

1321 1580 1472 1620 gustanum
1495 1583 1670 1621 Episcopum
1690 1583 1724 1614 &
1742 1555 1922 1624 cReligiosum
1943 1584 2086 1616 Abbatem
2105 1585 2233 1625 Synake‚
2257 1587 2390 1626 termini,

1321 1621 1448 1651 concessi
1468 1623 1551 1652 nobis
1571 1623 1657 1661 usque
1676 1622 1710 1653 ad
1731 1622 1871 1654 Kalendas
1893 1622 2078 1655 Novembris
2096 1624 2357 1664 meniisxinstantis,
2373 1626 2390 1657 a

1322 1659 1405 1690 vobis
1424 1660 1540 1691 ulterior
1561 1662 1724 1701 prorogatio
1746 1670 1904 1699 peteretur,
1927 1661 2063 1701 quodque
2081 1662 2155 1693 olim
2177 1663 2270 1694 Frater
2291 1663 2391 1696 Galte-

1321 1698 1422 1729 randus
1446 1699 1482 1729 de
1502 1700 1609 1731 Timor
1623 1725 1633 1738 ,
1655 1700 1692 1730 de
1709 1701 1809 1731 ordine
1829 1700 1981 1739 Hospitalis
1997 1724 2008 1740 ,
2032 1701 2068 1732 de
2086 1701 2195 1740 speciali
2216 1701 2391 1734 conscientia

1323 1735 1447 1767 Domini
1470 1738 1572 1778 Papae,
1597 1740 1631 1768 ad
1654 1739 1777 1770 eundem
1799 1738 1965 1770 Dominum
1982 1739 2128 1778 Jacobum
2142 1765 2152 1780 ,
2178 1740 2305 1772 Fratrem
2327 1751 2391 1773 ves-

1320 1783 1414 1814 trum,
1432 1779 1579 1808 accederet
1592 1787 1645 1818 pro
1661 1778 1778 1809 tracitatu
1811 1778 1986 1817 rosequendo
1999 1778 2147 1817 praedicto.

1360 1813 1521 1854 Cumque,
1548 1816 1708 1847 recedentes
1728 1817 1764 1847 de
1803 1817 1873 1847 *uria
1895 1816 2030 1847 Romana
2052 1816 2167 1855 praefata
2180 1840 2190 1856 ‚
2223 1818 2391 1851 intraremus

1322 1852 1460 1892 Regnum
1475 1855 1605 1885 nostrum
1619 1856 1721 1886 Siciliae
1737 1856 1764 1894 (a
1779 1866 1838 1894 quo
1860 1855 1963 1886 diutius
1984 1856 2126 1886 fueramus
2147 1855 2282 1893 absentes)
2301 1857 2334 1888 &
2353 1857 2389 1887 ad

1321 1892 1551 1928 prosecutionem
1566 1893 1687 1932 ejusdem
1703 1895 1776 1932 pacis
1790 1904 1859 1925 cum
1874 1893 1977 1924 nostris
1989 1894 2118 1925 fidelibus
2129 1895 2162 1927 &
2175 1893 2286 1926 devotis
2296 1896 2388 1926 inten-

1322 1930 1388 1960 dere
1408 1931 1524 1963 sollicite
1543 1933 1739 1971 crederemus,
1758 1932 1851 1964 Ecce!
1871 1932 1962 1963 dietus
1982 1933 2144 1964 Germanus
2164 1932 2257 1964 vester
2278 1933 2390 1973 subito,

1322 1979 1392 1999 cum
1411 1969 1528 2001 EXtolio
1551 1971 1720 2010 numeroso,
1740 1980 1829 2009 partes
1852 1971 2026 2009 Principatsis
2040 1973 2073 2003 &
2087 1972 2189 2002 Terrae
2204 1971 2340 2011 Laboris,
2359 1974 2390 2003 in

1324 2006 1454 2039 fidelitate
1469 2009 1563 2040 nostra
1578 2019 1738 2049 manentes,
1759 2010 1896 2041 hostiliter
1913 2011 2070 2049 impetens,
2088 2009 2242 2042 Civitatem
2263 2011 2392 2042 nostram

1321 2045 1443 2086 Guerse,
1460 2048 1616 2079 secundum
1631 2050 1819 2087 plurimorum
1829 2049 1987 2088 judicium,
2000 2059 2061 2080 non
2074 2048 2131 2080 sine
2144 2050 2302 2081 temeritate
2316 2059 2389 2088 prae-

1322 2084 1488 2124 sumptionis
1502 2087 1619 2118 obsedit.

1356 2124 1506 2164 Demum,
1523 2127 1591 2157 inibi
1612 2135 1742 2157 morante
1765 2136 1825 2157 non
1847 2126 2014 2166 modicum,
2039 2137 2108 2159 cum
2128 2126 2280 2158 obsidionis
2300 2127 2389 2157 exitus

1319 2172 1378 2193 non
1397 2164 1575 2202 responderet
1596 2165 1745 2196 affectibus
1767 2165 1934 2204 insultantis,
1960 2165 2102 2197 mediante
2119 2165 2256 2196 Domino
2279 2164 2389 2195 Odone

1318 2200 1354 2231 de
1377 2201 1577 2242 Grandisono,
1599 2214 1652 2241 pro
1675 2213 1752 2243 parte
1767 2204 1876 2234 illustris
1889 2204 2026 2242 Principis
2043 2205 2168 2235 Domini
2181 2203 2313 2235 Edwardi
2326 2204 2389 2234 An-

1338 2240 1432 2271 lorum
1448 2242 1478 2272 R
1516 2244 1536 2272 is
1551 2242 1715 2282 Magnifici,
1733 2242 1829 2273 dileeii
1843 2243 2040 2282 consanguinei
2054 2242 2158 2281 nostri,
2176 2242 2249 2280 apud
2270 2253 2322 2273 nos
2345 2244 2389 2272 iri-

1318 2282 1407 2310 sante
1428 2290 1458 2311 ut
1480 2291 1494 2310 a
1536 2281 1741 2318 perfectionem
1763 2283 2010 2320 conventionum,
2036 2283 2166 2312 initamm
2184 2283 2257 2311 inter
2278 2291 2330 2312 vos
2353 2282 2388 2313 ὅ(

1317 2328 1370 2348 nos
1384 2319 1528 2358 vigilarent
1544 2319 1631 2350 studia
1646 2320 1679 2350 &
1692 2319 1806 2350 consilia
1818 2319 1915 2350 nostra
1925 2329 2073 2358 vacarent,

1355 2356 1432 2387 Inter
1451 2367 1503 2388 nos
1526 2359 1559 2389 &
1582 2368 1649 2389 eum
1671 2358 1823 2389 Tractatus
1838 2358 2038 2397 Treugarum,
2057 2360 2133 2389 circa
2145 2357 2234 2389 finem
2249 2357 2388 2397 Augusti,

1319 2395 1372 2427 fuit
1395 2397 1478 2427 initus
1497 2397 1530 2428 &
1550 2396 1692 2440 firmatus,
1711 2407 1815 2436 quem,
1836 2405 1937 2434 praeter
1960 2396 2084 2435 plurium
2098 2398 2259 2428 amicorum
2273 2395 2390 2427 nostro-

1317 2444 1382 2465 rum
1398 2435 1528 2474 consilia,
1547 2436 1580 2467 &
1595 2446 1655 2466 non
1672 2439 1728 2466 sine
1743 2436 1903 2474 aliquorum
1922 2435 2068 2474 scandalo,
2088 2436 2126 2466 sic
2146 2445 2180 2466 ex
2199 2436 2320 2473 abrupto
2339 2435 2386 2465 sir-

1319 2474 1478 2513 mavimus,
1497 2484 1527 2505 ut
1542 2476 1570 2504 in
1585 2474 1701 2513 praefixo
1715 2476 1744 2505 in
1759 2473 2011 2505 Conventionibus
2024 2475 2105 2513 ipsius
2120 2475 2243 2505 termino
2264 2473 2388 2505 deficere

1318 2521 1378 2542 non
1399 2513 1541 2550 poffemus
1558 2537 1567 2552 ,
1593 2515 1716 2544 maxime
1737 2523 1805 2543 cum
1827 2512 1863 2543 de
1885 2512 2018 2551 praetaffli
2038 2514 2241 2554 prorogatione
2259 2512 2388 2544 facienda

1318 2560 1368 2590 per
1387 2562 1439 2582 vos
1455 2575 1464 2590 ‚
1490 2562 1544 2583 nec
1566 2553 1718 2593 probabilis
1738 2552 1798 2590 spes
1817 2552 1900 2583 nobis
1921 2550 2056 2583 assisteret
2071 2576 2081 2591 ,
2105 2562 2161 2583 nec
2180 2552 2270 2590 aliqua
2291 2551 2389 2583 saltem

1318 2598 1486 2627 competens
1499 2590 1648 2622 certitudo.

1357 2627 1392 2658 In
1407 2629 1526 2666 ipsarum
1541 2640 1612 2660 vero
1627 2630 1825 2670 Treugarum,
1844 2639 1874 2660 ut
1888 2629 1986 2661 assolet
2006 2629 2082 2667 fieri,
2100 2628 2267 2672 discussione
2287 2629 2389 2660 trasta-

1319 2666 1382 2704 tiis,
1398 2667 1432 2696 ad
1446 2669 1567 2698 verbum
1579 2668 1629 2698 Ro
1649 2670 1698 2698 erii
1713 2669 1750 2698 de
1762 2669 1864 2698 Lauria
1880 2668 1980 2698 Militis
2014 2668 2158 2698 Nobilem
2180 2666 2282 2697 Virum
2299 2667 2388 2735 [hilgo-

1318 2715 1387 2735 nem
1407 2705 1556 2736 Bretennae
1577 2706 1612 2736 de
1665 2708 1719 2737 ucii
1738 2706 1908 2743 Comitem,
1927 2707 1960 2736 &
1977 2690 2142 2743 J'ohannem
2155 2704 2288 2748 Scottum
2342 2705 2389 2735 ili-

1318 2751 1395 2782 tem,
1421 2744 1524 2774 nostrae
1548 2744 1719 2775 Marescallae
1741 2743 1794 2774 Ma
1817 2743 1931 2781 strum,
1956 2743 2083 2773 misimus
2103 2742 2137 2773 ad
2156 2742 2279 2781 ejusdem
2302 2743 2388 2774 vestri

1320 2781 1420 2812 Fratris
1435 2784 1606 2821 exercitum,
1626 2785 1674 2821 qui
1688 2790 1793 2821 praetan
1845 2791 1876 2812 m
1889 2782 1963 2820 pacis
1975 2781 2147 2813 Tractatum
2170 2780 2264 2812 eidem
2284 2780 2387 2822 Roge-

1319 2821 1364 2851 rio
1377 2821 1502 2852 seriosius
1518 2821 1686 2859 retulerenti,

1359 2859 1407 2890 Sic
1427 2869 1523 2890 tamen
1546 2860 1626 2891 dicto
1648 2861 1737 2891 Fratri
1752 2859 1848 2891 vestro
1865 2859 1987 2898 ejusdem
2001 2859 2103 2889 Fratris
2117 2858 2283 2889 Galterandi
2295 2858 2390 2896 prose-

1320 2898 1399 2929 cutio
1415 2898 1468 2929 fuit
1479 2899 1498 2918 ²¹¹
1513 2900 1619 2938 gravis,
1638 2899 1671 2930 &
1685 2898 1803 2940 praefato
1820 2898 1966 2938 Rogerio,
1983 2897 2129 2929 distorurn
2144 2897 2269 2928 Comitis
2289 2899 2323 2929 &
2333 2897 2389 2936 Jo-

1321 2937 1417 2967 hannis
1432 2937 1524 2968 Scotti
1535 2938 1670 2976 expositio
1685 2937 1813 2975 taediosa,
1832 2937 1910 2975 quod
1925 2936 2002 2967 idern
2018 2936 2111 2967 Frater
2124 2935 2222 2980 vester*
2233 2937 2266 2967 &
2289 2937 2389 2979 praefa-

1320 2985 1364 3007 tus
1378 2975 1519 3016 Rogerius
1531 2976 1661 3008 dixerunt
1673 2976 1798 3007 breviter
1812 2977 1845 3008 &
1864 2984 1974 3016 aperte,
1991 2975 2140 3007 tractatum
2162 2984 2237 3014 pacis
2258 2978 2340 3013 lpllus
2360 2975 2389 3007 se

1319 3025 1446 3054 unquam
1460 3023 1591 3053 tempore
1604 3015 1815 3055 completuros,
2193 3053 2198 3058 ι

1358 3053 1400 3084 Ita
1412 3053 1508 3092 quod,
1526 3053 1597 3084 sicut
1610 3053 1644 3084 ad
1658 3064 1710 3084 nos
1722 3053 1886 3084 asseveratio
1907 3053 1963 3084 fide
1982 3053 2065 3093 digna
2083 3052 2227 3091 perduxit,
2245 3051 2315 3096 dum
2336 3062 2386 3091 per

1318 3091 1425 3131 aliquos
1443 3088 1605 3131 hujusmodi
1625 3101 1758 3131 proterva
1780 3091 1919 3132 responsio
1943 3092 2190 3130 reprehensionem
2217 3099 2358 3128 acciperet
2372 3116 2384 3130 ,

1317 3131 1371 3161 fuit
1385 3132 1422 3161 eis
1437 3140 1486 3168 per
1499 3130 1623 3162 eundern
1638 3131 1799 3171 Rogerium
1814 3131 1953 3162 inculcata
1967 3130 2110 3169 responsio
2145 3128 2240 3168 quod,
2259 3129 2279 3159 si
2299 3128 2386 3174 Cata-

1318 3169 1411 3208 Ionia,
1431 3171 1465 3201 &
1487 3169 1645 3209 Aragonia,
1664 3170 1697 3200 δε
1717 3177 1791 3200 totus
1816 3169 1946 3200 Mundus
1966 3178 2066 3201 contra
2079 3155 2152 3208 ipsos
2162 3168 2276 3212 'signum
2292 3178 2386 3212 cru-cis

1319 3207 1490 3239 assumerent
1510 3217 1626 3246 propter
1645 3208 1721 3246 hoc,
1740 3219 1799 3238 non
1823 3207 1967 3240 dimittent
1983 3208 2122 3245 Siciliam,
2140 3209 2191 3237 nisi
2205 3205 2306 3237 exinde
2319 3217 2387 3238 viri-

1320 3247 1373 3278 bus
1387 3247 1569 3277 extrahantur.

1355 3285 1542 3317 Advertentes
1554 3286 1647 3323 itaque
1661 3285 1739 3323 quod
1753 3285 1903 3317 Tradiatus
1917 3286 2009 3324 pacis,
2028 3284 2166 3329 exhibitus
2181 3283 2275 3328 eidem
2295 3283 2385 3315 Fratri

1319 3323 1431 3364 vestro,
1449 3323 1495 3354 dis
1508 3324 1610 3355 licebat
1619 3325 1741 3355 omnino
1757 3326 1816 3363 (qui
1831 3327 1858 3355 in
1872 3325 1931 3363 ipso
1944 3324 2064 3356 traciam
2077 3323 2255 3367 principalior
2272 3330 2384 3362 reputa-

1319 3363 1376 3401 tur)
1393 3363 1487 3401 sicque
1528 3363 1645 3393 metatus
1658 3363 1713 3401 ipse
1728 3365 1756 3393 in
1769 3363 1950 3394 dissolutione
1964 3362 2111 3400 manebat,
2125 3360 2383 3399 immediate,post

1319 3402 1536 3440 disperationem
1555 3401 1592 3431 de
1617 3402 1833 3439 complemento
1862 3401 1990 3440 praedieti
2012 3399 2165 3444 Tratstatfis
2189 3399 2357 3443 assumptam
2371 3422 2382 3437 ‚

1320 3451 1375 3509 neg
1388 3443 1417 3471 in
1432 3441 1568 3479 petitione
1580 3439 1717 3471 ulterioris
1730 3441 1868 3472 dilationis
1883 3440 1956 3479 apud
1969 3450 2022 3472 vos
2035 3438 2122 3470 insisti
2135 3438 2193 3470 sine
2205 3437 2384 3469 frustratione

1319 3491 1350 3511 vi
1372 3488 1462 3511 eretur

1357 3517 1414 3549 Per
1469 3503 1480 3518 ⁷
1526 3516 1676 3547 sacristam
1699 3517 1877 3557 Aguensem,
1902 3519 1936 3549 &
1958 3516 2166 3560 Raymundum
2184 3515 2220 3546 de
2244 3514 2384 3558 Karbono

1320 3556 1464 3596 Militem,
1481 3555 1616 3586 Nuncios
1635 3554 1765 3595 nostros,
1783 3557 1884 3588 litteras
1904 3556 1985 3587 vobis
2004 3555 2215 3585 transmittimus
2235 3551 2383 3598 specialeS,

1317 3596 1420 3633 quibus
1438 3594 1648 3633 commisimus,
1666 3595 1700 3626 ὅ(
1721 3596 1845 3634 expresse
1866 3594 2077 3631 mandavimus,
2095 3593 2212 3623 oraculo
2230 3599 2303 3634 vivae
2325 3600 2380 3620 vo-

1318 3635 1375 3671 cis,
1393 3634 1473 3672 quod
1493 3633 1576 3663 vobis
1597 3642 1691 3671 aperte
1711 3644 1744 3664 ac
1758 3633 1900 3672 expresse,
1918 3642 1952 3663 ex
1967 3640 2043 3670 parte
2057 3630 2154 3675 nost-ra
2161 3652 2178 3674 ,1,
2190 3628 2376 3672 praedicerent

1319 3671 1398 3710 quod
1416 3681 1470 3702 vos
1508 3671 1580 3701 infra
1603 3672 1737 3703 statutum
1757 3673 1910 3704 terminum
1932 3672 1960 3701 in
1981 3669 2247 3712 Conventionibus,
2268 3676 2277 3695 i
2299 3666 2329 3695 sis
2345 3666 2383 3698 ad

1317 3709 1445 3742 vestium
1471 3694 1627 3742 &arcerem
1651 3710 1785 3743 festinatis
1800 3709 1934 3751 gressibus
1951 3708 2119 3741 redeuntem
2132 3729 2142 3746 ‚
2174 3713 2246 3736 inter
2283 3705 2381 3748 'ollem

1317 3747 1355 3778 de
1380 3747 1549 3779 Paniczariis
1572 3750 1606 3780 &
1627 3749 1793 3788 Junkeriam
1809 3774 1818 3788 ,
1870 3757 1935 3780 roiit
1959 3746 2123 3790 earumdem
2141 3743 2382 3787 Conventionurn

1318 3786 1412 3817 rectus
1429 3786 1528 3817 Sensus
1551 3788 1585 3819 &
1606 3789 1775 3819 rationabilis
1795 3788 1854 3818 inte
1876 3788 1954 3818 estus
1975 3784 2142 3820 admittunt,
2159 3790 2284 3819 reeipere
2303 3792 2382 3819 pare-

1319 3833 1393 3856 retis.
2306 3859 2311 3864 ,

1354 3863 1529 3902 Hujusmodi
1554 3873 1649 3896 autem
1669 3864 1889 3904 praediffionem
1908 3863 1955 3894 seu
1976 3859 2224 3902 denunciationem
2242 3858 2324 3889 vobis
2347 3867 2382 3890 ex

1316 3901 1490 3933 habundanti
1501 3902 1573 3941 fieri,
1592 3904 1711 3935 sensibus
1725 3903 1827 3934 nostris
1839 3902 1896 3933 sola
1908 3902 1984 3931 bona
2003 3898 2070 3928 fides
2091 3894 2125 3928 &
2146 3904 2248 3940 puritas
2269 3895 2384 3928 obtule-

1317 3949 1399 3978 runt,
1425 3941 1500 3971 nulla
1518 3942 1623 3981 quippe
1640 3943 1724 3973 nobis
1745 3941 1914 3972 imminebat
1935 3935 2077 3983 neceffifas
2095 3935 2311 3980 Pfaedl‘ssffflssem
2331 3936 2379 3967 seu

1316 3978 1566 4012 denunciationem
1586 3979 1748 4021 hujusmodi
1769 3977 1905 4012 faciendi:
1925 3975 1974 4008 Εὸ
1993 3973 2075 4014 quod
2097 3973 2171 4013 dies,
2188 3984 2219 4005 in
2239 3974 2383 4044 convteino:

2404 2917 2420 2935 ἢ*
2431 2919 2539 2955 ΙῙ.4,μ.
