2570 4261
107 211 185 243 Anri.
200 209 241 240 D.

130 257 214 287 1254.

108 292 170 327 Heo-
188 297 213 324 3.

108 924 184 957 Ann.
197 923 238 953 D.

140 971 223 1001 1254.

105 1005 161 1029 An.
178 1012 222 1038 39.

106 1045 142 1067 H.
164 1049 189 1075 3.

108 1078 238 1114 ExTrans.

107 1116 204 1144 Bulla.

107 2051 127 2071 ⁸
135 2054 158 2082 1-
173 2060 239 2089 535·

112 3157 188 3189 Anti.
203 3156 244 3186 D.

135 3204 218 3233 1254.

112 3237 164 3262 An.
183 3244 225 3269 39.

113 3277 148 3298 H.
171 3282 195 3307 3.

113 3313 154 3336 Ex
169 3312 226 3336 Att—

110 3353 178 3383 ngr.

1322 28 1336 36 l

259 142 334 178 190
698 114 1952 167 CONVENTIONES,LITERAE‚

257 214 305 244 alia
327 215 403 244 tertia
423 212 451 242 iii
471 210 534 242 Kal.
556 210 675 248 Aprilis,
693 211 726 241 δε
749 209 852 249 reliqua
871 210 900 240 in
923 208 986 240 Kal.
1005 209 1124 248 Augusti
1145 209 1212 246 tibi,
1229 202 1307 235 annis
1345 200 1480 244 acceleres
1494 222 1504 238 ,
1527 200 1633 231 nullam
1648 201 1678 231 in
1698 201 1756 232 hoc
1777 202 1920 244 pigritiam
1940 199 2152 238 immiscen<303
2174 200 2239 240 quia
2252 200 2399 234 consuevit
2418 197 2494 229 Arm·
2508 195 2565 241 DJ¹

256 253 380 290 singulis,
399 262 413 280 a
426 250 561 281 doanatiis
575 249 649 287 iplis,
665 249 698 278 δε
715 248 913 278 coileetoribus
926 250 1032 287 integre
1051 247 1246 287 persolvantur.
1347 239 1444 284 diiati9
1458 248 1554 276 parere
1567 249 1789 270 nocumentum·
2087 277 2091 282 .
2442 244 2492 274 125
2497 244 2526 275 4.-
2551 274 2559 282 ,

293 291 345 328 Et,
365 291 382 319 ii
396 290 466 319 forte
480 288 631 317 doaimi‘um
647 287 809 316 earumdem
827 296 978 327 proventus
990 288 1024 317 ad
1038 287 1149 326 plenam
1161 286 1307 318 unciarum
1386 280 1509 320 δςῑξῦῐῑέδ
1523 287 1575 316 ΡΥΟ
1590 287 1668 322 §erto
1687 263 1903 323 quodiEcclesia
1925 276 2047 308 multum
2063 276 2176 322 differre
2197 277 2241 308 vel
2256 276 2403 322 expectare
2422 280 2485 304 Hen-
2506 285 2534 311 3·

256 330 372 368 ipsarum
394 327 559 357 solutionem
582 335 643 355 non
664 325 842 364 suffecerint,
860 325 984 356 defetftus
1004 325 1162 363 hujusmodi
1184 326 1220 357 de
1242 332 1309 362 pro-
1351 325 1412 345 ¹¹0ss
1426 315 1534 354 posset,
1552 325 1620 355 qum
1633 317 1712 355 super
1724 326 1754 347 re
1767 317 1829 355 illa,
1848 317 1881 346 δε
1894 315 1930 347 de
1943 315 2130 347 concedendo
2144 315 2229 354 ipsam
2241 315 2318 347 alteri
2330 316 2406 347 ahter

255 367 381 398 ventibus
394 363 625 395 sicle-Brundusii
636 363 799 404 suppleatur.
1352 353 1533 397 provideret..
1779 395 1784 399 φ
1938 393 1943 398 ¹

292 404 376 435 Nulli
394 412 478 442 ergo,
497 404 557 433 &c.
796 416 800 424 ·
1389 391 1435 422 Ad
1449 392 1510 422 haec
1526 391 1568 422 illa
1580 414 1591 430 ,
1612 402 1676 432 quae
1689 403 1740 431 per
1757 393 1893 424 dilestum
1907 391 1996 423 filium
2010 391 2170 431 Johannem
2184 392 2389 424 Lettacoruum
2398 415 2410 432 ,

1352 429 1540 467 Capellanum
1560 429 1655 461 dilecti
1674 431 1722 461 filii
1741 431 1829 461 nostri
1852 431 1997 461 Ottoboni
2012 454 2021 469 ,
2046 431 2141 462 Saneti
2156 430 2272 462 Adriani
2287 431 2410 479 Diaconi

291 480 355 510 Dat.
376 479 520 523 Neapoli,
538 480 623 510 tertio
643 478 729 509 Non.
749 479 928 510 Novembris
962 478 1117 509 indietione
1129 476 1241 509 decima
1256 485 1313 507 ter-
1353 467 1522 507 cardinalis,
1539 468 1592 499 tibi
1605 469 1835 508 fignificavimuss
1853 469 1965 500 efficere
1979 468 2085 501 studeas
2097 471 2131 502 &
2144 470 2296 508 complere·

256 518 301 549 tis.
338 516 539 547 Incarnationi's
560 518 727 548 Dominicae
747 528 823 548 anno
848 502 994 548 millesimo
1011 517 1207 547 ducentesimo
1230 516 1314 553 quin-

255 557 418 594 quagesimo
446 565 553 594 quarto.
598 556 781 588 Pontificatfis
802 566 871 588 vero
896 556 1020 586 Domini
1042 555 1203 585 Innocentii
1227 553 1313 592 Papae

257 596 361 634 quarti,
378 605 454 625 anno
468 595 648 626 duodecimo.

1353 543 1604 613 de<{gb-Neapoli
1618 568 1629 584 ,
1656 554 1688 584 15
1712 544 1775 577 Kal.
1790 545 1933 577 Decemb.
1947 544 2129 577 Pontificatfis
2142 545 2231 576 nostri
2247 555 2324 578 anno
2336 546 2413 578 duo-

623 670 747 701 Plumbeo
761 670 850 708 Sigillo
856 670 988 710 pendente
997 681 1015 700 a
1027 670 1074 710 filo
1086 670 1210 701 canabeo.
1704 664 1729 691 P
1729 660 1829 692 lumbeo
1841 661 1930 700 Sigillo
1936 662 2070 701 pendente
2083 671 2101 691 a
2107 659 2161 704 filo
2175 660 2302 692 canabeo·

256 797 303 829 De
319 798 471 828 Comitatu
495 799 645 828 Cotronen.
666 798 697 826 in
715 795 820 826 Sicilia
832 822 842 835 ,
871 794 989 840 conceffi)
1009 794 1157 843 Lodoyco,
1183 796 1311 827 Germa·

301 857 336 876 no
357 843 508 877 Bertholdi
518 871 528 887 ,
552 842 742 877 Marchionis
758 842 793 876 de
808 841 1043 890 Hohemburgh,
1066 855 1119 890 per
1138 846 1264 888 Papam.

258 929 400 992 HOC
418 930 459 975 est
477 930 672 975 transcriptum
695 928 984 973 cuipsd-am-privilegii
1001 928 1233 973 apostolicibcum
1246 927 1310 958 sub-

349 969 541 1008 scriptionibus
560 968 644 1007 Papae
659 968 692 998 δε
707 966 897 998 Cardinalium
910 967 1035 998 concessi
1051 967 1160 998 Nobili
1172 977 1234 997 v1ro
1250 967 1309 997 Lo-

257 1012 352 1043 dovco
373 1008 522 1039 Germano
539 1007 656 1038 Nobilis
669 1007 719 1036 viri
734 1005 762 1036 Β.
781 1005 957 1036 Marchionis·
968 1006 1003 1037 de
1013 1005 1232 1037 Hohemburch.

295 1048 491 1085 Innocentius,
510 1047 568 1077 &c.
583 1045 671 1085 usquae
686 1045 726 1073 ad
736 1044 791 1074 haec
803 1056 864 1085 que
871 1044 1030 1084 sequuntur.

294 1089 379 1123 Nos,
397 1086 523 1116 volentes
546 1093 572 1115 te
595 1086 623 1114 iii
636 1084 686 1114 illo
702 1084 880 1127 praerogativa
894 1083 1096 1114 beneficiorum
1111 1082 1228 1120 efferre,
1245 1082 1308 1113 Co-

1395 804 1445 836 De
1463 805 1543 836 Com.
1564 802 1706 837 Theatini
1721 809 1752 838 in
1772 805 1880 839 Sicilia
1897 805 2015 852 concessi)
2026 816 2080 852 per
2097 807 2212 850 Papam
2227 802 2367 845 Oddoni,

1473 854 1621 885 Germano
1638 851 1790 887 Bertholdi
1804 853 1996 888 Marchionis
2012 855 2048 887 de
2061 851 2289 900 Hohemburgh.

1352 934 1500 995 HOC
1517 936 1559 983 est
1577 938 1790 1008 Transcrilptum
1811 939 1954 983 cujusdam
1983 939 2112 984 'rivilegii
2135 938 2329 980 Apostolici„
2341 947 2408 982 cum
2426 940 2502 971 Ann.
2514 940 2559 972 D.

1434 975 1686 1019 Subscriptionibus
1725 988 1784 1022 apae
1799 978 1831 1009 &
1851 977 1955 1008 Cardin
1991 988 2039 1009 um
2054 1002 2063 1016 ,
2087 976 2212 1008 concessi
2227 976 2331 1006 Nobili
2347 987 2408 1008 Viro
2445 989 2530 1019 1254.

1351 1011 1472 1044 Oddoni
1484 1014 1633 1046 Germano
1646 1016 1765 1047 Nobilis
1781 1018 1832 1047 viri
1847 1015 1879 1046 Β.
1895 1015 2070 1046 Marchionis
2087 1016 2120 1047 de
2133 1015 2352 1046 Hohemburch.
2423 1023 2473 1047 An.
2494 1029 2538 1056 39.

1387 1050 1586 1092 Innocentius,
1605 1055 1665 1086 &c.
1679 1053 1759 1095 usque
1771 1057 1810 1085 ad
1821 1055 1876 1084 haec
1887 1065 1946 1094 quae
1952 1053 2113 1094 sequuntur.
2425 1064 2460 1086 H.
2484 1067 2507 1093 3.

1343 1114 1351 1118 ,
1387 1090 1407 1109 *²
1421 1090 1505 1130 Nos,
1524 1093 1649 1124 volentes
1663 1101 1690 1123 te
1701 1095 1731 1124 in
1744 1094 1793 1124 illo
1808 1093 1979 1137 prerogativa
1992 1092 2194 1123 beneficiorum
2205 1091 2321 1131 efferre,
2336 1102 2408 1123 con·
2424 1094 2560 1132 E-:Transs

254 1129 382 1158 miratum
401 1124 562 1155 Coti-onem.
579 1132 649 1153 curri
664 1121 831 1152 Civitatibus
845 1145 853 1159 ,
879 1121 984 1152 Castris
1000 1145 1009 1159 ,
1032 1122 1110 1152 Villis
1125 1145 1134 1160 ‚
1152 1120 1309 1159 Casalibus,

256 1164 441 1209 horninibus,
462 1163 617 1193 honoribus
634 1184 643 1199 ,
662 1161 766 1199 juribus
779 1183 788 1198 ,
812 1160 1065 1199 jurisdictionibus,
1088 1162 1150 1200 jure
1171 1168 1307 1199 patronat.

255 1203 511 1239 Conventuaiium,
532 1202 564 1232 &
584 1210 643 1230 non
665 1199 891 1230 conventualium
911 1199 1104 1239 ecclesiarum,
1122 1198 1242 1238 pascuis,
1260 1209 1311 1229 ne-

255 1244 381 1274 moribus
396 1264 404 1279 ,
422 1239 632 1277 venationibus,
649 1237 746 1275 pratis,
766 1236 992 1276 possessionibus,
1015 1239 1091 1268 terris
1110 1238 1189 1268 cultis
1209 1239 1242 1269 &
1265 1238 1308 1267 in-

254 1282 350 1319 cultis,
369 1280 459 1317 aquis,
477 1288 610 1316 aquarum
629 1276 801 1313 decursibus,
820 1275 950 1314 justiciis,
969 1277 1002 1307 δε
1027 1286 1096 1307 cum
1117 1277 1250 1306 omnibus
1266 1286 1308 1306 ra-

254 1321 380 1351 tionibus
401 1318 433 1347 &
458 1317 627 1356 pertinentiis
648 1315 716 1352 suis,
733 1315 766 1345 δε
785 1324 852 1344 curn
873 1314 923 1344 hiis
937 1324 1001 1353 quae
1014 1316 1047 1345 ad
1064 1325 1174 1345 merum
1188 1315 1221 1345 &
1238 1316 1309 1345 mix-

255 1367 318 1389 tum
332 1357 479 1394 imperium
496 1355 651 1393 pertinent,
664 1363 695 1383 ea
706 1352 835 1382 videlicet
850 1363 913 1391 quie
928 1351 989 1383 sunt
1005 1354 1041 1383 de
1059 1353 1191 1383 demanio
1209 1354 1237 1383 in
1259 1353 1309 1383 de-

256 1398 401 1431 manium,
419 1395 452 1424 &
473 1404 537 1431 quae
551 1393 611 1423 sunt
623 1391 658 1421 de
672 1392 783 1421 servitio
797 1392 824 1421 in
840 1392 998 1430 servitium,
1017 1392 1085 1429 tibi,
1103 1392 1238 1430 dictisque
1250 1393 1310 1422 hae-

256 1435 366 1466 redibus
381 1436 411 1464 in
424 1441 605 1472 perpetuum,
622 1430 658 1460 de
673 1430 790 1459 fratrum
805 1430 966 1460 nostrorum
982 1431 1099 1461 consilio
1114 1431 1147 1461 &
1160 1431 1309 1471 consensu,

256 1475 285 1504 in
300 1471 504 1503 concambium
517 1480 569 1510 pro
586 1469 701 1500 Baronia
712 1468 854 1507 Argentiae
872 1468 1080 1506 Montis-fortis,
1093 1479 1176 1508 quam
1191 1479 1224 1499 ex
1239 1480 1309 1500 con-

257 1512 379 1543 cessione
397 1509 538 1549 quondam
559 1507 701 1547 conradi,
721 1508 777 1537 nati
800 1507 945 1545 quondam
959 1507 981 1537 F
983 1507 1099 1538 rederici
1114 1508 1182 1538 olim
1199 1508 1311 1539 Roma-

256 1560 358 1581 norum
388 1548 565 1588 Imperatoris
590 1547 720 1583 obtines,
755 1546 940 1576 concedimus
961 1547 994 1577 &
1016 1546 1154 1577 donamus
1174 1556 1208 1576 eit
1232 1548 1309 1578 certa

257 1589 367 1619 scientia
391 1588 423 1618 δε
463 1588 527 1617 ratia
548 1585 678 1622 speciali,
708 1585 827 1623 qualibet
847 1584 1062 1622 constitutione,
1082 1586 1243 1625 generaliter
1265 1587 1309 1617 vel

255 1627 400 1667 specialiter
422 1636 437 1655 e
458 1625 510 1662 ita,
526 1625 569 1655 vel
593 1623 714 1660 edenda,
734 1633 780 1659 per
802 1633 887 1661 quam
910 1624 1020 1661 infringi
1035 1624 1079 1653 vel
1093 1626 1203 1655 vacuari
1219 1625 1309 1662 posset

256 1667 318 1696 haec
336 1664 428 1696 nostra
447 1662 593 1694 concessio
611 1662 655 1692 seu
675 1661 806 1700 donatio,
826 1670 872 1692 aut
891 1663 915 1691 ei
932 1661 1149 1702 quomodolibet
1161 1663 1309 1703 derogari,

256 1706 423 1739 aliquatenus
439 1712 499 1732 non
512 1701 648 1732 obstante.

292 1743 332 1773 Ita
351 1742 426 1780 quod
450 1740 538 1771 nullus
558 1739 736 1778 justiciarius,
753 1749 807 1769 nec
829 1738 953 1778 quisdam
974 1739 1039 1769 alius
1053 1739 1192 1770 Officialis
1206 1741 1310 1779 curiae,

256 1783 346 1820 major
358 1789 403 1811 aiit
420 1781 515 1809 minor
533 1780 663 1817 (excepto
680 1777 772 1813 legato
787 1777 853 1807 sedis
869 1777 1042 1815 apostolicae)
1064 1779 1092 1808 in
1106 1777 1254 1809 Comitatu
1269 1780 1310 1816 ip-

256 1821 285 1850 so
297 1819 398 1858 aliquid
413 1828 553 1856 quaerere,
569 1818 611 1847 vel
628 1818 752 1853 exigere,
769 1826 816 1847 aut
832 1816 973 1855 ordinare,
992 1816 1037 1847 vel
1052 1816 1183 1856 statuere,
1199 1818 1242 1848 seu
1259 1827 1310 1859 po-

256 1859 367 1897 test-ate,
388 1858 442 1888 sive
456 1856 642 1893 iurisdifiione
657 1856 748 1894 aliqua·
758 1857 798 1885 uti
816 1854 898 1893 possit
912 1865 918 1884 :

292 1898 340 1928 Set
353 1906 381 1928 tu
391 1920 400 1934 ,
420 1896 560 1932 iidemque
573 1893 708 1931 haeredes,
727 1903 756 1923 ea
770 1895 882 1930 omnia,
900 1893 934 1924 de
948 1894 1047 1933 quibus
1058 1901 1101 1932 te,
1115 1895 1142 1924 in
1160 1895 1311 1932 praedicto-

257 1946 320 1966 rum
333 1936 445 1966 fratrum
459 1934 615 1972 praeseiitia,
635 1943 682 1971 pei·
696 1933 809 1962 anulum
823 1932 1031 1970 investivimus,
1046 1933 1206 1964 immediate
1218 1944 1232 1964 a
1248 1934 1312 1964 Ro-

257 1974 338 2005 mana
358 1974 472 2005 ecclesia
493 1974 597 2011 integre
618 1972 740 2002 habeatis
760 1971 792 2001 &
817 1972 943 2007 teneatis;
963 1971 1071 2001 nullum
1092 1972 1192 2011 alium,
1211 1981 1311 2013 praeter

258 2013 357 2052 ipsam,
375 2012 475 2043 exinde
487 2012 656 2051 superiorem
671 2009 714 2040 vel
731 2009 894 2039 Dominum
910 2009 1121 2047 cognoscendo.

294 2052 312 2071 ‘¹⁷‘
332 2050 473 2082 Volumus
487 2060 579 2080 autem
595 2058 639 2086 ut,
658 2048 905 2088 quotienscumque
919 2049 973 2085 ipsa
990 2048 1122 2079 Romana
1133 2049 1247 2081 ecclesia
1261 2059 1310 2089 ge-

256 2090 376 2121 neralem
397 2090 567 2125 exercitum,
584 2098 637 2124 pro
658 2087 817 2118 defenlione
837 2086 933 2125 Regni
955 2088 1079 2126 praefati,
1098 2090 1310 2128 congregaverit

256 2130 301 2159 vel
320 2129 463 2164 indixerit,
481 2136 528 2165 tu,
547 2127 670 2166 dictique
689 2126 811 2156 haeredes
824 2126 990 2164 teneamini,
1008 2135 1061 2165 pro
1076 2125 1224 2157 Comitatu
1239 2137 1311 2165 prae-

255 2168 350 2205 dieto,
369 2167 414 2198 sex
435 2167 553 2204 milites,
571 2166 652 2196 armis
674 2165 707 2195 ὃς
730 2165 806 2201 equis
827 2164 957 2195 decenter
979 2166 1118 2203 munitos,
1135 2164 1168 2194 ad
1191 2165 1311 2196 servien-

255 2206 324 2236 dum
346 2215 394 2244 per
406 2204 582 2244 quadraginta
595 2203 652 2234 dies
665 2204 692 2232 in
707 2203 802 2234 vestris
816 2203 984 2244 sumptibus,
1002 2203 1098 2234 eidem
1110 2204 1252 2241 ecclesiae,
1270 2205 1313 2234 iri-

255 2246 295 2277 fra
309 2245 378 2276 dieti
391 2244 485 2283 Regni
501 2243 637 2278 confinia,
654 2242 791 2272 exhibere.

294 2283 360 2313 Nos
383 2292 512 2321 quoque,
531 2292 562 2312 ac
579 2280 676 2311 eadem
691 2281 803 2310 ecclefia
815 2288 860 2317 te,
877 2290 910 2310 ac
923 2279 993 2318 ipsos
1007 2280 1147 2319 haeredes,
1165 2282 1193 2311 in
1211 2280 1312 2320 praedi-

255 2322 296 2354 e'ti
314 2322 473 2352 Comitatus
493 2319 661 2358 possessione
682 2320 940 2356 manutenebimus,
960 2319 992 2350 &
1013 2329 1111 2350 contra
1123 2329 1242 2359 omnes,
1260 2321 1310 2356 qui

255 2371 306 2391 vos
326 2359 536 2390 molestaverint
551 2382 559 2395 ,
575 2358 771 2396 impediverint
786 2381 795 2396 ,
814 2357 859 2388 vel
878 2358 1049 2388 turbaverint
1068 2358 1145 2398 supet
1166 2359 1217 2388 illis
1233 2382 1243 2398 ,
1261 2359 1312 2388 de-

255 2400 379 2432 fensione
394 2399 475 2429 vobis
488 2397 608 2427 assistere
620 2397 779 2427 curabimus
793 2405 940 2434 oportuna.

291 2438 345 2476 Et,
361 2438 379 2468 si
395 2437 513 2478 aliquem
525 2437 568 2474 jus
582 2437 611 2466 in
627 2445 677 2473 eo,
693 2435 737 2465 vel
751 2435 831 2472 ipsius
844 2435 936 2475 aliquo
946 2458 954 2472 ,
972 2444 1006 2465 ex
1019 2434 1205 2473 succeffione,
1222 2434 1312 2466 dona-

255 2478 348 2512 tione,
506 2476 728 2513 permutatione,
745 2483 791 2504 aut
806 2483 986 2511 quocumque
998 2474 1052 2503 alio
1065 2473 1170 2512 modo,
1189 2474 1233 2504 vel
1247 2475 1313 2504 titu-

255 2516 283 2545 lo
305 2516 405 2545 babere
424 2514 602 2551 constiterit,
618 2523 670 2543 nos
690 2512 726 2543 de
746 2513 892 2551 condigno
912 2512 950 2542 illi
971 2513 1159 2549 concambio,
1179 2512 1224 2542 vel
1246 2513 1315 2551 tibi,

254 2554 412 2591 priusquam
434 2552 571 2591 praemissa
588 2551 633 2582 vel
648 2551 761 2591 aliquod
775 2561 876 2582 eorum
891 2551 1026 2589 dimittas,
1046 2552 1075 2581 in
1088 2551 1191 2582 eodem
1206 2550 1314 2591 Regno

255 2592 426 2629 studebimus
442 2591 596 2629 providere.

293 2630 379 2661 Nulli
394 2639 478 2669 ergo,
496 2631 557 2661 &c.

290 2706 358 2737 Dat.
375 2705 518 2745 Neapoli,
540 2715 554 2746 3
571 2704 655 2736 Non.
671 2704 839 2735 Novembr.

292 2745 450 2776 Indidiione
472 2754 515 2783 13-

293 2783 432 2814 Incarnat.
453 2783 617 2813 Dominicse
639 2791 715 2812 anno
740 2789 824 2818 1254.

293 2821 478 2853 Pontificatsis
497 2831 566 2854 vero
583 2820 707 2851 Domini
721 2819 742 2850 I.
759 2819 843 2859 Papae
856 2828 883 2857 4.
899 2828 975 2849 anno
992 2818 1174 2850 duodecimo.

571 2897 626 2928 Sub
634 2895 756 2936 plumbeo
768 2900 786 2926 S
788 2895 992 2934 igillopendente
1005 2907 1022 2924 a
1022 2895 1074 2937 filo
1089 2895 1211 2925 canabeo.

258 3020 348 3053 Bulla
372 3019 451 3067 quod
474 3024 538 3053 Rex
559 3019 735 3064 festinanter
763 3024 867 3052 mittat
882 3023 913 3051 in
932 3019 1080 3065 Apuliam
1098 3017 1142 3050 ad
1155 3016 1315 3061 ctstodien-

311 3068 383 3101 dnm
408 3069 514 3110 illam,
539 3080 594 3101 ant
611 3067 749 3115 oportebit
767 3071 882 3114 Papam
902 3079 968 3100 eam
986 3068 1076 3100 aliter
1093 3066 1257 3100 concedere.

294 3153 477 3184 Nnoceiitius
491 3153 594 3192 Episco
616 3164 660 3190 us,
677 3153 766 3183 servus
779 3153 921 3183 servorum
936 3152 1010 3191 Dei,
1028 3151 1168 3183 carissimo
1183 3153 1211 3182 iri
1230 3151 1319 3182 Chri-

311 3192 355 3222 sto
376 3192 435 3222 silio
595 3192 687 3222 ‘lustri
707 3191 782 3231 Regi
803 3191 930 3231 Anglice,
950 3192 1061 3222 salutem
1075 3191 1108 3221 &
1123 3190 1320 3229 Apostolicam

264 3231 501 3261 benedictionem.

299 3269 470 3310 Recepimus
490 3278 579 3309 nuper
600 3276 657 3299 tuas
672 3268 791 3309 litteras,
805 3268 874 3297 inter
888 3269 938 3298 alia
949 3270 1128 3299 continentes
1143 3267 1220 3306 quod
1233 3278 1319 3298 vene-

262 3308 377 3338 rabilem
390 3308 504 3338 fratrem
519 3307 649 3337 nostrum
779 3305 967 3337 Hereforden.
1007 3307 1196 3345 Episcopum,
1214 3315 1266 3344 pro
1280 3316 1321 3336 ar-

262 3345 319 3375 duo
339 3347 371 3376 &
392 3346 507 3377 occulto
523 3369 532 3384 ,
551 3346 630 3385 quod
651 3346 717 3383 scis,
736 3346 856 3381 negotio
876 3345 909 3375 ad
933 3345 1152 3383 perficiendum,
1171 3355 1223 3382 pro
1244 3353 1320 3382 parte

262 3384 328 3451 tufib,
361 3385 389 3414 iri
411 3394 446 3414 eo
468 3394 531 3424 quae
551 3393 689 3425 oportuna
709 3384 812 3414 fuerint
834 3383 868 3413 ad
887 3383 991 3414 Sedem
1013 3384 1210 3422 Apostolicam
1234 3382 1319 3414 desti-

263 3432 298 3452 na
319 3431 345 3451 as
366 3433 371 3451 ;

300 3460 370 3490 Sane
390 3461 456 3491 scite
471 3469 500 3491 te
515 3461 644 3492 volumus
661 3460 740 3498 quod
755 3461 783 3489 in
797 3469 825 3489 re
840 3459 883 3490 illi
899 3460 1010 3491 bonum
1022 3459 1157 3491 Ecclesiae
1171 3458 1319 3491 Dominus

261 3498 397 3541 concessit
420 3500 548 3538 initium,
567 3499 601 3530 &
624 3499 786 3539 prosperum
808 3498 875 3536 sibi,
893 3499 929 3529 de
943 3499 998 3530 suae
1013 3499 1189 3539 benignitatis
1200 3498 1318 3529 affluen-

264 3543 302 3566 tia
315 3538 474 3575 continuce,
490 3537 535 3567 dat
549 3537 719 3577 proceisum.

305 3572 385 3613 Nam
404 3576 591 3606 atssomriibiis
611 3577 651 3606 ibi
672 3576 775 3607 devote
795 3576 876 3606 nobis
889 3575 1058 3612 intenditur,
1076 3575 1110 3607 &
1125 3574 1250 3604 mandata
1265 3585 1318 3606 no-

264 3609 318 3640 stra
339 3611 516 3653 suscipiuntur
536 3614 678 3644 humiliter
694 3615 728 3645 &
746 3615 901 3653 servantur,
920 3614 1077 3652 cunetaque
1096 3614 1169 3651 quta
1188 3613 1317 3644 nostrum

264 3648 471 3684 beneplacitum
503 3662 530 3681 er
543 3651 600 3682 Dei
612 3653 726 3693 gratiam
742 3653 932 3692 disponuntur.

1349 1128 1503 1160 cessionem
1517 1132 1554 1162 de
1567 1130 1715 1163 Comitatu
1722 1132 1871 1169 Theatini,
1889 1134 1922 1162 ὅ(
1936 1132 1995 1161 aliis
2004 1132 2158 1170 quibusque
2172 1132 2270 1168 bonis,
2288 1131 2303 1160 a
2336 1140 2408 1161 uon·
2423 1135 2520 1163 Buttat.

1348 1167 1415 1197 dam
1430 1167 1583 1208 Conrado,
1600 1180 1667 1201 nato
1682 1171 1827 1210 quondam
1848 1170 1990 1200 Fredetici
2008 1171 2079 1200 olirn
2097 1169 2299 1200 Romanorum
2330 1179 2409 1207 mpe-
2428 1174 2442 1190 ⁴*
2454 1175 2476 1202 1.
2490 1171 2558 1210 536.

1349 1208 1462 1245 ratoris,
1482 1208 1532 1238 tibi
1552 1209 1674 1248 fatiam,
1693 1218 1778 1241 ratam
1792 1209 1924 1240 habendo
1939 1231 1949 1247 ,
1972 1209 2047 1239 illatn
2068 1208 2119 1239 tibi
2133 1207 2239 1247 tuisque
2252 1208 2410 1240 haeredibus

1352 1245 1424 1281 (non
1439 1245 1612 1278 obstantibus
1629 1248 1705 1287 quod
1721 1249 1796 1279 idem
1810 1248 1957 1279 Conradus
1976 1256 2032 1278 erat
2049 1256 2118 1278 tunc
2138 1246 2272 1284 temporis
2292 1247 2411 1277 vinculo

1349 1287 1652 1316 excommunicationis
1673 1286 1797 1318 astrie'tus
1812 1310 1821 1325 ,
1844 1285 1977 1326 quodque
1996 1286 2058 1316 alias
2080 1284 2228 1323 potestates
2246 1286 2413 1316 conferendi

1350 1321 1396 1365 vel
1413 1323 1588 1365 concedendi
1611 1326 1700 1355 taliter
1719 1336 1780 1356 non
1797 1325 1916 1355 habebat
1931 1336 1940 1362 3
1965 1325 1997 1354 &
2019 1325 2139 1362 qualibet
2159 1324 2189 1353 in
2206 1332 2233 1354 te
2247 1325 2412 1361 privationis

1349 1359 1506 1400 dignitatis,
1526 1363 1558 1393 &
1574 1363 1717 1394 honorum
1730 1388 1739 1402 ,
1761 1364 1934 1403 aliorumque
1948 1363 2055 1400 jurium
2069 1363 2202 1393 sententia
2216 1372 2266 1400 per
2280 1372 2332 1393 nos
2347 1363 2410 1400 lata)

1349 1397 1385 1428 de
1405 1398 1520 1430 fratrum
1541 1401 1705 1432 nostrorum
1727 1402 1846 1432 consilio
1868 1403 1900 1433 &
1921 1401 2022 1432 assensu
2038 1425 2047 1438 ,
2078 1402 2240 1432 auetoritate
2260 1401 2412 1440 apostolica

1350 1436 1548 1469 confirmamus
1560 1464 1569 1477 ,
1594 1441 1626 1472 ὃς
1642 1440 1780 1479 praesentis
1800 1441 1893 1480 scripti
1908 1441 2062 1479 patrocinio
2081 1441 2311 1471 communimus:
2338 1439 2411 1479 Sup-

1351 1476 1456 1513 plentes
1467 1477 1609 1508 defectum
1619 1502 1628 1517 ,
1645 1479 1664 1509 si
1699 1480 1739 1509 uis
1751 1479 1812 1509 alias
1826 1481 1855 1510 in
1870 1480 1931 1519 iplis
1943 1478 2171 1509 COssCeffionibus
2187 1478 2293 1516 extitit,
2307 1477 2343 1509 de
2357 1488 2412 1509 no·

1352 1513 1415 1545 strae
1427 1515 1599 1555 plenitudine
1613 1526 1679 1555 pote
1706 1518 1762 1548 atis.

1389 1552 1434 1583 Ac
1450 1554 1573 1594 insuper,
1593 1566 1623 1587 ut
1639 1564 1684 1587 tua
1698 1556 1762 1596 erga
1774 1566 1827 1586 nos
1842 1556 1875 1587 ὃς
1888 1556 2034 1587 ecclesiam
2053 1555 2170 1586 devotio
2188 1555 2275 1595 magis
2289 1554 2413 1594 crescat,

1351 1591 1385 1622 &
1399 1600 1427 1622 tu
1437 1615 1446 1630 ,
1464 1593 1587 1632 die‘tique
1601 1594 1724 1625 haetedes
1735 1595 1910 1633 praemissum
1925 1594 2122 1633 Comitatum,
2140 1594 2173 1625 &
2188 1593 2239 1624 alia
2259 1593 2363 1623 firmius
2376 1595 2411 1624 ὃς

1351 1629 1492 1674 efficaci'us
1504 1632 1641 1672 habeatis,
1659 1643 1744 1673 eaque
1757 1635 1861 1673 potiori
1877 1635 1933 1671 jure
1947 1643 1980 1663 ac
1994 1633 2113 1670 pleniori
2128 1632 2234 1670 semper
2245 1633 2326 1662 vobis
2340 1633 2412 1662 inte-

1353 1678 1455 1705 gritate
1468 1670 1618 1702 consistant
1653 1671 1848 1711 Comitatum,
1865 1673 1899 1703 &
1913 1672 1964 1702 alia
1976 1671 2128 1711 praedicta,
2145 1680 2213 1701 cum
2229 1669 2411 1709 Civitatibus,

1352 1705 1455 1753 Castris
1467 1731 1476 1747 ,
1495 1708 1575 1752 Villis
1588 1734 1597 1749 ,
1615 1695 1754 1741 Casalibus
1769 1735 1778 1750 ,
1797 1710 1972 1741 Hominibus
1985 1733 1995 1749 ,
2010 1709 2199 1748 Honoribus,
2214 1709 2343 1747 Juribus,
2354 1709 2423 1747 ju·-

1352 1745 1554 1778 risditftionibus
1568 1772 1577 1787 ,
1590 1749 1660 1787 Jure
1676 1749 1839 1780 Patronatus
1859 1748 2117 1786 Conventualium,
2137 1749 2170 1780 &
2190 1757 2251 1778 non
2269 1746 2409 1778 Conven-

1351 1785 1466 1814 tiialium
1489 1785 1676 1818 Ecclesiarum
1689 1811 1699 1827 ,
1717 1787 1842 1826 Pascuis,
1859 1787 2055 1825 Nemoribus,
2071 1786 2292 1824 Venationibus,
2307 1785 2410 1825 Pratis,

1352 1822 1587 1865 Possessionibus,
1604 1827 1700 1857 Terris
1724 1826 1804 1857 cultis
1825 1827 1858 1857 &
1873 1827 1997 1862 incultis,
2018 1825 2125 1864 Aquis,
2142 1834 2273 1869 aquarum
2288 1824 2411 1855 decursi-

1352 1862 1420 1901 bus,
1433 1862 1575 1902 Justiciis,
1593 1865 1626 1896 &
1645 1875 1714 1896 curn
1733 1865 1868 1895 omnibus
1887 1865 2038 1896 rationibus
2057 1864 2090 1894 &
2106 1864 2278 1904 pertinentiis
2290 1862 2359 1902 suis,
2375 1864 2411 1894 &

1352 1910 1420 1931 cum
1440 1901 1505 1940 hiis,
1522 1913 1586 1942 quae
1605 1904 1639 1934 ad
1658 1913 1769 1934 merum
1791 1904 1825 1934 &
1846 1904 1968 1934 mixtum
1980 1902 2137 1942 Imperium
2150 1904 2307 1940 pertinent,
2325 1911 2356 1932 ea
2369 1902 2412 1931 vi-

1351 1939 1453 1982 delicet
1467 1951 1530 1979 quae
1548 1941 1610 1973 sunt
1625 1942 1661 1973 de
1676 1942 1808 1974 demanio
1821 1943 1850 1972 in
1861 1941 2084 1980 demanium,&
2099 1951 2162 1979 quae
2175 1941 2236 1971 sunt
2250 1941 2286 1970 de
2300 1941 2411 1971 servitio

1352 1988 1381 2007 in
1402 1978 1559 2018 servitium,
1576 1981 1643 2020 tibi,
1658 1980 1744 2012 dietis
1758 1990 1792 2011 ue
1806 1981 1964 2012 haeredibus
1985 1981 2014 2010 in
2028 1989 2077 2018 per
2098 1988 2212 2018 eruum,
2227 1979 2263 2009 de
2278 1979 2407 2009 Fratrum

1350 2017 1518 2048 eorumdem
1532 2020 1650 2050 consilio
1665 2020 1721 2050 &a
1745 2019 1869 2058 ensu,de
1882 2029 1962 2050 novo
1977 2029 2051 2049 conc
2089 2019 2160 2048 imus
2173 2019 2206 2049 &
2221 2018 2358 2048 donamus
2372 2026 2408 2048 ex

1351 2063 1426 2086 certa
1443 2056 1556 2087 scientia
1577 2058 1610 2088 &
1627 2060 1713 2098 gratia
1727 2059 1853 2099 speciali,
1870 2058 1996 2098 qualibet
2009 2056 2228 2093 constitutione,
2247 2056 2408 2095 generaliter

1352 2094 1397 2124 vel
1412 2094 1560 2132 specialiter
1574 2096 1663 2135 edita,
1680 2097 1724 2128 vel
1737 2096 1860 2134 edenda,
1875 2106 1924 2134 per
1936 2105 2021 2136 quam
2037 2095 2147 2134 infringi
2161 2095 2205 2124 vel
2219 2096 2329 2125 vacuari
2345 2093 2410 2133 pos-

1349 2132 1388 2176 set
1399 2133 1473 2163 'haec
1493 2134 1585 2165 nostra
1599 2135 1745 2166 concessio
1758 2136 1801 2166 vel
1814 2134 1949 2173 donatio,
1967 2142 2013 2165 aut
2026 2135 2052 2164 ei
2065 2133 2281 2172 quomodolibet
2293 2133 2411 2173 deroga-

1351 2181 1391 2209 ri,
1409 2172 1578 2210 aliquatenus
1590 2184 1648 2203 non
1664 2173 1800 2204 obstante.

1388 2209 1428 2240 Ita
1441 2212 1518 2249 quod
1534 2211 1623 2242 nullus
1634 2212 1822 2251 justiciarius,
1843 2221 1897 2242 nec
1912 2211 2055 2250 quisquam
2067 2210 2135 2242 alius
2149 2209 2287 2240 Officialis
2303 2209 2412 2248 Curiae,

1352 2250 1440 2287 major
1460 2259 1506 2280 aut
1527 2251 1621 2281 minor
1635 2253 1771 2289 (excepto
1784 2251 1893 2291 Legato
1904 2250 1982 2281 Sedis
1997 2249 2188 2289 Apostolicae)
2207 2250 2236 2278 in
2252 2247 2411 2287 Comitatu,

1352 2288 1386 2318 &
1407 2288 1461 2318 aliis
1480 2289 1562 2319 bonis
1579 2289 1719 2330 praediffls
1734 2290 1836 2328 aliquid
1852 2299 1989 2328 quaerere,
2006 2288 2052 2318 vel
2063 2289 2189 2327 exigere,
2208 2298 2253 2317 aut
2266 2289 2409 2325 ordinare,

1351 2325 1396 2355 vel
1414 2325 1547 2365 statuere,
1563 2329 1608 2358 seu
1627 2327 1780 2367 potestate,
1799 2329 1853 2359 sive
1875 2327 2061 2366 jurisdic‘tione
2081 2327 2172 2364 aliqua
2188 2327 2228 2356 uti
2243 2325 2335 2364 possit.

1390 2363 1437 2395 Set
1458 2373 1488 2395 tu
1525 2366 1664 2406 iidemque
1686 2365 1822 2397 Haeredes
1842 2376 1873 2396 ea
1892 2367 2005 2402 omnia,
2025 2365 2060 2395 de
2079 2366 2179 2402 quibus
2200 2373 2245 2402 te,
2262 2366 2290 2394 in
2311 2365 2414 2401 praedi·

1353 2402 1467 2433 &orum
1480 2389 1607 2435 P²ratrum
1623 2405 1781 2443 praesentia,
1803 2415 1851 2443 per
1864 2405 1979 2435 anulum
1992 2403 2202 2441 investivimus,
2220 2403 2383 2433 immediate
2396 2403 2413 2433 a

1353 2440 1486 2472 Romana
1507 2442 1631 2474 Ecclesia
1651 2445 1758 2481 integre
1776 2444 1895 2474 habeatis
1908 2443 1940 2474 ὃ(
1953 2443 2082 2480 teneatis,
2098 2441 2205 2472 nullum
2221 2441 2325 2481 alium,
2342 2451 2416 2481 prae-

1352 2488 1393 2510 ter
1408 2480 1513 2519 ipsam,
1531 2482 1629 2512 exinde
1644 2483 1828 2522 superiorem,
1846 2481 1891 2511 vel
1905 2481 2067 2512 Dominum
2081 2479 2290 2520 cognoscendo.

1390 2518 1531 2550 Volumus
1543 2529 1638 2551 autem
1652 2530 1700 2560 ut,
1718 2520 1967 2560 quotienscumque
1981 2520 2034 2558 ipsa
2048 2519 2181 2549 Romana
2193 2518 2316 2549 Ecclesia
2327 2528 2414 2558 gene-

1352 2557 1438 2587 ralem
1459 2561 1627 2597 exercitum,
1647 2570 1699 2599 pro
1719 2559 1879 2589 defensione
1893 2558 1990 2598 Regni
2004 2559 2126 2597 praefati,
2144 2559 2355 2597 congregaverit
2368 2557 2413 2588 vel

1351 2596 1499 2639 ind'uterit,
1514 2606 1544 2628 tu
1553 2621 1562 2636 ,
1578 2598 1701 2638 dictique
1714 2597 1849 2628 Haeredes
1864 2598 2032 2635 teneamini,
2048 2607 2100 2637 pro
2113 2594 2261 2627 Comitatu
2275 2596 2412 2634 praedidto

1354 2634 1388 2664 &
1407 2636 1480 2673 aliis,
1498 2636 1542 2666 sex
1558 2637 1682 2675 Milites,
1697 2638 1779 2667 armis
1793 2637 1825 2666 &
1840 2637 1918 2674 equis
1930 2636 2061 2665 decenter
2077 2636 2220 2672 munitm,
2239 2634 2272 2665 ad
2289 2634 2410 2665 servien-

1352 2672 1422 2702 dum
1438 2682 1487 2711 per
1526 2675 1682 2714 uadraginta
1699 2675 1773 2713 dies,
1791 2676 1819 2704 in
1841 2673 1937 2704 vestris
1961 2674 2133 2714 sumptibus,
2148 2673 2240 2704 eidem
2258 2672 2412 2712 Ecclefiae,

1353 2711 1424 2741 infra
1437 2711 1506 2742 dieti
1550 2715 1614 2752 egni
1625 2712 1765 2752 confinia,
1782 2713 1919 2742 exhibere.

1392 2749 1458 2780 Nos
1477 2761 1606 2790 quoque,
1623 2762 1656 2782 ac
1671 2751 1769 2782 eadem
1783 2751 1923 2789 Ecclesia,
1941 2757 1982 2786 te,
1999 2758 2033 2779 ac
2047 2749 2118 2789 ipsos
2132 2748 2284 2787 Haeredes,
2299 2750 2326 2778 in
2341 2758 2414 2788 prae-

1354 2787 1498 2820 dietorum
1522 2789 1680 2821 Comitatus
1701 2791 1735 2821 &
1758 2789 1877 2820 aliorum
1890 2791 2033 2819 bonorum
2049 2787 2232 2826 pOffeffione‚
2251 2796 2415 2817 manutene-

1355 2826 1461 2867 bimus,
1481 2830 1513 2859 &
1531 2838 1628 2859 contra
1641 2839 1756 2866 omnes,
1773 2829 1821 2868 qui
1835 2837 1886 2858 vos
1900 2825 2125 2864 molestaverint,
2139 2827 2348 2865 impetiverint,
2366 2825 2412 2856 vel

1354 2866 1524 2898 turbaverint
1544 2868 1621 2907 super
1642 2868 1708 2907 illis,
1726 2867 1885 2898 defensione
1906 2865 1990 2897 vobis
2009 2864 2128 2896 assistere
2148 2866 2308 2895 curabimus
2325 2874 2413 2903 opor-

1354 2911 1430 2934 tuna.

1392 2942 1445 2981 Et,
1465 2944 1483 2974 si
1507 2945 1630 2985 aliquem
1649 2946 1693 2984 jus
1712 2945 1743 2974 in
1762 2945 1817 2982 eis,
1833 2943 1879 2974 vel
1900 2942 2024 2981 ipsorum
2047 2941 2157 2981 aliquo,
2174 2951 2208 2971 ex
2226 2940 2415 2980 succeffione,

1353 2979 1522 3022 donatione,
1541 2985 1702 3022 emptione,
1721 2983 1944 3020 permutatione,
1962 2988 2007 3011 aut
2026 2989 2209 3019 quocumque
2230 2981 2285 3010 alio
2305 2980 2412 3018 modo,

1353 3020 1397 3062 vel
1416 3021 1497 3052 titulo
1506 3046 1514 3060 ,
1530 3022 1633 3053 habere
1646 3021 1800 3053 constiterit
1808 3043 1819 3060 ,
1833 3031 1885 3051 nos
1898 3020 1933 3050 de
1946 3018 2091 3058 condigno
2105 3019 2145 3049 illi
2158 3019 2348 3056 concambio,
2366 3018 2413 3048 vel

1353 3059 1404 3089 tibi
1419 3082 1429 3098 ,
1443 3061 1599 3101 priusquam
1618 3059 1758 3099 praemissa
1777 3060 1821 3089 vel
1841 3058 1952 3099 aliquod
1973 3068 2073 3089 eorum
2095 3057 2218 3088 dimittas
2233 3079 2244 3098 ,
2260 3057 2291 3087 in
2309 3055 2412 3088 eodem

1355 3097 1466 3134 Regno
1479 3099 1629 3138 providere
1642 3098 1822 3130 studebimus.

1392 3136 1476 3168 Nulli
1494 3147 1581 3177 ergo,
1596 3139 1657 3169 &c.

1392 3213 1461 3244 Dat.
1475 3213 1620 3252 Neapoli,
1642 3223 1655 3255 3
1669 3213 1754 3244 Non.
1768 3213 1912 3244 Decemb.

1393 3252 1552 3283 Indie‘tione
1570 3263 1614 3292 13.

1392 3291 1529 3322 Incarnat.
1549 3290 1717 3321 Dominicae
1731 3299 1806 3320 anno
1823 3298 1906 3328 1254.

1391 3328 1576 3361 Pontificatsis
1591 3338 1660 3360 vero
1674 3328 1799 3359 Domini
1813 3327 1835 3359 Ι.
1849 3327 1932 3368 Papae
1944 3335 1972 3366 4.
1984 3335 2062 3358 anno
2076 3325 2259 3357 duodecimo.

1716 3404 1841 3435 Plumbeo
1853 3402 1945 3442 Sigillo
1950 3403 2084 3442 pendente
2096 3413 2114 3432 a
2121 3401 2175 3444 filo
2189 3400 2311 3433 canabeo.

1376 3553 1464 3588 Bulla
1479 3546 1654 3586 Alexahdri
1670 3554 1751 3598 Papae
1768 3553 1890 3598 ,Quarti
1904 3552 1979 3596 Regi
1993 3547 2107 3596 Angliae
2126 3545 2240 3582 diressa
2262 3546 2389 3581 denova

1765 3603 1919 3633 Creatione
1927 3599 2000 3644 fita.

1355 3687 1410 3744 A
1419 3685 1566 3730 Lexander
1577 3684 1748 3730 Episcopus,
1766 3685 1855 3730 serviis
1869 3685 2012 3729 servorum
2027 3681 2086 3713 Dei
2101 3705 2111 3720 ,
2129 3679 2309 3746 cariffimolin
2324 3676 2409 3708 Chn'-
2425 3696 2498 3728 Ann-
2515 3697 2559 3730 D·

1391 3761 1420 3792 di
1421 3724 1482 3793 ἐξῇ)
1483 3724 1548 3793 113ξὲ
1552 3785 1559 3792 0
1645 3723 1741 3754 illustri
1755 3724 1831 3764 Regi
1845 3723 1956 3762 Angliae
1969 3722 2084 3753 salutem
2101 3721 2141 3778 &¹
2151 3717 2262 3757 Aposto
2272 3725 2346 3747 icam
2358 3717 2408 3748 be-
2443 3745 2526 3776 1254.

1353 3772 1528 3832 neCathedra
1541 3800 1759 3838 praeeminentiae
1772 3799 1933 3837 Pastoralis,
1951 3800 1980 3829 in
1993 3799 2047 3829 hac
2061 3792 2342 3840 mii-itantiUEcclefiQ
2355 3804 2404 3832 per
2419 3778 2474 3842 {35¹⁹
2491 3786 2539 3840 ‘39'

1351 3839 1484 3879 plurimos
1507 3838 1657 3869 Pontifices
1669 3862 1679 3877 ,
1702 3839 1840 3879 frequenti
1860 3837 2036 3870 successionis
2054 3831 2254 3876 viciffitudine,
2270 3841 2406 3872 variatur,
2422 3855 2461 3878 Ex
2472 3823 2538 3880 {iu-

1353 3887 1405 3922 pro
1422 3887 1460 3921 eo
1473 3877 1551 3917 quod
1567 3877 1628 3908 illos
1642 3888 1755 3910 manere
1767 3877 1870 3927 diutius
1882 3885 1987 3929 naturae
1997 3870 2259 3930 'mormlis'condltlo
2272 3880 2331 3901 non
2343 3881 2407 3911 per·
2423 3897 2489 3927 ,agn

1354 3923 1910 3991 mrlltrtil-tii‘cclefiassiquidemJtriumpliariti-
1916 3929 2005 3988 ‚squas
2014 3934 2141 3984 supernae
2152 3946 2253 3990 patriar.
2261 3949 2410 3991 regionem

1353 3990 1518 4038 inconcussa
1532 3990 1700 4030 poffeffione
1711 3993 1767 4031 jam
1779 3991 1908 4027 obtinet,
1916 3988 2032 4020 sslvator
2044 3983 2156 4022 noster,
2170 3984 2228 4017 Del
2239 3984 2414 4056 fihm’sffd

300 3685 358 3729 Sed
371 3708 380 3724 ‚
406 3688 468 3729 quia
509 3690 603 3720 eclesia
618 3713 628 3728 ,
653 3700 767 3732 propter
781 3693 819 3722 sui
834 3691 982 3721 mollitiem
999 3691 1032 3722 &
1047 3690 1208 3721 suavitatem
1227 3688 1318 3728 Regi-

264 3733 367 3761 minis,
386 3733 431 3753 vix
446 3727 535 3763 posset
549 3727 595 3757 diii
612 3730 640 3758 in
653 3730 706 3759 iliis
718 3730 839 3768 partibus
853 3728 1003 3760 efficaciter
1017 3729 1158 3759 dominari
1172 3750 1182 3767 ,
1206 3727 1317 3765 expedit

264 3761 373 3801 prorsus
386 3762 463 3828 quod
476 3772 509 3805 ert
523 3773 598 3808 parte
609 3774 656 3797 tua
669 3771 762 3799 omnis
775 3768 934 3799 adhibeatur
945 3767 1118 3805 festinantia,
1135 3767 1168 3797 ὃς
1184 3766 1318 3804 quaelibet

265 3809 347 3831 mora
361 3810 396 3829 ve
419 3799 526 3830 tarditas
540 3812 696 3842 omittatur,

305 3838 400 3876 Qua,
418 3847 485 3867 curn
499 3839 559 3876 jam
574 3850 661 3876 parata
675 3844 708 3873 &
723 3842 827 3874 dimeta
847 3844 899 3874 fint
920 3845 1017 3874 omnia
1030 3867 1040 3882 ,
1065 3843 1099 3874 &
1113 3841 1268 3883 procedant
1283 3841 1318 3872 ad

266 3884 368 3906 votum
377 3898 387 3913 ‚
405 3874 442 3905 de
456 3876 538 3918 plano
547 3899 556 3913 ‚
571 3878 609 3919 ὃς
618 3879 672 3921 sine
684 3881 821 3911 laboriosa
835 3881 998 3912 difficultate
1013 3892 1073 3913 rem
1085 3882 1187 3911 habere
1202 3881 1319 3920 poteris,

265 3923 382 3981 epstrgque
393 3923 445 3943 nos
458 3913 523 3951 tibi,
541 3918 613 3951 quail
621 3925 678 3952 Jam
694 3918 868 3957 expeditam,
885 3920 1008 3950 celeriter
1023 3921 1056 3951 &
1069 3919 1156 3951 libere
1167 3919 1320 3957 poterimus

263 3961 279 3982 a
303 3961 402 3985 ignare.

300 3987 420 4028 Propter
433 3988 510 4030 quod
524 3974 674 4021 nullatenus
687 3991 798 4024 differas
811 4016 822 4032 ,
841 4004 933 4034 neque
952 3995 1056 4034 tardes,
1068 3995 1119 4026 sed
1131 4004 1270 4042 praeparee
1284 3995 1319 4027 &
1328 3976 1334 3982 x

1498 4056 1522 4065 -ι
