2570 4261
189 144 263 184 142

38 216 118 248 Ann.
132 214 175 253 D
227 215 281 246 Sub
295 216 386 246 eadem
391 214 485 256 forma
494 212 621 251 stribitur
636 209 770 250 Magistro
785 211 899 242 Militiae
913 208 1028 248 Templi,
1046 210 1135 239 Priori
1151 204 1248 245 Hospi-

54 254 148 293 ''¹242-
189 254 255 284 talis
273 254 465 294 Jerofirlymae,
484 253 530 281 W.
545 252 577 280 de
595 249 680 280 Ebur.
698 250 829 288 Jeremiae
853 250 884 280 de
905 254 1014 279 Caxton
1049 251 1196 277 Bertramo
1215 243 1248 273 de

42 298 107 321 Heu.
126 303 150 330 3.
188 294 295 334 Cryoyl‚
313 293 426 322 Roberto
438 292 470 320 de
484 293 632 319 Lexinton.
649 288 797 319 Willielmo
810 290 842 319 de
858 271 1030 318 Haverhulss

230 332 272 360 Et
285 335 367 361 etiam
380 328 541 359 Abbatibus
558 327 665 368 Wstm.
685 326 805 368 Glaston.
819 326 857 363 όν
872 328 904 357 de
918 326 1034 362 Rading.

229 373 272 399 Et
292 373 375 398 etiam
397 370 485 396 Priori
501 367 598 395 Sanffl
622 369 734 396 Switini
756 368 883 396 Winton.
896 364 958 406 fit,
975 367 1003 393 in
1019 361 1080 406 fine
1094 360 1250 390 litterarum

191 409 302 438 additur
312 418 321 435 .·
343 405 433 444 Qod
446 404 574 442 speciales
590 415 643 443 pro
657 404 742 442 Rege
754 406 788 436 ὃς
800 406 852 436 suis
866 404 970 435 faciant
984 410 1134 432 orationes.

370 533 420 564 De
440 532 561 564 Guerra
577 543 647 564 cum
671 533 747 578 Rege
769 533 901 564 Francia:
923 526 1072 562 inchoata.

41 625 120 656 'Anrr
131 623 171 654 D.

65 672 150 701 1242.

40 707 94 731 An.
118 704 161 730 26.

42 745 78 768 H.
100 750 125 776 3.

40 779 177 815 Claus.26.

39 822 74 845 H.
86 826 177 853 3.m.4.

193 614 419 679 MAndaturn
440 615 481 647 est
503 615 556 647 W.
576 615 709 647 Eborum
732 614 836 647 Archie
856 615 954 651 iscopo
991 613 1024 644 &
1036 611 1199 642 Willielmo
1217 608 1254 640 de

286 654 456 694 Cantilupo‚
473 655 551 694 quod
565 665 633 685 curn
647 654 790 693 requisitus
804 663 820 683 e
845 663 872 684 et
886 652 950 683 Rex
963 637 1094 696 ’franciae
1107 649 1143 680 de
1155 658 1254 693 emen-

193 692 234 722 dis
247 693 396 732 faciendis,
414 694 494 731 super
505 693 757 731 interceptionibus
770 701 831 724 tteu
853 700 930 721 arum
945 689 1091 721 hincinde
1109 688 1204 726 factis,
1224 687 1253 731 id

191 731 284 762 facere
302 733 422 762 minime
440 732 576 771 curasset,
594 741 653 762 non
673 731 820 762 videbatur
873 730 986 760 ominus
1001 728 1066 758 Rex
1079 736 1207 767 treugam
1227 733 1252 756 ei

194 769 305 800 ulterius
316 770 478 809 observare,
494 771 528 801 &
543 770 580 800 sic
594 779 691 801 ouerra
706 771 778 801 inter
790 779 839 799 eos
849 770 908 808 jam
921 767 1050 798 inchoata
1063 765 1112 797 est.

231 807 311 839 Cum
324 810 407 846 igitur
420 808 566 839 Dominus
582 794 647 839 Rex
662 809 754 839 minus
767 806 936 838 sufficienter
951 806 986 837 de
1000 806 1077 836 bona
1089 812 1175 849 gente
1189 813 1254 851 mu-

191 847 264 878 nitus
279 847 327 885 sit,
346 847 379 877 ad
393 845 508 885 Regem
521 847 647 878 Franciae
659 846 849 887 gravandum,
864 845 1027 876 mandatum
1042 843 1084 874 est
1098 854 1135 874 eis
1178 842 1252 880 uod,

190 893 326 924 quantum
342 894 493 924 poterunt,
511 886 638 916 laborent
651 886 685 915 ad
700 886 850 924 pecuniam
864 882 1080 923 perquirendam
1094 884 1128 914 &
1141 891 1156 911 a
1191 891 1254 919 per-

189 924 360 962 quirendum
374 924 449 964 Regi
462 934 521 954 200
538 924 645 955 Milites
660 926 693 956 &
707 924 835 954 Centum
849 923 1010 954 Servientes
1023 921 1157 960 Equites,
1175 921 1249 950 bene

190 971 312 1001 paratos,
330 964 422 1001 quales
436 964 558 994 viderint
572 963 605 994 ad
621 963 763 994 servitium
776 962 868 999 Regis
881 960 1057 992 necessarios.

226 1001 307 1031 Fines
328 1012 413 1040 vero,
431 1012 504 1040 quos
524 1003 541 1032 a
559 1001 726 1040 quibusdam
748 1001 889 1032 Militibus
909 1000 1067 1041 recepimus
1087 1007 1120 1030 ut
1139 1006 1251 1030 moram

186 1039 311 1070 facerent
326 1041 355 1069 in
370 1040 486 1080 Anglia,
502 1041 564 1079 ipsis
578 1041 734 1079 remittatis,
750 1039 915 1070 inducentes
927 1049 975 1069 eos
990 1037 1067 1076 quod
1077 1060 1086 1076 ‚
1104 1047 1157 1076 pro
1176 1045 1255 1075 mag-

188 1088 225 1108 na
239 1078 415 1117 necessitate,
433 1089 519 1118 quam
535 1080 595 1111 cito
608 1087 759 1117 poterunt,
777 1078 812 1109 ad
833 1078 948 1118 Regem
971 1078 1103 1116 veniant,
1121 1077 1198 1115 equis
1218 1076 1251 1107 &

187 1118 271 1147 armis
285 1118 357 1147 bene
370 1119 463 1155 parati.

198 1159 200 1161 ’
228 1154 284 1194 Et,
303 1156 322 1186 si
336 1156 427 1194 forte,
446 1155 619 1188 remittendo
633 1156 700 1187 fines
714 1156 794 1195 illos,
811 1154 845 1186 ad
859 1155 916 1186 hoc
931 1152 1027 1185 induci
1049 1164 1109 1185 non
1129 1152 1253 1192 poffint;

191 1201 261 1224 tunc
274 1194 310 1225 de
323 1194 439 1225 denariis
452 1196 556 1236 Regis,
574 1197 594 1226 fi
608 1196 720 1227 necefl'e
744 1196 843 1234 fuerit,
861 1193 1059 1225 rationabiliter
1077 1194 1115 1223 eis
1135 1193 1253 1231 faciant,

186 1240 305 1270 propter
319 1235 396 1272 quod
409 1234 443 1264 ad
460 1235 575 1273 Regem
589 1236 686 1265 venire
700 1235 828 1265 debeant.

224 1271 265 1302 Et
279 1272 357 1310 quod
370 1272 446 1303 idem
457 1273 692 1312 Archiepiscopus
705 1275 739 1305 &
752 1272 926 1303 Willielmus
947 1271 1033 1302 sciant
1045 1270 1233 1302 indubitanter
1243 1294 1252 1309 ,

189 1311 270 1378 guod
286 1311 431 1342 Dominus
446 1312 511 1342 Rex
525 1313 553 1341 in
568 1311 653 1343 talem
667 1311 764 1342 incidit
779 1309 989 1349 neceffitatem‚
1008 1308 1087 1348 quod
1101 1309 1172 1340 ultra
1187 1315 1252 1340 mo-

212 1359 261 1379 um
280 1349 384 1389 indiget
403 1352 537 1388 pecunia,
556 1351 621 1388 quia
639 1350 674 1380 ad
692 1350 810 1388 praesens
830 1357 1040 1387 recuperaturus
1055 1348 1096 1378 est
1109 1349 1253 1379 honorem

190 1388 271 1432 suum
286 1390 314 1418 in
327 1390 448 1427 partibus
461 1389 663 1428 transmarinis,
679 1389 725 1420 vel
740 1388 944 1428 ignominiam,
964 1386 1042 1426 quod
1057 1386 1144 1426 absit,
1156 1388 1252 1419 incur-

190 1435 232 1457 ret
247 1437 275 1456 in
310 1437 338 1457 ei·
360 1436 466 1458 eruum.

227 1437 400 1496 Proillidgant
412 1468 510 1505 etiarn,
530 1465 567 1497 de
578 1466 697 1498 consilio
710 1465 845 1496 Bertrami
858 1464 895 1494 de
907 1463 1017 1504 Cryoyl
1053 1464 1169 1504 qualiter
1185 1462 1252 1496 Do-

186 1504 279 1533 minus
298 1504 363 1534 Rex
383 1503 565 1536 damnificare
585 1504 669 1544 possit
691 1504 806 1543 Regem
828 1503 955 1534 Franciae
968 1505 998 1533 in
1010 1488 1132 1534 Costera
1145 1503 1253 1535 Britan-

189 1543 258 1580 niae,
278 1542 470 1574 Normanniae
493 1545 527 1576 ὃ(
548 1544 695 1582 Boloniae,
711 1553 759 1581 per
779 1551 895 1582 gentem
910 1541 947 1572 de
960 1542 1086 1581 quinque
1098 1543 1252 1582 portubus,

189 1582 239 1618 qui
254 1581 280 1611 se
293 1590 448 1622 praeparant
460 1582 495 1613 ad
508 1582 599 1623 ipsum
613 1582 728 1623 Regem
741 1581 914 1621 gravandum
927 1590 978 1620 per
991 1580 1136 1620 incendia,
1148 1582 1182 1613 δε
1195 1581 1254 1613 aliis

188 1619 281 1650 modis
296 1621 397 1659 quibus
416 1629 558 1659 poterunt.

227 1657 266 1689 Et
278 1658 359 1697 super
371 1660 477 1691 eodem
490 1660 617 1691 scribitur
630 1659 722 1690 eidem
735 1658 882 1690 Bertramo
897 1657 975 1696 quod
987 1657 1015 1688 id
1036 1657 1096 1688 fieti
1117 1657 1200 1689 faciat
1216 1658 1253 1691 de

184 1697 308 1727 confiiio
329 1699 337 1728 i
358 1697 453 1729 sorum
476 1698 690 1737 Archiepiscopi
709 1699 742 1729 &
761 1697 852 1727 Willi.
872 1696 929 1727 Illis
941 1697 1027 1727 etiam
1040 1696 1138 1734 quide
1158 1698 1254 1729 utandi

187 1735 254 1777 sunt
271 1736 306 1766 ad
326 1708 436 1768 dietum
456 1737 572 1778 Regem
591 1747 642 1775 per
664 1736 749 1767 Mare
761 1735 952 1775 gravandum,
967 1735 1090 1779 aliquem
1101 1735 1129 1765 di
1141 1741 1252 1767 cretum

188 1774 222 1804 ἃ
238 1774 350 1805 fidelem
366 1775 471 1813 praefici
487 1776 604 1815 faciant3
624 1777 673 1813 qui
687 1775 757 1813 ipsos
770 1775 903 1805 cohibeat
923 1775 957 1805 &
979 1773 1128 1812 impediat,
1148 1784 1184 1805 nc
1206 1775 1254 1805 ali-

189 1813 236 1842 cui
251 1812 286 1842 de
300 1814 437 1850 potestate
451 1814 556 1854 Regis,
569 1814 616 1845 vel
631 1813 914 1852 alicui,condu&.um
927 1812 957 1843 R
997 1814 1002 1818 '
1027 1813 1141 1843 habenti
1153 1812 1253 1852 damp—

188 1861 260 1881 num
278 1851 409 1883 inferant:
430 1853 493 1891 Qu
505 1855 590 1883 etiam
605 1853 641 1882 de
656 1854 756 1890 quinto
770 1851 845 1893 Regi
861 1822 1033 1889 responffigt.
1128 1890 1133 1895 1

230 1889 279 1920 Ι)ε
298 1892 456 1930 quingentis
477 1893 562 1922 etiam
583 1892 667 1921 bonis
688 1890 885 1928 &Valenlibuz
903 1890 938 1920 ad
958 1890 1073 1928 Regem
1093 1891 1254 1930 mittendis,

188 1928 356 1966 provideant
370 1940 419 1968 per
428 1929 591 1968 Johannem
604 1929 777 1960 Extraneum
785 1929 835 1966 ³&
846 1928 1010 1967 johannem
1021 1927 1057 1958 de
1066 1927 1251 1960 Monernuth·

190 1968 240 2010 qui
260 1968 325 2010 tales
343 1968 380 1999 de
399 1968 507 2000 Ballivis
527 1969 579 1999 suis
603 1968 722 2007 eligant,
740 1967 833 2005 quales
854 1967 929 2007 Regi
944 1966 1063 1998 viderint
1077 1967 1207 2005 expedire
1219 1955 1254 2000 ad

191 2015 323 2036 minucos
338 2007 400 2037 suos
415 2007 579 2046 gravandos.

229 2043 267 2074 Et
283 2045 360 2083 quod
374 2055 475 2085 rogent
488 2046 585 2076 David
598 2045 687 2076 filium
702 2044 831 2083 Leulini,
845 2045 879 2075 &
892 2043 1050 2075 Griffinum
1064 2043 1154 2074 filium
1168 2044 1255 2076 Mad-

189 2081 265 2121 doc,
279 2083 358 2122 quod
368 2083 405 2115 de
418 2084 595 2115 Walensibus
612 2084 689 2124 Regi
703 2083 865 2115 subveniant
895 2082 965 2113 sicut
979 2082 1010 2112 R
1029 2084 1056 2112 vi
1067 2084 1253 2123 promiserint3

188 2122 226 2152 ita
241 2122 319 2159 quod
331 2122 368 2153 de
382 2123 433 2153 suis
469 2124 556 2161 quam
567 2122 679 2154 aliunde
693 2124 861 2161 quingentos
871 2108 1018 2153 Walenses
1068 2121 1148 2160 beat3
1163 2123 1197 2154 ὃ(
1209 2123 1253 2154 su-

189 2169 240 2197 per
254 2160 312 2192 hoc
326 2161 426 2191 litteras
441 2148 565 2193 Domini
582 2161 671 2199 Regis
687 2162 725 2191 eis
737 2163 859 2191 mittant.

230 2198 360 2230 Gentem
381 2208 476 2230 autem
497 2201 531 2232 &
549 2201 719 2240 pecuniam,
739 2208 824 2238 quarn
838 2199 1000 2238 perquirere
1011 2206 1160 2238 poterunt,
1179 2199 1257 2241 Regi

190 2238 305 2268 mittant
317 2248 386 2269 cum
399 2237 584 2270 festinatione.

231 2274 402 2308 Mandatum
415 2277 456 2308 est
472 2279 509 2308 eis
525 2276 603 2316 quod
620 2287 688 2308 cum
701 2276 737 2307 de
751 2277 910 2316 quingentis
924 2276 1090 2314 pauperibus
1117 2285 1190 2315 quos
1203 2276 1257 2308 fin-

189 2314 263 2352 gulis
278 2315 375 2346 diebus
390 2315 454 2346 Rex
470 2316 578 2354 pascere
590 2315 753 2353 consuevit,
766 2316 902 2354 majorem
917 2324 1025 2355 partem
1039 2316 1068 2359 in
1082 2299 1183 2355 Anglia
1197 2326 1257 2354 pas-

190 2352 312 2384 cendam
329 2353 492 2394 reservavit,
510 2365 558 2396 per
573 2354 689 2385 fratrem
699 2354 863 2392 johannem
875 2353 1109 2384 Elemosinarium
1130 2354 1202 2395 pasci
1214 2355 1256 2385 fa·-

187 2393 264 2422 ciant
286 2393 396 2432 singulis
414 2393 512 2424 diebus
531 2392 620 2424 CCC
641 2394 675 2424 &
699 2393 734 2422 L.
762 2403 912 2430 pauperes,
937 2393 972 2423 ita
991 2391 1070 2431 quod
1093 2392 1256 2425 Elemofina

189 2430 279 2470 Regis
299 2432 412 2469 incipiat
431 2431 490 2462 fieri
510 2442 525 2462 a
542 2442 623 2462 nono
639 2431 684 2461 die
698 2431 789 2469 Maii,
804 2432 862 2461 viz.
878 2432 893 2460 a
904 2430 950 2460 die
963 2430 1096 2469 Veneris,
1114 2441 1170 2470 qua
1188 2431 1254 2463 Rex

184 2467 291 2499 Naves
314 2469 371 2500 suas
392 2470 515 2501 ascendit
528 2470 601 2508 apud
616 2470 752 2501 Portesm.
771 2471 805 2501 &
818 2470 856 2500 fic
869 2468 906 2499 de
920 2468 966 2499 die
979 2470 1007 2499 in
1019 2469 1097 2501 diem
1109 2469 1256 2510 quousque

187 2506 336 2539 Dominus
350 2509 416 2540 Rex
430 2509 569 2541 reduxerit
581 2510 610 2540 in
624 2509 774 2551 Angliam,
792 2518 860 2539 cum
875 2508 1061 2547 prosperitate.

227 2585 318 2617 Teste
332 2586 416 2628 Rege
431 2587 504 2626 apud
520 2586 669 2619 Xaneton.
689 2587 705 2618 8
720 2587 766 2619 die
777 2586 863 2625 Junii.

48 2730 64 2747 ι
80 2731 103 2757 1⁴
112 2737 178 2764 405·
358 2712 385 2737 *ἴ
411 2715 460 2746 De
469 2712 577 2757 formet
595 2712 764 2758 transmiffiz
780 2709 942 2744 Baronibus
957 2712 1085 2758 Angliae.

48 2815 77 2844 Α
139 2814 171 2844 D
188 2796 315 2858 REX
331 2796 437 2828 dilecto
453 2797 486 2828 &
502 2797 575 2828 fideli
590 2798 639 2829 suo
654 2798 705 2827 W.
725 2798 760 2828 de
776 2797 930 2835 Cantilupo
940 2797 1053 2835 Juniori
1066 2798 1189 2829 salutem.

77 2825 126 2883 ἔζη
137 2863 154 2883 2
174 2840 199 2878 ’ἱ
231 2874 237 2876 -
294 2835 391 2874 Cum,
410 2836 529 2867 faciente
543 2838 639 2875 injuria
654 2836 742 2876 Regis
767 2836 909 2873 Francize,
928 2836 1044 2875 Treuga
1064 2838 1136 2867 inter
1155 2847 1208 2868 nos
1227 2837 1260 2868 δε

47 2896 93 2919 An
114 2864 166 2918 {6'
193 2876 286 2916 ipsum¹
302 2874 429 2912 deficiat,
448 2876 481 2906 ὃς
502 2876 540 2906 s1c
559 2885 689 2915 guerram
712 2876 736 2904 ei
751 2884 870 2905 movere
884 2884 935 2905 nos
948 2883 1078 2912 oporteat
1092 2875 1183 2913 (quod
1198 2877 1261 2914 qui—

50 2936 79 2957 H
98 2914 121 2963 ’ζ
159 2914 166 2919 “
194 2912 260 2941 dem
280 2922 309 2942 m
332 2913 555 2944 transfretatione
569 2914 665 2945 nostra
678 2924 738 2944 non
753 2912 936 2943 credebamus
951 2913 1094 2951 accidisse)
1109 2916 1143 2946 &
1167 2915 1260 2944 minus

47 2953 175 3005 effa-if&
198 2948 367 2980 sufficienter
386 2953 486 2982 muniti
509 2953 600 2983 sumus
622 2954 697 2983 bona
718 2961 817 2992 gente,
843 2952 877 2983 &
916 2951 1039 2982 otiffime
1058 2960 1142 2993 gente
1162 2952 1260 2993 Regni

46 3011 83 3036 Β.
96 2989 157 3044 31’2-
160 3017 187 3042 4.
195 2987 288 3057 gostri
305 2988 432 3028 Angliae,
451 2990 496 3027 (dc
511 3001 565 3030 qua
578 2991 718 3029 specialius
732 2962 915 3028 confidimus&
929 2990 963 3020 ad
984 2991 1074 3029 ipsum
1093 2992 1262 3031 impugnan-

217 3037 284 3065 um3

232 3065 325 3096 Vobis
332 3066 505 3109 ‘mandamus
519 3076 645 3107 rogantes
659 3076 809 3106 quatenu5‚
828 3068 896 3098 sicut
911 3078 963 3098 nos
979 3068 1012 3099 &
1034 3068 1176 3099 honorem
1197 3079 1262 3100 nos-

197 3112 275 3135 trum
290 3103 419 3143 diligitis,
437 3105 486 3136 sub
501 3115 602 3143 quanta
618 3108 741 3144 poteritis
756 3106 934 3137 festinatione
949 3106 982 3137 ad
997 3117 1049 3137 nos
1072 3109 1205 3146 veniatis,
1223 3109 1259 3138 ita

195 3144 281 3181 parati
305 3144 383 3180 equis
406 3145 439 3174 ὃς
460 3146 560 3182 armis,
580 3144 658 3182 quod
673 3155 722 3182 per
737 3145 871 3175 auxilium
884 3144 1027 3183 vestrum,
1044 3145 1078 3176 &
1091 3146 1212 3176 aliorum
1226 3146 1261 3176 fi—

195 3181 303 3211 delium
317 3181 483 3212 nostrorum
498 3183 612 3220 (quibus
626 3182 701 3212 idem
715 3183 908 3213 mandavimus
922 3183 956 3214 ad
971 3183 1099 3221 praesens)
1115 3185 1259 3216 honorem

195 3221 370 3259 recuperasse
391 3221 574 3260 gaudemus,
594 3222 627 3252 δε
651 3220 687 3251 ad
709 3231 852 3259 perpetuas
866 3222 932 3252 inde
945 3223 1028 3253 vobis
1041 3229 1186 3254 teneamur
1199 3232 1261 3263 gra-

195 3260 296 3287 tiarum
311 3260 446 3289 actiones.

233 3296 334 3327 Scituri
355 3298 453 3337 quod,
471 3298 521 3329 nifi
543 3307 591 3336 per
613 3302 682 3335 vos,
699 3299 733 3329 δε
754 3297 820 3328 alios
843 3298 936 3329 fideles
955 3298 1068 3329 nostros
1081 3300 1163 3330 nobis
1178 3299 1260 3331 fiierit

193 3342 325 3377 potenter
342 3335 511 3368 subventum
520 3361 529 3374 ,
549 3337 738 3374 obprobrium
752 3337 893 3367 incurrere
904 3338 1038 3369 timemus
1051 3339 1259 3380 imperpetuum

194 3373 230 3403 &
239 3372 396 3413 jacturam,
414 3375 493 3414 quod
505 3375 591 3413 abfit,
608 3375 862 3415 irrecuperabilem.

235 3446 326 3479 Teste
340 3449 423 3490 Rege
436 3451 509 3489 apud
525 3450 672 3483 XanCton.
693 3460 709 3488 7
724 3451 770 3482 die
779 3451 865 3490 Junii.

199 3523 320 3585 REX
333 3525 418 3557 Vitali
432 3527 567 3568 Engayne
582 3527 705 3558 salutem.

301 3562 395 3602 Cum,
412 3565 532 3596 faciente
545 3567 642 3604 injuria
656 3565 744 3605 Regis
760 3565 901 3605 Franciae,
916 3574 1045 3607 treugam
1066 3569 1091 3598 ei
1110 3568 1258 3599 observare

201 3609 263 3630 non
277 3599 426 3643 debeamus
435 3626 444 3641 ,
458 3605 490 3634 &
506 3605 543 3634 fic
557 3613 688 3643 guerram
700 3606 724 3634 ei
737 3614 857 3635 movere
870 3615 922 3635 nos
935 3614 1078 3643 oporteat·
1091 3606 1182 3644 (quod
1198 3608 1260 3645 qui-

199 3637 267 3667 dem
285 3647 313 3681 in
335 3640 554 3684 transfretatione
577 3642 672 3673 nostra
687 3653 746 3673 non
759 3643 943 3674 credebamus
959 3630 1101 3682 accidisse)
1121 3646 1260 3676 &minus

199 3674 369 3719 sufficienter
381 3686 481 3709 munin
494 3680 577 3709 simus
591 3681 669 3710 bona
681 3689 782 3720 genre,
795 3682 828 3713 &
841 3682 982 3722 potissime
996 3691 1081 3723 gente
1096 3684 1176 3722 regni
1192 3693 1260 3714 nos-

198 3722 236 3744 tri
250 3713 360 3752 Angliae
369 3737 378 3752 ,
396 3715 454 3745 &c
471 3724 502 3746 ut
514 3719 543 3746 in
556 3720 688 3755 proximo
703 3719 789 3757 supra.

54 3538 161 3568 Ibidem.

55 3587 94 3608 m.
114 3587 138 3614 3.
148 3577 174 3604 d.

236 3788 328 3820 Teste
341 3789 425 3829 Rege
437 3791 510 3828 apud
525 3791 671 3824 xancton.
694 3804 726 3834 15
739 3795 786 3826 die
794 3795 880 3834 Junii.

341 3865 652 3907 Confimiliterftribitur
665 3871 786 3901 omnibus
802 3871 940 3901 Militibus
945 3871 1109 3914 ficbfiriptl‘s.

196 3942 312 3972 Ricardo
327 3943 359 3971 de
378 3945 465 3980 Grey,

195 3980 324 4017 Jolmnnt'
339 3981 371 4010 de·
385 3979 455 4020 Grey
464 4003 474 4017 ,

196 4017 345 4050 Willielmo
357 4019 389 4049 de
402 4017 543 4058 Cantilupo
550 4019 656 4058 juniori
665 4043 675 4058 ,

744 3949 787 3976 W
786 3945 894 3976 illielmo
912 3948 1046 3988 Bardolf‚

744 3986 825 4013 Petro
839 3986 870 4014 de
886 3985 1036 4025 Munfhrd,

746 4022 893 4054 lVillieImo
908 4025 1048 4063 Mandat,

641 115 1444 168 CONVENTIONES,
1500 114 1888 163 LITERAE‚

2362 199 2437 231 Ann.
2449 191 2507 232 DL
2563 176 2570 260 ἒ

1288 201 1386 233 Alana
1401 202 1429 232 la
1445 201 1539 232 Zuche
1547 226 1558 240 ,
1877 200 1992 230 xabitur
1998 198 2075 242 finis.

1291 241 1434 271 Wllielmo
1446 240 1475 270 Ia
1489 240 1599 280 zadae,
1839 239 1955 270 Roberto
1967 239 1999 269 de
2009 238 2138 279 ξ’ζιιεηςγ,
2389 248 2474 281 1242.

1290 279 1405 309 Roberto
1419 282 1539 318 Tregoz,
1841 282 1928 309 Henr.
1946 277 1978 307 de
1991 277 2122 318 Bailliol,
2363 282 2426 307 lien.
2448 290 2473 318 3.

1290 320 1372 348 Petro
1383 317 1530 348 Braunche
1539 342 1549 356 ,
1838 319 1938 354 Rogero
1949 317 1982 346 de
1995 315 2104 357 Merlay
2111 340 2123 355 ‚

1290 356 1421 386 Arnaldo
1436 357 1468 386 de
1481 359 1636 397 Munteny,

1290 394 1422 424 Arnala'o
1437 395 1469 424 de
1482 394 1579 433 Basca,

1290 432 1397 463 Thomae
1411 432 1533 500 ἂνφέῖε,

1294 471 1410 501 Roberto
1424 473 1456 501 de
1493 469 1600 511 yville,

1292 509 1400 539 Thomae
1420 511 1452 539 de
1471 508 1600 550 Berkeley
1620 509 1693 550 quod
1702 512 1802 539 mittat

1839 355 1968 394 Johanni
1980 355 2013 385 de
2026 355 2150 394 Bajocis‚

1839 394 1938 430 Egidio
1953 394 1984 424 de
2001 397 2170 432 Argeum,

1840 434 1884 461 W
1884 430 1991 461 illielmo
2006 433 2038 462 de
2053 434 2152 471 Percy,

1839 471 1936 500 Andr.
1962 469 2093 510 Luterel,
2115 468 2154 505 ὠ·
2176 468 2349 502 relaxabitur
2381 486 2385 489 ·

1870 507 1949 550 finis.

1327 546 1417 587 filium
1431 546 1512 587 fimm
1527 555 1578 586 pro
1591 546 1644 587 [ἐς
1657 547 1689 587 ]ὲ
1703 551 1803 587 tertio,
1840 546 1983 586 Radulpho
1995 545 2116 587 Ruffill,

1330 584 1369 621 ὠ
1375 585 1445 625 finis
1464 597 1541 627 quem
1548 584 1619 625 fecit
1634 597 1692 616 cum
1706 589 1803 617 Domi·
1840 585 1956 615 Roberto
1968 586 2001 615 de
2012 584 2216 624 Pundelarche,

1330 635 1364 653 no
1379 627 1449 662 Rege
1462 623 1636 654 relaxabitur
1650 628 1682 655 ei.
1840 623 1970 661 Johanni
1982 625 2014 655 de
2026 623 2141 662 Balieu,

1294 661 1417 692 Gilberto
1431 663 1464 692 de
1476 661 1628 701 saunford,
1843 661 1992 700 Reginaldo
2004 663 2036 692 de
2049 662 2122 694 Valli
2134 665 2235 702 Torta,

1843 700 1973 739 Johanni
1986 702 2017 731 de
2029 701 2212 740 Manesbrug,

1844 738 1985 778 Radulpho
2000 740 2032 769 de
2046 739 2176 771 Chemdut
2185 761 2196 779 ,

1841 778 1938 808 Andr.
1955 777 2085 816 Peverel,

1292 701 1420 739 Johanni
1432 702 1464 731 de
1478 704 1664 731 Mautravers
1674 725 1684 740 ,

1291 741 1407 770 Ricardo
1421 738 1589 781 Muntfichet
1596 764 1606 778 ,

1292 779 1428 808 Herberto
1433 777 1497 819 filio
1513 780 1606 815 Petu,

1291 818 1407 847 Ricardo
1422 817 1554 847 Mandat.
1842 818 1925 845 Petro
1936 817 1968 847 de
1980 819 2085 855 Mane,

1292 855 1435 895 Raa'ulpho
1450 856 1481 885 de
1495 858 1607 884 Mortuo
1621 857 1717 893 Mari,
1840 855 1947 885 David
1954 858 2073 895 Cumyn,

1292 894 1435 924 willielmo
1448 894 1480 924 de
1494 893 1642 923 Albiniaco
1649 915 1660 932 ,
1839 893 1982 932 Radulpho
1998 894 2108 933 Bastar,

1291 933 1422 972 Johanni
1435 933 1467 962 de
1483 931 1598 971 Nevdl,
1838 934 1936 961 Comiti
1947 932 2100 972 Arundell,

1294 971 1424 1002 Mattheo
1434 972 1466 1001 de
1480 974 1608 1012 Luneyn,
1843 968 1965 1008 Philippo
1978 970 2073 1010 Baffit
2080 993 2090 1009 ,

1292 1009 1369 1040 Phili
1380 1018 1414 1049 po
1427 1009 1537 1049 Baffit,
1843 1007 1950 1037 Ἤνοπι
1962 1009 1994 1038 de
2008 1008 2114 1049 Pavely

1292 1018 1383 1078 Vitali'
1390 1051 1537 1089 Engayne‚
1843 1045 1994 1092 Ylnfrstano
2006 1046 2074 1087 Des
2079 1059 2112 1077 en
2124 1051 2172 1088 er,

1292 1087 1400 1118 Thomae
1407 1086 1470 1128 filio
1485 1084 1632 1116 Willielmi
1639 1110 1649 1124 ,
1843 1083 1966 1124 thlzppo
1979 1085 2012 1115 de
2024 1089 2059 1116 Co
2071 1086 2176 1117 umbar.

1295 1125 1438 1157 Wllielmo
1459 1126 1491 1155 de
1513 1124 1658 1166 Lancastr.
1678 1122 1718 1159 ὦ·
1731 1121 1804 1153 rela—

1290 1249 1318 1276 ἢ*
1346 1247 1512 1284 Baronibus
1537 1249 1573 1282 de
1597 1248 1757 1297 Hastinges
1772 1276 1781 1292 ‚
1815 1249 1852 1331 ιζ
1874 1253 1952 1299 Rege
1975 1252 2107 1284 Franciae
2132 1252 2169 1290 (ᾐ-
2185 1249 2255 1296 fitis
2273 1261 2352 1298 gra·
2369 1250 2500 1288 *1.4o6;

1760 1309 1824 1331 van
1846 1310 1882 1333 ts.

1290 1389 1344 1445 R
1352 1386 1377 1418 E
1387 1386 1418 1418 X
1440 1380 1594 1418 Batonibus
1607 1386 1644 1417 de
1656 1384 1808 1426 Hastinges
1821 1385 1943 1418 salutern.
2367 1372 2444 1405 Ann-
2452 1373 2496 1405 D-

1382 1425 1480 1464 Cum,
1497 1426 1617 1457 faciente
1628 1424 1727 1464 injuria
1741 1425 1829 1465 Regis
1844 1425 1970 1456 Franciae
1984 1449 1994 1464 ‚
2017 1433 2145 1463 treugam
2164 1422 2193 1455 εἷ
2202 1424 2352 1456 observare
2396 1422 2483 1453 1242.

1290 1469 1351 1494 non
1370 1464 1523 1495 debeamus
1536 1489 1546 1502 ,
1571 1465 1605 1496 &
1625 1464 1738 1495 Guerra
1758 1464 1830 1494 inter
1851 1474 1903 1494 nos
1919 1465 1979 1502 jam
1991 1463 2024 1495 sit
2038 1464 2171 1495 inchoata
2206 1464 2347 1495 mediante
2366 1456 2419 1480 An.
2432 1454 2480 1480 ²⁶·

1289 1503 1392 1533 auxilio
1414 1504 1447 1534 &
1468 1502 1598 1534 Consilio
1619 1502 1715 1533 vestro
1728 1526 1738 1540 ,
1763 1502 1796 1533 &
1812 1501 1934 1532 aliorum
1958 1501 2102 1532 Baronum
2123 1486 2289 1533 nostrorum
2310 1503 2347 1533 de
2365 1496 2399 1519 H.
2423 1500 2450 1528 3·

1290 1543 1416 1580 quinque
1431 1541 1573 1573 Portubus
1586 1565 1596 1579 ,
1623 1541 1714 1581 ipsum
1734 1539 1848 1580 Regem
1867 1542 1902 1572 &
1921 1540 1998 1579 suos,
2016 1541 2076 1571 tam
2088 1549 2138 1580 per
2150 1550 2244 1579 mare,
2261 1541 2348 1579 quam
2363 1529 2500 1566 clausa&

1289 1590 1349 1649 pers
1353 1588 1473 1624 terram,
1491 1589 1605 1620 gravare
1622 1581 1656 1612 ὅ(
1675 1579 1786 1617 modis,
1802 1573 1903 1618 quibus
1917 1579 2089 1618 potentum,
2105 1579 2271 1618 impugnare
2283 1589 2351 1618 pro—
2364 1572 2399 1643 ἵ·
2416 1577 2443 1606 3·
2455 1576 2493 1596 ἠ’

1343 1629 1443 1650 tumus.
1939 1647 1943 1650 ,
2389 1627 2396 1635 ·

1291 1629 1380 1687 poDe
1404 1657 1534 1688 virilitate
1559 1657 1644 1694 igitur
1672 1656 1706 1688 &
1731 1655 1863 1687 fidelitate
1889 1655 1982 1688 vestrfi
2002 1655 2156 1695 specialiter
2177 1655 2353 1688 confidentes

1291 1696 1386 1735 quod,
1404 1696 1434 1726 in
1453 1695 1511 1727 hoc
1534 1696 1653 1733 negotio
1667 1719 1676 1733 ‚
1701 1705 1754 1725 nos
1767 1703 1897 1733 potenter
1906 1696 2005 1734 juvare
2016 1695 2122 1733 velitis,
2140 1696 2223 1726 vobis
2235 1695 2352 1727 manda-

1292 1744 1355 1764 mus
1369 1742 1498 1774 rogantoe
1511 1744 1646 1773 quatenus
1659 1735 1686 1764 in
1700 1733 1771 1772 fide,
1789 1743 1844 1772 qua
1856 1734 1938 1764 nobis
1949 1735 2086 1765 tenemini
2094 1757 2105 1772 ,
2121 1735 2155 1765 &
2167 1734 2238 1765 sicut
2250 1743 2304 1765 nos
2316 1735 2351 1766 δε

1292 1773 1436 1804 honorem
1455 1772 1586 1803 nostrum
1605 1772 1717 1810 diligitis
1730 1795 1741 1812 ,
1772 1781 1859 1811 quam
1876 1773 1936 1803 cito
1956 1773 2082 1810 poteritis
2095 1796 2105 1810 ,
2129 1771 2230 1805 Naves
2247 1772 2354 1805 vestras

1291 1813 1454 1850 praeparari,
1473 1811 1506 1842 &
1521 1812 1596 1842 bona
1608 1820 1694 1849 gente
1707 1812 1810 1842 muniri
1824 1810 1935 1841 faciatis.

1331 1849 1370 1881 Et
1387 1861 1440 1881 vos
1454 1849 1526 1887 ipsos
1540 1851 1690 1890 accingatis
1724 1859 1779 1881 una
1793 1859 1862 1880 cum
1876 1849 1931 1879 aliis
1944 1846 2098 1880 Baronibus
2111 1848 2213 1879 nostris
2226 1848 2264 1880 de
2270 1850 2353 1888 quin-

1291 1898 1348 1926 que
1369 1888 1527 1927 Portubus,
1553 1889 1654 1927 quibus
1675 1874 1752 1925 idem
1772 1887 1966 1924 mandavimus
2007 1887 2041 1918 ad
2054 1888 2223 1926 praedistum
2237 1888 2353 1928 Regem

1292 1927 1418 1958 Franciae
1431 1926 1605 1966 gravandum
1620 1929 1648 1958 in
1664 1926 1784 1958 Costera
1796 1925 1959 1965 Britanniae,
1977 1912 2170 1957 Normanniae
2183 1949 2194 1965 ‚
2217 1927 2252 1958 &
2265 1926 2353 1958 Bolo-

1292 1967 1363 2004 niae,
1381 1976 1431 2004 per
1442 1966 1570 1996 incendia
1583 1967 1616 1998 &
1631 1965 1682 1997 alia
1694 1966 1871 2005 gravamina,
1889 1975 1953 2004 quae
1968 1966 2110 2004 poteritis,
2128 1965 2187 1996 tarn
2201 1975 2251 2003 per
2263 1974 2354 2004 mare,

1293 2005 1381 2043 quam
1395 2015 1444 2043 per
1457 2013 1569 2035 terram.

1330 2042 1372 2074 Ita
1387 2052 1482 2074 tamen
1494 2043 1572 2081 quod
1594 2043 1681 2074 nichil
1699 2043 1814 2082 dampni
1832 2050 1879 2072 aut
1892 2041 2031 2074 molestiae
2046 2042 2193 2079 Ecclesu's,
2210 2050 2258 2073 aut
2270 2042 2356 2074 alicu!

1292 2081 1329 2112 de
1344 2082 1481 2119 potestate
1493 2082 1604 2119 nostra,
1624 2082 1668 2112 vel
1684 2082 1727 2111 alii
1742 2081 1919 2112 conductum
1934 2080 2065 2111 nostrum
2078 2081 2206 2117 habenti,
2225 2081 2352 2112 occafio·

1292 2130 1330 2151 ne
1345 2121 1425 2159 hujus
1447 2120 1569 2151 mandati
1591 2120 1679 2151 nostri
1696 2144 1705 2158 ‚
1723 2120 1825 2150 inferre
1846 2119 2015 2157 praesumatis
2031 2129 2038 2148 :
2064 2118 2150 2150 Salvo
2170 2120 2256 2150 etiam
2269 2120 2354 2150 nobis

1292 2160 1394 2197 quinto
1408 2159 1525 2197 nostro,
1541 2159 1619 2197 quod
1633 2158 1667 2189 ad
1681 2168 1733 2189 nos
1744 2159 1816 2189 scitis
1827 2158 1965 2196 pertinere
1978 2156 2014 2188 de
2028 2157 2126 2195 lucro,
2135 2156 2213 2196 quod
2226 2159 2257 2188 in
2270 2167 2353 2198 guer-

1293 2207 1322 2228 ra
1337 2197 1431 2228 nostra
1446 2198 1617 2236 perquirens.

1332 2234 1474 2267 Volumus
1495 2237 1579 2266 etiam
1599 2236 1678 2274 quod
1693 2261 1702 2274 ,
1720 2231 1756 2266 de
1770 2231 1887 2266 consilio
1903 2234 2068 2265 venerabilis
2082 2235 2162 2272 patris
2175 2234 2298 2265 Walteri
2313 2233 2353 2265 E·

1294 2275 1401 2305 borum
1414 2275 1643 2313 Archiepiscopi,
1652 2276 1685 2306 ὅ(
1700 2275 1752 2305 W.
1771 2274 1806 2304 dc
1821 2272 1935 2304 Cantilu
1946 2274 2035 2311 ³02&
2050 2272 2173 2303 Berttani
2183 2273 2219 2303 de
2233 2271 2355 2312 Cryoyl,

1294 2315 1442 2358 negotium
1463 2313 1536 2344 istud
1556 2314 1716 2357 incipiatis,
1743 2314 1776 2344 δε
1799 2311 1877 2350 quod
1895 2312 1925 2342 in
1945 2322 1961 2342 e
1982 2311 2082 2351 vobis,
2100 2321 2134 2342 ex
2150 2320 2228 2349 parte
2240 2311 2354 2350 nostra,

1294 2360 1481 2392 injunxerint,
1499 2361 1686 2390 exequamim.

1332 2391 1392 2422 Vos
1407 2399 1536 2431 rogantes
1551 2394 1686 2429 quatenus
1700 2390 1735 2420 ita
1750 2388 1867 2420 discrete
1881 2399 1934 2420 vos
1949 2389 2050 2427 geratis
2063 2398 2127 2429 erga
2146 2388 2275 2427 nostros,
2293 2389 2354 2419 tam

1293 2438 1360 2468 erga
1372 2429 1434 2460 illos
1446 2430 1482 2460 de
1497 2429 1600 2468 Baion,
1619 2429 1706 2467 quam
1719 2428 1787 2458 alios
1799 2427 1835 2458 de
1849 2427 1987 2466 potestate
2001 2426 2097 2458 nostra
2117 2427 2150 2466 (fi
2161 2427 2237 2458 forte
2250 2427 2354 2458 alicubi

1292 2468 1493 2506 conveneritis)
1509 2467 1588 2506 quod
1601 2469 1672 2498 inter
1683 2477 1736 2498 vos
1751 2477 1811 2497 non
1826 2468 1932 2497 oriatur
1945 2466 2084 2497 dissenfio.

1328 2506 1368 2538 Et
1384 2508 1420 2538 ita
1440 2506 1556 2538 viriliter
1578 2516 1631 2536 vos
1646 2505 1767 2536 habeatis
1781 2506 1811 2535 in
1824 2504 1963 2544 praedi&o
1980 2505 2064 2544 Rege
2078 2505 2112 2536 &
2126 2504 2177 2535 suis
2192 2503 2354 2544 gravandis,

1291 2545 1388 2584 quod,
1408 2556 1461 2584 pro
1479 2545 1562 2576 bono
1583 2545 1694 2576 servitio
1716 2543 1829 2582 vestro,
1846 2545 1875 2574 in
1888 2552 2058 2582 perpetuum
2073 2553 2125 2575 vos
2138 2543 2241 2574 habere
2253 2542 2355 2574 deben-

1291 2595 1354 2615 mus
1367 2594 1494 2615 cariores.

1328 2623 1364 2654 ln
1378 2624 1474 2662 cujus,
1491 2623 1552 2654 &c.
1571 2623 1710 2653 duraturas
1722 2620 1858 2660 quamdiu
1870 2621 1953 2651 nobis
1967 2620 2109 2659 placuerit.

1330 2699 1421 2731 Teste
1436 2699 1520 2740 Rege
1532 2698 1607 2738 apud
1621 2698 1750 2730 Xanton.
1772 2697 1788 2728 8
1804 2696 1849 2727 dic
1860 2696 1947 2735 Junii.

1331 2778 1432 2807 Eodem
1447 2777 1520 2806 modo
1527 2774 1660 2814 stribitur
1675 2773 1736 2803 aliis
1750 2773 1903 2802 Barom‘bus
1922 2773 1956 2803 de
1996 2774 2091 2812 uinque
2105 2772 2258 2811 Portubus,
2276 2773 2356 2802 vide-

1293 2816 1354 2846 licet
1368 2817 1401 2846 de
1412 2816 1549 2846 sandwic.
1568 2817 1655 2844 Dour.
1673 2812 1756 2842 Hith.
1777 2810 1923 2851 Rumenel‚
1971 2809 2105 2850 ynchelef
2118 2813 2178 2851 Rya
2188 2835 2199 2849 ‚
2215 2810 2254 2846 ὠ
2262 2810 2358 2850 probi!

1296 2854 1446 2886 hominihus
1460 2855 1492 2884 de
1505 2856 1649 2883 Dunewic.

1297 2985 1347 3016 De
1364 2979 1527 3029 gravando
1547 2982 1654 3027 Regem
1671 2980 1822 3019 Franciae‚
1847 2975 1929 3022 quod
1949 2989 2006 3008 non
2030 2986 2118 3010 curat
2134 2977 2359 3021 Interceptiones

1741 3025 1907 3060 emendare.

1297 3115 1384 3175 RE
1394 3115 1426 3147 X
1449 3114 1610 3146 Willielmo
1629 3114 1655 3144 le
1675 3111 1838 3143 Arceueske
1850 3136 1859 3149 ,
1884 3111 1919 3142 &
1937 3111 1992 3141 aliis
2007 3108 2134 3141 fidelibus
2146 3109 2198 3141 suis
2214 3108 2356 3140 existenti-
2371 3111 2447 3143 Ann.
2462 3111 2503 3143 D„

1375 3155 1427 3185 bus
1440 3155 1469 3185 in
1483 3154 1641 3184 munitione
1653 3151 1727 3188 apud
1742 3151 1873 3188 Partenay
1882 3174 1891 3187 ,
1909 3150 2032 3181 salutem.
2392 3160 2405 3181 1

1333 3193 1427 3223 Sciatis
1450 3192 1528 3230 quod
1549 3191 1742 3221 mandavimus
1757 3213 1766 3228 2
1790 3190 1843 3219 hac
1863 3188 1908 3218 die
1928 3188 2036 3226 Lunae,
2055 3188 2085 3218 in
2099 3186 2231 3217 Crastino
2244 3185 2350 3216 Ostab.
2369 3193 2421 3218 Aa.
2439 3192 2484 3217 26.

1296 3231 1477 3262 pentecostes
1491 3255 1501 3269 ,
1520 3230 1597 3267 Regi
1611 3229 1740 3265 Franciae,
1759 3227 1852 3266 quod,
1871 3237 1905 3257 ex
1920 3237 1979 3265 quo
1991 3236 2051 3256 non
2063 3234 2140 3257 curat
2153 3224 2284 3256 emendas
2296 3233 2352 3254 no-
2368 3232 2403 3257 Η.
2425 3238 2452 3266 3.

1296 3272 1338 3301 bis
1353 3271 1445 3301 facere
1465 3269 1501 3299 de
1520 3267 1767 3306 interceptionibus
1781 3291 1791 3305 ,
1810 3267 1887 3296 faffls
1903 3275 1937 3296 ex
1949 3273 2027 3303 parte
2039 3264 2084 3295 sua
2095 3272 2194 3295 contra
2207 3272 2268 3294 treu
2291 3300 2296 3305 ¹
2339 3284 2350 3300 ,
2369 3268 2469 3304 Vascon.

1297 3309 1404 3340 desicut
1424 3309 1509 3346 parati
1529 3307 1633 3337 fuimus
1648 3330 1658 3344 ,
1680 3305 1714 3335 ad
1735 3305 1811 3335 diem
1832 3306 1905 3335 inter
1924 3314 1977 3334 nos
1992 3326 2003 3343 ,
2027 3311 2143 3344 propter
2156 3303 2230 3339 hoc,
2278 3309 2351 3330 timo
2368 3309 2426 3334 Pat.
2442 3304 2478 3338 ό·

1297 3355 1428 3388 captum,
1466 3356 1496 3376 er
1516 3346 1636 3376 nuncios
1649 3344 1759 3374 nostros
1772 3343 1962 3374 incontinenti
1976 3342 2211 3384 interceptiones,
2226 3348 2261 3369 ex
2273 3347 2350 3379 parte
2369 3347 2445 3371 cart.
2459 3345 2499 3370 in-

1295 3386 1391 3417 nostra
1404 3385 1431 3415 fa
1463 3394 1504 3422 as,
1521 3382 1690 3414 sufficienter
1709 3382 1860 3413 emendare
1873 3406 1883 3419 ,
1901 3380 2007 3411 nullam
2018 3389 2147 3418 treugam
2158 3388 2184 3408 ei
2197 3377 2233 3408 de
2245 3385 2352 3409 caetero
2360 3380 2442 3419 simul
2457 3382 2504 3409 26.

1295 3434 1426 3457 tenemur
1437 3422 1591 3454 observare.
2168 3455 2174 3462 .
2334 3453 2349 3459 ..
2369 3423 2403 3447 H.
2421 3428 2446 3455 3.
2461 3428 2499 3447 m.

1334 3463 1371 3494 Et
1389 3462 1454 3492 ideo
1475 3461 1558 3492 vobis
1578 3460 1742 3491 mandamus
1768 3467 1899 3496 rogantes
1920 3457 1999 3497 quod
2020 3456 2056 3488 ab
2075 3456 2128 3486 hac
2141 3454 2192 3499 ¹die
2213 3452 2351 3499 Mercuru
2374 3466 2416 3493 ¹4·

1295 3503 1429 3541 proximo
1442 3499 1582 3537 sequenti,
1600 3500 1628 3528 in
1641 3507 1719 3529 antea
1730 3498 1836 3528 nullam
1849 3497 1995 3537 Treugam
2011 3497 2037 3527 ei
2049 3494 2181 3533 servetis3
2210 3492 2249 3524 set
2263 3491 2352 3530 ipsum

1294 3543 1328 3573 &
1344 3540 1406 3571 suos
1421 3539 1539 3576 gravetis
1552 3538 1645 3567 modis
1658 3537 1758 3575 quibus
1772 3536 1905 3575 poteritis.

1332 3615 1422 3648 Teste
1436 3615 1519 3653 Rege
1531 3614 1603 3652 apud
1619 3614 1765 3645 Xancton.
1788 3622 1821 3653 15
1839 3614 1884 3644 die
1894 3611 1980 3653 Junii.

2369 3668 2447 3700 Arm.
2455 3670 2496 3702 D.

2367 3718 2485 3777 Αξῗῖἲ.

2369 3790 2433 3813 Hm.
2454 3795 2480 3822 3,

1295 3831 1482 3894 DOmino
1500 3830 1666 3869 Imperatori
1688 3832 1829 3862 Henricus
1844 3855 1853 3868 ‚
1873 3829 1931 3860 Dei
1946 3829 2046 3868 gratia,
2063 3825 2128 3856 Rex
2143 3823 2270 3864 Anghae,
2289 3824 2348 3855 &c.
2368 3824 2467 3859 Vascon.

1379 3870 1512 3909 salutem,
1529 3871 1562 3901 &
1579 3871 1707 3901 fraternae
1720 3870 1877 3901 dileffionis
1889 3868 1997 3906 semper
2010 3871 2202 3904 augmentum.
2366 3865 2427 3889 Pae.
2462 3900 2469 3906 .
2498 3900 2501 3903 ἱ

1332 3907 1478 3939 Mittimus
1497 3908 1532 3938 ad
1552 3919 1603 3940 vos
1627 3909 1665 3939 M
1702 3909 1800 3939 'strum
1818 3907 1936 3937 Petrum
1956 3904 1992 3934 de
2014 3901 2184 3945 Burdeg3&
2199 3899 2349 3944 Bartholo-
2367 3903 2442 3927 Care.
2457 3909 2498 3926 m-

1294 3957 1394 3978 meum
1407 3946 1444 3977 de
1457 3947 1568 3986 Peche,
1586 3946 1620 3977 ad
1634 3956 1675 3978 tra
1721 3946 1810 3976 ndum
1829 3944 1979 3975 vobiscum
2000 3940 2079 3977 super
2099 3939 2265 3977 quibusdam
2285 3946 2349 3983 arti-
2359 3936 2440 3974 simul
2455 3938 2501 3963 26.

1293 3986 1378 4023 culis,
1398 3985 1434 4015 de
1448 3986 1548 4023 quibus
1562 3985 1714 4025 aliquando
1727 3994 1777 4024 per
1793 3984 1811 4004 ³*
1825 3982 1961 4013 Nuncios
1974 3977 2083 4012 vestros
2093 3978 2224 4010 tractatus
2238 3978 2349 4009 habitus
2367 3979 2403 4004 Η.
2418 3984 2444 4011 3·
2461 3983 2498 4002 m.

1292 4025 1345 4056 fuit
1359 4023 1515 4056 nobiscum.
2273 4052 2354 4085 Sem,
2368 4022 2499 4086 ¹241'.407.

1552 3749 1669 3780 Litterae
1687 3747 1723 3780 de
1743 3745 1901 3780 Credentia
1918 3744 2111 3790 Imperatori.
