2570 4261
0 239 61 270 mn.
70 236 109 267 D.
126 234 242 265 Domus
262 235 315 265 illae
338 234 451 271 fuerint)
471 232 490 263 si
511 233 632 274 hospites
653 234 690 264 illi
705 236 812 266 inventi
827 245 886 266 non
903 236 1020 275 fuerint,
1037 237 1083 267 vel
1097 236 1177 266 mali-
1212 238 1334 267 munirer
1349 240 1552 271 concordatum

12 286 94 316 1292.

0 317 48 346 tdv.
70 324 79 341 1
87 336 93 343 .

0 657 116 694 *II-53⁶·

0 1542 67 1574 Arm.
81 1542 122 1572 D.

14 1592 97 1621 1292.

0 1624 42 1648 dn.
65 1630 109 1647 20.

0 1663 22 1686 E.
46 1669 68 1686 1.

0 1701 49 1724 l’at.
60 1706 104 1724 20.

0 1739 21 1762 Ε.
34 1744 100 1763 Lm.

0 1781 38 1808 ¹4·

0 3434 141 3471 '‘Il-537·

13 3703 91 3736 'Ann.
105 3703 147 3736 D.

10 3780 14 3783 ι
36 3753 122 3781 1292.

0 3784 68 3811 An
82 3791 127 3811 20.

16 3825 47 3849 Ε.
70 3829 94 3848 1.

0 3872 1 3877 =
17 3858 106 3893 Clau(-

20 3905 66 3924 20.
81 3900 147 3925 E.1.

1 3946 4 3952 ·
16 3942 53 3961 m.
73 3935 100 3962 6.

2 3971 79 4008 dors.

701 146 810 190 ET
892 151 1156 193 ACTA

126 275 197 304 tiose
217 273 243 303 se
265 274 483 310 absentaverim,
498 273 560 310 vel,
579 277 598 302 ii
619 272 694 302 forte
713 274 836 311 inventi,
855 273 971 304 Domos
984 275 1041 305 suas
1055 275 1177 305 Scolari-

127 312 179 341 bus
192 311 284 342 locare
298 313 454 348 noluerint,
473 312 506 341 &
522 311 705 354 sufficientem
719 313 881 342 cautionem
895 313 931 342 de
944 313 1017 343 dicia
1032 313 1176 350 pensione,

124 360 179 393 pro
196 349 342 380 Domibus
353 350 403 379 illis
417 348 548 380 solvenda
562 349 577 378 a
592 348 673 378 dictis
688 349 852 389 scolaribus,
869 350 1015 381 admittere
1035 350 1179 381 recusave-

124 397 197 418 nnt-

165 411 372 456 C’ancellarium
386 424 583 466 Universitatis
597 425 739 462 praedi&ae
752 425 866 463 adeant,
884 427 931 464 qui
945 435 1055 465 recepta
1074 425 1178 456 *adieris

125 464 285 494 Scolaribus
300 464 429 493 cautione
442 461 611 499 sufficiente,
628 462 730 493 domos
743 463 797 493 illas
809 465 864 501 eis,
882 466 951 495 sicut
964 467 1050 495 moris
1071 464 1130 502 est,
1149 466 1178 493 in

125 502 223 532 eadem
235 502 268 531 U
271 501 425 530 niveriitate
438 501 546 530 liberm
558 501 640 530 faciat
654 501 855 532 inhabitandas:

165 540 210 571 Ac
225 539 373 576 praedic'tus
387 538 575 569 Cancellarius
589 540 729 576 quandam
740 540 874 570 Domum
897 540 1000 571 Prioris
1019 540 1056 571 de
1075 540 1179 571 Berne-

128 578 200 616 wel,
218 579 247 607 in
269 578 401 614 praediEta
422 577 484 607 villa
506 576 707 616 Cantabrigiae,
727 577 867 617 Magistro
888 578 1042 616 Radulpho
1062 579 1098 609 de
1112 579 1178 608 Lei-

128 615 243 654 cestria,
263 617 292 645 in
310 616 423 645 defectu
444 614 524 652 ipsius
545 614 648 644 Prioris
663 638 673 654 ,
691 617 852 646 cautionem
873 617 888 645 a
908 617 986 647 dic'to
1007 617 1179 654 RadulphO,

131 654 150 674 ἢ*
170 663 223 691 pro
243 655 374 694 pensione
398 652 515 683 Domus
535 653 604 683 illius
618 678 627 691 ,
645 654 737 683 cidem
758 654 849 684 Priori
867 655 996 685 solvenda
1011 679 1020 692 ,
1036 656 1179 684 admittere

130 693 269 731 nolentis,
287 702 335 730 per
355 692 461 721 bonam
484 692 645 721 cautionem
654 693 731 730 juxta
742 693 972 723 consuetudinem
986 693 1180 724 Univeriitatis

131 730 272 769 praedidtae
286 728 493 760 inhabitandam
508 729 651 767 liberavit,

168 769 323 799 Praedidtus
337 769 418 797 Prior
432 767 467 797 de
481 766 632 799 Bernewell
648 768 824 809 (confingens
837 768 864 798 se
880 779 928 806 per
940 769 1088 807 prcedic'tos
1102 768 1180 798 Can-

130 808 274 838 cellarium
287 808 321 837 &
334 805 518 842 Radulphum
531 807 592 837 fore
604 806 767 837 disseisitum
781 807 818 837 de
830 807 1011 838 Tenemento
1031 807 1180 845 praedic‘to)

131 845 250 876 Affisam
269 855 354 885 novae
373 844 517 873 diffeisinae
536 855 633 875 coram
654 847 735 876 vobis
757 846 917 883 arramavit,
936 846 969 876 ad
990 856 1072 885 grave
1085 845 1184 882 damp-

134 893 205 913 num
221 882 423 921 praedictorum
438 881 604 913 Cancellarii
620 885 653 914 &
673 884 834 922 Radulphi,
851 894 964 914 necnon
987 888 1019 915 ὅτ
1041 883 1184 922 praedictae

133 920 357 958 consuetudinis,
377 921 571 952 Universitatis
586 922 741 960 praedietae,
760 923 900 952 laesionem
915 921 1108 959 manifestam,

171 959 208 990 Et
218 983 228 998 ,
247 961 310 997 quia
324 959 461 998 praedietis
474 960 576 989 eisdem
590 960 767 990 Cancellario
781 962 814 991 &
829 960 981 998 Radulplio
997 958 1182 998 injuriari,seu

132 998 320 1030 Libertatibus
335 1000 368 1029 δε
382 997 637 1028 Consuetudinibus
649 999 770 1037 ejusdem
785 998 979 1030 Universitatis
994 1000 1022 1029 in
1034 999 1128 1036 aliquo
1136 997 1185 1028 de-

134 1047 170 1067 ro
189 1038 228 1066 ari
242 1037 373 1067 nolumus
386 1038 414 1066 in
428 1036 480 1066 hac
494 1045 587 1075 parte,

168 1046 259 1106 gobis
280 1075 442 1106 mandamus
459 1075 536 1112 quod
552 1099 561 1112 ,
590 1074 685 1106 habito
706 1075 830 1113 respeStu
849 1074 883 1105 ad
905 1074 1130 1105 Consuetudines
1150 1074 1184 1105 ὅτ

133 1113 240 1144 Statura
254 1114 403 1152 praedifflia,
420 1112 454 1142 ad
467 1115 628 1150 captionem
641 1113 736 1144 Affiiiie
751 1113 909 1151 praedistae,
927 1114 1010 1144 nobis
1032 1114 1065 1144 &
1087 1111 1186 1142 nostro

133 1151 263 1182 Consilio
275 1152 353 1190 super
367 1153 424 1182 hoc
438 1152 614 1189 inconsultis,
629 1152 782 1183 nullatenus
797 1152 962 1189 procedatis.

173 1227 241 1258 Dat.
261 1228 333 1266 apud
354 1228 491 1259 Sanctum
511 1227 714 1266 Edmundum,
733 1236 780 1265 27.
802 1227 847 1258 die
867 1227 970 1265 Aprilis
985 1252 994 1265 ,
1013 1238 1089 1258 anno
1109 1228 1187 1267 regni

134 1266 224 1296 nostri
239 1267 383 1298 vicesimo.

136 1402 184 1433 De
193 1410 265 1446 pace
284 1403 360 1432 inter
370 1409 469 1446 gentes
489 1403 574 1447 Regis
589 1400 704 1481 Anglgae
721 1403 757 1438 ὠ
786 1401 907 1432 Comitis
925 1398 1073 1433 flandria:
1091 1401 1186 1445 refor-

593 1460 666 1480 man
689 1460 719 1482 a.

138 1540 275 1600 REX,
293 1542 426 1573 omnibus
440 1541 473 1571 ad
489 1551 576 1580 quos,
593 1543 655 1574 ἃς.
668 1542 781 1573 salutem
796 1543 824 1572 in
840 1541 980 1572 Domino.

230 1580 307 1611 Inter
330 1590 425 1618 gentes
449 1581 555 1610 nostras
574 1581 609 1610 de
630 1580 750 1618 Anglia,
765 1581 920 1619 Vasconia,
939 1579 1069 1618 Baionia,
1087 1581 1120 1610 &
1132 1581 1188 1610 aliis

137 1619 215 1650 terris
237 1619 353 1657 nostris,
371 1621 404 1650 &
446 1628 541 1648 entem
564 1618 687 1649 Comitis
711 1619 863 1656 Flandriae,
881 1620 970 1658 gravis
991 1618 1134 1648 discordiae
1155 1620 1188 1649 ὃς

139 1658 306 1688 turbationis
320 1668 408 1695 nuper
433 1657 532 1687 uborta
545 1658 673 1695 materia,
690 1657 812 1695 datisque
827 1658 893 1687 hinc
909 1657 974 1687 inde
987 1656 1114 1694 dampnis
1130 1668 1190 1687 non

139 1697 250 1734 paucis,
269 1697 303 1726 ὃς
325 1696 427 1733 injuriis
444 1696 586 1732 irrogatis,
604 1704 638 1725 ex
659 1696 758 1732 quibus
779 1705 872 1725 rerum
887 1694 1025 1733 dispendia
1037 1697 1069 1725 &
1085 1706 1191 1733 corpo-

139 1744 204 1764 rum
219 1734 364 1764 innumera
381 1734 583 1770 proveniebant
597 1734 716 1770 pericula
729 1744 789 1763 non
805 1734 883 1764 facile
897 1734 1074 1764 numeranda.

174 1771 307 1802 Tandem
328 1771 446 1802 Nobilis
468 1772 527 1809 vir,
546 1770 690 1801 Dominus
704 1771 841 1810 Gyivdo,
859 1772 967 1802 Comes
981 1772 1133 1809 Flandriae,
1150 1772 1190 1802 ob

136 1811 248 1841 bonurn
266 1811 339 1847 pacis
359 1811 431 1839 inter
451 1817 546 1848 gentes
563 1810 772 1846 procurandum
791 1810 917 1848 easdem,
940 1811 973 1840 &
991 1810 1025 1839 ad
1048 1810 1191 1848 praedittas

136 1847 280 1917 sopiegidas
295 1847 444 1879 discordias
460 1848 493 1879 ὃς
507 1847 831 1886 sedandas,personaliter
843 1849 877 1879 ad
885 1848 1058 1887 praesentiam
1066 1849 1191 1879 nostram

139 1897 207 1918 acce
229 1896 278 1916 ens

177 1925 276 1956 Nobis
284 1911 432 1956 'humiliter
446 1924 495 1963 sup
515 1925 664 1963 licavit,ut
677 1925 711 1956 ad
726 1926 922 1964 pacem,inter
935 1933 1049 1964 gentem
1065 1924 1191 1955 nostram

140 1965 174 1996 δε
189 1964 283 2002 suam,
300 1964 379 2003 super
392 1963 472 1994 distis
506 1963 625 1994 iscordiis
640 1965 674 1995 ὃς
694 1964 946 2002 perturbationibus
967 1963 1193 2002 reformandam,

140 2012 300 2033 curaremus
313 2001 460 2041 benignius
473 2002 612 2032 inclinari:

178 2041 246 2072 Nos
266 2042 372 2079 itaque,
392 2050 456 2078 quae
477 2041 538 2071 sunt
557 2041 630 2078 pacis
652 2039 757 2070 affedtu
777 2039 914 2070 benivolo
928 2040 1139 2078 prosequentes,
1158 2041 1191 2071 &

138 2080 214 2109 votis
236 2079 316 2117 ipsius
338 2079 462 2109 Comitis
479 2088 647 2116 annuentes,
665 2089 732 2109 cum
748 2089 796 2116 per
809 2087 894 2108 certas
908 2079 1052 2116 personas,
1072 2089 1120 2116 per
1140 2089 1192 2109 nos

139 2119 174 2148 &
195 2117 317 2148 eundem
335 2116 485 2148 Comitem
507 2117 540 2147 ad
561 2117 738 2148 tradtandum
759 2117 795 2147 de
818 2117 953 2154 praedicto
977 2119 1092 2156 negotio
1105 2116 1194 2154 depu-

139 2163 224 2193 tataS,
242 2156 276 2186 de
296 2155 355 2194 ipso
376 2155 546 2194 aliquamdiu
569 2156 743 2193 tractaretur,
761 2156 877 2185 recitato
899 2157 1105 2185 retroactorum
1125 2165 1193 2192 pro-

141 2193 218 2224 ceffu
227 2217 236 2230 ,
256 2195 289 2225 ὅ(
301 2193 398 2224 auditis
410 2204 461 2232 per
476 2204 525 2225 eos
538 2195 571 2225 &
587 2194 694 2234 plenius
708 2194 852 2224 intelleffis
867 2204 930 2231 quae
942 2194 1157 2224 continebantur
1166 2195 1194 2223 in

140 2232 205 2262 illo:
226 2231 357 2262 Necnon
370 2233 403 2263 δε
417 2233 515 2263 habitis
527 2232 663 2270 aliquibus
676 2232 899 2262 altercationibus
913 2231 992 2270 super
1006 2233 1116 2271 multis,
1131 2242 1195 2270 quae

139 2270 302 2309 processum
315 2272 518 2310 contingebant
533 2270 674 2308 eundern,

178 2308 247 2339 Post
262 2311 376 2339 rimatos
389 2309 490 2340 modos
503 2309 679 2348 quamplures
694 2309 728 2340 &
743 2309 813 2339 vias-
836 2318 884 2346 per
905 2318 970 2346 quas
993 2309 1196 2339 convenienter

141 2346 270 2378 descendi
286 2347 377 2385 posset
390 2348 424 2378 ad
438 2358 554 2385 pacem,
570 2349 603 2379 ὃς
617 2347 780 2385 supradic‘tae
814 2346 937 2377 iscordiae
951 2348 984 2377 &
998 2349 1194 2377 contentiones

141 2386 242 2423 sedari,
260 2385 379 2416 demtim
391 2387 465 2417 ta&a
479 2387 524 2416 via
536 2395 600 2423 quae
612 2387 748 2423 sequitur,
767 2387 801 2416 &
816 2393 914 2415 coram
931 2386 1050 2422 praefatis
1062 2385 1196 2415 Domino

141 2424 189 2454 Re
209 2434 225 2453 e
240 2425 273 2455 &
289 2423 406 2454 Comite
419 2424 558 2461 exposita,
576 2424 626 2454 sub
639 2424 690 2453 hac
706 2424 816 2460 forma,
833 2422 982 2460 videlicet,

179 2433 270 2501 (ffiiod
281 2485 290 2500 ,
308 2464 336 2491 in
352 2462 410 2499 ipso
427 2463 573 2500 principo,
591 2470 654 2491 ante
675 2462 787 2499 onmia,
806 2461 983 2498 rancoribus,
1002 2461 1195 2491 contentioni-

141 2500 209 2537 bus,
228 2503 260 2531 ἃ
282 2501 384 2538 injuriis
407 2501 540 2530 universis
561 2499 669 2537 prorsus
690 2499 814 2536 sublatis,
831 2509 945 2529 necnon
966 2500 999 2529 &
1013 2500 1140 2536 dampnis
1161 2509 1193 2529 ac

136 2539 252 2577 jasturis
271 2538 494 2576 quibuscumque
508 2561 517 2576 ,
535 2537 603 2568 datis
621 2538 665 2568 seu
684 2538 761 2568 illatis
775 2538 842 2567 hinc
861 2538 926 2567 inde
941 2560 950 2575 ,
978 2537 1133 2574 pardonatis
1149 2545 1195 2567 to-

141 2577 231 2607 taliter
250 2579 283 2607 &
302 2576 418 2606 remiffis
434 2589 444 2614 ·,
469 2575 571 2606 deinde
588 2576 690 2606 stabilis
716 2585 767 2613 pax
793 2577 826 2607 &
845 2575 925 2605 firma
941 2578 1012 2605 inter
1029 2585 1125 2614 gentes
1143 2585 1197 2605 no-

142 2614 209 2644 stras
228 2614 371 2653 praedistas
389 2624 446 2645 tam
463 2615 664 2652 transmarinas,
683 2616 768 2652 quam
784 2614 954 2652 cismarinas,
966 2614 999 2644 &
1011 2622 1124 2652 gentem
1132 2612 1195 2643 Co-

141 2654 217 2684 mitis
245 2654 393 2683 memorati
417 2653 452 2683 de
476 2651 603 2683 Flandria
624 2652 755 2683 statuatur
771 2675 781 2691 ‚
805 2652 934 2684 servanda
956 2652 1150 2683 inviolabiliter
1167 2653 1198 2682 in

142 2692 256 2722 futuro:

179 2729 250 2760 Hoc
266 2729 377 2768 adjeem
390 2754 399 2768 ,
423 2730 502 2768 quod
513 2755 522 2768 ,
547 2730 566 2761 fi
583 2730 680 2768 aliquis
693 2754 703 2768 ,
725 2730 770 2760 vel
792 2730 876 2767 aliqui
893 2728 929 2759 de
973 2737 1035 2759 ente

141 2768 224 2807 ipsius
243 2767 367 2798 Comitis
379 2792 388 2806 ,
407 2777 503 2808 treuga
521 2768 637 2799 durante
652 2793 661 2806 ,
680 2778 744 2806 quae
764 2778 813 2805 per
832 2777 883 2797 nos
897 2792 906 2805 ,
931 2778 946 2796 a
989 2767 1048 2797 esto

1082 2728 1195 2760 raedidta

1090 2768 1193 2806 aschae,

142 2817 219 2837 anno
244 2807 339 2846 Regni
364 2806 455 2837 nostri
477 2807 591 2837 decimo
615 2817 694 2837 nono
711 2831 720 2844 ,
753 2806 838 2844 usque
861 2805 896 2836 ad
922 2805 1035 2836 Festum
1053 2806 1198 2837 Omnium

141 2845 313 2875 Sansmrum
349 2847 482 2882 proximo
499 2845 630 2884 sequenS,
648 2844 780 2875 concessa
798 2845 850 2875 fuit
866 2845 941 2883 genti
958 2844 1080 2882 ejusdem
1094 2844 1198 2875 Comi-

143 2885 194 2921 tis,
212 2884 269 2914 fine
286 2869 369 2921 culpa
386 2883 447 2921 sua,
462 2883 620 2922 dampnum
638 2883 752 2921 aliquod
771 2893 820 2920 per
838 2882 960 2922 praefatas
979 2892 1073 2922 gentes
1090 2883 1197 2914 nostras

144 2923 309 2952 incurrerint
326 2922 372 2951 seu
388 2922 525 2959 jacCturam
539 2947 549 2960 ,
574 2921 618 2952 vel
643 2922 712 2952 dum
732 2921 781 2952 sub
797 2921 975 2959 protestione
993 2921 1089 2951 nostra
1106 2922 1198 2952 confi-

146 2959 249 2990 sterent
263 2984 272 2998 ,
289 2960 365 2997 juxta
383 2959 556 2990 voluntatem
574 2959 701 2990 nostram
720 2960 752 2991 &
770 2961 884 2999 gratiam
897 2982 907 2997 ,
922 2960 1084 2990 exhibeatur
1101 2961 1151 2990 illis
1168 2971 1198 2991 e-

145 2997 265 3036 menda3
281 2999 333 3028 fuit
349 2999 379 3027 in
397 3007 477 3036 eam,
495 3008 543 3035 per
559 2997 708 3029 Comitem
724 3006 926 3036 praenotatum,
944 2999 1063 3028 nomine
1077 2998 1127 3029 suo
1138 3022 1147 3037 ,
1163 3001 1196 3030 δε

147 3035 233 3066 di&ae
249 3037 338 3075 gentis
355 3036 408 3066 suae
425 3035 461 3065 de
480 3035 624 3074 Flandria,
641 3036 860 3067 concordatum:

181 3073 250 3104 Nos
269 3075 368 3113 igitur,
385 3075 462 3104 viam
484 3075 559 3111 pacis
579 3073 738 3112 hujusmodi
756 3082 930 3113 acceptantes
947 3099 956 3113 ,
976 3074 1132 3114 laudantes,
1149 3086 1197 3116 ap-

147 3113 354 3151 probantes,&
367 3120 454 3142 ratam
465 3111 598 3142 habentes
606 3136 615 3149 ,
624 3122 687 3142 earn
699 3113 831 3144 volumus
845 3113 962 3144 firmiter
979 3114 1119 3145 observari
1128 3127 1137 3152 3
1145 3114 1198 3144 sta-

148 3158 256 3181 tuentes
269 3152 303 3182 &
315 3152 506 3188 praecipientes
520 3149 618 3188 quod,
636 3151 652 3179 a
665 3151 712 3181 die
723 3152 911 3182 confefflonis
926 3152 1197 3191 praesentitim,inter

149 3190 364 3228 praenominatas
378 3188 486 3220 Gentes
501 3188 607 3219 nostras
622 3189 655 3219 &
670 3188 797 3220 Gentem
813 3191 919 3228 praefati
933 3190 1057 3222 Comitis
1068 3191 1103 3221 de
1119 3192 1140 3221 F
1142 3191 1199 3221 lan-

148 3226 209 3257 dria
258 3237 310 3265 pax
328 3227 409 3258 firma
425 3250 435 3265 ,
461 3226 562 3256 stabilis
583 3228 616 3258 δε
638 3227 730 3257 secura
750 3229 782 3259 iit
796 3252 806 3266 ,
827 3237 988 3266 permaneat
1007 3230 1041 3260 &
1061 3229 1199 3266 servetur,

151 3250 288 3303 quodque
306 3267 351 3296 via
368 3267 442 3304 pacis
456 3265 614 3303 hujusmodi
627 3265 782 3302 publicetur
794 3266 863 3297 locis
875 3268 908 3299 &
923 3268 1099 3307 temporibus
1112 3278 1199 3308 opor-

153 3304 242 3341 tunis,
260 3304 293 3334 &
309 3313 362 3340 pax
375 3305 458 3334 etiarn
471 3303 584 3341 publice
597 3302 792 3340 proclametur.

191 3341 229 3372 Et
253 3342 361 3379 insuper
381 3342 540 3372 inhibemus
559 3351 595 3370 ne
617 3342 677 3379 quis
694 3341 818 3373 fidelium
831 3340 1011 3383 nostrorum,
1029 3343 1107 3384 super
1125 3344 1201 3384 gravi

153 3379 328 3410 forisfactura
340 3379 436 3410 nostra
447 3388 546 3410 contra
559 3389 621 3409 eam
632 3380 659 3408 in
675 3379 768 3417 aliquo
781 3383 876 3411 venire
896 3383 1060 3422 praesumat,
1080 3394 1132 3413 uec
1155 3384 1203 3412 ali-

153 3428 256 3457 quem,
274 3417 319 3448 seu
339 3417 446 3455 aliquos
466 3417 502 3447 de
522 3416 620 3447 Gente
640 3416 763 3447 Comitis
785 3422 935 3450 memorati
955 3421 991 3452 de
1010 3421 1138 3452 Flandria
1153 3445 1162 3459 ,
1182 3423 1200 3440 ²*

156 3458 213 3526 finIe
225 3455 309 3500 culpa
321 3455 385 3525 [υὲὲέ
400 3456 535 3494 inquietet
544 3455 714 3493 aliquatenus
726 3455 772 3487 vel
784 3455 918 3488 offendat.

208 3505 226 3525 n
239 3504 333 3533 quuS,
387 3504 412 3524 c.

192 3580 283 3612 Teste
296 3579 378 3620 Rege
390 3579 464 3618 apud
477 3578 600 3612 Culford
613 3579 690 3611 sexto
703 3579 748 3611 die
762 3579 842 3612 Maii.

161 3726 210 3757 De
234 3728 312 3758 Pace
328 3723 469 3771 praediffa
485 3722 704 3770 proclamanda
724 3750 734 3766 ,
757 3725 793 3761 (ῤ’
817 3721 898 3756 bonis
920 3724 1070 3769 arrestatis

611 3769 760 3805 berandis.
1091 3753 1101 3769 ²
1135 3726 1211 3760 deh-

163 3865 283 3923 REX
313 3867 423 3899 Ballivis
435 3867 487 3899 suis
500 3868 536 3899 de
548 3867 574 3898 la
585 3865 639 3897 W.
655 3867 776 3898 salutem.

256 3892 337 3936 Ciim
350 3908 420 3938 inter
435 3906 562 3937 Gentem
578 3905 704 3936 nostram
716 3903 752 3936 de
774 3903 892 3945 Anglii,
909 3905 1065 3948 Vasconia,
1083 3907 1217 3949 Bistonia,

165 3942 199 3973 &
220 3941 277 3986 aliis
292 3943 390 3975 Terris
410 3945 530 3983 nostris,
544 3946 578 3976 &
601 3943 729 3975 Gentem
751 3943 875 3975 Comitis
895 3944 1046 3985 Flandriae,
1064 3946 1143 3985 super
1162 3948 1219 3978 dis-

164 3979 268 4024 cordiis
287 3981 321 4012 &
335 3984 576 4020 contentionibus,
595 3984 667 4013 inter
680 3992 728 4013 eos
742 3992 830 4020 nuper
844 3984 963 4022 exortis,
981 3994 1095 4016 necnon
1115 3987 1218 4025 injuriis

163 4017 245 4087 illa-atis
253 4041 262 4055 ,
280 4019 315 4087 3}
326 4019 451 4091 ᾱὲωιίῐίἰῑε
462 4022 532 4054 datis
543 4021 610 4053 hinc
623 4020 706 4060 inde,
723 4020 756 4052 sit
769 4022 799 4052 in
813 4020 954 4061 quandam
966 4022 1041 4055 viam
1054 4025 1129 4063 pacis
1136 4034 1220 4056 com-

222 4066 274 4088 m.
315 4079 322 4087 .
367 4080 374 4088 .
443 4082 452 4092 ,

1238 145 1707 198 PUBLI'CA.
2210 146 2272 215 91*

1215 274 1346 305 volumus
1359 277 1473 308 firmiter
1486 242 1679 310 obser’veziijqua
1693 252 1745 280 pax
1759 242 1838 274 firma
1853 243 1887 276 &
1901 244 2002 277 stabilis
2015 246 2055 278 est
2063 247 2152 279 secuta

2160 272 2169 286 ,
2178 258 2261 287 quarn
2283 245 2357 275 Ann.
2368 242 2408 276 D:

2303 294 2384 323 1252.

1254 312 1345 343 Vobis
1364 316 1526 346 mandamus
1545 318 1624 354 quiid
1640 328 1739 355 pacem
1757 320 1890 360 eandem,
1909 323 1979 353 inter
1996 323 2122 354 Gentem
2138 323 2262 354 nostram
2281 330 2345 352 Euv.
2370 333 2393 352 [ι

1216 351 1378 397 ρταῑᾴιᾷαιη
1394 377 1403 390 ,
1421 355 1454 384 &
1479 354 1606 398 Gentem
1628 357 1750 386 Comitis
1770 362 1918 390 memorati
1937 361 1973 391 de
1993 361 2121 392 Flandria
2136 385 2145 400 ,
2161 363 2263 392 faciatis

1216 389 1330 426 publice
1349 392 1531 430 proclamari,
1543 402 1618 430 Juxm
1640 394 1759 425 modum
1775 397 1808 426 ὃς
1830 397 1970 437 formam,
1987 400 2053 429 inde
2068 400 2195 431 Conlilio
2209 411 2263 431 noa

1216 426 1408 470 stro-faciam,

1257 464 1396 509 Lt'naves
1409 491 1417 504 ,
1443 468 1629 511 mercimonia
1641 493 1651 507 ,
1674 471 1706 501 ὃ(
1727 471 1802 502 bona
1822 473 1872 502 alia
1890 482 2078 514 quaecumque
2090 501 2099 515 ‚
2123 476 2265 514 praedictae

1219 502 1320 546 Gentis
1336 503 1372 533 de
1386 505 1529 549 Flandrijssi,
1546 508 1693 538 occasione
1706 508 1788 539 dietae
1802 514 1990 543 contentionis
2003 524 2052 551 per
2066 525 2116 545 vos
2129 515 2265 554 arrestata,

1217 540 1283 579 illis,
1302 552 1425 579 quorum
1436 543 1556 583 fuerint,
1573 544 1678 575 liberari
1691 546 1807 577 faciatis:
1827 550 1860 578 &
1875 550 1939 579 inde
1957 561 2015 588 quo
2035 553 2175 583 voluerint
2195 563 2264 584 cum

1219 578 1321 609 eisdem
1336 580 1486 625 divertere,
1504 583 1536 612 &
1553 592 1609 613 tam
1625 584 1713 622 ipsos,
1730 586 1815 622 quani
1827 586 1894 616 alios
1906 587 1978 618 lanas
1993 590 2008 619 a
2021 590 2126 630 Regno
2148 592 2264 630 nostro,

1218 616 1287 647 sicut
1304 629 1379 656 prius
1392 619 1531 658 fecerant,
1550 620 1651 651 ducere
1665 624 1833 659 permittatis.

1256 693 1344 723 Teste
1359 693 1442 732 Rege
1453 695 1524 733 apud
1538 696 1660 727 Culford
1673 697 1749 729 sexro
1762 698 1806 729 die
1819 699 1899 731 Maii.

1223 814 1271 845 De
1294 816 1371 847 Pace
1403 820 1479 849 inter
1503 816 1695 863 Flandrenfis
1726 823 1761 857 ὠ*
1795 823 1898 853 Gentes
1928 825 2013 869 Regis
2034 826 2149 871 Angliae
2173 826 2268 870 refor-

1299 947 1383 978 Uido

1686 867 1810 901 manda.

1226 946 1289 1007 G
1309 972 1415 1016 Cin-aiii

1223 1031 1282 1053 tem
1299 1025 1328 1053 in
1349 1024 1489 1054 Domino.

1261 1061 1335 1091 Inter
1359 1062 1468 1093 Gentes
1490 1063 1598 1094 illustris
1618 1065 1741 1095 Domini
1759 1066 1865 1105 nostri,
1884 1067 2005 1098 Domini
2016 1069 2164 1109 Edwardi,

1418 947 1526 993 Gom-es
1541 950 1691 990 Flandriae,
1709 952 1742 983 ὃς
1759 952 1891 984 Marchio
1899 955 2117 996 Namurcensis,
2134 960 2268 990 omnibus
2288 960 2362 990 Ann.
2376 957 2417 990 Ι).

1429 986 1569 1026 fidelibus,
1587 990 1621 1019 ad
1635 1000 1705 1028 quos
1719 991 1864 1028 praesentes
1877 993 1974 1023 litterae
1990 998 2184 1035 pervenerint,
2201 998 2270 1028 salu-
2309 1008 2392 1035 1292.

2288 1042 2340 1065 An.
2357 1047 2402 1063 20.

2183 1072 2271 1113 Regis
2288 1081 2317 1103 Ε.
2343 1086 2365 1102 i.

1225 1099 1335 1129 Analiae
1348 1123 1358 1137 ,
1377 1100 1412 1146 de
1432 1101 1569 1145 Vasconia
1582 1127 1591 1140 ,
1608 1102 1738 1146 Baionia,
1756 1105 1789 1135 &
1811 1105 1867 1135 aliis
1889 1107 1985 1136 Terris
2004 1108 2070 1146 suis,
2089 1111 2121 1139 ὃ(
2143 1111 2271 1142 Gentem
2289 1120 2328 1142 Ex
2344 1116 2401 1140 Aua

1225 1148 1265 1167 no
1291 1147 1350 1167 ram
1371 1139 1521 1178 Plandnae,
1539 1150 1627 1180 gravis
1648 1142 1793 1175 discordiae
1814 1144 1847 1173 ὃς
1870 1145 2033 1174 turbationis
2049 1156 2141 1190 nuper
2159 1149 2271 1179 suborta
2289 1163 2354 1191 togr·

1226 1175 1356 1219 materia,
1374 1177 1496 1215 datisque
1509 1178 1575 1209 liinc
1589 1179 1653 1209 inde
1666 1180 1772 1210 damnis
1783 1191 1842 1211 non
1856 1184 1948 1219 paucis
1962 1183 1995 1213 &
2015 1184 2115 1221 injuriis
2135 1188 2275 1225 irrogatis,

1227 1223 1261 1257 ei(
1277 1215 1376 1251 qiubus
1391 1225 1484 1259 rerum
1499 1216 1638 1254 dispendia
1651 1220 1683 1249 &
1697 1227 1851 1256 corporum
1864 1221 2008 1251 innumera
2020 1224 2219 1259 proveniebant
2227 1235 2277 1262 pe-

1230 1253 1333 1290 ricula,
1351 1263 1410 1283 non
1428 1254 1511 1284 facile
1530 1256 1714 1295 numeranda,

1264 1290 1396 1320 Tandem
1419 1302 1485 1330 nos,
1503 1293 1544 1322 ob
1563 1294 1673 1324 bonum
1694 1295 1767 1332 pacis
1788 1296 1858 1325 inter
1872 1295 1981 1326 Gentes
1996 1298 2205 1334 'procurandum
2218 1310 2276 1330 eas·-

1228 1327 1310 1366 dem,
1329 1329 1361 1359 &
1375 1329 1408 1373 ad
1424 1330 1567 1368 praedictas
1581 1332 1722 1369 sopiendas
1737 1333 1883 1363 discordias
1895 1335 1927 1364 &
1942 1335 2086 1375 sedandas,
2100 1338 2276 1375 personaliter

1229 1366 1263 1396 ad
1295 1368 1449 1410 iaesentiam
1464 1368 1590 1405 prandisti
1604 1370 1725 1400 Domini
1738 1371 1826 1401 nostri
1838 1372 1866 1401 R
1905 1374 1925 1402 is
1939 1373 2118 1413 accedentes,

1294 1405 1368 1435 idem
1388 1406 1529 1436 humiliter
1550 1407 1761 1446 supplicavimus
1775 1433 1784 1448 ,
1811 1420 1841 1440 ut
1859 1421 1873 1439 a
1915 1421 2013 1448 pacem
2026 1435 2035 1450 ,
2058 1414 2128 1444 inter
2147 1414 2276 1445 Gentem

1229 1443 1304 1474 suam
1320 1445 1353 1474 &
1368 1444 1491 1474 nostram
1504 1445 1583 1482 super
1596 1447 1677 1477 distis
1690 1447 1831 1478 discordiis
1845 1449 1877 1478 δε
1898 1450 2103 1481 turbationibus
2121 1453 2276 1484 reforman-

1229 1482 1294 1512 dam
1311 1492 1420 1512 curaret
1433 1483 1580 1522 benignius
1594 1485 1726 1515 inclinari.

1267 1520 1327 1564 lpse
1339 1522 1444 1559 itaque,
1461 1532 1525 1559 quae
1538 1522 1599 1553 sunt
1609 1525 1682 1560 pacis
1696 1524 1801 1554 affe&u
1815 1524 1950 1555 benivolo
1964 1527 2145 1566 prosequens,
2160 1529 2193 1559 &
2206 1530 2280 1559 votis

1231 1560 1331 1588 nostris
1346 1569 1485 1598 annuens,
1503 1569 1571 1589 cum
1583 1570 1630 1599 per
1644 1571 1731 1593 certas
1744 1563 1891 1601 personas,
1907 1573 1956 1603 per
1978 1566 2098 1595 cundem
2116 1567 2279 1598 Dominum

1232 1596 1364 1641 Regem,
1383 1598 1416 1628 &
1432 1608 1483 1641 nos
1500 1599 1532 1628 ad
1547 1600 1720 1631 traCtandum
1734 1600 1769 1631 de
1783 1602 1917 1638 praediCto
1930 1612 2047 1641 negotio
2068 1604 2226 1644 deputatas,
2242 1606 2279 1636 de

1230 1636 1289 1679 ipso
1304 1636 1472 1673 aliquamdiu
1487 1637 1665 1677 tractaretur,
1683 1640 1798 1670 recitato
1811 1640 2013 1671 retroadffirum
2028 1643 2173 1681 processu,
2191 1645 2280 1675 &au-⁴

1232 1676 1295 1704 ditis
1313 1684 1362 1711 per
1383 1684 1430 1704 eos
1449 1684 1480 1704 ac
1496 1675 1603 1712 plenius
1617 1677 1760 1707 intellectis
1776 1688 1838 1715 quae
1854 1679 2067 1710 continebantur
2081 1682 2110 1710 in
2124 1681 2190 1719 illo,
2209 1692 2278 1712 nec-

1230 1721 1290 1742 non
1303 1713 1339 1755 .&
1352 1712 1450 1742 habitis
1462 1713 1596 1751 aliquibus
1609 1715 1830 1746 altercationibus
1844 1716 1922 1757 super
1936 1718 2028 1748 multis
2044 1728 2107 1757 quae
2119 1720 2280 1759 processum

1231 1752 1430 1789 contingebant
1442 1752 1580 1790 eundem,

1268 1788 1337 1818 Post
1351 1790 1464 1819 rimatos
1478 1791 1580 1821 modos
1596 1793 1789 1831 quamplures,
1807 1794 1841 1824 ὃς
1857 1794 1932 1832 vias,
1949 1804 2000 1833 per
2023 1804 2089 1833 quas
2111 1798 2284 1827 convenien-

1232 1834 1274 1870 ter
1293 1826 1421 1871 descendi
1442 1829 1532 1865 posset
1553 1828 1586 1858 ad
1608 1840 1724 1869 pacem,
1742 1834 1774 1861 ὅ(
1789 1831 1950 1869 Γυρῐεόίἇὶτε
1960 1832 2105 1863 discordiae
2118 1835 2151 1864 ὃ(
2166 1844 2285 1865 ςοῑπεῑιι

1232 1872 1321 1908 tiones
1334 1865 1556 1903 sedari,‹icnium
1573 1868 1645 1898 tatia
1660 1868 1705 1899 via
1721 1879 1783 1906 quae
1795 1870 1915 1907 sequitur
1930 1872 1963 1902 ὃ(
1975 1881 2073 1901 coram
2086 1872 2203 1910 praefato
2214 1873 2280 1904 Do-v

1234 1914 1314 1933 niino
1328 1904 1426 1947 nostro
1436 1904 1538 1948 Rege,
1551 1906 1589 1948 ¹&
1606 1908 1687 1936 nobis
1700 1907 1837 1946 expolita,
1854 1908 1904 1939 sub
1918 1909 1970 1940 hac
1982 1910 2090 1948 forma,
2108 1911 2255 1950 videlicet,

1272 1942 1362 1980 Qiod
1376 1952 1410 1985 'in-
1433 1942 1492 1980 ipso
1515 1945 1669 1982 principio,
1685 1955 1747 1975 ante
1762 1948 1877 1984 omnia,
1895 1948 2073 1985 rancoribuS‚
2091 1951 2283 1980 contentioni⁴

1233 1978 1354 2024 busa&
1374 1982 1475 2023 injuriis
1496 1982 1643 2021 univerlis,
1660 1984 1766 2020 prorsus
1788 1984 1913 2023 sublatis,
1930 1996 2044 2016 necnon
2057 1988 2089 2017 ὃς
2104 1987 2228 2026 damnis,
2246 1999 2280 2018 ae

1233 2028 1334 2056 injuriis
1350 2018 1590 2057 quibuscumque,
1608 2021 1675 2051 datis
1688 2022 1732 2052 seu
1748 2021 1825 2052 illatis
1847 2023 1914 2053 hinc
1935 2024 2017 2062 inde,
2054 2024 2191 2056 ardonatis
2210 2036 2283 2057 tota-

1232 2057 1293 2086 liter
1308 2057 1340 2087 ὃς
1355 2057 1484 2086 remissis·
1506 2057 1608 2088 deinde
1622 2059 1722 2089 stabilis
1739 2070 1788 2097 pax
1803 2062 1836 2092 &
1851 2061 1930 2092 firma
1945 2064 2014 2093 inter
2062 2072 2136 2093 entes
2158 2065 2287 2102 praediffi

1233 2095 1355 2125 Domini
1356 2081 1514 2164 PitiostriCRe
1535 2097 1571 2134 iS,
1590 2106 1646 2127 tam
1660 2098 1866 2135 transmarinas,
1885 2102 1971 2137 quam
1986 2102 2160 2140 cismarinas,
2178 2104 2288 2142 &gen-

1233 2141 1292 2163 tem
1314 2143 1353 2163 no
1381 2143 1439 2163 ram
1480 2144 1495 2164 e

1540 2135 1643 2167 landria
1663 2136 1794 2168 statuatur
1819 2137 1948 2169 servanda
1961 2139 2153 2171 inviolabiliter
2169 2142 2198 2171 in
2211 2142 2287 2172 futu*

1234 2179 1312 2202 rum:

1258 2210 1343 2256 nHoc
1355 2210 1483 2250 adjecto,
1501 2211 1578 2250 quod
1595 2212 1626 2250 (fi
1638 2213 1750 2252 aliquis,
1767 2214 1812 2244 seu
1828 2214 1909 2252 aliqui
1923 2215 1959 2245 de
1980 2224 2064 2255 gente
2081 2216 2194 2256 nostra,
2211 2224 2286 2248 treu—

1234 2257 1271 2316 {aa
1294 2248 1426 2287 durante,
1444 2260 1509 2288 quae
1527 2261 1576 2288 per
1597 2252 1764 2289 praedicitum
1787 2252 1951 2284 Dominum
1972 2254 2101 2285 nostrum
2122 2255 2151 2285 R
2189 2266 2252 2294 em,
2271 2257 2288 2286 {a

1260 2286 1320 2332 esto
1337 2287 1465 2325 Paschae,
1484 2298 1559 2319 anno
1573 2289 1668 2328 Regni
1681 2290 1759 2327 ipsius
1772 2290 1888 2323 decimo
1904 2302 2003 2330 nono,
2019 2293 2104 2331 usque
2116 2294 2150 2323 ad
2197 2293 2288 2325 estum

1235 2333 1367 2356 omniurn
1391 2326 1578 2365 Sanetorum,
1597 2329 1727 2365 proxime
1748 2328 1880 2368 sequens,
1899 2331 2030 2361 concessa
2045 2332 2095 2362 suit
2131 2331 2221 2362 Genti
2234 2343 2288 2363 no-·

1236 2363 1390 2408 strae,·si.ne
1404 2363 1487 2408 culpa
1500 2364 1564 2402 sua,
1581 2365 1717 2396 damnum
1731 2366 1862 2405 aliquod,
1881 2378 1930 2404 per
1943 2369 2066 2405 praefatas
2087 2356 2196 2400 Gentes
2218 2371 2287 2401 dieti

1236 2401 1361 2431 Domini
1380 2402 1468 2432 nostri
1488 2402 1591 2441 Regis,
1609 2405 1775 2434 incurrerint
1788 2429 1797 2442 ,
1816 2405 1859 2435 seu
1877 2406 2014 2443 jacturam
2031 2429 2041 2444 ,
2059 2407 2104 2439 vel
2121 2432 2131 2445 ,
2146 2407 2216 2438 dum
2237 2409 2288 2439 sub

1236 2441 1412 2483 protestione
1424 2440 1492 2471 dicti
1505 2441 1629 2472 Domini
1641 2441 1729 2472 nostri
1744 2442 1830 2482 Regis
1850 2444 1868 2463 ²*
1889 2444 2085 2484 consisterent,
2098 2446 2174 2484 juxta
2183 2447 2285 2477 volun-

1235 2486 1320 2508 tatem
1339 2479 1477 2522 ejusdem,
1497 2481 1530 2510 ὅ(
1572 2481 1683 2518 ratiam,
1701 2481 1862 2511 exhibeatur
1885 2483 1936 2512 illis
1956 2484 2085 2521 emenda)
2110 2484 2163 2514 fuit
2179 2485 2208 2515 in
2223 2495 2285 2516 eam

1234 2526 1283 2553 per
1289 2526 1364 2584 gos,
1380 2526 1496 2547 nomine
1507 2526 1546 2547 no
1573 2528 1622 2556 ro,
1640 2519 1673 2550 &
1687 2519 1770 2550 disice
1783 2519 1884 2550 Gentis
1899 2520 2002 2551 nostrae
2017 2521 2052 2552 de
2065 2522 2286 2562 Flandr-ia,con-

1236 2564 1288 2584 cor
1309 2563 1394 2584 atum.

1274 2592 1334 2630 Ipse
1348 2593 1429 2632 igitur
1442 2592 1586 2624 Dominus
1601 2594 1695 2625 noster
1709 2595 1773 2625 Rex
1787 2595 1936 2633 praedithis
1951 2599 2025 2628 viam
2042 2601 2116 2636 pacis
2130 2599 2289 2638 hujusmodi

1235 2640 1397 2675 acceptans,
1414 2632 1586 2675 approbans,
1602 2634 1634 2662 ἅ
1656 2639 1743 2663 ratam
1759 2634 1880 2672 habens,
1899 2645 1962 2665 eam
1983 2636 2043 2667 vult
2065 2637 2180 2668 firmiter
2194 2640 2289 2670 obser-

1235 2679 1309 2707 vari,
1325 2670 1358 2699 ὃς
1370 2679 1401 2713 in
1413 2679 1493 2708 eam,
1514 2671 1676 2713 peripsum,
1691 2675 1809 2702 nomine
1822 2673 1887 2711 su0‚
1903 2674 1937 2704 ὃς
1949 2674 2033 2704 ἀίᾶῒκ
2046 2677 2135 2714 gentis
2149 2676 2286 2716 suae,tam

1236 2708 1441 2746 transmarinae,
1459 2709 1545 2746 quam
1558 2710 1726 2747 ciimarinae,
1746 2711 1788 2740 est
1801 2712 2015 2743 concordatum.

1276 2746 1341 2776 Nos
1354 2747 1454 2785 igitur,
1470 2747 1544 2776 viam
1561 2748 1634 2784 pacis
1648 2747 1805 2785 hujusmodi
1825 2759 2018 2789 acceptantes,
2034 2752 2233 2793 approbantes,
2252 2755 2286 2786 &c

1236 2793 1323 2815 ratam
1338 2784 1486 2822 habentes,
1505 2794 1567 2815 eam
1579 2785 1711 2816 volumus
1726 2786 1840 2817 firmiter
1853 2789 1992 2820 observari
2001 2800 2006 2819 :
2015 2789 2162 2821 statuentes
2177 2793 2286 2830 &praea

1237 2824 1368 2860 cipientes
1382 2822 1459 2860 quod
1496 2823 1512 2852 a
1524 2822 1568 2853 die
1584 2823 1771 2855 coiifec‘tionis
1785 2826 1976 2865 praesentium,
1994 2828 2064 2858 inter
2071 2832 2285 2866 praenominatas

1238 2861 1346 2905 Gentes
1366 2861 1434 2891 dicti
1452 2845 1576 2891 Domini
1591 2861 1686 2905 'nostri
1710 2863 1814 2902 Regis,
1830 2866 1863 2895 δε
1879 2865 2005 2896 Gentem
2020 2867 2143 2897 nostram
2155 2867 2190 2898 de
2203 2869 2286 2900 Flan-

1236 2899 1295 2930 dria
1306 2923 1316 2936 ,
1334 2908 1386 2936 pax
1406 2899 1511 2942 firma)
1527 2899 1629 2930 stabilis
1644 2923 1653 2938 ,
1669 2901 1702 2931 &
1723 2901 1814 2932 secura
1835 2903 1872 2933 sic
1893 2913 2052 2942 permaneat
2065 2929 2074 2943 ‚
2092 2907 2125 2936 &
2146 2906 2284 2946 servetur,

1237 2938 1371 2976 quodque
1383 2947 1426 2967 vra
1441 2947 1514 2981 pacis
1528 2937 1686 2975 hujusmodi
1700 2940 1856 2976 publicetur
1867 2941 1937 2972 locis
1952 2944 1984 2973 δε
2005 2944 2178 2981 temporibus
2199 2955 2287 2983 opor-2

1236 2978 1324 3014 tunis,
1344 2977 1377 3007 &
1390 2985 1442 3013 pax
1456 2983 1539 3005 etiarn
1554 2976 1667 3013 publice
1680 2978 1877 3015 proclametur.

1273 3014 1312 3045 Et
1332 3014 1440 3052 insuper
1459 3013 1617 3044 inhibemus
1637 3016 1674 3044 ne
1688 3017 1749 3053 quis
1774 3016 1897 3047 fidelium
1919 3018 2098 3059 nostrorum,
2115 3020 2194 3058 super
2211 3020 2289 3061 gravi

1236 3051 1412 3083 forisfactura
1431 3051 1541 3089 nostra,
1559 3061 1659 3082 contra
1679 3063 1741 3084 eam
1765 3055 1793 3084 in
1814 3055 1908 3093 aliquo
1929 3059 2024 3087 venire
2046 3058 2191 3096 praesumat
2207 3081 2216 3098 ,
2233 3069 2288 3091 nec

1235 3092 1373 3129 aliquem,
1390 3090 1436 3120 seu
1449 3090 1569 3128 aliquos,
1587 3090 1622 3120 de
1633 3092 1760 3130 gentibus
1774 3095 1921 3124 memorati
1934 3094 2056 3126 Domini
2076 3097 2163 3127 nostri
2184 3097 2287 3138 Regis,

1237 3139 1295 3160 tam
1315 3129 1514 3170 transmarinis,
1554 3129 1619 3158 uam
1638 3129 1805 3170 cismarinis,
1823 3131 1880 3162 sine
1899 3133 1983 3173 culpa
2001 3134 2069 3172 sua,
2087 3136 2221 3174 inquietet
2240 3137 2289 3167 ali-2

1238 3176 1373 3206 quatenus
1387 3168 1433 3198 vel
1448 3168 1528 3196 osten
1549 3176 1583 3197 at.

1275 3205 1308 3250 Iri
1328 3206 1405 3243 cujus
1425 3207 1463 3235 rei
1483 3204 1676 3236 testimonium
1698 3206 1874 3244 praesentibus
1894 3208 1988 3240 litteris
2015 3210 2135 3250 figillum
2160 3211 2287 3243 nostrum

1237 3244 1366 3275 duximus
1381 3243 1589 3283 apponendum.

1277 3313 1345 3344 Dat.
1359 3323 1434 3343 anno
1448 3312 1569 3355 Domini
1584 3309 1730 3357 millesimo
1744 3310 1938 3346 ducentesimo
1952 3317 2132 3357 nonagesimo
2146 3313 2287 3357 secundo,

1239 3353 1341 3383 otiava
1354 3352 1400 3382 die
1413 3354 1512 3381 meniis
1528 3350 1600 3381 Maii
1613 3360 1744 3382 intrantis.

1528 3479 1576 3510 De
1590 3478 1754 3523 perqus'sitis
1766 3477 2007 3522 Conestabularii.

1317 3561 1382 3595 EX
1398 3563 1519 3604 Johanni
1539 3560 1574 3591 de
1593 3559 1748 3603 Havering.
1766 3563 1924 3594 Senescallo
1943 3563 1992 3595 suo
2014 3560 2144 3595 Ducatfis
2159 3561 2296 3605 Aquitan-

1247 3562 1536 3678 ΙὶΜιῑῖιξιξῖυῑῶὲῧὲῒ,
1556 3637 1708 3682 ficut-acce
1728 3639 1816 3678 imus,
1834 3648 1887 3670 vos
1909 3639 1927 3669 li
1948 3649 1998 3684 na,
2015 3640 2101 3677 posita
2120 3642 2195 3673 circa
2216 3650 2296 3674 cam-

1268 3689 1318 3709 um
1331 3679 1429 3716 duelli,
1448 3685 1534 3714 nuper
1546 3675 1612 3705 faeti
1626 3684 1694 3706 inter
1743 3687 1868 3714 ugonem
1883 3677 1927 3708 Ca
1938 3678 1993 3708 culi
2013 3679 2047 3709 δε
2065 3678 2245 3720 Guytardum
2260 3682 2297 3713 de

1247 3689 1335 3749 P17³orta
1349 3740 1358 3756 ‚
1383 3717 1470 3747 Cives
1490 3713 1720 3753 Burdegalenses3
1743 3725 1856 3746 necnon
1874 3725 1961 3753 equos
1978 3717 2012 3746 &
2032 3727 2108 3747 arma
2126 3721 2295 3752 eorumdem

1258 3757 1447 3794 iiignantium,
1464 3763 1528 3791 quae
1546 3752 1581 3782 ad
1603 3762 1655 3782 nos
1674 3754 1830 3790 pertinent,
1848 3754 1928 3784 vobis
1946 3763 2034 3791 appro
2055 3757 2167 3796 riantes,
2181 3759 2241 3797 jam
2261 3760 2297 3790 de

1250 3768 1330 3834 iignis
1341 3793 1417 3831 ipsis,
1434 3792 1536 3828 absque
1549 3790 1692 3821 voluntate
1705 3790 1910 3822 Constabularii
1923 3791 2011 3822 nostri
2050 3794 2098 3825 urd
2133 3794 2297 3835 alensis,ve1

1250 3834 1348 3864 locum
1361 3831 1441 3861 suum
1452 3828 1588 3872 tenentiS,
1605 3827 1750 3866 disponere
1763 3829 1983 3869 praesumpsistis,
1997 3840 2086 3870 equos

1251 3872 1308 3902 huc
1327 3879 1410 3907 penes
1428 3878 1479 3899 vos
1498 3865 1655 3897 retinendo.

1293 3907 1330 3939 Et
1348 3909 1411 3946 quia
1428 3905 1489 3937 talia
1506 3904 1610 3934 debent
1628 3905 1720 3936 statim
1735 3929 1744 3944 ,
1762 3915 1830 3936 cum
1847 3905 2002 3938 acciderint
2016 3931 2026 3946 ,
2043 3907 2122 3940 dieto
2139 3908 2303 3941 Constabu-

1255 3947 1324 3979 lario
1342 3945 1449 3976 liberari
1485 3943 1568 3974 vobis
1584 3943 1748 3974 mandamus
1764 3943 1843 3982 quod
1863 3954 1967 3983 equOS,
1981 3955 2073 3986 arma,
2090 3949 2124 3979 &
2142 3949 2213 3988 ligna
2233 3954 2306 3987 prae-

1258 3986 1333 4016 dffia
1348 3984 1427 4026 disto
1444 3968 1663 4025 Gonstabulario
1679 4005 1697 4026 ,ι
1717 3982 1762 4012 vel
1780 3983 1836 4019 ejus
1862 3982 1995 4014 mandato
2006 4007 2015 4023 ,
2046 3986 2107 4016 visis
2132 3987 2308 4025 praesentibus

1258 4024 1371 4061 litteris,
1385 4022 1518 4058 liberem,
1535 4019 1622 4052 nichil
1638 4019 1725 4089 hffisse
1739 4020 1775 4051 de
1793 4028 1898 4053 caetero
1915 4022 2117 4062 praesumptum.
2221 4059 2253 4094 T
2270 4058 2311 4092 ste

1713 4068 1731 4088 ²
2254 4068 2270 4093 e

2156 3843 2232 3865 arma
2252 3836 2298 3865 ad-

2306 2466 2320 2483 *
2333 2463 2438 2503 1153&

2317 3571 2442 3605 Ann.D,.

2337 3622 2421 3652 1292.

2316 3656 2367 3680 An.
2385 3663 2431 3680 20.

2316 3695 2345 3718 Ε.
2369 3698 2391 3717 1.

2316 3733 2370 3756 Rot.
2392 3729 2449 3755 Vas·-

2316 3777 2366 3794 con.
2383 3773 2428 3792 20.

2318 3809 2346 3831 Ε.
2359 3810 2426 3831 Lm,

2324 3851 2364 3869 io.
