2570 4261
75 1041 151 1071 Ann.
163 1039 202 1071 D.

97 1080 180 1117 1296.

74 1123 126 1146 Aa.
145 1129 188 1153 24.

73 1179 128 1222 Rit.
141 1200 206 1222 Ssot.

75 1242 121 1267 ²4·
137 1238 163 1261 Ε.
185 1246 207 1262 1.

73 1851 148 1888 Anii.
159 1856 200 1887 D.

95 1898 178 1935 1296.

73 1940 125 1963 An.
143 1945 187 1971 24.

73 1996 202 2040 Rinscot.

74 2056 159 2085 24.E.
181 2060 204 2078 ι.

74 2110 206 2164 ‘lLy-gz.

76 2777 202 2808 Ann.D.

107 2818 190 2854 1296.

78 2877 157 2921 Eur.

77 2935 135 2959 Par.
148 2942 191 2966 24.

78 2974 107 2996 E.
132 2980 153 2998 1.
173 2980 208 2998 m.

226 165 307 202 166

223 359 278 390 fata
293 355 417 388 Ecclesia
433 354 624 384 cantabuntur.
760 366 765 368 -
1221 386 1226 390 η

261 396 300 426 Et
323 394 431 430 insuper
455 393 598 421 inveniant
622 399 710 419 unum
735 387 918 419 Sacerdotem
944 386 1064 417 Missam
1088 386 1125 416 de
1161 384 1280 415 raedieto

224 434 328 466 Sandio
342 456 352 468 ,
373 432 402 460 in
420 429 545 460 Ecclesia
563 426 737 464 memorata,
752 428 792 457 *in
810 427 883 456 loco
897 426 944 464 qui
961 425 1065 455 dicitur
1082 425 1107 454 la
1159 424 1255 457 alileve
1271 445 1280 459 ‚

224 472 320 502 diebus
339 469 451 505 singulis
469 468 675 502 celebrantem,
692 466 726 496 &
743 466 814 495 duos
831 465 898 495 alios
916 474 1032 502 cerem,
1055 462 1164 492 ibidem
1182 454 1282 492 arden-

224 520 263 541 tes
277 506 408 545 quamdiu
422 506 507 542 ipsam
522 504 641 535 Missam
660 503 810 548 contigerit
822 503 970 539 celebrari,
989 503 1206 544 imperpetuum.

261 546 318 576 Cui
332 544 447 583 quidem
461 544 607 574 Sacerdoti
622 543 725 580 libros,
742 543 905 572 indumenta
919 539 1112 583 sacerdotalia,
1128 547 1281 582 ornamen-

222 594 250 616 ta
268 583 373 620 altaris,
392 583 424 613 ὃς
447 582 513 621 alia,
530 581 564 612 ad
583 581 783 612 celebrandurn
801 579 967 617 neceffana,
986 576 1142 608 ministrare
1160 577 1281 607 nichilo-

224 625 315 653 minus
332 627 468 659 perpetuo
481 629 637 651 teneantur.

257 661 291 691 In
305 661 399 699 cujus,
416 660 478 690 &c.

257 736 349 767 Teste
369 735 452 777 Rege
474 735 547 775 apud
567 733 703 774 Berewyk
723 733 802 771 super
821 716 992 770 Twedam,
1024 729 1217 762 sextodecimo
1238 729 1284 760 die

224 775 384 816 Septembr.

258 902 322 934 vPro
345 899 490 947 Johanne
505 898 540 931 de
555 900 703 933 lsizrenna
724 896 844 940 Custode
865 900 981 932 Scotiae‚‘
1004 877 1048 933 (ᾗ,
1061 898 1193 928 Henrico
1212 893 1248 927 de

546 951 634 998 Percy
651 945 770 990 Custode
789 945 959 979 Galwediae.

223 1034 349 1090 REX
377 1033 622 1079 VicecomitibuS,
646 1042 678 1062 ac
701 1031 833 1075 universis
856 1032 890 1061 ὃς
912 1030 1021 1069 singulis
1039 1030 1076 1061 de
1090 1029 1282 1062 Comitatibus

297 1074 446 1103 Cumbnae
461 1075 493 1104 δε
509 1070 756 1102 Westmerlandiae
770 1069 802 1099 ad
819 1079 904 1107 qUOS,
924 1069 984 1099 &c.
1004 1069 1128 1100 salutem.

261 1111 341 1142 Cum
356 1111 582 1143 constituerimus
597 1110 734 1141 dilectum
748 1109 782 1139 ὃ(
798 1107 910 1138 fidelem
925 1106 1055 1138 nostrum
1069 1108 1233 1146 johannem
1248 1105 1284 1137 de

226 1149 402 1189 Wan-ennfi,
429 1149 581 1181 Comitem
602 1148 678 1178 Surr.
697 1145 859 1177 Custodem
879 1145 1009 1176 nostrum
1030 1146 1125 1186 Regni
1146 1147 1180 1178 &
1201 1154 1284 1176 terrae

227 1188 347 1220 Scotiae:
365 1191 400 1220 &
417 1189 584 1219 Henricurn
605 1186 641 1217 de
663 1186 754 1225 Percy
771 1183 933 1215 Custodem
954 1183 1085 1215 nostrum
1100 1186 1184 1216 totius
1203 1194 1283 1215 terrae

228 1226 383 1258 Galwediae
396 1238 428 1258 ac
443 1225 605 1258 Comitatus
619 1223 707 1255 nostri
717 1224 755 1254 de
768 1223 842 1262 Are,
860 1223 994 1262 quamdiu
1010 1224 1093 1254 nobis
1127 1223 1258 1262 lacuerit,

252 1266 355 1296 -Vobis
369 1266 532 1297 mandamus
546 1263 623 1304 quod
638 1263 732 1293 eidem
748 1262 877 1300 Comiti,
897 1271 1030 1300 tanquam
1046 1261 1094 1292 Cu
1121 1261 1169 1293 odi
1182 1261 1282 1292 nostro

224 1303 294 1336 dieti
310 1307 388 1344 regni
403 1306 436 1336 &
449 1314 545 1334 terrae:
565 1304 598 1334 &
621 1302 738 1340 praefato
756 1300 905 1339 Henrico,
923 1309 1056 1339 tanquam
1075 1300 1198 1331 Custodi
1217 1310 1283 1330 nos-

224 1350 270 1373 tro
284 1341 367 1373 dietae
381 1353 461 1374 terrae
475 1341 629 1373 Galwediae
645 1342 678 1372 &
694 1339 857 1370 Comitatus
873 1339 1015 1377 praedieti3
1033 1340 1066 1370 &
1081 1349 1183 1370 eorum
1195 1339 1284 1377 alteri,

224 1382 252 1410 in
274 1382 424 1418 omnibus,
443 1391 507 1420 quae
529 1380 563 1411 ad
585 1378 743 1410 custodiam
765 1379 797 1408 &
818 1378 998 1408 salvationem
1013 1378 1181 1408 eorumdem
1197 1378 1283 1419 perti-

224 1423 307 1457 nent,
326 1420 497 1450 intendentes
520 1419 573 1450 sitis
594 1419 627 1449 δε
649 1416 862 1454 respondentes,
880 1426 948 1446 cum
970 1417 1064 1454 equis,
1089 1417 1122 1448 &
1143 1418 1226 1447 armis
1247 1417 1281 1447 &

223 1466 287 1487 toto
302 1458 382 1494 poss'e
397 1457 595 1489 Comitatuum
613 1456 833 1495 praedictorum,
851 1456 981 1493 quotiens
996 1455 1109 1485 necesse
1130 1455 1227 1494 fuerit,
1246 1456 1280 1486 &

221 1496 258 1525 ab
278 1496 355 1534 ipsis,
374 1497 419 1528 vel
441 1497 528 1527 altero
545 1505 646 1527 eorum
657 1518 666 1533 ,
681 1495 758 1535 super
778 1494 852 1532 hoc,
870 1503 903 1524 ex
918 1503 995 1532 parte
1010 1493 1104 1524 nostra
1118 1493 1222 1525 fueritis
1237 1504 1281 1525 re-

223 1534 321 1572 quisiti.
441 1566 443 1569 ,

260 1571 295 1602 In
308 1574 400 1612 cujus,
417 1574 479 1605 &c.

259 1649 348 1680 Teste
364 1650 446 1690 Rege
459 1650 533 1688 apud
549 1649 707 1688 Morpath,
724 1658 771 1688 29.
790 1648 835 1679 die
849 1647 1031 1686 Septembris.

224 1778 274 1809 De
293 1775 393 1820 Castro
412 1775 448 1809 de
469 1773 664 1823 Edenburgh.
675 1774 820 1820 commisso
841 1775 968 1806 [sichero
986 1773 1022 1807 de
1038 1772 1277 1807 Huntercumbe.

223 1863 341 1920 REX*
357 1860 519 1906 *Episcopi-s,
538 1861 711 1905 Abbatibus,
730 1859 890 1897 Prioribus,
909 1859 1088 1904 comitibus,
1107 1859 1279 1898 Batonibus,

297 1901 452 1938 Militibus,
476 1901 569 1930 liberis
588 1900 768 1936 hominibus,
786 1900 819 1928 &
843 1899 978 1928 omnibus
999 1899 1055 1928 aliis
1078 1898 1113 1928 de
1127 1897 1230 1929 Castro
1244 1898 1280 1928 de

223 1939 417 1975 Edenburgh,
436 1940 469 1968 ὃς
488 1938 740 1969 Vicccomitatibus
762 1937 798 1966 de
815 1935 998 1976 Edinburgh,
1017 1937 1142 1968 Linliscu
1163 1938 1196 1967 &
1218 1936 1280 1967 Ha·
1298 1968 1300 1970 ,

225 1978 361 2017 dingron,
379 1987 447 2007 cum
462 1978 648 2015 pertinentiis,
665 1976 790 2007 salutem.

260 2018 359 2048 Sciatis
382 2014 462 2054 quod
483 2015 677 2046 commisimus
699 2014 806 2044 dilecto
827 2014 860 2045 &
881 2014 900 2032 ²¹¹
923 2013 997 2043 fideli
1019 2013 1132 2053 nostro,
1150 2013 1283 2044 W'altero

224 2055 258 2085 de
279 2054 515 2092 Huntercumbe,
533 2053 665 2084 Castrum
688 2052 818 2084 nostrum
841 2051 1027 2090 praedietum,
1051 2062 1120 2083 cum
1140 2054 1282 2090 pertinen-

223 2094 283 2132 tiis,
301 2095 357 2124 una
379 2102 447 2123 cum
469 2092 608 2130 praediffis
631 2091 886 2122 Vicecomitatibus
906 2090 941 2120 de
954 2090 1138 2128 Edinburgh,
1158 2090 1282 2122 Linliscu

224 2133 257 2163 ὅ(
278 2132 464 2171 Hadington,
482 2141 550 2161 cum
571 2131 757 2168 pertinentiis,
775 2128 957 2160 custodienda
977 2129 1112 2167 quamdiu
1126 2130 1207 2159 nobis
1224 2130 1281 2167 pla-

227 2172 335 2209 cuerit,
354 2172 391 2201 ita
411 2168 491 2207 quod
511 2169 546 2199 de
566 2169 702 2207 exitibus,
719 2168 784 2198 inde
805 2168 1053 2206 provenientibus,
1072 2168 1154 2198 nobis
1169 2168 1281 2208 respon-

224 2209 306 2247 deat,
322 2209 356 2239 ad
369 2208 547 2238 Scaccarium
564 2207 712 2245 nostrum,
730 2205 802 2244 apud
817 2205 1013 2246 Berewycum.

264 2246 302 2277 Et
322 2247 386 2277 ideo
408 2246 490 2277 vobis
516 2246 680 2275 mandamus
696 2245 773 2283 quod
789 2243 880 2274 eidem
892 2244 1040 2282 XValtero,
1058 2252 1192 2282 tanquam
1207 2244 1282 2276 Cus-

224 2285 285 2315 todi
300 2284 401 2315 nostro
415 2283 507 2314 Castri
524 2284 667 2322 praediffl,
685 2284 717 2314 &
740 2282 942 2321 praedicftorum
965 2283 1224 2314 Vicecomitatuum
1246 2284 1282 2314 de

226 2323 373 2353 Edinbur‹r
388 2347 397 2360 ,
425 2322 548 2352 Linliscu
567 2323 601 2353 &
618 2322 804 2360 Hadington,
829 2331 862 2351 ac
880 2321 1105 2352 Vicecomitibus
1123 2322 1223 2352 nostris
1241 2322 1284 2353 di-

225 2363 341 2392 &orum
355 2347 632 2399 vicecomitatuum
650 2361 681 2390 in
695 2361 847 2398 omnibus,
866 2369 929 2397 quae
943 2359 977 2390 ad
994 2359 1152 2403 custodiam
1167 2370 1282 2391 corum-

224 2400 292 2430 dem
307 2401 464 2438 pertinent,
484 2398 657 2430 intendentes
671 2399 724 2429 fitis
736 2399 768 2430 &
791 2398 1005 2436 respondentes,
1023 2400 1091 2429 sicut
1112 2399 1281 2436 praedic‘tum

221 2439 270 2469 est.

265 2477 299 2508 In
314 2478 408 2516 cujus,
427 2476 491 2518 ὅτε..

261 2553 351 2585 Teste
366 2554 449 2593 Rege
465 2554 538 2592 apud
552 2553 695 2585 Dunolm.
715 2560 742 2591 5.
758 2552 806 2583 die
819 2551 966 2583 Oftobris.

227 2684 285 2715 Pro
302 2682 447 2727 Epiftopis
469 2684 562 2728 Regni
581 2683 701 2722 Scotiae,
728 2679 808 2726 qnod
828 2678 929 2726 poffint
951 2679 1072 2714 condere
1098 2679 1280 2723 testamenta.

227 2765 342 2822 REX
356 2766 506 2805 omnibus,
522 2765 557 2796 ad
574 2775 662 2803 qUOS,
680 2765 740 2796 &a
759 2764 881 2794 salutem.

320 2805 508 2835 Eccleiiarum
527 2803 679 2842 Praelatos,
697 2803 754 2833 Dei
773 2802 940 2842 Ministros,
960 2804 1070 2841 majoris
1085 2803 1214 2834 libertatis
1227 2804 1285 2842 pri-

186 2877 191 2883 ·
231 2843 332 2882 vilegio
351 2846 389 2874 eo
411 2843 540 2874 libentius
560 2843 749 2880 honoramus,
766 2851 825 2879 quo
847 2852 897 2879 per
916 2841 991 2880 hoc,
1011 2841 1085 2880 apud
1105 2841 1220 2880 Deum,
1236 2844 1285 2880 qui

230 2881 257 2912 se
276 2883 304 2911 in
325 2882 376 2912 suis
395 2882 528 2912 honorari
549 2882 647 2912 fatetur
662 2905 672 2919 ,
697 2880 866 2918 ampliorum
886 2881 1003 2918 gratiam
1023 2882 1179 2919 promereri
1196 2880 1286 2919 spera-

231 2930 300 2949 mus.

269 2958 319 2988 Ob
330 2958 410 2996 ipsius
421 2960 514 2996 itaque
527 2957 584 2988 Dei
597 2956 803 2996 omnipotentis
816 2958 1018 2996 reverentiam,
1036 2958 1070 2988 &
1084 2958 1169 2988 totius
1183 2956 1286 2988 Eccle-

231 2996 276 3026 fiae
296 2996 453 3027 Scoticanae
476 2998 634 3035 honorem,
652 2996 853 3034 concedimuS,
871 3005 920 3033 per
940 2997 1103 3034 praesentes,
1120 2997 1197 3034 quod
1219 3005 1285 3026 om-

231 3045 280 3064 nes
294 3033 422 3077 Episcopi
437 3035 533 3074 Regni
547 3036 669 3072 Scotiae,
684 3035 718 3065 δε
740 3044 840 3064 eorum
860 3034 1056 3072 Successores,
1071 3035 1107 3064 de
1128 3035 1211 3064 bonis
1232 3034 1286 3064 suis

231 3073 319 3102 libere
341 3073 459 3110 possint,
485 3074 520 3103 de
543 3082 664 3110 caetero,
688 3073 733 3103 sua
753 3072 878 3103 condere
896 3073 1077 3109 testamenta,
1094 3073 1128 3103 &
1148 3071 1284 3110 eandem,

232 3111 324 3146 quoad
341 3111 416 3147 hoc,
431 3111 550 3141 habeant
564 3112 737 3149 libertatem,
758 3121 842 3148 quam
861 3111 1075 3149 Archiepiscopi
1094 3111 1128 3142 &
1150 3109 1283 3149 Episcopi

232 3148 331 3217 Rtlffgni
346 3148 460 3217 Anglicgec
466 3149 587 3188 habent,
604 3150 637 3181 ὅ(
650 3149 785 3180 hactenus
797 3149 961 3180 habuerunt.

283 3197 302 3217 n
316 3197 410 3225 cujus,
462 3197 488 3217 c.

265 3262 355 3293 Teste
367 3262 449 3302 Rege
463 3263 537 3301 apud
553 3262 745 3302 Denelmum,
762 3264 863 3303 quinto
876 3263 922 3294 die
936 3262 1083 3294 Oc'tobris.

232 3389 280 3422 De
306 3389 420 3423 Vexillo
442 3389 546 3421 Sanfli
568 3386 722 3435 Johannis
746 3387 782 3421 de
801 3389 958 3421 Beverlaco
970 3412 980 3429 ,
1006 3390 1037 3419 in
1051 3389 1170 3420 Guerra
1186 3391 1285 3424 Scotiae

681 3435 840 3483 deportate.

85 3528 161 3559 Αῃῃ,
175 3528 217 3561 D·
235 3520 347 3578 REX
361 3521 469 3553 dileeto
483 3522 516 3553 ὃς
532 3521 606 3552 fideli
628 3522 694 3561 suo,
710 3520 834 3559 Johanni
855 3520 891 3550 de
911 3520 1058 3551 &Varenna
1077 3518 1190 3551 Comiti
1209 3520 1284 3552 Surr.

86 3570 205 3642 ,4³95ss

88 3648 118 3670 E.
142 3653 163 3672 r.

89 3685 147 3709 Par.
162 3691 209 3716 ²4-

90 3723 119 3747 Ξ.
141 3729 163 3746 1.
184 3728 221 3746 m.

309 3559 429 3591 Custodi
440 3560 489 3591 suo
502 3560 640 3600 Regni&
654 3561 754 3592 Terrae
767 3559 888 3597 scotiae,
906 3559 1028 3590 salutem.

273 3595 352 3627 Cum
371 3609 439 3635 nos,
452 3601 493 3629 ob
513 3599 696 3630 reverentiam
717 3598 957 3636 SanffiJohannis
970 3598 1006 3628 de
1021 3596 1191 3635 Beverlaco,
1209 3596 1285 3627 Glo-

238 3634 301 3663 riosi
327 3634 501 3667 Confefforis
520 3636 648 3675 Christi,
679 3636 899 3667 concess‘erimus
919 3636 1024 3666 diledm
1045 3635 1163 3666 Clerico
1185 3635 1286 3666 nostro

240 3671 371 3703 Gilbcrto
384 3675 419 3704 de
432 3674 641 3714 Grymmesby,
660 3677 708 3713 qui
722 3675 853 3704 vexillum
867 3673 986 3712 ejusdem
1001 3674 1095 3704 Saneti
1114 3674 1148 3704 ad
1169 3683 1222 3703 nos
1241 3683 1287 3704 us-

240 3719 295 3752 que
310 3719 394 3746 partes
408 3713 510 3743 Scotiae
523 3713 637 3751 detulit,
654 3714 688 3744 &
703 3711 808 3742 ibidem
823 3712 859 3742 de
873 3721 1016 3750 praecepto
1030 3711 1129 3742 nostro
1144 3721 1213 3742 cum
1238 3722 1287 3743 ve-

239 3747 306 3776 xillo
330 3748 391 3789 illo,
405 3749 519 3780 durante
555 3751 632 3782 uerra
650 3749 747 3782 nostra
768 3750 889 3788 Scotiae,
911 3761 1023 3781 moram
1043 3751 1129 3788 fecit,
1147 3749 1286 3788 quandam

240 3783 412 3824 Ecclesiam,
425 3790 453 3817 vi
474 3790 523 3818 inti
581 3799 706 3820 arcarum
729 3788 774 3818 vel
796 3788 945 3818 Librarum
960 3789 1087 3820 valorem
1103 3798 1229 3818 annuum
1247 3797 1288 3818 at-

240 3823 395 3866 tingentem
404 3847 413 3861 ,
427 3835 442 3854 a
473 3826 599 3857 nostram
612 3828 795 3860 donationem
809 3826 978 3864 spectantem
987 3828 1037 3865 ,&
1052 3828 1082 3857 in
1095 3825 1202 3865 Regno
1217 3826 1290 3857 Sco-

239 3868 287 3890 tiae
303 3862 432 3897 proximo
445 3873 601 3895 vacaturam
609 3888 618 3903 ,

278 3897 367 3941 Vobis
380 3900 538 3942 mandamus
547 3927 556 3939 ,
570 3904 648 3940 quod
660 3903 767 3941 prefato
783 3902 950 3940 Gileberto,
967 3903 1003 3933 de
1016 3901 1174 3941 hujusmodi
1187 3901 1289 3932 Eccle-

242 3934 300 3979 fifia,
315 3946 344 3965 ¹1¹
364 3937 498 3979 Praedreto
519 3939 624 3978 Regno
645 3942 766 3979 Scotiae,
782 3941 924 3978 provideri
936 3941 1057 3980 faciatis,
1074 3941 1288 3979 quamprimum

242 3973 277 4003 ad
294 3974 321 4003 id
336 3974 466 4011 optulerit
479 3976 505 4005 se
517 3976 637 4008 facultas.
707 3988 709 3991 ⁴
1051 4003 1054 4007 .

276 4040 364 4073 Teste
377 4041 458 4082 Rege
474 4043 546 4081 apud
563 4044 705 4079 Kirkham
719 4056 762 4087 13-
779 4047 826 4077 die
839 4047 984 4079 Octobris·

682 141 1902 197 CONVENT·10NES,‚L1TERAE

80 243 206 277 Ann.D.
222 245 368 275 decentius
381 242 440 272 fieri
452 241 571 278 poterit,
589 238 758 274 collocatos,
776 236 809 267 &
823 235 950 266 ardentes
970 234 1080 274 singulis
1100 233 1282 278 Dominicis,

107 284 191 321 1296.
224 285 257 315 δε
273 281 479 320 Apostolorum
489 279 538 316 ‚&
552 278 608 307 aliis
623 276 769 319 praecipuis
782 273 1005 321 Festivitatibus,
1024 271 1281 319 quamdiu-Miliare,

76 325 143 350 Erlv.
165 331 187 350 ι.
223 323 253 352 in
266 320 400 358 prtedic'to
416 318 507 354 altari,
526 317 559 346 &
574 315 734 351 Matutma,
748 312 794 342 vel
807 312 860 342 aha
881 313 954 342 hora
972 311 1139 348 Canonica,
1156 320 1187 339 in
1207 319 1281 347 prae-

2341 234 2344 238 ,
2399 204 2481 256 Anns
2490 225 2534 258 D.
2552 227 2567 257 '.

2422 265 2508 304 1296.

1353 314 1458 344 Litcra
1475 309 1511 342 de
1529 309 1686 350 Credentia
1697 337 1706 353 ,
1725 309 1817 356 super
1832 313 1943 356 negotio
1961 310 2152 356 Treugarum
2165 336 2176 352 ,
2190 311 2259 351 five
2279 314 2353 345 Pace

1662 371 1730 392 cnm
1753 367 1829 404 [rege
1848 361 2047 392 Francorum.

1324 441 1439 500 REX
1458 443 1664 474 venerabilibus
1685 443 1834 481 Patribus,
1857 442 2004 481 Praelatis,
2028 444 2062 474 ὃς
2084 443 2156 474 Viris
2175 444 2386 484 spestabilibus,
2399 426 2513 489 {34⁷¹}25'

1397 480 1579 520 ComitibuS,
1604 480 1777 521 Baronibus,
1801 483 1835 513 δε
1855 482 1912 511 aliis
1935 481 2176 520 quibuscumque,
2202 493 2251 521 per
2268 483 2381 521 Regem
2399 484 2444 526 R„
2470 483 2532 528 {Ale-
2560 514 2565 518 .

1325 516 1528 549 Romanorum
1542 519 1697 558 illustrem,
1713 520 1748 550 ad
1761 521 1935 558 praesentiam
1954 521 2160 551 venerabilium
2181 521 2295 553 Patrum
2401 522 2460 565 mas}
2485 549 2500 566 2

1324 557 1472 586 minorum
1486 557 1518 588 Β.
1536 558 1715 596 Albanenfis,
1734 560 1767 589 &
1786 558 1815 588 S.
1834 557 2008 596 Penestrini,
2026 558 2083 588 Dei
2105 559 2208 598 gratini,
2224 559 2384 600 Episcopo·
2398 579 2419 603 Ε
2442 547 2534 604 1'm5'

1326 604 1407 632 rum,
1425 595 1538 626 Sanitae
1550 595 1694 626 Romanae
1713 595 1847 627 Ecclesiae
1869 596 2081 635 Cardinalium,
2098 598 2331 638 transmittendis,
2348 600 2384 631 ad
2403 597 2436 641 ιζ
2459 597 2483 642 ‘d
2509 598 2517 604 ”

1324 633 1504 675 trad-tandum
1523 634 1561 664 de
1577 636 1696 673 negotio
1716 643 1776 665 treu
1796 645 1893 673 arum,
1910 634 2095 674 sufferentiae,
2113 635 2169 666 sive
2190 638 2282 674 pacis,
2303 638 2384 676 super
2440 635 2446 641 ’
2486 636 2491 642 “

1324 670 1553 711 distentionibus,
1571 673 1643 703 inter
1661 673 1752 710 ipsum
1804 683 1886 713 egem
1908 673 2110 704 Romanorum
2131 675 2165 705 &
2188 684 2241 704 nos
2253 684 2288 704 ex
2308 685 2386 713 parte

1325 709 1401 747 una,
1416 711 1449 740 ὃς
1468 711 1582 751 Regem
1602 711 1777 749 Francorum
1797 721 1832 742 ex
1852 711 1937 752 altera
1955 711 2063 743 dudum
2083 714 2203 751 exortis,
2220 713 2335 745 salutem
2356 716 2388 746 in

1326 750 1460 778 omniurn
1477 749 1620 780 salvatore.

1365 785 1496 817 Dilectos
1515 788 1549 818 ὅ(
1565 787 1661 818 fideles
1680 787 1810 825 nostros,
1824 787 1876 818 W.
1896 787 2123 820 Coventrensem
2147 791 2181 822 δε
2205 790 2388 822 Lichfelden-

1327 824 1386 854 sem
1399 824 1546 864 Electum,
1565 825 1600 855 A.
1619 825 1770 857 Comitem
1783 826 1950 865 Sabaudiae,
1968 826 2111 858 Ottonem
2123 828 2160 859 dc
2173 829 2369 860 Grandiffmo
2378 852 2388 868 ,

1326 863 1487 903 Hugonem
1507 864 1534 894 le
1556 863 1728 902 Despenser,
1749 865 1782 895 &
1800 864 1963 902 johannem
1982 864 2018 895 de
2040 865 2191 905 Berewyk,
2218 868 2387 899 exhibitores

1327 903 1526 940 presentium,
1546 902 1624 940 super
1638 903 1777 943 praedicto
1793 903 1913 939 negotio
1954 904 2026 942 acis,
2043 911 2221 943 treugarum,
2235 906 2280 936 seu
2302 906 2388 938 suffe-

1326 942 1440 978 rentiae,
1458 940 1492 970 ad
1505 942 1683 978 praesentiam
1698 941 1902 979 ptaedidtorum
1914 913 2108 972 (ilardinalium
2121 942 2288 974 destinantes

1317 1008 1319 1011 .
1365 979 1384 998 '¹¹‘
1402 979 1464 1021 Vos
1478 980 1646 1017 requirimus
1661 980 1695 1010 ὃς
1715 988 1845 1019 rogamus
1867 981 1994 1018 quatinus
2013 981 2081 1019 hiis,
2100 991 2164 1019 qua:
2187 980 2256 1016 dieti
2274 968 2528 1017 Ix’funcii‘II-733·

1325 1017 1430 1056 nostri,
1448 1017 1493 1048 seu
1510 1027 1646 1056 quatuor,
1661 1027 1709 1049 aut
1721 1027 1776 1048 tres
1791 1028 1908 1056 eorum,
1926 1018 1971 1049 vel
1993 1018 2068 1057 duo,
2086 1020 2167 1050 vobis
2187 1029 2221 1050 ex
2237 1029 2313 1060 parte
2332 1032 2389 1053 no-

1329 1055 1386 1086 stra
1398 1066 1472 1086 voce
1488 1064 1568 1087 tenus
1583 1057 1612 1086 in
1627 1056 1772 1095 praemiffis
1783 1065 1925 1094 exponent
1933 1080 1943 1095 ,
1960 1055 2048 1087 fidem
2059 1058 2150 1089 velitis
2161 1057 2305 1090 indubiam
2311 1059 2391 1091 adhi-

1325 1095 1410 1133 bere,
1427 1096 1461 1126 &
1474 1105 1507 1125 ea
1521 1095 1655 1133 operibus
1668 1094 1831 1139 adimplere.
2278 1118 2281 1121 .

1365 1171 1433 1203 Dat.
1452 1171 1526 1209 apud
1540 1171 1680 1203 Sanctum
1694 1171 1880 1203 Edmundum
1895 1182 1943 1203 21.
1962 1172 2008 1203 die
2022 1172 2207 1204 Novembris.

1575 1301 1649 1345 Regi
1667 1292 1871 1332 Romanorum
1883 1326 1893 1342 ,
1917 1298 1953 1333 de
1970 1298 2140 1333 credentia.

1327 1384 1622 1445 EXcellentiffirno
1645 1384 1788 1429 Brincipi,
1807 1384 1942 1415 Domino
1965 1384 2001 1414 A.
2022 1383 2080 1428 Dei
2098 1384 2302 1431 gratifiQRegi
2321 1385 2388 1432 Ro-
2402 1381 2531 1414 Ann.D.

1405 1433 1559 1454 manorum
1572 1423 1686 1462 illustri,
1703 1423 1811 1461 semper
1824 1423 1972 1463 Augusto,
1990 1433 2085 1454 amico
2098 1428 2147 1455 iuo
2161 1424 2388 1461 cariffim0,}2d-
2422 1424 2506 1460 1296.

1324 1461 1453 1504 wardus,
1471 1462 1572 1518 eadem
1584 1461 1688 1501 gratia,
1704 1462 1836 1501 salutem,
1851 1471 1919 1492 cum
1934 1462 2051 1492 honoris
2074 1464 2107 1494 δε
2129 1463 2226 1502 gloriae
2243 1463 2387 1495 foelicibus
2400 1463 2512 1526 *gn-¹25-

1324 1508 1562 1570 mclgemsidglitate
1582 1539 1616 1570 &
1633 1537 1770 1569 industria
1783 1538 1955 1570 dilectorum
1970 1539 2003 1570 δε
2017 1520 2142 1570 fidelium
2154 1539 2320 1573 nostrorum
2332 1540 2386 1571 W.
2398 1519 2452 1563 Rait.
2468 1520 2530 1566 'Ale-

1322 1576 1524 1609 Coventrensis
1539 1579 1571 1609 δε
1590 1576 1799 1618 Lychfeldenfis
1820 1577 1911 1608 Electi
1948 1577 1982 1607 A.
2001 1576 2126 1608 Comitis
2148 1577 2310 1617 Sabaudiae,
2327 1578 2384 1609 Ot—
2398 1584 2468 1602 man.
2486 1585 2533 1612 25·

1321 1617 1396 1646 tonis
1417 1616 1452 1648 de
1474 1616 1688 1656 Grandissono,
1705 1615 1839 1660 Hugonis
1859 1617 1886 1646 le
1907 1600 2068 1660 ssffpenser,
2086 1615 2267 1660 &Joha'nnis
2281 1617 2318 1647 de
2331 1617 2385 1648 Be-
2398 1617 2427 1640 Ε·
2446 1623 2469 1641 ¹·
2484 1625 2521 1642 m-

1320 1655 1454 1696 rewyck,
1472 1656 1664 1686 exhibitorum
1705 1655 1879 1700 razsenuurn,
1897 1653 2234 1700 fiduciaevplenitudinem
2253 1656 2385 1687 obtinen-
2402 1654 2444 1680 ¹6·
2459 1652 2486 1679 d-

1321 1693 1876 1763 {3215ssiriiffiffasssslizfflffiff'ss
1891 1693 1997 1732 ³¹⁶⁸¹⁸²
2015 1693 2089 1731 ¹ps⁰⁵
2111 1694 2146 1725 ²²⁶¹
2165 1693 2290 1725 vest‘am
2310 1705 2384 1733 prae-

1359 1757 1565 1802 Excellentiam
1580 1770 1702 1810 Regiam
1717 1754 1912 1808 deprecantes,
1925 1778 2059 1809 quatenus
2073 1780 2122 1809 ea,
2135 1779 2198 1810 quse
2212 1762 2281 1802 dieti
2296 1771 2386 1802 Nun-

1302 1846 1305 1847 ,
1324 1810 1360 1839 cii
1377 1809 1482 1849 nostri,
1501 1811 1546 1841 seu
1562 1819 1699 1848 quatuor,
1716 1818 1764 1840 aut
1777 1819 1832 1840 tres
1843 1818 1962 1848 eorum,
1979 1809 2026 1840 vel
2039 1808 2115 1847 duo,
2133 1818 2166 1839 ex
2183 1818 2260 1847 parte
2272 1810 2385 1848 nostra,

1324 1846 1488 1879 Celsitudini
1508 1847 1610 1879 vestrae
1629 1847 1809 1886 expresserint
1826 1847 1894 1877 viva
1916 1857 2006 1885 voce,
2026 1847 2130 1886 velitis,
2148 1847 2168 1878 fi
2180 1848 2288 1888 placet,
2303 1848 2386 1879 indu-

1324 1887 1469 1917 bitabiliter
1483 1887 1616 1925 credere,
1632 1887 1665 1917 &
1680 1885 1865 1917 affet‘tualiter
1878 1884 2040 1924 adimplere.

1361 1962 1430 1994 Dat.
1447 1963 1521 2005 apud
1537 1963 1676 1995 San6tum
1689 1961 1875 1994 Edmundum
1889 1972 1937 1993 21.
1951 1962 1997 1993 die
2011 1961 2208 2002 Novembris,
2225 1972 2301 1994 anno
2317 1970 2364 2003 25.

1372 2085 1499 2131 Potestas
1513 2086 1587 2121 data
1606 2089 1736 2120 Nunciis
1755 2086 1798 2120 ad
1815 2086 2075 2131 confoederandum
2091 2099 2161 2120 cum
2184 2085 2345 2121 Nobilibus

1573 2135 1752 2183 Burgundiae
1766 2139 1802 2174 ω’-
1820 2136 1889 2168 aliis
1905 2133 2138 2182 quibuscunque.

1325 2221 1447 2293 'REX
1461 2221 1611 2257 omnibus,
1629 2221 1665 2252 ad
1682 2231 1771 2260 quos,
1789 2221 1851 2252 &c.
1871 2220 1994 2251 salutem.
2400 2229 2475 2260 Αῃῃ,
2488 2231 2520 2261 D

1425 2259 1553 2291 Noverit
1567 2260 1744 2291 Univeriitas
1757 2259 1864 2296 vestra,
1880 2260 1957 2297 quod
1971 2258 2006 2290 ad
2025 2259 2204 2291 tractandum
2226 2270 2293 2291 cum
2313 2260 2383 2292 No-
2420 2270 2505 2308 1295,
2521 2256 2528 2263 ’
2560 2270 2564 2275 ”

1325 2297 1426 2329 bilibus
1440 2298 1604 2329 Comitatus
1620 2300 1652 2329 &
1666 2307 1748 2329 terrae
1764 2297 1953 2336 Burgundiae,
1971 2299 2005 2329 ὃ(
2021 2298 2078 2328 aliis
2093 2299 2215 2336 personis
2236 2309 2269 2329 ac
2290 2298 2384 2330 Com·
2399 2313 2450 2336 An.
2471 2318 2516 2344 ²5·

1323 2338 1507 2367 munitatibus
1525 2337 1766 2375 quibuscumque,
1780 2336 1814 2367 ὃς
1835 2335 2053 2374 undecumque,
2073 2337 2110 2367 de
2132 2337 2383 2369 confoederationis
2398 2351 2427 2376 E.
2451 2357 2474 2374 ι,

1325 2376 1358 2405 &
1373 2376 1506 2405 amiciti-x
1520 2375 1636 2406 vinculo
1650 2375 1774 2412 speciali:
1793 2375 1827 2405 &
1839 2375 1946 2404 easdem
1960 2374 2236 2406 confoederationem
2258 2377 2292 2407 &
2314 2378 2384 2407 ami·
2397 2390 2454 2413 Rot.
2468 2385 2531 2412 Ate-

1323 2414 1419 2443 citiam
1434 2415 1505 2444 inter
1520 2424 1571 2444 nos
1587 2415 1619 2445 &
1635 2414 1706 2451 ipsos
1720 2413 1876 2443 ineundum
1893 2413 1925 2443 δε
1939 2412 2124 2443 firmandum:
2141 2414 2233 2451 &per
2242 2415 2386 2452 juramen-
2399 2433 2467 2451 man.
2483 2431 2531 2458 25,

1323 2461 1387 2482 turn
1396 2474 1406 2490 ,
1423 2453 1452 2481 in
1464 2454 1590 2482 animam
1603 2451 1729 2482 nostram
1743 2451 1949 2490 praestandum,
1966 2451 1998 2482 &
2012 2461 2109 2490 poenae
2123 2453 2329 2490 appositionem
2343 2463 2385 2484 as-
2398 2466 2429 2489 E.
2448 2472 2471 2490 ι,
2485 2471 2525 2489 m,

1324 2489 1511 2522 securandum
1527 2491 1560 2521 &
1576 2489 1788 2527 roborandum,
2403 2509 2447 2536 15-

1359 2528 1481 2559 Dfleffls
1502 2530 1536 2560 &
1558 2528 1684 2559 fidelibus
1704 2528 1822 2566 nostris,
1845 2527 1978 2558 Waltero
1995 2526 2184 2559 Coventrenfi
2203 2530 2238 2561 &
2258 2530 2402 2562 Lichfel-·

1324 2567 1401 2597 densi
1413 2567 1516 2598 Eleeto
1550 2567 1738 2598 Thesaurario
1752 2566 1867 2597 nostro:
1887 2568 1922 2597 A.
1937 2566 2049 2598 Comiti
2062 2566 2205 2598 Sabaudiae
2217 2569 2387 2606 consangui-

1324 2615 1382 2637 neo
1402 2606 1502 2636 nostro
1522 2591 1681 2636 i<ariffimox
1701 2605 1806 2636 Ottoni
1827 2604 1863 2635 de
1883 2604 2095 2644 Grandiffono,
2121 2605 2243 2645 Hugoni
2263 2608 2288 2638 le
2309 2607 2386 2639 Des-

1324 2644 1438 2682 penset,
1463 2643 1616 2675 Militibus:
1638 2645 1672 2675 &
1689 2644 1815 2683 Johanni
1835 2643 1871 2673 de
1893 2643 2038 2675 Berewico
2059 2643 2214 2675 Canonico
2238 2644 2387 2685 Eborum;

1325 2683 1373 2713 vel
1387 2690 1526 2721 quatuor,
1543 2691 1590 2714 aut
1602 2683 1690 2713 tribus
1706 2682 1828 2722 ipsorum
1844 2682 1875 2719 (si
1891 2692 1978 2720 unuS,
1996 2682 2041 2711 vel
2063 2682 2122 2712 duo
2142 2691 2176 2712 ex
2198 2683 2262 2721 ipsis
2281 2685 2386 2714 fuerint

1324 2721 1459 2788 abfientes)
1481 2722 1592 2759 plenam
1611 2722 1712 2752 damus
1738 2721 1773 2752 &
1788 2720 1988 2758 concedimus,
2006 2729 2105 2750 tenore
2117 2721 2311 2760 praesentium,
2330 2733 2385 2760 po-

1326 2768 1354 2790 te
1380 2768 1469 2790 atem:
2255 2785 2257 2788 Α

1365 2797 1474 2828 Ratum
1495 2798 1612 2828 habituri
1634 2797 1667 2827 &
1690 2796 1807 2827 firmum
1831 2796 1965 2834 quicquid
1988 2805 2038 2833 per
2050 2795 2218 2836 praedic'tos‚
2235 2797 2385 2838 Eleftum,

1329 2835 1496 2874 Comitem,
1515 2836 1637 2874 Milites,
1655 2845 1688 2865 ac
1703 2834 1903 2872 Canonicum,
1921 2833 1966 2864 vel
1982 2842 2117 2872 quatuor,
2135 2844 2182 2866 aut
2196 2845 2249 2866 tres
2263 2846 2384 2875 eorum,

1328 2883 1359 2906 ut
1371 2875 1539 2914 praedietum
1559 2874 1618 2911 est,
1636 2873 1802 2916 metatum,
1820 2874 1938 2911 initum,
1956 2871 2115 2912 firmatum,
2132 2874 2165 2904 &
2186 2874 2387 2915 assecuratum,

1327 2923 1361 2944 ac
1376 2913 1482 2943 frictum
1497 2913 1579 2943 fuerit
1592 2913 1621 2942 in
1635 2912 1789 2950 praemissis.

1365 2950 1419 2989 Et,
1438 2951 1471 2981 ad
1485 2961 1516 2981 ea
1529 2952 1629 2982 omnia
1640 2949 1756 2981 fideliter
1767 2949 1956 2988 observanda,
1975 2959 2045 2989 nos,
2062 2951 2097 2982 ὃς
2113 2952 2211 2982 omnia
2228 2952 2305 2983 bona
2327 2962 2383 2983 no-

1327 2989 1380 3020 stra
1392 2990 1541 3028 specialiter
1553 2989 1720 3029 obligamus.

1366 3029 1400 3059 ln
1418 3030 1511 3067 cujus,
1529 3028 1589 3059 &c.

1363 3105 1434 3136 Dat.
1451 3104 1524 3143 apud
1539 3104 1675 3135 Sanstum
1689 3102 1877 3134 Edmundum
1892 3113 1939 3134 21.
1957 3102 2004 3134 die
2019 3103 2208 3137 Novembris.

1365 3182 1555 3213 Consimilem
1575 3180 1742 3219 potestatem
1758 3203 1767 3219 ,
1792 3179 1827 3210 dc
1846 3181 1935 3212 verbo
1954 3180 1988 3211 ad
2008 3181 2146 3219 verbum,
2170 3182 2276 3213 habent
2294 3181 2380 3213 iidem

1327 3221 1440 3252 Nuncii
1453 3231 1502 3258 per
1517 3221 1599 3250 aliam
1611 3220 1731 3250 litteram
1748 3227 1889 3258 patentem
1898 3242 1907 3258 ,
1921 3219 2034 3257 excepta
2050 3219 2168 3251 clausula
2181 3220 2217 3251 de
2231 3221 2382 3261 obligatio-

1329 3270 1366 3290 ne
1377 3260 1541 3296 bonorum,
1559 3258 1619 3288 &c.
2062 3282 2065 3284 .

1366 3335 1435 3366 Dat.
1453 3344 1484 3366 ut
1498 3335 1584 3373 supra.

1562 3459 1668 3490 Litera
1684 3457 1816 3504 ejusdem
1831 3470 1899 3491 cum
1912 3461 2012 3504 priore
2026 3463 2143 3492 tenoris.

1392 3542 1449 3574 EX
1465 3542 1599 3573 omnibus
1612 3542 1647 3572 ad
1663 3552 1752 3582 quoS,
1771 3543 1832 3575 &c.
1851 3543 1973 3574 salutem.
2360 3579 2366 3584 ¹
2397 3549 2525 3582 Amfl),
2557 3544 2559 3547 ’

1431 3581 1558 3611 Noverit
1571 3580 1743 3611 Universitas
1758 3581 1848 3612 vestra
1860 3583 1955 3620 quod,
1973 3580 2007 3612 ad
2029 3580 2208 3612 maritandum
2229 3589 2298 3611 cum
2319 3588 2381 3618 qm·
2416 3590 2500 3628 1295·

1330 3621 1506 3657 buscumque
1521 3619 1695 3657 Nobilibus,
1712 3621 1745 3651 &
1761 3620 1817 3650 aliis
1829 3620 1970 3658 personis,
1989 3619 2190 3657 cujuscumque
2202 3618 2317 3655 Regni,
2333 3617 2379 3647 seu
2396 3634 2447 3656 An.
2463 3636 2511 3662 25,

1330 3668 1410 3689 terrae
1421 3681 1430 3695 ‚
1444 3657 1546 3696 statuS,
1563 3657 1719 3696 dignitatis,
1737 3659 1783 3688 seu
1799 3657 1968 3688 conditionis
1983 3656 2113 3688 existant:
2132 3667 2165 3687 ac
2179 3656 2380 3688 Communita—
2396 3670 2424 3693 E.
2447 3675 2471 3692 ,-

1330 3697 1404 3727 tibus
1417 3697 1451 3727 &
1464 3695 1702 3726 Univerfitatibus
1720 3697 1961 3734 quibuscumque,
1979 3696 2016 3726 de
2033 3695 2280 3726 confoederationis
2297 3694 2336 3736 &¹
2350 3703 2380 3724 a·
2397 3703 2500 3732 widem,

1331 3736 1446 3765 micitiae
1467 3734 1584 3764 vinculo
1606 3734 1730 3772 speciali:
1750 3735 1784 3765 &
1808 3734 1914 3765 easdem
1932 3734 2208 3764 confoederationem
2229 3732 2264 3762 &
2282 3733 2380 3762 amici-

1331 3774 1401 3804 tiam
1413 3774 1484 3803 inter
1499 3782 1551 3802 nos
1565 3772 1598 3802 ὃς
1615 3773 1687 3811 ipsos
1701 3772 1876 3811 ineundum,
1893 3773 1927 3804 δε
1939 3772 2127 3809 firmandum,
2141 3769 2199 3805 &a
2215 3776 2247 3798 ut
2253 3768 2348 3808 supra.

1368 3847 1557 3879 Confimilem
1571 3848 1738 3888 potestatem
1750 3849 1854 3879 habent
1866 3848 1951 3878 iidem
1966 3847 2093 3883 Nuneii,
2110 3844 2147 3875 de
2160 3845 2252 3876 verbo
2265 3846 2299 3876 ad
2318 3857 2382 3877 ver-

1332 3889 1418 3925 bum,
1435 3896 1484 3924 per
1497 3887 1579 3917 aliam
1593 3887 1712 3918 litteram
1724 3895 1884 3926 patentem,
1900 3885 2018 3923 excepta
2029 3883 2147 3915 clausula
2160 3882 2196 3914 de
2209 3884 2382 3924 obligatione

1331 3927 1493 3963 bonorum,
1510 3925 1570 3955 &c.

1367 4000 1435 4032 Dat.
1453 4008 1484 4032 ut
1499 4001 1585 4039 supra.

2299 4079 2388 4108 *Ρο-

2401 305 2469 331 Edv„
2490 314 2515 331 1.
2563 333 2566 336 Δ
