2570 4261
710 172 822 219 ET
905 179 1170 220 ACTA

0 275 55 297 inn.
68 263 110 295 D.
128 265 185 303 eti,
203 265 370 296 authoritate
391 272 507 302 quoque
523 263 673 293 beatorum
696 262 772 294 Petri
794 264 828 294 ὃς
844 263 923 294 Pauli
938 264 1186 307 Apostolorum-e-

2 310 84 342 1215.
123 305 185 343 jus,
201 314 233 335 ac
249 304 359 341 nostra,
378 302 497 333 Barones
510 301 621 341 Angliae
635 311 704 331 cum
718 301 888 340 adjutoribus
903 304 936 334 δε
950 304 1101 334 fautoribus
1115 302 1184 339 suis,

128 343 177 380 qui
188 342 351 380 johannem
364 340 498 377 illustrem
512 339 627 378 Regem
642 339 801 379 Anglorurn
817 350 903 371 cmce
915 342 1052 380 signatum
1066 342 1099 372 &
1115 340 1186 370 Vas-

128 381 224 411 sallum
240 381 382 410 Romanae
397 376 534 408 Ecciefiae
549 377 751 416 persequuntur
766 390 775 416 3
802 379 948 409 molientes
963 382 988 409 ei
1004 389 1123 419 regnum
1135 389 1183 409 au-

130 419 203 450 ferre
234 418 311 456 quod
325 417 359 447 ad
373 416 539 446 Romanam
552 415 707 446 Ecclesiam
721 416 892 456 dignoscitur
906 419 1050 455 pertinere.

169 443 283 494 Insuper
303 454 584 485 excommunicamus
606 455 639 485 &
652 454 907 486 anathematisamus
923 466 1024 486 omnes
1039 456 1119 493 illos,
1138 455 1187 492 qui

132 495 167 527 ad
179 492 377 532 occupandum
395 493 440 523 vel
452 491 643 522 invadendum
656 502 776 532 regnum
791 493 896 532 ipsum,
914 503 960 525 aut
974 493 1186 532 impediendum

133 541 230 564 euntes
247 533 276 561 in
297 530 420 581 ejusdem
441 531 529 570 Regis
543 530 724 569 succursum,
745 541 862 569 operam
882 533 928 563 vel
941 543 1029 571 opem
1041 531 1187 570 impende-

131 579 205 603 runt.

132 608 210 679 dblilt
233 616 318 639 terras
342 607 499 639 eorundem
527 607 671 638 Baronum
697 608 883 640 ecclesiastico
915 609 1075 649 subjicimus
1104 610 1189 639 inter-

154 658 163 678 i
191 657 220 678 o.

173 685 201 716 A
240 695 368 717 ravamus
382 686 466 715 etiarn
481 686 510 714 in
524 683 637 715 eosdem
651 685 749 716 fortius
765 695 861 716 manus
876 685 1000 724 nostras,
1020 687 1039 716 si
1053 696 1106 716 nec
1121 685 1157 715 sic
1172 695 1188 715 a

135 723 186 756 suo
220 724 354 755 estiterint
369 724 467 761 iniquo
483 723 644 761 proposito,
663 732 730 753 cum
746 725 774 754 in
788 725 841 755 liae
858 733 933 762 parte
954 726 1058 763 pejores
1074 725 1125 754 sint
1139 723 1188 753 Sa-

135 764 263 794 racenis:
284 763 496 800 Decernentes,
515 770 546 792 ut
566 761 586 791 si
609 762 668 800 quis
692 761 821 792 Clericus
844 763 1032 802 cujuscunque
1051 763 1189 802 dignitatis

136 810 183 832 aut
198 801 321 841 ordinis,
339 800 484 839 praedi&as
499 801 802 832 excommunicationis
821 810 867 832 aut
887 802 1026 833 interdicti
1047 801 1191 832 sententias

137 841 241 872 violare
255 840 373 879 praesum
394 839 473 877 serit,
492 839 671 869 anathematis
686 839 713 869 se
727 839 792 869 sciat
806 849 945 870 mucrone
959 839 1136 879 percussum:
1155 836 1193 866 Et

136 880 167 947 gi
186 880 351 917 quantocius
380 877 523 916 efipuerit‚
542 878 561 897 ²*
580 878 616 908 ab
631 879 711 908 omni
727 877 827 908 officio
842 879 875 910 ὃς
895 879 1035 910 beneficio
1048 878 1195 914 deponen-

158 927 217 947 um.

177 956 325 993 Quocirca
344 953 504 985 discretioni
526 953 628 985 vestra:
641 977 650 993 ‚
668 963 719 992 per
732 953 899 993 Apostolica
913 955 1010 993 scripta
1030 952 1196 995 praecipien-

138 994 195 1032 do,
215 993 380 1024 mandamus
394 1001 528 1032 quatenus
543 1003 591 1031 per
605 1002 696 1023 totam
713 993 843 1033 Angliam
857 993 999 1032 publicare
1013 993 1115 1034 faciatis
1140 998 1195 1033 'rae-

138 1032 258 1070 scripta:
291 1031 445 1070 eademque
473 1032 576 1062 faciatis
596 1032 761 1062 authoritate
781 1032 876 1062 nostra
888 1056 898 1070 ‚
923 1031 1029 1062 sublato
1050 1028 1128 1072 cujus
1139 1029 1197 1058 ibet

138 1069 310 1102 conditionis
324 1071 358 1101 &
370 1069 560 1109 appellationis
574 1069 740 1108 obstaculo,
756 1070 955 1101 inviolabiliter
967 1067 1115 1099 observari.

176 1107 320 1140 Volumus
334 1108 419 1139 etiam
435 1108 619 1139 nihilominus
633 1109 666 1140 &
681 1108 864 1146 mandamus,
880 1115 913 1138 ut
926 1105 1061 1150 quosdam
1077 1104 1198 1136 Barones

140 1147 271 1188 Angliae,
289 1157 360 1186 quos
373 1147 537 1178 venerabilis
550 1147 632 1177 frater
645 1147 741 1177 noster
754 1146 961 1176 Wintonieniis
974 1144 1147 1187 Episcopu8‚
1165 1145 1199 1175 &

139 1185 237 1217 dilecti
251 1186 299 1216 filii
314 1186 409 1217 Abbas
424 1185 460 1216 de
473 1185 604 1225 Reding,
622 1183 800 1224 &Magister
811 1182 991 1222 Pandulphus
1004 1182 1200 1227 Subdiaconus

141 1226 175 1256 &
189 1224 327 1255 familiaris
341 1223 453 1263 noster‚
469 1224 586 1264 delegati
600 1234 615 1254 a
629 1223 726 1260 nobis,
745 1223 1012 1252 excommunicatos
1024 1221 1202 1265 personaliter

141 1264 378 1301 nominaverunt,
387 1264 451 1301 quia
465 1263 534 1300 ipsos
544 1264 572 1292 in
580 1260 687 1304 praescri
708 1261 741 1290 tis
755 1260 905 1298 culpabiles
913 1261 1080 1290 invenerunt
1089 1259 1203 1297 ‚videli-

143 1309 207 1340 cet,
230 1302 304 1332 cives
317 1301 380 1332 illos
393 1299 601 1337 Londinenses‚
624 1308 672 1336 qui

0 885 117 913 'I.212.

717 1306 799 1328 erunt
812 1298 976 1336 principales
991 1299 1203 1336 praenominat-:e

181 1340 326 1370 rversitatis
338 1340 478 1370 auctores·
506 1338 540 1368 &
553 1337 719 1367 Robertum
735 1335 824 1366 filium
838 1335 881 1365 W
883 1336 976 1374 alteri,
999 1336 1028 1366 S.
1051 1335 1203 1368 Comitem

142 1349 390 1415 wintoniensem,
408 1377 448 1407 R.
465 1362 555 1406 silium
569 1376 644 1412 eus,
664 1373 750 1404 G.de
766 1372 956 1417 Mandevvilla,
971 1375 1205 1406 &Willielnium

145 1416 260 1447 fratrem
273 1414 507 1453 e'us,C0mitem
522 1412 558 1443 de
565 1384 707 1451 diam&
721 1412 761 1456 G.
770 1411 859 1443 filium
874 1412 1157 1457 ejussshComitem
1171 1415 1207 1445 de

148 1455 273 1485 Hercfor
300 1478 310 1492 ‚
323 1454 362 1483 R.
378 1452 414 1483 de
427 1452 533 1490 Percy,
553 1450 588 1481 E.
607 1451 643 1481 de
656 1450 755 1494 Vesci,
769 1451 792 1489 J.
809 1450 1059 1483 Constabulariurn
1072 1452 1207 1493 Cestrhe,

145 1493 337 1524 Willielrnum
360 1490 396 1521 de
417 1490 575 1529 Mumbray
590 1514 599 1528 ,
614 1489 807 1521 VVillielmum
820 1489 857 1520 de
872 1490 1026 1529 Albinem,
1044 1491 1097 1521 W.
1116 1491 1205 1522 filium

146 1532 221 1569 ejuS,
239 1530 277 1561 R.
297 1530 334 1561 de
350 1529 431 1568 Ros,
448 1530 482 1561 &
497 1529 550 1560 W.
570 1528 660 1559 filium
683 1530 739 1567 ejus
752 1553 761 1566 ,
780 1528 813 1559 Ρ.
832 1528 868 1559 de
882 1529 968 1568 Brus,
987 1529 1027 1559 R.
1045 1530 1081 1560 de
1094 1530 1207 1569 Cresci,

162 1578 286 1600 oannem
309 1568 400 1599 filium
420 1569 477 1607 ejus
490 1591 500 1607 ,
527 1567 716 1606 Ranulphum
731 1566 821 1597 filium
835 1567 978 1606 Roberti,
998 1568 1036 1598 R.
1055 1568 1207 1600 Comitem

170 1606 253 1647 ἰσοά,
272 1607 313 1637 H.
332 1606 422 1637 filium
437 1607 510 1646 ejus,
528 1605 567 1636 R.
585 1606 622 1637 de
635 1606 710 1644 Ver,
729 1606 888 1637 Fulconem
902 1606 991 1637 filium
1005 1607 1133 1646 &Varini,
1153 1609 1205 1638 W.

147 1632 256 1685 leet,
272 1646 326 1676 W.
345 1645 381 1676 de
396 1645 504 1676 Monte
515 1653 600 1676 acuto
607 1644 687 1713 RNV.
704 1643 795 1675 filium
810 1644 967 1690 Marescalli
977 1670 987 1684 ,
1005 1645 1058 1677 W.
1077 1646 1114 1677 de
1129 1647 1207 1677 Bello

145 1682 1209 1760 trinitans?{tata3³1&aeittffsfffititiffifstffi.‘³{n

148 1763 202 1794 tim
216 1760 375 1799 expressos,
394 1771 464 1792 cum
481 1759 670 1801 complicibus
685 1761 719 1792 &
740 1759 896 1791 fautoribus
916 1761 1094 1799 eorundem,
1111 1763 1210 1794 aueto-
1246 1765 1251 1767 “

147 1803 226 1832 ritate
247 1799 414 1839 Apostolica
435 1800 700 1831 excommunicatos
721 1809 771 1837 per
783 1807 873 1830 totam
888 1800 1020 1839 Angliam
1034 1801 1147 1838 publice
1162 1801 1212 1832 de-

149 1839 277 1870 nunciari
299 1838 401 1869 faciatis
447 1839 482 1870 &
501 1838 538 1869 ab
560 1837 693 1869 omnibus
713 1837 815 1868 anitius
833 1839 950 1869 evitari:
978 1839 1088 1878 singulis
1112 1839 1211 1871 diebus

150 1874 317 1909 Dominicis
332 1878 366 1909 &
379 1862 485 1909 festivis
497 1875 648 1908 solenniter
670 1877 798 1907 innovari
818 1876 978 1915 hujusmodi
993 1877 1157 1908 sententiam
1171 1879 1211 1909 fa-

150 1918 257 1947 cientes
269 1925 302 1946 ac
314 1915 515 1946 denunciantes
527 1914 721 1945 inviolabiliter
734 1914 888 1946 observari:
910 1916 1113 1955 civitatemque
1128 1917 1211 1947 Lon-

150 1955 296 1986 dinensem
314 1953 512 1985 Ecclesiastico
531 1952 700 1991 suppositam
718 1952 893 1991 interdisto;
921 1954 1145 1986 contradictores
1165 1966 1214 1993 per

150 1994 296 2025 censuram
308 1991 534 2023 Ecclesiasticam
543 1990 727 2030 appellatione
767 1988 900 2028 ostposita
913 1993 1131 2030 compescendo.

190 2031 362 2072 Magistrum
383 2033 468 2063 etiam
487 2029 658 2062 Gervasium
673 2028 740 2061 Lon
763 2029 884 2070 'iensem
899 2029 1107 2062 Cancellarium
1119 2056 1129 2070 ,
1147 2034 1194 2070 qui
1207 2058 1217 2072 ‚

153 2071 224 2102 ficut
236 2081 252 2101 a
262 2068 404 2109 judicibus
426 2068 544 2107 praefatis
566 2068 747 2106 accepimus,
764 2066 834 2097 dicti
847 2068 935 2107 Regis
948 2070 982 2100 &
998 2069 1113 2100 suorum
1124 2073 1215 2102 mani—

153 2108 312 2142 festiffimus
328 2109 418 2139 extitit
433 2106 611 2146 persecutor,
626 2107 909 2150 excommunicatum
934 2108 1048 2145 publice
1062 2108 1217 2141 denuncie—

154 2150 188 2180 tis
209 2158 242 2177 ac
261 2146 418 2185 suspensum
436 2171 446 2185 ,
471 2145 593 2186 graviori
612 2145 698 2176 etiam
719 2154 823 2184 pcena,
838 2146 888 2175 nili
901 2155 1028 2186 congrue
1041 2147 1217 2187 satisfecerit,

153 2184 342 2227 puniendum.
1086 2202 1090 2203 ν

196 2223 289 2264 Qiod
302 2223 323 2255 si
336 2234 388 2255 vos
400 2232 518 2262 omnes,
534 2223 594 2254 &c.

196 2301 307 2332 Datum
323 2301 452 2333 Laterani
465 2300 580 2332 decimo
594 2299 713 2340 septimo
726 2299 864 2333 calendas
876 2301 1015 2342 Januarii,
1034 2302 1219 2335 Pontificatfis

158 2340 251 2372 nostri
265 2351 340 2372 anno
355 2340 470 2372 decimo
483 2340 598 2371 ottavo.

160 2467 210 2499 De
228 2467 341 2497 Comae
362 2464 485 2511 Loffierfi
502 2464 546 2498 ad
559 2450 656 2510 fidens
680 2465 806 2500 Othonis
824 2469 1023 2513 Imperatoris?
1043 2467 1219 2503 revocando.

12 2551 89 2583 Ann.
103 2548 144 2580 D.

35 2590 120 2620 1216.

11 2634 66 2658 An.
85 2628 127 2655 18.

12 2668 143 2708 Joh.Pat.

18 2704 119 2744 18.ῗο-

13 2743 72 2771 han.
89 2752 127 2781 m.
139 2779 142 2781 -

14 2783 43 2809 6.
57 2782 83 2810 d.

164 2548 368 2610 KAriffimo
383 2551 480 2588 nepoti
495 2550 545 2582 suo
558 2550 695 2591 Othoni,
718 2551 778 2583 De'i
790 2553 891 2592 gratia,
910 2552 1114 2584 Romanorum
1124 2553 1223 2592 *Impe-

193 2626 197 2630 .
242 2588 342 2626 ratori,
361 2588 520 2630 &semper
540 2589 659 2633 augusto
673 2611 684 2628 ‚
704 2590 848 2628 Johamies
870 2590 970 2622 eadem
983 2594 1068 2631 gratia
1081 2593 1148 2622 Rex
1161 2593 1222 2623 An-

160 2625 241 2665 glrae,
261 2627 321 2656 &c.
338 2626 464 2664 spiritum
481 2624 636 2659 consilii&
649 2626 828 2659 fortitudinis.

200 2664 425 2704 significavimus
440 2666 529 2697 nobili
544 2667 610 2697 viro
623 2665 737 2698 Comiti
750 2667 786 2698 de
802 2667 861 2698 Los
873 2667 950 2706 quod
960 2693 969 2706 ‚
988 2676 1056 2699 cum
1069 2668 1222 2700 devotione

163 2703 198 2734 &
215 2703 369 2734 humilitate
381 2728 392 2742 ,
415 2703 449 2734 ad
470 2704 558 2735 fidem
578 2705 612 2737 ὃς
633 2703 777 2737 servitium
797 2705 924 2737 vestrum
936 2716 1109 2747 revertatur3
1128 2708 1220 2747 unde,

162 2751 231 2772 curn
250 2743 308 2772 hoc
326 2742 489 2774 commodo
512 2744 546 2775 &
567 2743 672 2775 honori
686 2742 783 2775 vestro
797 2744 830 2776 &
844 2743 944 2776 nostro
961 2745 1116 2783 plurimum
1132 2746 1224 2777 credi-

162 2788 225 2817 mus
240 2779 385 2820 expedire,
403 2781 423 2811 si
439 2781 473 2812 ad
485 2781 573 2814 fidem
585 2780 708 2814 vestram
723 2781 834 2821 redeat,
852 2783 1038 2823 magnitudini
1053 2784 1154 2815 vestrae
1167 2785 1223 2817 bo-

162 2827 198 2850 na
219 2816 273 2849 fide
293 2817 499 2851 consulendum
519 2820 650 2852 duximus
668 2821 702 2852 &
718 2820 913 2860 movendum,
930 2831 1060 2862 rogantes
1074 2831 1225 2864 quatenus,

162 2858 335 2895 respicientes
356 2858 579 2896 persecutionem
607 2860 642 2890 &
664 2859 855 2891 turbationem
875 2859 997 2891 vestram
1017 2861 1052 2893 &
1071 2861 1199 2893 nostram
1214 2886 1224 2902 ‚

161 2895 264 2938 quibus
277 2896 403 2935 undique
414 2897 551 2929 vallamur
559 2922 569 2937 ,
587 2897 678 2936 ipsum
691 2896 727 2928 ad
738 2897 827 2930 fidem
839 2898 962 2931 vestram
975 2909 1126 2940 revocare,
1144 2902 1178 2932 ὃς
1193 2903 1222 2933 in

163 2936 282 2975 gratiam
292 2932 414 2965 vestram
427 2937 552 2975 recipere
565 2936 705 2968 studeatis.
1042 2974 1044 2976 v

203 2972 370 3012 Qoniam,
387 2973 409 3003 si
423 2973 524 3006 litteras
543 2974 648 3006 vestras
670 2983 794 3014 patentes
812 2975 895 3006 nobis
914 2976 1110 3009 transmiseritis
1145 2978 1224 3018 quod

163 3021 218 3042 nos
231 3011 457 3049 manucapiamus
471 3013 550 3052 quod
565 3013 660 3045 eidem
673 3015 736 3053 jura
747 3013 792 3045 sua
808 3013 928 3045 reddetis
943 3039 954 3053 ,
970 3023 1030 3046 tam
1042 3015 1078 3047 de
1143 3019 1225 3048 mita-

164 3055 197 3080 tu
210 3047 345 3080 Holland.
365 3056 451 3088 quam
470 3052 550 3097 aliis²
577 3062 642 3090 quae
654 3061 721 3083 eum
732 3052 806 3091 juste
820 3053 1008 3093 contingunt,
1027 3054 1167 3086 credimus
1181 3057 1224 3094 ip-

166 3088 228 3118 sum
243 3087 278 3118 ad
296 3087 382 3118 fidem
403 3089 436 3120 ὅς
456 3089 597 3127 servitium
619 3089 745 3122 vestrum
762 3090 799 3122 de
817 3091 891 3122 facili
905 3091 968 3123 fore
980 3093 1173 3133 reversurum;
1191 3095 1225 3126 &

168 3129 237 3194 ”gisel
253 3135 304 3171 per
318 3126 418 3158 litteras
431 3127 539 3159 nostras
553 3136 695 3168 patentes,
712 3131 940 3169 manucapiemus
954 3130 1033 3169 quod
1049 3132 1111 3171 jura
1131 3133 1177 3164 sua
1201 3134 1226 3164 ei

168 3174 182 3194 r
238 3173 296 3195 etis.

206 3202 282 3233 Bene
301 3212 395 3234 autem
415 3205 498 3235 nobis
512 3204 623 3236 videtur
643 3206 720 3243 quod
739 3229 749 3245 ,
772 3207 852 3245 super
867 3207 928 3246 jure
950 3208 1000 3238 suo
1019 3207 1055 3238 de
1076 3207 1225 3240 Comitatu

169 3240 305 3272 Holland.
326 3241 454 3273 exaudire
469 3251 547 3273 tanto
559 3242 688 3274 libentius
712 3246 847 3275 tenemini
863 3269 873 3282 ,
890 3254 995 3283 quanto
1008 3245 1117 3277 Comes
1130 3246 1174 3278 W
1178 3248 1226 3277 ile-

169 3280 250 3310 kinus
269 3288 338 3323 cum
361 3279 526 3312 Lodowico
539 3305 549 3319 ‚
574 3282 693 3323 inimico
713 3281 773 3313 Dei
790 3285 824 3315 ὃς
844 3283 995 3323 Ecclesiae,
1013 3285 1047 3315 ad
1060 3295 1225 3324 per-petuam

169 3318 425 3387 ‹sexhzrggeiiltatiperffitlrsi
435 3318 578 3358 nostram,
595 3319 734 3360 Regnum
745 3321 875 3352 nostrum
895 3322 1006 3363 Angiiae
1022 3324 1226 3363 praesumptuo-

184 3365 372 3426 lusConfiligum
396 3379 465 3425 vero
485 3395 614 3427 nostrum
630 3419 640 3435 2
664 3397 698 3427 &
715 3396 834 3428 aliorum
852 3397 976 3429 fidelium
997 3399 1178 3439 nostrorum,
1195 3403 1229 3433 δε

171 3433 294 3465 Walteri
308 3432 446 3464 Bertrand.
464 3431 545 3472 super
556 3434 615 3466 hoc
628 3434 762 3474 credatis,
779 3436 893 3474 quando
906 3437 973 3470 illud
988 3437 1129 3470 credimus
1144 3441 1226 3471 vobis

172 3472 236 3503 fore
250 3473 437 3511 profuturum.

211 3541 320 3581 Teste,
338 3542 400 3573 &c.
924 3520 928 3541 ⁵

427 3664 456 3693 *ἓ
477 3667 525 3702 De
541 3667 654 3700 Comite
669 3665 808 3712 Loffiqlr}
832 3677 868 3701 ut
893 3678 981 3716 upra.

30 3761 107 3792 Arm,
120 3761 161 3792 D,
181 3752 243 3815 O
253 3751 390 3793 Mnibus,
404 3754 468 3785 &c.
487 3752 630 3785 Walterus
642 3750 808 3796 Bertrandus
840 3751 964 3784 salutem.
1139 3791 1143 3794 .

52 3801 137 3830 1216,
283 3792 380 3823 Sciatis
394 3790 474 3830 quod
482 3791 584 3822 litteras
598 3789 721 3821 Domini
731 3799 793 3834 .“.¹e¹
806 3775 944 3828 johannis
959 3791 1046 3833 Regis
1058 3793 1170 3835 Angliae
1186 3802 1235 3833 pa.

33 3843 86 3868 An·
105 3839 146 3866 ,3,
180 3835 269 3859 tent&
289 3829 415 3869 suscepi,
439 3830 554 3861 diretsslns
576 3829 629 3860 W.
648 3828 759 3859 Comiti
777 3826 814 3858 de
835 3827 911 3866 Los3
989 3842 1056 3870 quas
1070 3843 1104 3864 ,Ὁ
1123 3834 1180 3864 avit
1193 3835 1236 3871 ip-

31 3877 164 3915 Joh.1'at.
181 3866 242 3897 sum
263 3866 414 3899 Comitem
425 3892 436 3906 .,
462 3870 497 3900 &'
517 3867 655 3899 consuluit
668 3866 787 3910 in'bona
798 3862 854 3896 fide
865 3876 905 3904 qu
958 3868 993 3898 ad
1004 3869 1090 3901 fidem
1153 3871 1236 3902 servi-

38 3915 81 3942 18.
94 3914 157 3953 Joh.
180 3904 253 3934 tium
272 3905 396 3937 Domini
415 3906 594 3945 Imperatoris
614 3914 724 3943 nepotis
743 3905 782 3936 sui
802 3903 894 3935 redeat
911 3917 916 3923 ·
941 3907 976 3937 &
996 3911 1159 3946 manucepit
1179 3909 1237 3946 ipse

33 3953 168 3991 m,6‚d07s·
184 3940 268 3987 Rex,
285 3953 335 3988 per
355 3944 464 3975 easdem
501 3943 579 3983 quod
597 3943 736 3987 jurasua,
753 3943 811 3973 tam
831 3941 867 3986 de
886 3928 1035 3976 &mitam
1053 3945 1215 3977 Hollandiae
1227 3971 1238 3986 ,

206 3981 367 4023 mimam,
384 3968 532 4014 liberaliter
552 3984 585 4014 &
606 3981 643 4012 be
713 3992 729 4011 e
748 3981 893 4012 Dominus
914 3979 1070 4020 Imperator
1084 3986 1109 4014 ei
1123 3984 1236 4016 reddet:

210 4018 317 4049 romifit
329 4022 414 4051 etiam
427 4020 504 4052 idem
520 4021 666 4051 Dominus
714 4029 747 4050 ex
762 4029 811 4057 pei·
824 4018 933 4049 easdem
945 4021 1043 4059 quod,
1060 4021 1081 4051 fi
1095 4022 1239 4054 Dominus

182 4055 341 4094 Imperator
362 4058 497 4096 praediCta
519 4060 545 4089 ei
564 4068 625 4090 non
645 4066 771 4097 teneret,
787 4057 845 4096 ipse
857 4057 1002 4090 Dominus
1015 4059 1082 4091 Rex
1094 4060 1240 4101 diligenter

29 3677 159 3713 *1.213.

1249 180 1718 227 PUBLICA.
2234 200 2281 238 71

1231 275 1348 309 operam
1364 275 1491 308 *apponet
1509 269 1603 311 yersus
1623 271 1710 306 ipsum
1724 270 1889 302 Dominum
1908 271 2110 309 Imperatorem
2123 281 2173 309 per
2188 271 2280 302 consi-
2300 270 2375 300 Arin.
2385 268 2426 298 D.

1234 304 1304 334 lium
1320 306 1405 347 *lplius
1426 304 1549 335 Comitis
1570 306 1606 335 de
1629 307 1704 345 Los,
1719 309 1752 339 ὃ(
1770 309 1889 340 aliorum
1910 309 2035 340 fidelium
2054 310 2185 347 suorum,
2204 310 2281 348 quod
2321 308 2405 338 1216.

1234 341 1378 372 Dominus
1392 342 1547 380 Imperator
1559 345 1691 381 praedieta
1705 348 1801 376 omnia
1815 349 1840 377 ei
1853 349 1965 379 tenebit.

1270 379 1352 411 Cum
1363 390 1464 424 *autem
1488 381 1630 412 Dominus
1652 383 1807 420 Imperator
1826 386 1885 423 jura
1898 386 1943 416 sua
1955 386 2035 417 disto
2047 386 2159 417 Con-riti
2173 385 2208 415 de
2223 386 2281 416 Los

1233 418 1381 450 reddiderit
1392 444 1401 458 ‚
1427 420 1486 449 tam
1500 419 1535 449 de
1548 419 1694 451 Comitatu
1708 421 1882 461 Hollandiae,
1901 425 1986 462 quam
1999 424 2035 454 de
2048 425 2121 462 aliis,
2137 426 2169 455 ἅτ
2184 425 2284 454 homa—

1234 458 1571 527 {irdtjifos‘itttsssz’
1591 460 1883 527 &nioli‘ii'ssameffl
1897 462 2040 500 P‘aedffl‘ss
2053 462 2134 494 ω’
2153 462 2205 494 W·
2221 462 2284 493 ‘³⁰‘

1563 519 1573 535 ‚
1614 506 1624 513 ⁷
1679 508 1687 526 i
1790 521 1794 526 .

1272 571 1311 603 Et
1323 573 1353 603 in
1368 573 1465 611 hujus,
1482 573 1540 604 &c

1237 695 1358 725 Littera
1385 693 1565 739 Berengariae
1586 693 1688 739 fiaepius
1710 693 1808 736 diffie,
1833 693 1869 727 de
1884 695 2029 740 sblutione
2040 700 2164 742 pecunie
2179 701 2287 746 respec-

1715 742 1818 776 tanda.

1239 824 1375 884 REX
1401 825 1511 856 dilec'tae
1532 826 1619 857 sorori
1642 826 1695 857 suae
1719 826 1887 866 Berengariae
1900 854 1909 866 ,
1935 829 2080 870 quondam
2094 828 2215 870 Reginae
2231 830 2292 860 An·
2314 819 2438 850 Arm-D·

1321 863 1399 901 glire,
1417 864 1546 902 salutem⁷
1565 868 1598 896 ὃς
1613 865 1725 895 sincera:
1740 865 1897 896 dilectionis
1912 867 2058 897 arrestum.
2339 856 2421 888 1216-

1279 899 1377 939 Cum,
1398 901 1543 941 instigante
1557 903 1674 933 humani
1689 905 1795 942 generis
1808 906 1942 942 inimim,
1957 906 1990 936 δε
2012 908 2224 942 procurantibus
2241 907 2293 938 Ba·
2313 901 2338 923 A
2346 909 2362 945 ‘s
2384 899 2413 924 ¹3

1243 939 1358 968 sonibus
1374 939 1490 976 nostris„
1511 951 1580 978 quos
1595 941 1668 971 idem
1684 951 1747 980 erga
1761 952 1812 972 nos
1827 945 1995 981 concitavit,
2014 944 2149 983 Regnum
2165 946 2293 976 nostrum
2313 936 2373 972 J·'''⁹·

1244 975 1354 1015 Angliae
1363 977 1529 1014 jamdudum
1543 980 1684 1009 turbatum
1698 980 1796 1017 fuerit,
1814 982 1846 1010 &a
1859 991 1934 1011 nunc
1950 984 2035 1019 magis
2050 992 2083 1012 ex
2096 984 2216 1014 adventu
2233 984 2293 1014 Lo·
2313 978 2371 1003 ΡΜ·
2395 975 2434 1002 ¹8·

1244 1012 1349 1044 dowici
1371 1016 1552 1052 primogeniti
1571 1016 1658 1054 Regis
1679 1017 1803 1047 Francia:
1824 1020 1882 1055 (qui
1898 1042 1908 1057 ,
1924 1030 1976 1050 iiec
1994 1019 2091 1051 Deum
2107 1031 2233 1052 metuens
2248 1024 2294 1052 of-
2313 1014 2411 1050 fisum·

1244 1051 1377 1090 fendere'.,
1395 1062 1449 1082 nec
1461 1052 1633 1091 Ecclesiam,
1650 1054 1785 1092 Regnum
1799 1057 1928 1086 nostium
1949 1061 2028 1088 nobis
2043 1059 2148 1090 auferre
2167 1061 2292 1098 molitur)
2314 1061 2445 1087 '¹¹⁵⁵m·7·

1246 1091 1399 1134 maximam
1413 1099 1522 1135 partem
1533 1093 1660 1135 pecuniae
1696 1102 1780 1130 quam
1796 1092 1830 1122 ad
1843 1094 1964 1124 Terram
1979 1096 2100 1127 sanctam
2114 1098 2150 1128 de
2169 1099 2296 1129 manibus
2315 1090 2391 1128 dorso.

1247 1138 1430 1160 mimicorum
1446 1139 1534 1160 crucis
1550 1116 1721 1166 eripiendam
1734 1130 1889 1168 expendere
1904 1131 2077 1164 decrevimus
2093 1158 2102 1173 ‚
2114 1138 2171 1174 jam
2187 1137 2298 1168 effude-

1248 1168 1334 1197 ritnus
1343 1190 1353 1206 ,
1371 1168 1405 1198 &
1422 1167 1532 1207 singulis
1544 1168 1640 1198 diebus
1656 1169 1743 1208 magis
1755 1178 1788 1198 ac
1802 1170 1890 1208 magis
1903 1170 2049 1201 effundere
2062 1182 2114 1202 nos
2124 1184 2259 1211 oporteat.

1287 1205 1482 1236 Dilectionem
1497 1205 1635 1245 vestram,
1654 1207 1690 1237 de
1706 1217 1759 1245 qua
1773 1207 1858 1237 fidem
1873 1209 2011 1247 gerimus,
2030 1212 2156 1241 attentius
2173 1214 2302 1245 duximus

1251 1244 1438 1283 exorandam,
1456 1252 1585 1281 rogantes
1605 1246 1732 1283 quatinus
1744 1269 1754 1284 ‚
1772 1247 1801 1276 in
1817 1246 1975 1284 hujusmodi
1995 1248 2160 1278 adveriitatis
2175 1260 2303 1289 ternpore

1250 1283 1332 1313 nobis
1347 1284 1564 1321 compatientes,
1582 1283 1617 1313 de
1631 1283 1768 1314 solutione
1785 1286 1925 1322 pecuniie,
1942 1285 1996 1323 qua
2012 1286 2093 1316 vobis
2107 1295 2251 1327 tenemur,
2269 1290 2304 1320 ad

1251 1321 1368 1359 praesens
1387 1321 1519 1358 patienter
1539 1321 1669 1352 sustinere
1691 1322 1806 1360 velitis3
1829 1323 1922 1353 donec
1949 1333 1984 1354 eo
2007 1324 2145 1355 mediante
2186 1328 2233 1364 qui
2247 1329 2305 1357 ani—

1252 1369 1329 1390 mam
1343 1384 1353 1398 ,
1378 1369 1462 1397 prout
1483 1360 1542 1391 vult
1557 1383 1566 1398 ,
1591 1360 1712 1398 disponit
1724 1384 1733 1399 ,
1754 1362 1841 1390 nubes
1854 1362 1972 1392 obscura
1987 1363 2134 1393 nobiscum
2149 1350 2306 1405 serenetur,

1254 1399 1288 1428 ὃς
1311 1398 1449 1437 Regnum
1465 1398 1596 1428 nostrum
1619 1400 1699 1437 plena
1719 1400 1912 1442 tranquillitate
1928 1401 2055 1439 laetetur3
2073 1402 2194 1441 nosque,
2209 1402 2244 1432 de
2259 1413 2307 1441 pe-

1254 1437 1336 1467 cunia
1347 1437 1430 1467 nobis
1445 1437 1527 1467 vobis
1540 1436 1650 1475 debita,
1667 1447 1736 1468 curn
1750 1442 1857 1468 iumma
1871 1441 2018 1478 gratiarum
2037 1440 2151 1470 actione
2168 1465 2178 1479 ,
2201 1441 2235 1471 ad
2249 1442 2307 1479 ple-

1254 1484 1326 1505 num
1341 1475 1423 1506 vobis
1436 1475 1676 1513 respondebimus.

1292 1551 1398 1590 Teste,
1416 1552 1476 1583 &c-
1495 1551 1568 1590 apud
1583 1551 1691 1582 Divisas
1707 1552 1723 1582 8
1740 1523 1786 1583 die
1795 1552 1881 1591 Junii.

1256 1677 1306 1709 De
1333 1673 1522 1722 impetranda
1544 1674 1722 1720 absblmione
1739 1688 1761 1756 la
1787 1677 1942 1720 Gualwe,
1974 1688 2028 1723 pro
2046 1679 2137 1713 WItlt.
2162 1679 2199 1713 da
2216 1682 2310 1714 Bella-

1715 1727 1740 1757 C
1746 1736 1856 1772 mmpo.

1331 1807 1356 1838 E
1367 1806 1397 1838 X
1422 1807 1583 1839 Willicimo
1598 1809 1634 1840 de
1648 1808 1800 1850 Cantilupo
1813 1809 1934 1841 salutem.
2337 1812 2412 1843 Ann.
2423 1813 2463 1843 D.-

1368 1846 1467 1877 Sciaris
1487 1847 1563 1885 quod
1586 1849 1781 1878 commisimus
1802 1848 1934 1879 vii'aliero
1953 1849 1989 1880 de
2010 1850 2097 1891 Lascy
2112 1876 2122 1890 ,
2145 1852 2266 1889 Hugoni
2282 1852 2318 1884 de
2365 1853 2447 1881 1216.

1262 1883 1386 1916 Mortuo
1409 1884 1484 1915 Mari
1498 1909 1508 1923 .,
1535 1885 1666 1916 Waltero
1686 1886 1721 1916 dc
1745 1886 1876 1924 (llyrioni
1891 1911 1901 1925 ‚
1919 1888 2083 1925 &johanni
2100 1887 2232 1920 Monein.
2249 1892 2318 1922 Cas-
2336 1896 2388 1918 An.
2408 1895 2449 1918 ιδ-

1261 1931 1337 1953 trum
1357 1923 1478 1954 walteri
1498 1923 1534 1953 de
1552 1922 1759 1963 Bello-Campo
1779 1925 1814 1954 de
1836 1924 1975 1964 Alineleg.
1991 1927 2227 1967 custodiendum,
2250 1940 2317 1960 cum
2337 1929 2398 1965 Joh-

1261 1961 1395 1991 omnibus
1416 1963 1492 1992 terris
1513 1963 1547 1993 ὃς
1565 1964 1731 1993 tenementis
1742 1963 1822 2001 ipsius
1838 1963 1974 2002 Walter-i,
1993 1975 2058 2002 quae
2072 1967 2132 1997 sunt
2149 1969 2177 1997 in
2192 1968 2318 1999 custodia
2339 1972 2394 1994 Par.
2417 1966 2457 1993 ¹3:

1262 1998 1371 2038 vestra,
1389 1999 1476 2038 usque
1489 2000 1522 2030 ad
1538 2000 1614 2031 diem
1632 2001 1731 2032 Martis
1746 2003 1909 2039 proximum
1924 2002 1988 2042 post
2007 2003 2111 2035 festum
2133 2006 2227 2036 Sancti
2244 2007 2318 2037 Lau·
2336 2005 2430 2042 Jofmn.

1263 2039 1361 2077 rentii,
1377 2047 1470 2077 anno,
1488 2039 1548 2069 &e
1568 2039 1682 2070 decimo
1694 2040 1807 2070 ottavo.
2338 2057 2363 2073 n.
2380 2046 2426 2079 45³

1301 2075 1348 2108 Ut
1363 2077 1478 2108 interim
1493 2077 1533 2106 ire
1548 2077 1632 2114 possit
1646 2077 1680 2108 ad
1699 2078 1864 2108 Dominum
1880 2078 2044 2110 Gualonem
2059 2082 2125 2112 sedis
2142 2082 2317 2121 Apostolica:

1268 2114 1425 2154 Legatum,
1442 2115 1476 2146 ad
1496 2116 1704 2153 impetrandum
1727 2116 1762 2148 ab
1785 2127 1821 2147 eo
1844 2117 2014 2148 beneficium
2028 2120 2222 2160 absolutionis,
2240 2124 2274 2153 ὃς
2287 2123 2322 2153 ad

1265 2164 1318 2188 nos
1332 2154 1470 2185 absolutus
1484 2153 1581 2185 redire.
1976 2165 1978 2167 ’

1303 2191 1343 2223 Et
1363 2193 1446 2224 vobiS
1469 2193 1631 2224 mandamus
1647 2193 1724 2235 quod
1736 2192 1839 2224 eisdem
1851 2194 1997 2234 VValtero,
2015 2195 2157 2236 Hugoni‚
2173 2198 2321 2239 Waltero,

1268 2230 1435 2270 &Johanni
1447 2230 1581 2263 Castrum
1595 2232 1764 2270 praedictum
1774 2257 1783 2271 ,
1804 2242 1873 2264 cum
1886 2234 2019 2267 omnibus.
2039 2237 2116 2266 terris
2132 2237 2165 2268 &
2178 2245 2322 2268 tenemen-

1268 2271 1302 2302 tis
1318 2271 1445 2309 praediffl
1459 2271 1582 2302 Walteri
1602 2271 1637 2301 de
1654 2271 1865 2310 Bello-Campo
1877 2295 1887 2310 ,
1913 2272 1970 2303 fine
1983 2272 2116 2306 dilatione
2127 2275 2248 2307 liberetis
2261 2286 2324 2307 cus=

1268 2308 1453 2349 todiendum3
1471 2310 1541 2342 sicut
1554 2309 1723 2349 praedictum
1736 2310 1785 2341 est.
2302 2315 2306 2318 ’

1305 2386 1414 2426 Teste,
1430 2387 1491 2419 &e
1509 2386 1582 2425 apud
1596 2385 1705 2418 Album
1721 2385 1931 2419 Monasterium
1943 2390 2049 2421 octavo
2063 2389 2109 2421 die
2122 2389 2251 2430 Augusti.

1294 2518 1321 2544 ²3ss
1338 2521 1405 2559 ‘Pro
1421 2516 1566 2566 Jolmmre
1588 2516 1774 2564 stdizrcfiallo
1790 2544 1800 2559 ‚
1833 2518 1915 2564 qnod
1935 2533 1992 2552 non
2003 2530 2095 2566 ponat
2105 2521 2140 2566 [ἓ
2157 2526 2188 2554 in
2204 2520 2302 2565 Castro
2347 2531 2362 2547 Ἀ
2382 2532 2402 2558 Ι,
2413 2532 2476 2566 ²¹4-

1349 2604 1351 2606 ·
1503 2566 1633 2612 W3g07·n.
1647 2567 1680 2610 st
1695 2563 1870 2609 obsideretur
1883 2579 1903 2600 a
1922 2567 2085 2603 Ladovico.

1341 2649 1405 2682 EX
1429 2649 1564 2682 omnibus
1578 2675 1588 2690 ,
1615 2651 1676 2683 &c.
1695 2651 1791 2682 Sciatis
1814 2651 1892 2689 quod
1906 2652 2046 2683 licentiam
2060 2653 2188 2684 dedimus
2199 2653 2325 2692 Johanni
2348 2664 2422 2695 Ann-
2436 2666 2477 2696 D,

1353 2689 1538 2728 Marescailo,
1557 2689 1651 2728 quod,
1670 2688 1690 2719 si
1704 2688 1878 2721 Lodowicus
1892 2701 1960 2722 cum
1975 2693 2097 2722 exercitu
2113 2692 2163 2722 suo
2187 2693 2232 2722 vel
2247 2701 2324 2723 exer·
2375 2706 2449 2735 1216

1271 2729 1342 2758 citus
1355 2728 1417 2759 suus
1430 2728 1485 2758 fine
1499 2738 1535 2759 eo
1549 2729 1658 2760 venerit
1670 2727 1854 2767 W'igorniam
1868 2728 1902 2759 ad
1917 2729 2104 2760 obsidendum
2118 2716 2252 2762 Castrum
2260 2731 2327 2761 Wi-
2349 2746 2400 2770 Aa.
2419 2728 2462 2771 ,δ’-

1272 2767 1390 2806 gorniae.
1406 2767 1455 2805 (ita
1475 2767 1553 2804 quod
1575 2766 1694 2797 obseffio
1715 2768 1759 2797 illa
1780 2767 1835 2797 sine
1855 2769 1977 2798 exercitu
1998 2778 2057 2798 non
2086 2769 2170 2807 poffit
2191 2770 2327 2806 amoveri)
2349 2781 2411 2818 Jola.
2420 2782 2478 2810 Pat'.

1273 2805 1351 2844 quod
1368 2814 1428 2836 non
1449 2814 1534 2843 ponat
1555 2815 1657 2849 corpus
1676 2806 1756 2835 suum
1777 2807 1806 2835 in
1828 2804 1929 2836 Castro
1943 2806 1991 2836 illo
2007 2806 2184 2846 Wigorniae;
2202 2806 2273 2837 dum
2288 2816 2329 2838 ta-
2357 2819 2396 2845 ,3,
2416 2821 2466 2856 Jo-

1273 2853 1341 2874 men
1356 2844 1438 2874 talem
1460 2845 1488 2873 in
1505 2853 1540 2873 eo
1561 2843 1681 2874 dimittat
1713 2853 1824 2883 entem,
1843 2854 1906 2883 quae
1921 2844 1955 2874 ad
1967 2844 2110 2876 honorem
2123 2846 2156 2878 δε
2171 2844 2332 2883 indempni-
2351 2857 2439 2885 lamnis
2447 2869 2455 2889 3

1274 2890 1360 2913 tatem
1374 2880 1508 2912 Castrum
1521 2881 1589 2913 illud
1603 2881 1684 2912 custo
1705 2883 1750 2913 iat.
2352 2906 2377 2924 ῃ.
2399 2906 2443 2932 Ν.

1311 2958 1348 2990 Et
1362 2959 1390 2988 in
1405 2959 1503 2997 hujus,
1522 2959 1582 2989 &c.

1309 3034 1399 3066 Teste
1409 3034 1514 3073 meipso
1527 3034 1599 3073 apud
1614 3034 1728 3074 Berkel,
1743 3034 1857 3066 decimo
1872 3045 1950 3066 nono
1965 3035 2012 3066 die
2026 3035 2155 3076 Augusti.

1311 3111 1449 3142 Walterus
1465 3112 1497 3141 de
1512 3109 1598 3151 Lafiy
1616 3110 1700 3140 habet
1708 3109 1810 3150 fimiles
1824 3110 1934 3142 litteras
1948 3113 1980 3143 de
1994 3112 2086 3154 castro
2099 3114 2132 3143 de
2145 3111 2285 3151 Hergfhrd
2302 3116 2331 3142 iri

1273 3150 1391 3180 omnibus
1404 3157 1434 3179 tet
1444 3149 1573 3188 firperi'ur.

1312 3225 1401 3257 Teste
1415 3233 1445 3256 ut
1459 3225 1544 3264 supra.

1297 3359 1357 3390 Pro
1379 3353 1594 3388 adhaerentibus
1604 3353 1686 3399 fild,
1711 3368 1767 3387 mm
1789 3354 1915 3398 obstante
1928 3358 2101 3400 juramento
2122 3347 2196 3387 Lod.
2222 3356 2311 3402 Regi!

1633 3407 1765 3437 I'ranciae
1775 3404 1841 3448 filio
1854 3403 1984 3450 praestitoi

1272 3488 1419 3550 .REX'
1437 3489 1570 3520 omnibus
1589 3489 1640 3519 illis
1656 3513 1666 3527 ‚
1691 3489 1739 3527 qui
1752 3488 1786 3518 ad
1802 3489 1925 3518 invicem
1936 3487 2017 3525 jurati
2032 3480 2111 3525 sunt,
2128 3486 2164 3517 de
2177 3486 2331 3520 Comitati-
2354 3492 2428 3530 Αῃῇ,
2439 3493 2478 3530 s)

1362 3529 1413 3559 bus
1427 3529 1558 3559 Sussexiae
1573 3551 1582 3567 ‚
1601 3528 1716 3558 Kantiae
1728 3550 1737 3564 ‚
1759 3526 1859 3555 Surrlae
1873 3527 1905 3556 ὃ(
1919 3526 2126 3564 Suhamtoniae,
2146 3526 2334 3558 eonfcedei·ati
2379 3540 2462 3568 1216-

1277 3565 1312 3596 ad
1326 3566 1412 3597 fidem
1427 3568 1460 3599 δε
1475 3567 1616 3597 servitium
1632 3563 1868 3607 suumn-salutem.
2119 3602 2124 3607 .
2169 3603 2174 3608 ι
2351 3582 2403 3605 Aa.
2424 3579 2464 3605 13.

1317 3605 1421 3636 Grates
1439 3605 1538 3636 multas
1558 3605 1641 3635 vobis
1665 3606 1807 3632 reterimus
1826 3600 1863 3631 de
1883 3601 1940 3631 hoc
1953 3623 1964 3640 .‚
1990 3600 2069 3640 quod
2081 3601 2241 3634 adinvicem
2253 3603 2288 3634 ad
2300 3603 2332 3634 fi·
2355 3616 2414 3642 voh·

1278 3643 1347 3673 dem
1362 3644 1396 3675 ὃς
1411 3643 1552 3674 servitium
1569 3641 1698 3671 nostrum
1710 3639 1772 3669 estis
1785 3639 2030 3677 commoratu&
2044 3639 2202 3672 adinvicem
2215 3643 2331 3682 reverfi3
2352 3637 2408 3680 iae.
2423 3649 2464 3682 ,gg

1280 3683 1315 3713 &
1329 3691 1380 3712 vos
1392 3690 1521 3718 rogamus
1535 3688 1668 3717 quatenus
1684 3679 1713 3707 in
1735 3677 1844 3711 sia-vitio
1865 3678 1965 3708 nostro
1980 3678 2014 3708 ec
2026 3678 2081 3708 fide
2092 3678 2253 3711 constanter
2269 3691 2330 3718 pcr-
2352 3692 2450 3727 ‘fahan-

1281 3720 1408 3750 severctis
1425 3714 1464 3750 ⁸&
1485 3717 1600 3747 fideliter
1622 3715 1705 3746 nobis
1725 3714 1883 3746 adhaereatis
1897 3740 1906 3753 ‚
1928 3720 1987 3746 non
2001 3716 2131 3748 obstante
2142 3718 2301 3756 juramento
2316 3728 2331 3748 a
2349 3725 2481 3759 'nomas

1281 3758 1363 3789 vobis
1372 3781 1381 3796 ‚
1396 3758 1461 3788 licet
1473 3756 1565 3786 invitis
1598 3753 1761 3784 Lodowico
1774 3753 1833 3785 filio
1845 3754 1932 3794 Regis
1945 3754 1968 3784 F
1969 3756 2071 3786 ranciae
2085 3756 2224 3793 praestito:
2244 3757 2331 3795 Qio-

1277 3798 1374 3834 niam,
1393 3794 1542 3826 occasione
1553 3779 1622 3822 illius
1630 3793 1797 3831 juramenti,
1813 3792 1923 3823 nullum
1936 3800 2001 3833 erga
2013 3803 2064 3825 vos
2076 3795 2261 3832 concepimus
2274 3795 2332 3824 ani-

1281 3836 1323 3864 mi
1335 3842 1482 3864 rancorem
1495 3832 1541 3864 vel
1554 3832 1644 3869 iram3
1661 3831 1713 3868 ὃς,
1733 3830 1754 3861 si
1768 3839 1853 3869 quam
1866 3833 2067 3871 concepimus,
2084 3833 2160 3863 illam
2173 3833 2253 3863 vobis
2268 3842 2334 3862 om·-

1281 3874 1352 3903 nino
1365 3872 1540 3902 remittimus.
1943 3904 1946 3907 Δ

1321 3909 1401 3940 Cum
1421 3910 1429 3938 i
1450 3909 1503 3937 itur
1523 3916 1583 3937 non
1602 3906 1686 3938 instet
1704 3914 1815 3945 tempus
1829 3913 1889 3945 quo
1900 3908 1982 3938 nobis
1996 3908 2157 3947 succursum
2173 3908 2266 3938 facere
2275 3918 2330 3952 po·-

1283 3947 1375 3986 testis,
1393 3957 1432 3977 vo
1455 3947 1476 3975 is
1489 3944 1652 3976 mandamus
1665 3953 1792 3985 rogantes
1806 3947 1933 3983 quatinus
1945 3948 2071 3984 prompti
2085 3947 2138 3977 sitis
2152 3947 2186 3977 &
2198 3954 2281 3989 parati
2294 3946 2329 3975 ad

1283 3984 1455 4017 veniendum
1469 4007 1480 4021 ⁷
1505 3983 1540 4013 ad
1561 3983 1723 4014 mandatum
1744 3983 1873 4014 nostrum
1887 4008 1897 4022 ,
1922 3994 1981 4023 quo
1993 3986 2075 4016 vobis
2088 3983 2334 4023 mandaverimus,

1284 4031 1340 4062 pro
1354 4032 1437 4054 certo
1449 4021 1542 4052 scituri
1557 4021 1635 4060 quod
1649 4021 1746 4052 talibus
1761 4021 1903 4053 beneficiis
1915 4023 2051 4061 tantisque
2064 4021 2335 4064 remunerationibus

1286 4071 1340 4092 vos
1362 4061 1528 4098 recipiemus
1540 4083 1551 4098 ,
1575 4061 1609 4093 ὃς
1630 4059 1756 4098 pristinas
1775 4055 1913 4092 libertates
1933 4061 2034 4096 vestras
2047 4062 2084 4092 im
2095 4059 2283 4096 servabimus,
2300 4058 2333 4089 δε

2247 4097 2338 4126 [εῐνν
