2570 4261
707 157 817 199 ET
901 154 1167 199 ACTA

5 238 128 283 Aan.
144 246 257 278 dotium
278 244 498 284 praedffiarum,
522 252 607 282 quarn
627 243 738 280 triginta
758 242 878 273 millium
900 242 1064 273 Marcarum
1085 239 1208 282 argenti,

23 283 106 326 '1235-
145 284 340 316 solvendarum
361 284 459 320 nobis,
476 291 522 312 aut
545 283 628 313 certis
651 281 776 311 Nunciis
790 280 890 311 nostris
922 292 971 319 per
985 282 1049 311 loca
1062 281 1094 311 &
1111 287 1210 309 termi-

4 332 67 357 Hen.
86 333 111 361 3-
146 333 216 362 nOS,
233 332 319 361 prout
329 322 544 361 praenominatus
555 319 646 358 Judex
658 319 764 349 duxerit
778 319 883 349 statueu
904 330 962 349 um.

52 378 54 380 v
174 362 277 399 'Super
291 361 390 399 quibus
405 359 553 397 videlicet,
571 358 607 388 de
620 358 690 388 locis
704 359 737 389 &
751 358 875 387 terminis
889 356 1035 388 statuendis
1045 380 1055 394 ,
1069 355 1148 392 super
1162 353 1207 397 soff

148 401 257 432 lutione
271 398 396 430 facienda
408 397 521 427 dotium
537 406 601 434 quae
613 395 647 425 ad
662 395 829 426 solvendum
843 396 1039 432 remanserint,
1058 395 1092 424 &
1106 393 1141 422 de
1165 402 1208 422 re-

148 437 283 477 cipiendis
301 435 419 474 proinde
438 435 630 471 cautionibus,
648 444 714 472 quas
732 433 900 463 sufficientes
918 435 1000 464 nobis
1020 433 1097 463 idem
1114 430 1206 469 Judex

149 476 309 509 &idoneas
323 473 478 511 reputabit,
496 472 546 502 fibi
560 472 670 510 plenam
685 472 881 503 auctoritatem
900 472 1073 503 contulimus
1095 470 1129 501 ὃ(
1148 469 1208 507 spe-

150 515 220 546 ciale
235 512 405 543 mandatum.

185 551 258 582 Illud
270 551 354 581 etiam
369 549 447 588 quod
461 559 518 588 prae
533 549 677 586 manibus,
694 549 722 578 in
738 548 861 579 adventu
875 548 1014 579 Dominae
1028 545 1208 585 supradid‘oe,

147 590 250 621 futurae
270 590 363 620 uxoris
387 588 492 618 nostrae
524 586 693 617 solvendum
715 588 782 624 erit,
799 586 893 616 eidem
911 586 1006 625 judici
1021 586 1153 616 volumus
1168 594 1210 613 as-

146 628 263 665 fignari,
280 627 315 658 ad
328 637 397 666 nos,
415 612 541 656 deducetis
555 625 693 663 expensis,
710 635 774 663 quas
787 635 841 662 pro
855 625 984 655 Domina
997 623 1149 664 supradicta
1169 619 1210 651 fa-

149 665 263 706 ciendas
277 666 396 704 viderit,
416 663 610 695 deferendum.
963 699 966 703 Ι
1069 701 1073 706 ἰ

189 705 280 743 Super
294 704 406 735 dotibus
420 704 505 734 etiam
527 701 699 732 restituendis
718 702 734 731 a
757 701 970 732 Succefforibus
988 699 1105 737 nostris,
1124 697 1144 729 si
1163 708 1210 729 ca-

151 743 194 773 sus
207 743 340 774 acciderit
357 741 435 780 quod
449 751 501 770 nos
516 739 665 770 antedietae
676 740 758 770 uxori
770 739 891 776 nostrae,
909 750 969 770 non
984 739 1109 776 susceptis
1124 747 1158 767 ex
1178 747 1210 767 ea

152 782 260 820 liberis,
279 781 412 819 praemori
431 779 504 810 forte
524 780 690 818 contigerit,
707 779 849 808 antedieto
866 778 961 816 Judici
974 778 1090 815 plenum
1105 777 1137 806 &
1150 775 1211 811 spe-

153 820 224 850 ciale
237 819 401 850 mandatum
414 817 601 855 contulimus,
620 825 651 847 ut
666 816 759 846 eidem
772 816 864 855 Regi,
883 818 1000 846 nornine
1021 814 1120 845 nostro
1142 823 1211 850 pro-

156 859 265 896 mittat,
281 859 314 889 &
328 859 358 887 in
378 858 469 886 anima
482 855 577 886 nostra
584 856 658 893 juret
674 854 752 893 quod
766 854 845 885 dotes
860 854 944 892 ipsas,
960 856 990 884 in
1009 861 1143 895 eventum
1165 860 1212 880 ca-

156 896 199 927 sus
217 895 362 934 praediffi,
380 894 559 925 Successores
579 893 668 923 nostri
690 893 782 923 eidem
805 892 962 930 Dominae,
978 892 1025 922 vel
1044 891 1121 929 Regi
1142 898 1213 926 prae-

156 934 237 966 dic‘to
250 934 404 973 stipulanti,
422 933 469 964 vel
483 931 694 963 Succefforibus
710 941 811 963 eorum
824 931 968 962 restituere
981 931 1087 969 integre
1101 936 1216 958 tenean-

159 980 214 1004 tur.

195 1011 286 1049 Super
301 1010 401 1049 quibus
413 1010 546 1041 omnibus
560 1010 593 1041 &
607 1009 716 1049 singulis
725 1032 734 1047 ,
751 1018 783 1039 ut
796 1008 836 1039 est
850 1005 1144 1051 di&um,qpraefatum
1164 1003 1216 1041 Ju-

157 1048 254 1080 dicem
271 1049 426 1079 Nunciu'rn
447 1050 480 1080 &
501 1048 719 1079 Procuratorem
741 1047 902 1085 statuimus,
920 1046 1069 1089 adicientes
1083 1041 1177 1081 quod,
1196 1041 1216 1071 fi

158 1087 290 1119 articulus
302 1087 399 1125 aliquis
413 1088 613 1126 inexcogitatus
627 1085 782 1124 emerserit,
799 1086 879 1123 super
894 1095 953 1122 quo
965 1082 1081 1121 speeiale
1103 1079 1219 1124 manda-

159 1134 223 1167 tum
235 1126 328 1157 eidem
340 1126 434 1164 judici
452 1136 512 1156 non
529 1125 747 1162 contulerimus,
767 1134 815 1162 per
833 1123 980 1161 praesentes
995 1120 1119 1151 eundem
1137 1129 1167 1148 in
1188 1128 1219 1148 e-

161 1166 351 1204 mergentibus
365 1164 585 1194 Procuratorem
598 1164 741 1194 statuimus
755 1161 923 1199 generalem.
980 1197 982 1202 ,
1084 1197 1088 1202 ,
1200 1196 1205 1201 ¹

199 1203 307 1234 Dantes
322 1202 414 1233 eidem
427 1202 583 1241 generalem
594 1203 627 1232 ὃς
641 1201 756 1231 liberam
767 1199 935 1237 potestatem
949 1198 987 1228 fic
1009 1206 1105 1228 omnia
1126 1204 1220 1239 nomi-

162 1252 200 1272 ne
212 1241 311 1272 nostro
326 1242 344 1261 *
359 1241 466 1278 facere,
485 1251 518 1271 ac
532 1241 551 1271 si
566 1240 635 1270 effet
648 1239 764 1276 speciale
778 1235 1036 1279 mandatumsuper
1052 1242 1221 1277 emergenti-

164 1281 216 1311 bus
231 1280 342 1317 fingulis
355 1280 371 1309 a
384 1279 480 1310 nostra
492 1277 652 1309 celsitudine
666 1277 848 1313 consecutuS,
862 1282 1058 1315 promittentes
1072 1276 1108 1303 lic
1122 1282 1220 1303 omnia

165 1316 200 1350 &
218 1318 371 1356 supradicta
392 1317 496 1354 singula
517 1324 573 1346 rata
593 1317 627 1346 δε
641 1314 807 1345 inconcussa
818 1314 939 1349 servare,
957 1322 990 1341 ac
1003 1315 1023 1341 ll
1035 1312 1051 1340 a
1064 1312 1146 1342 nobis
1160 1320 1222 1349 per-

166 1357 294 1389 sonaliter
308 1358 342 1389 &
355 1354 557 1394 praesentialiter
569 1352 704 1391 promissa
717 1351 865 1382 existerent
878 1352 911 1382 &
926 1350 1041 1380 firmata.

18 1258 33 1276 ⁸
44 1258 67 1286 1.
82 1255 145 1294 348.

164 1471 179 1503 I
200 1433 282 1502 ἐξὲξ-α
296 1432 391 1472 Foge,
406 1441 481 1462 anno
494 1430 618 1462 Domini
635 1437 718 1469 1235.
743 1436 775 1469 15
791 1427 892 1459 mensis
904 1426 1101 1466 Novembris,
1122 1426 1225 1458 ottava

180 1482 199 1502 n
260 1481 334 1502 ione.

239 1611 329 1646 Bulla
344 1615 418 1660 Regi
436 1611 471 1645 de
484 1611 586 1658 fhrore
602 1613 782 1657 Imperatori
800 1614 831 1643 in
845 1612 979 1644 Urorem
996 1608 1155 1644 tradenda.

17 1701 97 1736 Ann.
111 1701 152 1733 D.
175 1698 393 1761 GRegorius
413 1696 567 1735 Episcopus
580 1721 590 1735 ,
620 1696 714 1726 servus
736 1696 880 1727 servorum
901 1695 983 1734 Dei,
1015 1695 1178 1727 chariffimo
1198 1697 1228 1726 iii

41 1749 126 1782 1235.
264 1736 382 1778 Christo
403 1735 461 1766 filio
480 1735 577 1766 illustri
599 1734 676 1774 Regi
694 1735 823 1775 Angliae,
841 1736 956 1766 salutem
980 1736 1014 1766 &
1031 1734 1230 1773 Apostolicam

19 1786 70 1811 An.
92 1791 139 1808 20.
170 1772 410 1808 beneditffionem.
670 1805 672 1809 ι

20 1825 57 1848 Η.
77 1829 102 1856 3.
207 1816 285 1884 (Ἕκ
304 1822 360 1845 tuae
377 1812 561 1851 ,Cels-itudinis
582 1812 724 1850 respiciant
743 1813 969 1851 incrementum,
987 1812 1106 1844 libenter
1119 1813 1171 1843 tibi
1190 1812 1230 1843 fa-

19 1862 61 1886 Ex
68 1861 126 1884 Au·
171 1855 235 1886 cien
255 1864 270 1884 a
283 1852 458 1891 suggerimus
467 1877 476 1891 ,
495 1851 529 1884 ὃς
544 1851 643 1882 eadem
657 1851 707 1889 p'er
719 1862 771 1882 nos
784 1852 855 1889 ipsos
868 1860 1014 1889 oportuno
1024 1860 1154 1890 ternpore
1164 1861 1231 1889 pro-

20 1904 45 1925 to
63 1906 85 1922 r.
170 1902 308 1924 curamus.

21 1907 61 1962 Ing
72 1937 151 1961 Turre
183 1959 186 1961 Α
205 1930 288 1962 Hinc
302 1930 343 1962 est
357 1929 436 1969 quod
449 1939 516 1961 curn
530 1928 702 1960 charissimus
715 1930 744 1959 in
759 1928 876 1959 Christo
897 1928 967 1959 filius
988 1928 1084 1959 noster
1100 1928 1124 1959 F
1125 1928 1229 1960 rederi-

19 1972 98 2001 Lond.
170 1980 220 2000 cus
233 1969 436 2000 Romanorum
448 1968 604 2006 Imperator
617 1968 726 2005 semper
742 1966 899 2007 Augustus,
914 1967 1067 2006 Jerusalem
1082 1968 1115 1999 ὃ(
1128 1968 1231 1998 Siciliae

170 2008 237 2039 Rex
251 2007 377 2046 illustris,
395 2017 448 2046 pro
462 2006 570 2037 dudum
585 2006 706 2037 metato
721 2007 754 2037 &
768 2005 896 2045 firmato,
915 2006 984 2036 ficut
999 2006 1116 2044 dicitur,
1135 2007 1231 2036 matri-

171 2047 273 2077 monio
289 2048 359 2076 inter
371 2054 398 2075 te
411 2047 444 2077 &
456 2046 562 2084 ipsum,
581 2044 616 2075 de
628 2044 729 2075 dilecta
743 2045 772 2074 in
785 2044 903 2074 Christo
918 2044 972 2074 filia
993 2044 1121 2082 Isabella,
1137 2044 1234 2075 sorore

171 2094 219 2116 tua
232 2084 344 2123 illustri,
363 2084 480 2114 feliciter
490 2083 733 2121 consummando,
748 2093 780 2113 ac
793 2093 845 2121 pro
860 2083 931 2121 ipsa,
949 2082 1022 2113 duce
1045 2082 1179 2121 Christo,
1197 2082 1233 2113 ad

171 2123 311 2160 eundem,
324 2122 454 2153 abdicato
465 2122 595 2152 tarditatis
608 2121 711 2160 spatio,
727 2121 907 2160 deducenda,
921 2123 998 2159 juitta
1010 2121 1157 2152 consilium
1169 2131 1236 2152 nos-

173 2171 269 2232 g‘um,
286 2160 418 2195 adtuam
438 2160 610 2199 praesentiam
633 2160 800 2198 sollempnes
824 2159 859 2190 N
862 2162 962 2191 uncios
976 2159 1085 2192 duxerit
1096 2159 1238 2191 destinan-

195 2211 242 2232 os·

211 2225 380 2270 Sublimitati
393 2246 450 2269 tuae
464 2238 539 2268 bona
553 2237 609 2269 fide
623 2237 811 2276 consulimus,
830 2238 863 2268 &
875 2245 979 2268 attente
992 2247 1126 2275 rogamus
1142 2245 1238 2276 quate-

173 2288 244 2316 nus,
260 2277 410 2315 prudenter
425 2276 571 2307 advertens
587 2276 654 2315 quid
667 2276 717 2308 tibi
753 2277 786 2307 &
801 2285 890 2315 regno
902 2284 953 2306 tuo
968 2276 1088 2307 utilitatis
1103 2276 1239 2314 proferat,

174 2318 210 2348 ’δί
232 2316 366 2355 honoris,
385 2325 452 2346 curri
471 2316 597 2353 principe
620 2323 701 2346 terrae
718 2301 846 2352 Regibus
860 2316 1053 2354 praeeminenti
1068 2315 1237 2348 contrahere

174 2354 363 2393 parentelam,
382 2354 449 2385 tanti
469 2354 685 2391 complemento
702 2354 809 2391 negotii
831 2353 917 2383 finem
941 2353 1058 2391 tribuas,
1077 2354 1240 2389 asteritatam

176 2393 350 2432 diligentiam
365 2392 506 2423 habiturus
520 2400 550 2422 ut
566 2393 582 2422 a
596 2402 644 2431 re,
661 2400 720 2423 tam
737 2392 914 2430 honorabili,
932 2399 990 2422 tam
1008 2390 1123 2431 salubri,
1139 2392 1240 2423 nullius

177 2433 266 2463 averti
282 2431 391 2462 sinistro
405 2430 522 2461 consilio
535 2438 563 2459 te
577 2431 693 2467 patiaris.

217 2469 380 2507 Caete'rum,
398 2477 572 2498 memoratos
587 2468 722 2498 Nuncios
736 2467 815 2498 hilari
829 2467 908 2499 vultu
921 2469 1073 2507 recipiens,
1091 2470 1126 2500 ὃ(
1147 2468 1242 2499 hono-

179 2518 211 2539 re
225 2508 410 2546 pertradtans,
429 2507 476 2544 qui
491 2506 542 2536 tibi
555 2515 718 2543 competat,
732 2507 765 2538 &
779 2507 901 2537 mittenti
910 2530 919 2544 ,
937 2517 1039 2537 eorum
1051 2507 1161 2545 verbis,
1179 2517 1244 2545 quae

180 2546 262 2590 super
283 2542 336 2575 hiis
355 2553 413 2576 tuae
432 2544 586 2576 celsitudini
599 2544 785 2585 proponenda
799 2544 946 2584 duxerint,
963 2544 1027 2576 fidei
1040 2545 1245 2585 plenitudinem

183 2584 311 2624 largiaris.

221 2660 290 2692 Dat.
310 2661 416 2692 Perusii
428 2661 512 2692 Non.
532 2661 690 2692 Decembr.
710 2661 893 2692 Pontificatus
906 2661 996 2692 nostri
1009 2670 1084 2692 anno
1095 2661 1210 2693 odtavo.

492 2798 541 2829 De
557 2795 710 2829 Conduffu
726 2797 814 2842 Regis
830 2799 938 2830 Scotiaei

250 2880 310 2913 EX
332 2881 448 2922 suscepit
467 2882 496 2912 iri
514 2881 620 2912 salvum
641 2883 675 2913 &
698 2881 827 2912 securum
840 2881 1017 2913 condusturri
1032 2883 1113 2915 suum
1125 2883 1247 2915 Alexan-

269 2921 355 2951 drum
368 2920 483 2960 Regem
498 2920 618 2959 Scotiae,
637 2919 842 2958 &Johannam
856 2931 976 2951 uxorem
999 2923 1071 2960 ejus,
1090 2924 1124 2954 &
1146 2933 1247 2953 omnes

187 2959 268 2997 illos,
293 2967 365 2996 quos
381 2958 477 2988 secum
495 2958 601 2989 ducent
621 2959 649 2988 in
668 2957 808 3002 veniendo
828 2959 861 2989 ad
883 2959 997 3029 Regem
1011 2960 1098 2999 usque
1112 2961 1248 2992 London.

188 2997 223 3066 {ld
241 2995 418 3034 loquendum
439 3006 508 3027 cum
528 2996 628 3036 Rege,
646 2997 680 3028 δε
699 2997 806 3027 ibidem
825 3007 924 3028 moran
944 3009 982 3038 ο,
1001 3000 1034 3030 &
1046 2999 1112 3030 inde
1131 2999 1250 3030 redeun-

211 3045 240 3065 ο.

228 3068 267 3103 Et
286 3071 449 3103 mandatum
470 3071 512 3116 es’t
531 3070 665 3104 omnibus
686 3070 812 3112 Ballivis‚
837 3074 898 3106 &c.
917 3075 995 3113 quod
1014 3076 1151 3113 praedicto
1173 3077 1252 3114 Regi

191 3111 225 3142 &
245 3111 383 3150 Reginae,
403 3110 449 3142 vel
462 3110 530 3148 suis,
550 3120 621 3149 quos
634 3112 730 3142 secum
744 3113 849 3143 ducent
860 3114 890 3143 in
905 3114 1046 3144 veniendo
1060 3115 1147 3152 usque
1169 3115 1251 3145 Lon-

190 3150 259 3180 don.
279 3149 325 3179 vel
338 3149 443 3179 ibidem
459 3150 615 3188 morando,
630 3150 676 3179 vel
690 3150 754 3181 inde
766 3151 926 3190 redeundo,
944 3152 1054 3182 nullum
1070 3153 1188 3192 faciant,
1207 3153 1253 3184 vel

191 3187 250 3218 fieri
263 3189 426 3227 permittant
439 3188 595 3228 dampnum
603 3211 612 3227 ,
650 3198 782 3219 ravamen
795 3189 842 3220 vel
856 3190 1101 3228 impedimentum.

229 3225 284 3264 Et,
302 3225 322 3255 si
337 3225 404 3263 quid
416 3227 454 3256 eis
467 3226 550 3257 fuerit
566 3226 633 3257 foris
647 3226 742 3257 adium
752 3251 762 3266 ‚
780 3226 841 3259 &c.

38 2893 105 2925 Ann
126 2891 167 2923 D.

66 2918 149 2971 12{,5.

36 2975 88 2999 An.
107 2981 151 2998 20.

34 3052 95 3076 Pat.
111 3057 156 3074 20.

36 3090 72 3114 H.
94 3095 120 3123 3.
134 3095 170 3113 m.

40 3133 83 3161 ες.

230 3301 321 3333 Teste
334 3301 417 3341 Rege
429 3303 503 3340 apud
514 3298 665 3335 Brunmor.
686 3304 703 3334 8
716 3304 761 3335 die
773 3304 954 3338 Decembris.

255 3432 305 3463 De
318 3428 468 3463 Adventu
485 3432 572 3476 Regis
591 3433 690 3463 Scotiae
706 3442 774 3463 cum
792 3431 894 3464 Uxore
906 3433 969 3478 fita
985 3437 1016 3466 in
1032 3434 1193 3480 Angliam.

41 3526 119 3557 Ann.
133 3524 176 3556 D.

65 3571 150 3603 1235.

43 3607 96 3631 An.
115 3613 160 3632 20.

43 3646 133 3707 ΞΗ·

44 3725 91 3745 20.
107 3721 141 3745 H.
152 3726 178 3753 3.

47 3765 85 3783 m.
100 3757 179 3783 22.d.

251 3515 311 3546 EX
333 3515 493 3546 Venerabili
512 3513 588 3544 Patri
607 3514 636 3544 in
657 3513 773 3546 Christo
787 3516 948 3549 Willielmo
961 3517 1062 3549 eadem
1076 3517 1161 3558 gratia
1173 3517 1252 3548 Ebo-

269 3564 334 3585 rum
348 3553 586 3597 Archiepiscopo,
605 3552 717 3592 Angliae
730 3553 862 3595 Primati,
880 3555 1002 3587 salutem.

196 3632 246 3671 rii,
263 3640 340 3662 anno
352 3633 438 3668 Regni
452 3630 533 3671 nostri
547 3640 593 3660 20.
612 3639 665 3659 vos
678 3630 712 3661 &
726 3638 843 3660 caeteros
857 3631 951 3663 fideles
964 3633 1077 3663 nostros
1091 3642 1254 3664 convocare

195 3680 210 3700 a
231 3670 269 3701 ud
289 3669 425 3700 London.
443 3679 497 3710 pro
515 3667 679 3707 quibusdam
702 3669 819 3708 negotiis
832 3669 934 3701 nostris
947 3671 1054 3710 arduis,
1073 3671 1203 3702 nostrum
1218 3672 1252 3702 &-

228 3709 291 3748 egni
303 3707 391 3739 nostri
408 3707 510 3738 statum
526 3707 717 3746 tangentibus,
734 3713 860 3737 recenter
871 3710 999 3747 emersis,
1017 3711 1051 3741 &
1066 3711 1137 3740 inter
1151 3718 1253 3740 caetera

197 3747 290 3778 fideles
309 3746 421 3777 nostros
442 3756 477 3776 cu
500 3747 571 3776 imus
587 3745 621 3775 ad
642 3746 765 3775 eundem
787 3745 942 3778 terminum
962 3747 1065 3778 habere
1078 3747 1254 3788 praesentiam

198 3785 293 3817 dilecti
307 3785 394 3816 fratris
408 3785 441 3816 δε
457 3784 476 3814 fi
497 3783 544 3814 elis
557 3783 645 3814 nostri
660 3782 811 3826 Alexandri
822 3782 867 3812 Re
887 3785 907 3813 is
918 3785 1037 3824 Scotiae,
1055 3786 1135 3817 simul
1150 3787 1184 3818 &
1205 3786 1253 3816 ka-

199 3823 313 3854 rissimae
332 3823 432 3854 sororis
450 3821 555 3853 nostrae
570 3822 711 3860 Johannae
733 3820 853 3859 Reginae
886 3824 971 3853 cotiae
985 3825 1078 3854 uxoris
1090 3825 1161 3862 suae,
1182 3834 1254 3862 quos

200 3861 258 3891 sine
275 3861 412 3902 solempni
432 3860 595 3898 conductu,
613 3860 683 3891 sicut
702 3868 755 3889 nec
776 3860 906 3898 deceret,
927 3860 1028 3893 scimus
1048 3862 1084 3893 ad
1104 3872 1156 3893 nos
1175 3862 1255 3893 nullo

201 3899 293 3929 modo
305 3900 447 3930 accedere.

239 3936 438 3968 Patemitatem
451 3937 574 3969 vestram
588 3945 718 3977 rogamus
737 3935 866 3967 attentius
887 3945 1039 3977 quatenus,
1057 3939 1127 3970 sicut
1148 3949 1201 3970 nos
1221 3939 1255 3970 &

201 3974 346 4005 honorem
355 3975 487 4006 nostrum
499 3976 622 4016 diligitis,
641 3985 660 4005 o
682 3983 760 4004 tentu
773 3975 914 4014 petitionis
932 3976 1054 4015 nostrae,
1071 3977 1107 4008 ad
1124 3976 1202 4008 diem
1223 3978 1257 4008 ὃς

203 4012 318 4050 locum,
337 4023 408 4051 quos
426 4014 545 4045 dilestus
567 4015 600 4046 &
619 4015 638 4033 *²
681 4013 747 4043 delis
761 4012 857 4043 noster
872 4012 994 4044 Barthus.
1011 4014 1098 4045 Pech.
1118 4025 1205 4062 quern
1224 4014 1259 4044 ad

202 4050 504 4123 pragl'inetufriglegem
516 4075 527 4092 ,
550 4062 603 4091 pro
623 4051 683 4092 ipso
704 4050 832 4091 rogando
853 4059 901 4090 ut,
924 4061 993 4084 cum
1010 4052 1146 4093 praedicta
1165 4053 1263 4086 sorore

54 4022 183 4059 ‘1·349-

233 3592 313 3624 Cum
329 3592 480 3623 habeamus
494 3602 522 3622 in
535 3590 674 3622 constanti
688 3592 849 3631 proposito,
863 3594 892 3624 in
907 3594 1026 3626 O&abis
1045 3595 1140 3626 Sancti
1161 3590 1262 3624 Hilla-v

1251 154 1728 202 PUBLICA.
2236 174 2309 203 121

1251 238 1364 282 nostra,
1388 240 1422 271 ad
1440 251 1492 271 nos
1515 242 1649 275 accedere
1670 245 1815 284 dignetur,
1839 245 2055 285 destinavimus,
2079 245 2163 277 vobis
2184 245 2252 276 scire
2268 246 2308 276 fa·
2326 242 2400 273 Arm.
2410 240 2451 270 D.

1252 286 1327 315 ciet,
1376 313 1378 316 r
2294 316 2298 318 ,
2352 291 2385 310 12
2408 288 2422 317 5
2428 302 2433 307 ·

1289 315 1361 359 Una
1375 325 1443 346 cum
1459 319 1611 349 venerabili
1623 328 1699 357 patre
1713 320 1751 350 R.
1771 321 1907 353 Dunelm.
1928 322 2070 361 Episcopo
2106 322 2139 353 &
2153 321 2260 351 dileEtis
2272 324 2306 353 &
2326 290 2434 355 dev-33·

1250 353 1376 384 fidelibus
1389 354 1491 385 nostris
1505 356 1664 387 Willielmo
1679 358 1714 387 de
1729 358 1801 390 Vesc
1829 386 1837 398 ,
1854 360 1989 391 Gilberto
2004 361 2039 391 de
2054 346 2220 392 [smfravill.
2239 360 2305 390 Ro-

1251 392 1476 436 geroBertram,
1490 393 1622 432 Johanne
1637 396 1673 425 de
1688 395 1784 426 Veteri
1810 399 1891 429 ’onte
1928 399 1988 429 leh.
2007 399 2064 430 filio
2079 397 2201 429 Galfridi
2220 397 2307 428 Vice-

1252 439 1361 474 comite
1373 430 1477 475 ¹nostro
1498 431 1647 477 Eborum,
1663 434 1764 474 quibus
1777 435 1805 465 id
1821 423 2028 476 mandavimus,
2046 437 2099 467 litis
2113 440 2141 467 in
2154 436 2307 467 occuisum

1252 469 1379 505 praeditffi
1394 469 1496 507 Regis,
1515 471 1548 500 ὃς
1563 471 1704 508 Ρῑπάιὲῒεε
1719 471 1818 502 sororis
1834 475 1952 513 nostrae,
1970 476 2053 512 parati
2067 475 2099 505 ad
2115 475 2186 512 ipsos
2201 474 2234 504 ad
2256 484 2313 504 nos

1252 507 1337 551 usque
1352 507 1488 538 London.
1507 508 1727 553 conducendos,
1746 511 1779 554 iix*
1798 512 1875 548 quod
1889 513 1954 543 inde
1972 513 2132 544 Paternitati
2153 513 2253 544 vestrae
2271 507 2307 542 ad

1252 545 1378 613 copsiosas
1389 554 1535 576 teneamur
1550 556 1699 584 gratiarum
1713 548 1845 578 aftiones.

1319 593 1350 613 os
1365 592 1450 621 tunc,
1470 584 1527 615 five
1540 586 1686 622 praedictus
1701 586 1765 616 Rex
1786 588 1881 618 venire
1900 588 2022 619 voluerit
2057 589 2113 619 sive
2134 599 2210 627 non,
2228 588 2307 619 nullo

1252 621 1342 651 modo
1354 623 1503 666 omittatis,
1522 625 1590 661 quin
1603 624 1636 663 ad
1649 626 1803 655 terminum
1825 626 1993 666 predictum
2005 613 2040 656 ad
2055 637 2107 658 nos
2122 628 2237 659 veniatis
2263 627 2307 658 su-

1252 669 1301 697 per
1316 660 1455 697 praedietis
1466 663 1584 700 negotiis
1599 663 1748 693 nobiscum
1762 663 1911 695 trat‘taturi.

1288 733 1377 764 Teste
1391 735 1474 775 Rege
1485 737 1558 775 apud
1571 737 1743 769 Clarendon.
1766 749 1801 769 12
1812 738 1857 769 die
1870 732 2050 771 Decembris.

1356 861 1477 893 Littera
1495 865 1674 909 Imperatori
1682 866 1772 912 fhper
1789 865 1937 899 Adventu
1956 857 2038 900 Petri
2056 866 2091 900 de
2108 872 2218 902 Vincas

1307 946 1493 984 Ereniffimo,
1509 948 1709 992 inviffissimo,
1727 951 1821 981 amico
1838 951 1945 988 speciali
1961 951 2109 982 Frederico
2133 951 2191 982 Dei
2213 953 2315 992 gratia,
2338 951 2463 986 Amn

1272 1022 1276 1026 ι
1319 984 1521 1027 Romanorum
1537 985 1702 1024 Imperatori
1717 987 1823 1026 semper
1842 989 1990 1027 Augusto,
2005 990 2157 1028 Jerusalem
2181 991 2215 1020 &
2236 992 2315 1030 syciss
2360 1002 2443 1033 1235.

1259 1021 1305 1051 liae
1320 1021 1411 1061 Regi,
1428 1021 1586 1062 Henricus,
1604 1024 1704 1054 eadem
1718 1026 1822 1064 gratia,
1840 1026 1905 1056 Rex
1922 1028 2048 1066 Angliae,
2066 1029 2126 1059 &c.
2144 1027 2316 1067 salutem,&
2337 1037 2386 1061 An.
2404 1044 2450 1060 20.

1260 1059 1368 1099 semper
1379 1068 1564 1103 augmentum
1578 1071 1648 1092 cum
1661 1062 1814 1093 dileehone
1828 1064 1939 1094 sincera.
2336 1077 2369 1099 H.
2392 1081 2418 1107 3.

1297 1097 1457 1141 Serenitatis
1476 1098 1577 1129 vestrae
1596 1100 1697 1130 littei-as
1714 1103 1791 1140 grate
1811 1103 1988 1140 recepimus,
2013 1103 2046 1133 &
2070 1102 2242 1139 Magistrum
2264 1104 2318 1135 Pe·
2339 1110 2427 1146 Claus.

1263 1145 1341 1166 trum
1360 1136 1397 1166 de
1419 1135 1526 1175 Vinea,
1550 1137 1702 1175 Imperialis
1722 1139 1791 1169 aula:
1808 1139 1941 1177 judicem
1958 1150 2010 1177 pro
2031 1142 2204 1178 conplendo
2226 1144 2322 1173 matri·
2344 1153 2426 1182 19.H.
2438 1156 2463 1183 3.

1263 1175 1365 1205 monio
1386 1176 1458 1205 inter
1478 1185 1548 1219 vos,
1567 1176 1600 1206 &
1623 1176 1764 1207 Isabellam
1784 1177 1953 1207 karissimam
1973 1178 2100 1208 sororem
2118 1179 2260 1219 nostram,
2286 1181 2320 1211 ad
2335 1193 2471 1224 p.2.m.7,„

1262 1212 1387 1243 nostram
1403 1212 1575 1250 praesentlam
1589 1215 1750 1245 venientem
1766 1216 1887 1246 hilariter
1903 1215 2065 1246 &libenter
2078 1215 2245 1248 admiiimus.

1302 1250 1337 1282 In
1357 1251 1599 1295 consummatione
1617 1254 1713 1292 cujus,
1737 1263 1805 1284 cum
1824 1254 1970 1284 voluntate
1989 1254 2101 1292 vestra,
2126 1264 2162 1284 eo
2183 1256 2323 1289 libentiori

1266 1299 1339 1320 voto
1354 1296 1567 1328 concurrimus,
1586 1301 1645 1329 quo
1659 1292 1691 1322 ὃ(
1706 1293 1735 1321 in
1748 1292 1816 1330 hiis,
1833 1293 1866 1323 &
1881 1293 1910 1321 iri
1922 1293 2055 1322 omnibus
2066 1293 2174 1329 placere
2186 1294 2323 1333 vobis,ut

1266 1328 1344 1358 fratri
1360 1327 1520 1366 karissimo,
1537 1329 1656 1359 libenter
1669 1330 1854 1368 intendimuS,
1870 1331 1920 1367 ὃς,
1938 1332 1967 1360 in
1981 1330 2055 1368 hoc,
2074 1331 2176 1360 honori
2192 1332 2225 1362 &
2241 1342 2324 1364 com-

1268 1366 1360 1397 modo
1372 1366 1471 1397 nostro
1487 1376 1633 1405 propterea
1647 1368 1787 1399 credimus
1803 1369 1955 1407 provideri.

1305 1405 1482 1442 Imperialem
1494 1407 1578 1442 igitur
1592 1406 1828 1445 magnificentiam
1842 1417 1989 1437 exoramus
2003 1416 2051 1446 ut,
2069 1417 2137 1438 cum
2151 1408 2257 1439 amodo
2275 1416 2328 1440 nos

1269 1444 1303 1475 δε
1326 1442 1422 1473 nostra
1441 1443 1538 1475 vestris
1561 1445 1714 1475 honoribus
1735 1447 1769 1477 &
1791 1446 1949 1476 utilitatibus
1969 1446 2117 1476 liberaliter
2139 1456 2328 1485 exponamus,

1267 1483 1344 1551 cilrca
1362 1491 1414 1512 nos
1435 1482 1558 1514 similiter
1582 1482 1767 1516 affefflonetn
1790 1483 1913 1517 vestram
1935 1483 2086 1516 efficaciter
2106 1483 2257 1518 ostendatis
2271 1510 2282 1524 ,
2306 1487 2327 1517 fi

1268 1531 1287 1560 p
1299 1529 1369 1552 acet.

1306 1600 1413 1640 Teste,
1431 1602 1492 1633 &c,

1342 1731 1507 1767 Condfflus
1523 1742 1578 1779 pro
1599 1730 1790 1780 Jurantibus
1808 1737 1839 1765 in
1856 1735 2007 1781 Treugam
2028 1745 2097 1766 cum
2116 1735 2260 1767 Francia.

1274 1816 1388 1876 REX
1400 1818 1534 1849 omnibus
1547 1817 1656 1849 Ballivis
1669 1819 1702 1850 ὃς
1717 1818 1843 1849 fidelibus
1858 1818 1924 1856 suiS,
1937 1817 1971 1849 ad
1987 1828 2058 1857 quos
2073 1818 2220 1857 praesentes
2234 1819 2333 1850 litterae
2354 1823 2430 1855 Αῃῃ,
2441 1816 2481 1854 Ι),

1348 1858 1544 1896 pervenerint,
1562 1856 1685 1887 salutem.
2382 1864 2465 1901 1236<v

1312 1895 1408 1926 Sciatis
1431 1895 1509 1933 quod
1529 1895 1698 1934 suscepimus
1722 1896 1751 1925 in
1765 1895 1870 1925 fiilvum
1883 1895 1917 1925 &
1930 1895 2059 1926 securum
2075 1894 2254 1926 condu6mm
2269 1906 2336 1926 nos·
2353 1906 2404 1930 An.
2427 1913 2472 1929 20.

1275 1940 1351 1964 trum
1365 1934 1489 1971 priorem
1502 1933 1569 1963 Belli
1588 1933 1714 1971 Montis,
1733 1935 1766 1964 ὃς
1781 1932 1952 1972 Magistrum
1968 1934 2160 1964 Willielmum
2174 1934 2209 1964 de
2228 1934 2334 1964 Senon.
2355 1945 2387 1967 H.
2411 1950 2435 1976 3.

1267 1971 1410 2003 ,Nuncios
1426 1971 1569 2002 Ludovici
1584 1971 1674 2009 Regis
1688 1972 1814 2002 Franciae
1835 1969 1960 2010 illustris,
1979 1981 2012 2002 ex
2033 1980 2109 2011 parte
2132 1973 2211 2010 ipsius
2229 1972 2276 2003 Re
2298 1974 2336 2011 iS,
2357 1983 2411 2006 Pat.
2436 1989 2480 2005 20.

1275 2010 1310 2040 ad
1329 2021 1381 2040 nos
1400 2011 1429 2040 iri
1447 2010 1582 2048 Angliam
1599 2010 1765 2048 destinatos,
1790 2010 1823 2040 ad
1842 2011 1993 2049 jurandum
2014 2011 2043 2040 in
2066 2012 2189 2041 animam
2209 2021 2266 2049 prae
2287 2012 2335 2041 ic‘ti
2355 2022 2388 2044 H.
2411 2026 2435 2053 3.
2453 2023 2490 2044 m.

1278 2048 1387 2088 Regis,
1406 2049 1439 2079 &
1461 2048 1496 2078 ad
1518 2049 1712 2086 recipiendum
1733 2050 1762 2079 in
1783 2050 1907 2079 animam
1928 2049 2054 2080 nostram
2070 2050 2283 2080 Sacramentum
2302 2050 2338 2080 de
2360 2065 2402 2083 12.
2418 2055 2444 2083 d.

1277 2089 1398 2126 treugis,
1416 2088 1486 2117 inter
1502 2088 1590 2125 ipsum
1606 2087 1634 2117 R
1655 2097 1735 2126 trem,
1755 2088 1788 2118 ὃς
1804 2097 1855 2118 nos
1870 2089 1971 2126 captis,
1991 2087 2107 2118 fideliter
2119 2088 2295 2119 observandis
2310 2091 2339 2118 in

1278 2127 1421 2158 veniendo
1434 2127 1463 2156 in
1479 2125 1598 2166 Anglia,
1615 2126 1654 2156 ibi
1675 2137 1722 2156 em
1735 2125 1892 2165 morando,
1910 2127 1944 2157 &
1958 2127 2023 2157 inde
2038 2126 2206 2157 recedendo.

1316 2165 1355 2195 Et
1375 2165 1441 2195 ideo
1461 2165 1543 2196 vobis
1564 2164 1727 2195 mandamus
1750 2164 1828 2203 quod
1851 2165 1992 2202 praedistis
2010 2165 2118 2202 Priori,
2145 2166 2178 2196 ὃ(
2200 2165 2343 2202 Magistro

1280 2202 1468 2242 Guillielmo,
1487 2203 1520 2233 &
1533 2203 1602 2242 suis,
1619 2214 1690 2241 quos
1703 2203 1798 2234 secum
1811 2203 1956 2241 duxerint,
1978 2204 2086 2234 nullum
2101 2204 2206 2234 faciatis
2221 2213 2267 2234 aut
2285 2204 2345 2234 fieri

1280 2243 1444 2279 permittatis
1463 2241 1718 2280 impedimentum,
1743 2242 1916 2280 dampnum,
1941 2251 1988 2274 aut
2006 2251 2158 2282 gravamen
2174 2265 2184 2281 ,
2209 2241 2344 2281 quamdiu

1282 2280 1387 2312 fuerint
1401 2282 1430 2310 in
1445 2280 1545 2319 Aiiglia
1558 2291 1611 2319 pro
1624 2282 1743 2320 negotio
1759 2280 1906 2319 praedicto.

1319 2357 1409 2389 Teste
1423 2357 1507 2396 Rege
1519 2356 1592 2397 apud
1606 2358 1738 2390 Cantuar.
1763 2358 1799 2388 16
1816 2358 1862 2389 die
1872 2357 2004 2396 Januarii.

1287 2497 1335 2528 De
1365 2494 1491 2540 Treugis
1516 2505 1586 2526 cum
1615 2496 1748 2526 Francia
1779 2498 1889 2540 captis,
1922 2497 1954 2526 in
1985 2491 2222 2540 quinquennium
2250 2492 2347 2527 dura-

1775 2547 1863 2575 turis.

1286 2622 1422 2691 REX
1452 2626 1601 2665 universis,
1624 2626 1659 2658 ad
1681 2636 1752 2666 quos
1771 2627 1918 2668 praesentes
1939 2627 2036 2659 litterae
2058 2630 2256 2667 pervenerint,
2281 2627 2351 2659 salu·
2369 2624 2496 2664 AnnD'.

1375 2676 1443 2698 tem.
2390 2672 2474 2702 12⁶6.

1322 2701 1441 2736 Notum
1461 2704 1579 2735 facimus
1601 2703 1678 2743 quod
1702 2714 1771 2743 nOS,
1789 2714 1842 2742 pro
1863 2706 1946 2735 nobis
1960 2706 1993 2737 &
2008 2704 2166 2736 haeredibus
2180 2705 2298 2745 nostris,
2316 2705 2350 2739 ὃ(
2369 2715 2419 2739 Aa.
2430 2693 2484 2739 ³20.

1286 2743 1451 2775 hominibus
1470 2745 1504 2775 &
1522 2744 1637 2780 inprisiis
1657 2742 1758 2773 nostris
1781 2743 1931 2774 manifestis
1947 2767 1957 2782 ,
1983 2745 2017 2774 &
2037 2744 2115 2773 terris
2135 2744 2168 2773 &
2191 2744 2279 2775 feodis
2300 2754 2350 2774 eo·
2370 2755 2403 2777 H.
2425 2759 2450 2786 3.

1287 2783 1437 2821 rumdem,
1456 2790 1564 2821 treugas
1586 2782 1717 2813 inivimus
1737 2790 1806 2812 cum
1828 2781 1982 2813 Lodovico
1996 2781 2078 2821 Rege
2094 2781 2220 2812 Franciae
2235 2781 2350 2820 illustri,
2372 2793 2431 2816 Par.
2455 2789 2502 2814 20.*

1286 2821 1347 2852 tam
1362 2832 1412 2860 per
1425 2831 1516 2859 mare,
1533 2821 1619 2858 quam
1633 2830 1683 2858 per
1698 2829 1816 2858 terram,
1834 2830 1850 2850 a
1866 2821 1950 2851 Festo
1964 2820 2170 2858 Assiimptionis
2183 2821 2271 2852 beatae
2285 2821 2353 2855 Ma-
2370 2831 2404 2854 H.
2423 2835 2447 2862 3.
2463 2834 2499 2853 m.

1290 2861 1339 2890 riae
1373 2871 1462 2898 nuper
1475 2860 1634 2897 praeterito,
1651 2860 1680 2888 in
1696 2860 1820 2897 quinque
1832 2869 1920 2889 annos
1933 2859 2089 2896 duraturas,
2105 2868 2158 2898 pro
2172 2858 2276 2889 eodem
2291 2858 2352 2890 Re·
2375 2874 2416 2892 12.

1289 2908 1325 2938 ge
1343 2883 1466 2929 &ranei-ae
1487 2899 1520 2928 &
1537 2896 1693 2927 haeredibus
1713 2898 1780 2935 suis,
1800 2898 1833 2928 ὃς
1854 2897 2017 2928 hominibus
2039 2897 2090 2927 suis
2112 2898 2145 2928 &
2166 2898 2280 2935 inpriiiis
2301 2898 2353 2928 suis

1292 2937 1446 2968 manifestis
1469 2937 1558 2974 (inter
1582 2946 1653 2973 quos
1668 2937 1825 2966 nominavit
1840 2935 1957 2966 Petrum
1972 2935 2121 2966 Comitem
2136 2934 2301 2975 Britanniae,
2319 2938 2352 2968 &

1290 2976 1482 3006 Hemericum
1495 2974 1529 3004 de
1542 2974 1669 3011 Toarc.)
1686 2975 1720 3005 &
1733 2975 1811 3004 terris
1829 2975 1862 3005 &
1877 2975 1895 2993 ²¹²
1917 2974 2006 3004 feodis
2028 2973 2212 3013 eorumdem,
2229 2977 2352 3013 exceptis
2371 2986 2390 3007 »κε
2408 2988 2430 3015 Ῑ,
2440 2994 2451 3023 3
2456 2994 2503 3022 50,

1289 3015 1341 3045 illis
1362 3016 1409 3052 qui
1430 3014 1519 3044 solent
1541 3013 1644 3042 habere
1665 3021 1726 3042 treu
1745 3023 1771 3042 as
1792 3012 1848 3042 suas
1870 3022 1919 3050 per
1938 3012 1982 3050 se,
1999 3013 2034 3044 &
2047 3012 2148 3044 volunt
2160 3023 2237 3044 nunc
2250 3013 2354 3047 habere

1292 3054 1348 3084 suas
1370 3063 1419 3091 per
1439 3053 1483 3120 se,
1502 3052 1535 3083 &
1554 3061 1616 3082 non
1636 3051 1693 3081 esse
1731 3061 1747 3081 e
1767 3050 1823 3081 istis
1843 3052 1944 3090 treugis
1967 3050 2155 3091 generalibus:
2176 3051 2248 3083 Sunt
2261 3061 2355 3083 autern

1292 3101 1400 3128 treugae
1414 3100 1440 3122 ta
1452 3101 1496 3128 es,

1332 3129 1440 3169 Qiod,
1459 3130 1478 3159 fi
1493 3130 1521 3158 in
1535 3135 1629 3168 treuga
1644 3127 1695 3158 fuit
1709 3128 1914 3166 interceptum,
1929 3129 1965 3159 de
1978 3129 2182 3166 interceptione
2201 3128 2354 3160 emendan-

1293 3168 1327 3199 da
1343 3169 1380 3198 fic
1397 3170 1463 3205 erit,
1481 3168 1649 3206 interceptio
1664 3167 1753 3204 faeta,
1771 3167 1949 3197 nunciabitur
1962 3167 2144 3198 didiatoribus
2158 3168 2355 3206 treiigae,hinc

1293 3207 1359 3237 inde
1379 3206 1536 3237 constitutis
1560 3206 1620 3243 (qui
1642 3206 1717 3242 sunt,
1738 3214 1772 3234 ex
1792 3213 1870 3242 pane
1888 3205 1999 3243 nostra,
2016 3205 2187 3245 Reginaldus
2207 3207 2243 3235 de
2254 3205 2354 3235 Ponti-

1293 3246 1363 3284 bus,
1382 3246 1415 3276 &
1429 3244 1596 3275 Neudradas
1609 3244 1681 3274 dela
1695 3243 1822 3282 Ramad,
1841 3245 1890 3281 &,
1910 3254 1943 3274 ex
1959 3253 2035 3282 parte
2055 3244 2135 3283 ipsius
2157 3243 2244 3280 Regis
2266 3243 2354 3273 Fran-

1294 3285 1347 3314 ciae
1381 3283 1551 3320 Hardoynus
1573 3282 1609 3312 de
1630 3282 1731 3320 Mayll.
1758 3281 1925 3312 Senescallus
1945 3283 2006 3313 suus
2029 3282 2178 3318 Pietaviae,
2198 3275 2230 3312 Sc
2255 3281 2353 3312 Ebulo

1293 3323 1330 3353 de
1352 3307 1523 3359 Rupeforti3
1551 3321 1596 3350 tali
1619 3320 1709 3350 modo
1731 3320 1824 3359 quod,
1849 3321 1869 3351 fi
1891 3321 1987 3358 aliquis
2006 3320 2125 3350 istorum
2144 3319 2281 3357 noluerit,
2307 3319 2354 3350 vel

1293 3362 1416 3399 potuerit
1438 3361 1489 3390 hiis
1508 3360 1638 3389 interesse
1658 3359 1703 3389 vel
1716 3359 1905 3397 intercedere,
1922 3359 1988 3389 alius
2000 3359 2067 3388 loco
2082 3357 2130 3387 suo
2144 3366 2282 3395 ponetur,
2300 3368 2352 3396 per

1292 3401 1394 3430 litteras
1410 3406 1531 3436 patentes
1543 3398 1612 3427 illius
1626 3399 1674 3436 qui
1688 3408 1749 3428 non
1763 3399 1885 3434 potuerit
1906 3397 1951 3427 vel
1968 3396 2088 3426 noluerit
2101 3395 2249 3434 interesse3
2267 3396 2288 3427 fi
2301 3399 2351 3428 vea>

1293 3448 1328 3468 ro
1342 3438 1438 3475 aliquis
1450 3436 1570 3467 istorum
1586 3445 1757 3474 moreretur,
1776 3436 1860 3473 alius,
1878 3445 1893 3464 a
1907 3444 1983 3472 parte
1995 3435 2072 3472 cujus
2087 3434 2156 3464 esset
2169 3433 2353 3473 didtatorum,

1294 3476 1458 3515 poneretur)
1482 3476 1519 3505 ita
1540 3474 1618 3512 quod
1638 3475 1658 3505 si
1677 3474 1748 3504 infra
1769 3473 1840 3503 duos
1864 3474 1983 3510 menses,
2004 3472 2154 3510 postquam
2170 3472 2349 3504 forisfat‘tum

1294 3517 1333 3545 eis
1347 3513 1504 3545 constiterit
1513 3538 1522 3552 ,
1541 3510 1722 3543 emendatum
1736 3522 1795 3541 non
1809 3512 1908 3549 fuerit,
1927 3518 2029 3541 extunc
2043 3511 2102 3548 ille,
2111 3511 2157 3541 cui
2174 3511 2351 3553 sorisfad‘cum

1293 3554 1392 3591 fuerit,
1411 3553 1513 3590 poterit
1534 3561 1647 3582 currere
1667 3551 1747 3588 super
1764 3549 1972 3579 forisfactorcni
1992 3548 2072 3579 suum
2088 3572 2098 3587 ,
2123 3547 2217 3580 donec
2231 3547 2355 3588 plenarie

1293 3593 1378 3622 fuerit
1391 3590 1590 3628 emendatum,
1608 3591 1641 3621 &
1657 3599 1726 3626 nos,
1744 3588 1800 3618 fine
1814 3597 1866 3617 nos
1881 3587 2032 3617 mesfacere
2046 3611 2055 3624 ,
2080 3587 2236 3624 poterimus
2255 3589 2355 3627 juvare

1292 3626 1444 3698 homipem
1458 3627 1588 3659 nostrum
1601 3636 1700 3658 contra
1712 3626 1922 3657 malefactorem
1931 3649 1941 3664 ,
1957 3626 2005 3664 qui
2019 3625 2197 3656 forisfactum
2221 3627 2354 3658 emenda=

1293 3673 1324 3699 're
1339 3679 1378 3698 no
1389 3669 1467 3698 uerit.

1334 3707 1373 3737 Et
1386 3706 1450 3736 Rex
1463 3705 1588 3736 Francia:
1602 3703 1724 3733 similiter
1737 3701 1829 3733 facere
1842 3703 1945 3740 poterit
1960 3703 1989 3731 in
2003 3702 2065 3733 casu
2079 3703 2227 3740 consimili.

1333 3745 1480 3776 Dominus
1501 3751 1597 3773 autem
1618 3741 1804 3771 malefaetoris
1823 3750 1882 3771 non
1904 3741 2006 3778 poterit
2015 3741 2113 3779 juvare
2123 3742 2354 3780 malefiiffitorem‚

1297 3785 1347 3823 qui
1366 3782 1540 3813 forisfactum
1560 3780 1681 3810 noluerit
1700 3778 1851 3809 emendare
1862 3803 1871 3817 ‚
1895 3789 1948 3809 nec
1969 3779 2065 3817 aliquis
2078 3804 2087 3817 ,
2113 3781 2163 3820 qui
2178 3781 2209 3811 sit
2224 3781 2261 3810 de
2274 3780 2354 3818 poffe

1297 3823 1343 3854 vel
1365 3821 1508 3852 Dominio
1527 3818 1608 3856 ipsius
1627 3817 1751 3848 Domini
1766 3841 1776 3856 ,
1802 3817 1897 3848 donec
1919 3817 2093 3848 forisfadtum
2105 3818 2189 3850 fuerit
2204 3819 2310 3856 plenius
2326 3829 2356 3849 em

1299 3859 1473 3891 mendarum.

1334 3898 1372 3929 Et
1384 3898 1450 3928 Rex
1464 3893 1590 3927 Franciae
1602 3893 1679 3925 idem
1694 3894 1786 3924 facere
1799 3894 1902 3932 poterit
1914 3894 1943 3924 in
1956 3893 2096 3925 consimili
2108 3895 2178 3926 casu.
2204 3934 2207 3935 V

1336 3936 1407 3966 Nec
1429 3935 1573 3965 Dominus
1592 3933 1778 3963 malefactoris
1791 3956 1802 3970 ,
1826 3938 1880 3962 nec
1902 3932 1940 3963 sui
1963 3941 2096 3971 poterunt
2110 3935 2208 3972 juvare
2223 3932 2355 3963 malefac„

1300 3982 1392 4005 torem
1429 3973 1498 4003 sicut
1511 3970 1696 4009 supradictum
1708 3970 1758 4001 est.

1306 4046 1308 4049 .
1340 3998 1412 4042 111u<l
1433 4012 1518 4041 etiam
1541 4009 1709 4040 condi&um
1731 4008 1772 4050 est
1795 4007 1895 4047 quod,
1919 4009 1940 4039 fi
1959 4010 2049 4048 aliqua
2061 4008 2206 4046 fortelitia,
2227 4008 2272 4039 vel
2287 4007 2358 4038 Cas-

1301 4059 1379 4085 trum
1391 4048 1521 4089 aliquod,
1538 4047 1586 4081 vel
1598 4047 1715 4088 persona
1727 4047 1859 4123 alicuju{2
1851 4047 1972 4087 nobilis,
1987 4048 2148 4080 durantibus
2162 4048 2263 4086 treugis
2277 4055 2359 4084 cape-

2271 4092 2363 4118 retur³
