2570 4261
292 116 371 159 128

142 203 219 236 Anu.
233 201 274 234 D.
290 209 388 233 mutua
409 199 561 231 dilefflone
579 198 650 226 inter
666 202 720 224 vos
742 192 853 231 semper
864 191 1022 230 crescente,
1040 191 1074 223 ὃ(
1090 191 1191 229 vobis,
1209 189 1243 221 &
1260 187 1343 218 nobis

166 242 249 282 1236.
288 240 323 271 ad
332 240 452 280 gloriam
465 236 591 269 cedat&
605 234 758 264 honorem.

142 286 206 310 Hm·
225 290 250 318 3·
326 314 425 348 Teste.

552 438 673 469 Littera
693 437 781 482 Regis
797 433 842 467 ad
855 436 1094 480 ImperatrIcem2

134 551 211 585 <Am
229 552 259 583 D
286 524 381 588 RE
392 524 422 555 X
441 522 617 560 Imperatrici
631 546 641 561 ,
663 521 724 552 &c.
741 520 857 552 salutem
870 542 881 559 ,
905 520 940 550 &
958 516 1083 557 jocunda
1104 512 1283 555 prosperitate
1301 509 1350 540 diu

170 593 252 631 ¹23⁶·
325 562 523 632 Affgezfiticiigrrssm
542 599 676 630 sinceram
689 622 699 635 ,
723 606 810 636 quam
830 596 866 626 de
882 594 967 626 statiis
989 592 1078 623 nostri
1091 590 1271 629 prosperitate
1285 597 1348 618 cer-

141 635 194 660 An.
215 642 259 658 20·
287 642 381 672 tiorari
402 638 579 675 desideratiS,
601 637 707 675 plenius
726 634 900 665 attendentes
921 642 954 664 ex
973 633 1077 662 intimo
1095 629 1230 672 desiderio
1246 650 1256 666 ,
1303 636 1341 656 uo

141 675 176 697 H·
197 680 222 706 3-
289 678 412 709 vestram
424 679 493 709 scire
507 677 637 714 cupimus
648 674 772 704 laetitiam
794 674 827 704 &
845 671 1075 711 jocunditatem,
1094 668 1228 698 serenitati
1243 675 1281 696 ve
1308 675 1346 695 rae

140 709 272 746 Clauf19.
288 716 474 757 significamus
486 725 538 746 nos
550 715 583 745 ὃ(
600 713 758 752 Reginam,
776 721 896 742 uxorem
910 709 1052 745 nostram,
1072 705 1236 737 benedicfius
1250 703 1346 742 Deus,

141 751 175 774 H.
195 757 220 784 3·
233 753 258 784 P·
288 757 346 787 effe
358 757 435 786 sanos
449 757 483 786 &
496 753 663 784 incolumes.
1140 783 1145 788 ι

142 793 169 810 ²·
184 796 220 813 ''²-
246 795 268 812 ¹·
323 797 339 812 *
349 795 459 825 Placent
469 794 555 830 igitur
568 790 714 820 dilectioni
726 787 827 819 vestrae
843 788 945 818 statum
958 785 1216 827 vestrum,utinam
1231 781 1344 820 prospe-

140 825 157 841 ⁸
167 825 190 853 ¹·
207 826 270 862 3⁶7·
284 842 366 871 rum,
385 833 467 862 nobis
480 830 654 868 renuntiare,
674 827 784 858 &inde
799 837 851 857 nos
865 825 979 857 reddere
992 824 1082 855 velitis
1094 823 1221 853 laetiores.
1265 860 1270 865 Ι

323 871 516 902 Sionificantes
528 868 637 905 insuper
651 867 733 897 nobis
748 866 767 896 si
784 865 852 904 quid
869 875 952 903 penes
967 873 1019 893 nos
1033 861 1135 892 vestrae
1150 860 1286 898 placuerit
1299 867 1348 889 ex-

286 898 443 947 cencium,
459 909 492 939 ad
507 906 585 946 quod
602 916 653 937 uos
666 906 776 944 semper
791 913 896 942 pronos
910 903 1034 933 inveniet
1049 900 1166 931 dileetio
1179 897 1278 930 vestra.

287 1037 410 1069 Littera
435 1035 517 1080 Papae
539 1028 825 1064 recommendatoria
847 1055 856 1071 ,
887 1026 924 1060 de
950 1024 1048 1070 Caush
1067 1025 1262 1071 Imperatoris
1280 1033 1348 1056 con-

586 1089 639 1112 tra
653 1075 843 1111 Lumbardos
853 1073 1052 1122 staefttpt'enda.

137 1185 215 1217 Am,
231 1183 271 1215 D·
291 1167 512 1234 SAnsEtiffimo
530 1168 559 1198 in
581 1164 700 1197 Christo
713 1163 798 1211 l'arri
818 1163 858 1195 G.
883 1161 1053 1219 Dei-gratia,
1071 1159 1185 1192 summo
1198 1155 1348 1205 Pontifici,

349 1209 512 1244 Henricus,
530 1206 628 1237 eadem
650 1213 752 1245 gratia,
770 1203 837 1233 Rex
859 1201 987 1240 Angliae,
1005 1202 1066 1232 &c.
1089 1200 1222 1238 salutem,
1238 1199 1271 1229 &
1286 1206 1346 1228 tam

136 1226 245 1292 Αἲξ-ξ’
288 1248 423 1279 devotam
432 1269 441 1283 ,
457 1246 544 1284 quam
557 1244 681 1275 debitam
694 1251 773 1273 tanto
787 1242 856 1279 patri
871 1241 1065 1271 reverentiam.

135 1307 165 1330 H
183 1286 188 1291 ⁴
244 1283 250 1290 '
325 1286 406 1317 Cum
426 1282 610 1315 illustrissimo
632 1282 836 1312 Romanorum
857 1279 1039 1317 Imperatori,
1058 1278 1106 1316 qui
1121 1277 1255 1308 dilectam
1267 1275 1347 1306 soro-

134 1311 220 1378 cjags'
288 1334 348 1356 rem
363 1324 487 1355 nostram
501 1322 663 1353 excellentia
674 1320 832 1350 sublimavit
848 1317 1005 1356 Imperiali,
1024 1316 1269 1347 confoederatione
1286 1312 1348 1351 spe-

139 1388 183 1414 ¹9-
192 1383 227 1406 H
243 1385 269 1413 3·
287 1365 392 1395 cialiori
407 1364 454 1393 vix
466 1362 608 1400 possemus
623 1358 707 1389 astrin
728 1359 753 1396 i,
772 1356 945 1388 excellentiae
958 1356 1013 1387 suae
1034 1356 1146 1395 negotia
1165 1364 1225 1384 non
1244 1354 1347 1384 imme-

286 1403 341 1433 rito
368 1401 462 1432 nostra
486 1408 644 1438 reputantes
659 1422 669 1435 ,
701 1398 709 1426 i
732 1397 740 1426 i
767 1406 819 1427 nos
846 1405 906 1426 non
935 1394 1117 1424 mediocriter
1142 1392 1220 1423 laesos
1247 1391 1347 1422 sentire

283 1440 440 1477 debemus,
457 1439 507 1470 ubi
523 1436 702 1476 Majestatem
716 1434 895 1474 Imperialem
908 1435 1091 1464 irreverenter
1104 1430 1215 1463 offendi
1236 1429 1348 1468 conspi-

287 1489 388 1510 cimus.

319 1517 401 1549 Hinc
421 1515 463 1547 est
482 1514 561 1554 quod
580 1514 691 1545 causam
711 1512 893 1550 Imperatoris
910 1511 1062 1542 memorati
1084 1517 1184 1542 contra
1204 1508 1348 1539 Lumbar-

283 1556 337 1587 dos
350 1580 360 1594 ,
384 1557 433 1594 qui
453 1554 583 1585 debiturn
603 1554 629 1583 ei
648 1552 818 1590 obsequium
837 1550 994 1580 subtrahere
1009 1572 1018 1588 ,
1050 1550 1084 1580 &
1105 1549 1140 1579 ab
1159 1549 1216 1586 ejus
1237 1547 1347 1578 Domi-

283 1596 333 1626 nio
352 1593 453 1633 injuste
472 1594 500 1624 se
520 1594 648 1624 nituntur
669 1591 809 1628 eximere,
828 1589 911 1621 vobis
932 1588 1095 1627 propensius
1107 1585 1347 1618 recommendan-

284 1642 341 1665 tes·

320 1658 467 1703 §anciitati
479 1670 581 1702 vestrae
593 1669 698 1700 devote
711 1667 896 1708 supplicamus
911 1674 1062 1704 quatenus,
1080 1665 1348 1695 tamirreverentem

283 1711 550 1749 praesumptionem,
568 1717 675 1739 temere
687 1714 786 1737 contra
798 1705 997 1736 sublimitatem
1010 1703 1190 1742 Imperialem
1200 1711 1349 1739 attempta-

282 1759 357 1789 tam,
372 1760 388 1780 a
408 1748 501 1780 vestra
521 1758 582 1779 non
603 1754 761 1784 reputantes
780 1744 900 1774 alienam
914 1767 924 1782 ,
942 1750 1051 1780 partem
1073 1742 1149 1773 suam
1161 1766 1171 1779 ,
1196 1741 1266 1772 sicut
1284 1750 1348 1771 ves-

284 1797 373 1826 tram,
392 1790 422 1818 in
444 1787 508 1818 casu
528 1785 683 1825 praefinito,
703 1791 841 1822 quantum
862 1783 990 1819 poteritis
1007 1790 1076 1812 cum
1094 1779 1216 1819 justitia,
1235 1779 1347 1809 honore

284 1826 344 1857 Dei
359 1828 393 1858 ὃ(
405 1826 558 1864 Ecclefiae,
576 1824 692 1861 fovere,
710 1824 743 1854 &
757 1822 812 1853 suae
825 1819 1056 1859 exhaeredationi,
1074 1819 1144 1850 sicut
1165 1826 1278 1849 tenetur
1297 1817 1348 1848 Se-

283 1865 332 1895 des
355 1864 521 1902 Apostolica
537 1888 546 1902 ,
571 1863 660 1894 velitis
683 1861 823 1897 obviare3
849 1860 970 1889 maxime
991 1868 1081 1897 cum,
1108 1857 1128 1888 si
1149 1857 1296 1887 laederetur
1317 1857 1347 1885 in

285 1911 398 1934 tantum
412 1902 548 1934 celsitudo
561 1901 731 1939 imperialis,
749 1908 809 1929 non
823 1897 922 1928 leviter
933 1897 960 1928 se
973 1897 1065 1928 laesam
1083 1904 1211 1935 reputare
1233 1894 1347 1926 deberet

366 1943 413 1972 itas
426 1941 562 1973 Ecclesiae
575 1940 726 1970 Romanae.

282 1941 324 1973 DI
351 1981 427 2011 aliter
440 1981 539 2021 igitur,
558 1981 586 2010 in
600 1979 653 2009 hac
667 1977 804 2016 petitione
815 1973 911 2005 nostra
922 1984 975 2004 nos
991 1985 1043 2013 pro
1059 1984 1096 2005 eo
1132 1973 1151 2004 si
1172 1973 1281 2012 placet,
1300 1981 1348 2003 ex-

281 2019 411 2057 audiatis,
430 2029 462 2050 ut
476 2019 565 2057 ipsum
578 2019 679 2056 pariter
692 2016 725 2047 &
740 2024 793 2045 nos
808 2013 920 2057 Sanciae
934 2012 1078 2044 Romanae
1093 1998 1228 2044 Ecclesiae
1247 2011 1345 2043 redda-

280 2060 314 2090 tis
328 2058 394 2089 inde
407 2057 505 2089 fortius
519 2056 646 2088 astrictos
655 2079 665 2095 ,
682 2056 716 2087 δε
729 2053 801 2085 filios
814 2053 985 2084 devotiores.

323 2135 415 2168 Teste
427 2135 512 2176 Rege
524 2133 599 2174 apud
613 2131 724 2164 Bristol.
745 2141 784 2172 29
798 2129 845 2162 die
855 2130 941 2169 Junii.

132 1425 159 1455 p.
170 1427 232 1446 2.m.
244 1425 267 1443 ι.

340 2259 503 2307 Ejusmodi
518 2262 639 2293 Littera
656 2256 777 2305 Joanni
794 2255 940 2289 Columnae
961 2253 1121 2288 Cardinali
1137 2255 1281 2287 Romano.

132 2335 209 2369 Ann-
221 2336 262 2368 D·
352 2345 505 2377 Everendo
524 2344 601 2376 Patri
621 2345 652 2375 in
675 2342 794 2373 Christo
817 2342 851 2373 &
873 2342 969 2372 amico
988 2339 1038 2371 suo
1048 2338 1076 2378 J.
1094 2339 1152 2369 Dei
1165 2339 1250 2375 gratia
1264 2337 1347 2369 titulo

160 2378 243 2416 ¹23⁶·
363 2385 458 2416 Saneti
473 2383 588 2415 Praxed.
602 2383 690 2414 Presb
709 2391 771 2412 tero
783 2379 943 2417 Cardinali,
962 2378 1106 2409 Henricus
1120 2377 1221 2408 eadem
1243 2377 1346 2416 gratia,

131 2419 185 2444 An.
202 2426 246 2444 ²⁰·
281 2425 343 2456 &c.
356 2424 489 2462 salutem,
507 2424 541 2454 ὅ(
557 2423 671 2453 sincerae
705 2420 841 2450 ‘lefflonis
856 2418 1049 2449 affeffionem.

162 2476 167 2481 ·
207 2477 213 2482 ·
320 2461 427 2494 Foedus
440 2462 613 2499 dilectionis,
633 2462 704 2490 inter
720 2457 866 2489 Nobilem
880 2459 976 2487 virum
988 2455 1124 2487 illustrem
1138 2453 1344 2485 Romanorum

128 2493 266 2530 clasisr9.
281 2501 501 2540 Imperatorem,
523 2501 556 2531 &
571 2509 623 2529 nos
636 2500 757 2535 initum,
775 2496 847 2527 adeo
860 2505 913 2526 nos
927 2503 1043 2532 movet,
1062 2494 1132 2525 sicut
1139 2491 1243 2531 nostis,
1262 2492 1342 2531 quod

130 2535 164 2558 ⁸-
177 2538 265 2569 3·P·²·
281 2550 341 2571 non
354 2540 445 2571 solum
458 2548 542 2578 prece
555 2539 588 2569 &
603 2545 763 2575 praecepto,
782 2544 883 2566 verum
897 2535 981 2564 etiam
1003 2531 1116 2571 modis,
1133 2532 1235 2571 quibus
1248 2531 1346 2570 possu-

129 2578 166 2597 m·
185 2579 208 2597 ¹·
281 2588 362 2617 mus,
379 2579 461 2617 ipsius
473 2577 632 2609 exaltationi
646 2584 775 2606 tenemur
789 2573 934 2604 intendere
949 2573 981 2603 &
995 2572 1109 2602 honori.

319 2618 493 2648 Paternitatis
510 2617 593 2656 igitur
613 2614 715 2645 vestrae
734 2612 919 2642 dilectionem
940 2609 1094 2650 rogandam
1115 2608 1247 2640 duximus
1268 2618 1338 2639 cum

279 2656 404 2694 affeetu,
424 2665 557 2694 quatenus
570 2663 640 2684 cum
655 2650 826 2688 Lumbardi,
845 2652 894 2689 qui
915 2649 1083 2687 Imperatori
1102 2647 1191 2678 subici
1209 2647 1346 2678 deberent

278 2695 423 2727 antedi-fito
438 2719 447 2733 ‚
473 2694 543 2724 sicut
560 2691 646 2723 nostis
688 2691 723 2720 ab
744 2690 800 2727 ejus
821 2689 948 2726 Imperio
967 2688 1001 2719 δε
1022 2686 1167 2717 Dominio
1186 2685 1346 2716 subtrahere

278 2735 390 2772 penitus
409 2733 436 2763 se
457 2734 597 2768 nitantur,
615 2732 644 2760 in
661 2716 722 2760 ’hoc
760 2728 829 2757 sicut
851 2726 993 2757 credimus
1007 2749 1017 2762 ,
1038 2724 1174 2756 Ecclesiae
1198 2723 1342 2754 Romanae

279 2771 413 2803 laedentes
433 2781 493 2801 non
516 2769 697 2801 mediocriter
717 2751 903 2805 dignitatem,
938 2773 1022 2807 penes
1050 2763 1217 2794 Dominum
1238 2762 1345 2801 Papam

280 2810 382 2841 instare
402 2809 492 2841 velitis
513 2817 543 2839 ut
564 2817 623 2839 tam
646 2808 847 2837 irreverentem
862 2803 1129 2842 praesumptionem,
1147 2809 1248 2832 contra
1262 2801 1346 2831 subli-

280 2851 410 2880 mitatem
431 2847 612 2889 Imperialem
633 2854 741 2875 temere
763 2851 975 2880 attemptatam,
992 2852 1007 2871 a
1028 2841 1112 2871 vobis
1133 2849 1194 2870 non
1213 2848 1344 2877 reputans

280 2887 416 2925 alienam,
435 2895 544 2924 partem
565 2886 640 2916 suam
662 2884 700 2914 set
723 2884 756 2914 &
777 2881 899 2912 vestram
914 2882 943 2910 in
958 2878 1021 2910 casu
1036 2878 1189 2922 praedi&o‚
1208 2886 1347 2916 quantum

280 2927 384 2963 poterit
404 2935 472 2955 cum
491 2924 612 2963 justitia,
631 2924 664 2954 ὃς
687 2922 800 2952 honore
819 2919 925 2949 Dei&
939 2918 1093 2957 Ecclesiae,
1110 2917 1228 2955 fovere,
1246 2917 1347 2948 &suae

280 2963 497 2994 exhaeredationi
507 2988 515 3000 ,
534 2971 564 2993 ut
584 2970 695 2993 tenetur
715 2958 800 2990 Sedes
816 2957 996 2998 Apostolica,
1012 2956 1080 2987 velit
1093 2956 1224 2994 obviare,
1243 2963 1345 2986 uttam

283 3002 429 3033 Dominus
444 3001 615 3038 Imperator,
635 3008 720 3038 quam
735 3007 787 3028 nos
801 2996 934 3026 Domino
949 2995 1034 3033 Papae
1070 2995 1214 3032 &vobis,
1228 3003 1345 3025 necnon

281 3041 317 3072 &
332 3040 386 3070 toti
401 3038 536 3069 Eccleliae
551 3039 693 3070 Romanae
707 3035 887 3074 devotiores,
904 3034 924 3065 fi
936 3034 1020 3074 poffit
1036 3020 1111 3072 lieri,
1128 3032 1164 3064 de
1178 3032 1289 3064 devotis
1302 3032 1344 3064 ef-

281 3078 329 3111 fici
342 3078 446 3109 merito
459 3077 619 3108 debeamus.

319 3154 409 3187 Teste
423 3155 507 3194 Rege
519 3154 593 3193 apud
606 3153 726 3184 Bristoll.
742 3162 780 3193 29
795 3151 841 3183 die
852 3152 937 3191 Junii.

320 3233 422 3261 Eodem
435 3233 509 3262 modo
525 3232 562 3270 J.
579 3231 671 3261 Sabin.
687 3229 818 3270 Epifiopo.

318 3273 354 3299 E.
376 3270 466 3300 Titulo
490 3273 648 3300 Sanctorum
672 3270 752 3309 cosin.
776 3267 814 3303 ὠ·
835 3270 968 3297 Damiani
990 3269 1113 3296 Diacono
1133 3263 1277 3296 Cardinali
1292 3288 1301 3303 ‚
1318 3267 1345 3294 S.

279 3309 369 3338 :titulo
387 3311 482 3339 sancii
504 3312 653 3339 Laurentii
673 3312 701 3337 in
723 3310 828 3336 Lucina
852 3305 1004 3335 Prerbitero
1026 3303 1186 3342 Cardinali,
1204 3305 1238 3332 R.
1262 3306 1346 3332 Sanc-

281 3351 436 3414 }aebMariae
451 3351 480 3378 in
494 3347 625 3388 Cqfinidia
639 3350 760 3377 Dracone
775 3344 933 3382 cardinali,
953 3347 1068 3374 Domino
1088 3341 1232 3373 cardinali
1251 3341 1345 3371 Sana.

301 3396 318 3413 a
337 3397 399 3416 mae.

132 3550 147 3568 0
159 3551 183 3579 Ι.
201 3546 264 3584 353·
327 3523 354 3550 ᾗ
381 3528 470 3560 Bulla
488 3526 524 3560 de
543 3525 720 3560 revocandis
736 3521 980 3558 Alienationibus
991 3550 1001 3566 ‚
1027 3521 1226 3569 Juramentis
1240 3533 1297 3553 non

720 3570 910 3617 obstantibus.

133 3681 210 3713 Ann-
224 3680 265 3712 D.
287 3665 611 3727 GRegori-ushEpisc'o
651 3679 684 3713 s,
699 3668 793 3712 servus
804 3667 949 3698 servorum
964 3664 1038 3703 Dei,
1057 3663 1199 3708 cariffimo
1214 3663 1242 3692 in
1259 3660 1346 3692 Chri-

132 3720 242 3788 ,42²3ss
284 3705 486 3776 diffioffssntilio
501 3707 598 3737 illustri
643 3716 687 3746 egi
701 3706 832 3746 Angliae,
849 3705 965 3735 salutem
980 3705 1014 3736 δε
1034 3701 1233 3742 Apostohcam
1255 3699 1346 3731 Bene-

321 3782 442 3821 Qianto
462 3782 559 3819 majori
579 3782 696 3813 vinculo
715 3782 767 3812 tibi
786 3780 944 3811 dileffionis
964 3779 1142 3819 astringimur
1156 3802 1166 3816 ,
1184 3783 1263 3807 tanto
1283 3784 1344 3805 am-

284 3820 355 3859 plius
374 3818 410 3849 de
422 3827 474 3849 tuo
488 3820 521 3849 &
536 3818 631 3858 Regni
643 3821 683 3850 tui
695 3819 766 3850 statu
780 3819 890 3850 solliciti
909 3819 965 3848 esse
982 3818 1136 3856 debemus,
1154 3817 1188 3847 &
1204 3813 1345 3845 celfitudi-

282 3860 312 3889 ni
336 3858 439 3895 Regiae
457 3856 629 3894 diligentum,
647 3867 715 3888 cum
736 3857 863 3896 expedit,
881 3856 1049 3895 providere3
1066 3854 1142 3886 unde
1162 3848 1344 3891 occafiessfs,

280 3897 384 3935 quibus
415 3894 530 3934 Regalis
548 3893 654 3924 Honor
674 3897 811 3927 minuitur
865 3895 899 3925 &
921 3893 1059 3933 Regnum
1086 3902 1168 3924 tuum
1192 3900 1277 3931 grave
1287 3895 1345 3928 *pa-

280 3937 347 3966 titur
368 3933 587 3971 detrimentum,
605 3941 639 3962 ex
658 3933 749 3964 officii
769 3919 859 3965 „oriri
877 3932 977 3962 debito
997 3932 1173 3972 providimus
1196 3937 1342 3969 amputan-

317 3982 336 4001 S.

281 3973 399 4042 daCum
412 4010 496 4050 igitur
508 4009 538 4039 in
551 4006 751 4040 Coronatione
763 4017 810 4041 tua
820 4008 972 4048 juraveris,
989 4015 1020 4039 ut
1034 4009 1123 4040 moris
1135 4006 1194 4046 est,
1207 4007 1286 4046 J'ura,
1304 4006 1339 4037 li-

132 3840 174 3863 Ex
188 3820 246 3862 ziu-

130 3880 195 3910 togr.

747 98 1551 149 CONVENTIONES,
1606 98 1993 147 LITERAE,

1382 184 1518 224 bertates,
1536 185 1570 229 &
1583 184 1730 223 dignitates
1744 186 1910 217 conservare
1930 185 2068 225 Regales,
2084 193 2136 224 ac,
2154 182 2348 224 quorumdam
2365 177 2540 224 post-‘Affl-
2554 177 2570 210 ἷ

1384 223 1507 254 modum
1525 233 1737 255 circumventus
1756 224 1887 255 Consilio
1901 249 1911 263 ,
1944 226 1977 256 δε
1996 224 2116 262 juvenili
2140 224 2271 255 facilitate
2289 224 2418 256 seductus
2435 250 2445 265 ,
2486 217 2570 256 1236-

1383 272 1471 306 quam
1492 261 1570 300 plura
1583 286 1593 300 ,
1604 272 1681 306 ‘quae
1699 262 1733 293 ad
1750 264 1795 302 jus
1808 265 1841 295 ὃ(
1855 263 1958 293 statum
1972 262 2102 293 Coronae
2112 262 2289 301 speritabant,
2304 264 2333 293 in
2345 265 2447 303 praeju-
2464 262 2529 286 Hm·
2548 266 2570 293 3·

1383 302 1492 331 dicrum
1514 300 1611 340 Regni
1624 324 1635 338 ,
1652 302 1686 332 &
1700 311 1802 332 contra
1814 301 1971 332 Honorem
1984 310 2068 332 tuum
2080 301 2242 340 improvide
2256 301 2400 341 Alienans,
2417 311 2449 334 te
2464 316 2466 321 ·

1385 347 1494 382 contra⁴
1511 339 1542 383 id
1569 349 1629 369 non
1657 339 1798 370 fa&urum
1813 341 1974 379 juramento
1995 339 2111 370 firmatis
2133 341 2210 379 (quia
2231 341 2448 372 Sacramentum

1385 386 1494 414 peccati
1509 377 1664 420 'vmculum
1679 378 1736 408 esse
1754 389 1814 409 non
1832 378 1935 417 debet,
1953 379 1987 409 &
1999 378 2207 417 disrumpendae
2220 379 2282 410 sunt
2295 378 2446 419 obligatio-

1385 425 1435 444 nes
1448 424 1559 459 noxiae,
1577 425 1610 446 ac
1623 416 1750 448 solvendi
1765 417 1886 448 fasciculi
1900 417 2099 455 deprimentes)
2123 427 2176 448 nos
2189 417 2223 448 ad
2238 415 2446 448 observantiam

1385 452 1550 497 posterioris
1558 455 1726 494 juramenti,
1744 455 1823 494 quod
1835 456 1921 496 priori
1932 464 2085 495 repugnat,
2097 464 2127 487 te
2139 455 2317 487 decemimus
2327 466 2390 488 non
2402 463 2446 488 te-

1385 501 1455 521 neri.

1419 529 1508 573 Nam
1522 540 1592 575 cum
1603 533 1734 576 teneariS,
1752 534 1830 565 &in
1846 532 2045 564 Coronatione
2060 557 2070 571 ,
2091 532 2160 564 ficut
2174 528 2286 563 distum
2297 532 2358 572 est,
2375 542 2449 572 prae*-

1385 567 1466 598 miffa
1485 578 1514 600 te
1527 579 1662 607 juraveris
1681 571 1877 610 servarumm=,
1903 571 2033 602 illicitum
2061 571 2190 609 perfedto
2209 572 2299 601 extitit
2311 573 2450 611 jusjuran-

1384 605 1482 675 dumffi
1491 608 1571 676 ςίιέιοά
1591 608 1689 647 postea
1702 633 1712 648 ,
1731 610 1767 640 de
1787 620 1848 640 non
1868 610 2035 642 revocandis
2047 608 2209 649 hujusmodi
2222 609 2449 648 alienationibus,

1388 655 1447 682 prae
1484 654 1503 675 ti
1541 669 1548 675 .

1412 683 1507 728 ,Nlffli
1516 693 1593 729 ‚er-go
1604 687 1728 729 omnino
1742 686 1895 718 hominum
1908 687 1989 718 liceat
2004 688 2077 718 hanc
2092 688 2222 727 paginam
2244 686 2350 717 nostrae
2365 686 2450 718 Con*

1385 720 1535 767 stitutionis
1547 723 1715 763 infringere,
1732 725 1779 756 vel
1793 727 1819 756 ei
1831 727 1896 756 ausu
1909 727 2061 756 temerario
2075 727 2225 756 contraire.

1408 760 1623 806 ‚Siquisvautern
1636 764 1693 793 hoc
1707 771 1873 801 attemptare
1891 764 2084 803 presumpserit
2098 788 2109 802 ,
2134 763 2449 803 indignationem,Om-

1384 809 1537 844 nipotentris
1560 800 1618 830 Dei
1632 825 1642 839 ,
1667 801 1700 832 &
1713 802 1862 833 beatorum
1876 801 1953 834 Petri
1966 804 1999 834 &
2013 803 2093 834 Pauli
2106 802 2317 841 Apostolorum
2330 803 2404 841 ejus,
2421 802 2448 833 se

1386 848 1498 870 noverit
1511 839 1697 870 incursurum.

1424 915 1492 948 Dat.
1511 916 1618 948 Perusii

1749 917 1815 949 Kal.
1829 917 1915 958 Julii,
1932 919 2116 951 Pontificatus
2131 919 2220 950 nostri
2234 929 2311 951 anno
2322 923 2413 950 nond.

1498 993 1554 1025 Sub
1564 993 1689 1035 plumbeo
1703 993 1794 1033 Sigillo
1803 996 1932 1034 pendent.
1948 1007 1967 1026 a
1973 995 2034 1037 filis
2039 995 2135 1036 sericis
2140 996 2220 1036 flavi
2232 996 2358 1037 rubeique
2371 995 2448 1026 calor.

1569 1122 1618 1157 De
1637 1124 1763 1170 Treugis
1780 1135 1850 1157 cum
1870 1126 2007 1172 Principe
2027 1118 2062 1157 de
2078 1123 2272 1170 Abberfraus

2382 1206 2451 1240 salu·
2469 1210 2570 1244 Ann.1

2488 1260 2502 1281 1
2565 1275 2570 1282 .

1423 1283 1521 1317 Sciatis
1536 1286 1614 1325 quod
1629 1285 1836 1325 concessimus,
1853 1288 1929 1319 bona
1946 1286 2002 1318 fide
2016 1312 2026 1327 ,
2049 1287 2084 1319 &
2104 1287 2161 1317 sine
2173 1287 2250 1318 malo
2263 1287 2379 1326 ingenio
2413 1287 2447 1318 &
2464 1252 2569 1319 An.23260

1385 1331 1454 1368 ratas
1468 1325 1604 1369 habemus
1619 1326 1653 1356 &
1686 1336 1754 1370 ratas
1767 1335 1876 1369 treugas
1888 1351 1898 1365 ,
1917 1335 2009 1365 captas
2030 1325 2103 1363 apud
2117 1326 2308 1357 Theokesbir.
2326 1325 2372 1356 die
2385 1309 2446 1356 ile-
2463 1334 2498 1357 Η.
2519 1341 2545 1368 3.

1385 1371 1458 1393 neris
1470 1374 1499 1394 in
1510 1364 1587 1408 ,festo
1600 1335 1699 1396 sangi
1713 1363 1858 1395 Benedicti
1871 1389 1894 1409 ,Ι
1905 1375 1981 1396 anno
2002 1365 2097 1404 Regni
2120 1365 2210 1395 nostri
2222 1364 2377 1403 vicesimo,
2395 1372 2446 1402 per
2462 1373 2568 1398 fumo

1384 1402 1574 1433 venerabilem
1589 1412 1698 1441 patrem
1711 1403 1746 1434 E.
1762 1402 1991 1434 Cantuariensem
2004 1403 2276 1442 Archiepiscopum,
2294 1404 2366 1433 inter
2377 1412 2448 1440 nos,
2465 1412 2570 1448 ΗΘΛ),

1385 1440 1419 1471 &
1433 1450 1535 1485 omnes
1548 1442 1697 1480 homines,
1715 1443 1749 1473 &
1762 1441 1904 1479 Imprisios
1916 1442 2029 1473 nostros
2043 1451 2078 1473 ex
2093 1442 2149 1473 una
2163 1450 2257 1480 parte;
2277 1442 2310 1473 &
2327 1441 2450 1472 Leweli-

1386 1488 1459 1509 num
1474 1479 1637 1524 Principem
1649 1481 1686 1511 de
1701 1480 1878 1519 Abberfrau,
1893 1481 1928 1512 &
1942 1480 2108 1511 Dominum
2121 1481 2158 1511 de
2171 1480 2323 1518 Snaudon,
2342 1482 2449 1511 &om-

1384 1527 1434 1561 nes
1457 1518 1611 1557 homines,
1636 1520 1671 1550 δε
1684 1519 1826 1557 Imprisios
1837 1519 1901 1550 suos
1919 1528 2045 1558 apertos,
2064 1520 2124 1550 tam
2136 1518 2299 1557 Walenses,
2318 1519 2406 1557 quarn
2418 1528 2450 1548 a-

1385 1555 1437 1587 lios
1450 1567 1483 1601 ex
1497 1557 1547 1588 alia
1559 1566 1649 1596 parte,
1667 1558 1806 1589 duraturas
1819 1567 1835 1588 a
1849 1558 1922 1588 festo
1935 1558 2031 1589 Sandti
2040 1557 2161 1597 Jacobi,
2178 1567 2254 1588 anno
2265 1556 2386 1596 eodem,
2404 1566 2450 1588 us-

1386 1605 1443 1634 que
1456 1606 1486 1625 in
1500 1607 1591 1627 unum
1603 1607 1710 1627 annum
1720 1597 1908 1635 completum.

1423 1633 1581 1678 Itavscilicet
1593 1635 1672 1674 quod
1685 1637 1745 1666 tam
1758 1646 1828 1675 nos,
1845 1637 1879 1667 &
1892 1635 1997 1674 nostri,
2015 1637 2102 1675 quam
2117 1635 2268 1674 praedic'i'us
2284 1634 2448 1667 Lewelinus

1386 1673 1421 1717 ὅς
1434 1673 1490 1717 sui,
1509 1674 1593 1705 simus
1606 1676 1636 1705 in
1651 1674 1755 1705 eisdem
1767 1675 1845 1705 terris
1858 1676 1892 1706 &
1905 1676 2073 1706 tenementis
2087 1699 2097 1713 ,
2116 1675 2281 1705 hominibus
2296 1675 2330 1705 δι’,
2345 1674 2449 1704 homa*

1385 1720 1450 1750 giis,
1467 1722 1497 1742 in
1533 1714 1612 1744 uibus
1624 1713 1729 1744 fuimus
1741 1712 1880 1751 praedicto
1892 1713 1939 1744 die
1951 1715 2089 1751 captionis
2101 1719 2264 1753 treugarum
2277 1711 2402 1743 istarum'.

1424 1749 1509 1795 Salva¹
1560 1761 1670 1791 organo
1690 1752 1726 1783 de
1740 1751 1866 1783 Carleon
1879 1752 2054 1783 restitutione
2066 1752 2111 1782 sua
2122 1752 2183 1782 tarn
2196 1751 2233 1782 de
2246 1752 2338 1790 terris,
2359 1752 2447 1789 quatri

1385 1789 1422 1819 de
1441 1789 1524 1820 bonis
1543 1791 1578 1821 ὃς
1600 1791 1756 1822 mobilibus
1777 1791 1830 1821 suis
1841 1814 1851 1830 ‚
1877 1801 1941 1829 quae
1961 1790 2073 1822 Comes
2090 1790 2251 1821 Gulielmus
2266 1789 2447 1820 Marescallus

1384 1838 1574 1873 occupaverat
1586 1829 1667 1867 super
1680 1839 1748 1860 eum
1761 1829 1832 1860 infra
1846 1839 1956 1868 treugas
1971 1830 2052 1868 alias,
2069 1830 2142 1860 inter
2156 1838 2226 1868 nos,
2239 1829 2273 1859 &
2286 1828 2378 1866 ipsum
2391 1827 2450 1858 Le-

1385 1866 1521 1899 welinum
1535 1867 1638 1899 ultimo
1652 1877 1752 1906 captas.

1422 1905 1453 1937 Si
1471 1905 1541 1945 quid
1557 1916 1653 1937 autem
1672 1908 1785 1938 interim
1804 1906 1888 1938 fuerit
1908 1906 2103 1946 forisfafflm,
2123 1915 2171 1945 per
2185 1907 2348 1944 captionem
2363 1913 2450 1936 terra-

1385 1954 1467 1983 rum,
1485 1945 1531 1976 vel
1551 1945 1709 1976 castrorum
1724 1970 1733 1985 ,
1758 1946 1805 1977 vel
1824 1946 1971 1976 bonorum
1984 1946 2152 1984 mobilium,
2169 1946 2203 1976 &
2217 1944 2399 1975 manifestum
2413 1945 2447 1976 fit

1383 1983 1421 2014 de
1433 1985 1565 2022 captione
1579 1993 1733 2024 terrarum,
1751 1984 1798 2016 vel
1810 1984 1970 2015 castrorum
1983 1984 2099 2015 illorum
2114 2008 2124 2022 ,
2149 1993 2231 2014 terrae
2243 1984 2277 2015 ὃς
2293 1982 2381 2014 castra
2394 1982 2449 2014 sta-

1384 2025 1438 2054 tim
1465 2022 1615 2055 reddantur
1627 2048 1638 2062 ,
1668 2033 1730 2054 non
1751 2023 1896 2062 expectata
1919 2022 2010 2062 aliqua
2030 2022 2213 2054 correctione
2232 2022 2451 2053 emendatorum

1383 2070 1501 2100 treugae.

1422 2100 1473 2132 Set
1493 2100 1530 2132 de
1550 2102 1634 2132 bonis
1654 2101 1810 2132 mobilibus
1823 2126 1832 2139 ,
1857 2102 1894 2132 ita
1912 2102 1999 2139 captis
2014 2125 2024 2138 ,
2041 2110 2091 2139 per
2103 2100 2177 2138 ipsos
2189 2099 2367 2130 correetoroe
2381 2099 2448 2130 fiant

1385 2139 1666 2210 εωεηέἒέρἂαευςίε
1682 2141 1885 2172 nichilominus
1897 2139 2060 2170 durantibus
2074 2140 2104 2169 in
2117 2138 2163 2169 sua
2177 2137 2324 2175 firmitate,
2343 2139 2373 2168 in
2388 2137 2450 2168 for-

1386 2188 1434 2209 ma
1448 2189 1466 2217 p
1526 2190 1534 2209 1
1567 2189 1590 2209 a.

1423 2217 1465 2248 Ita
1479 2217 1577 2256 quod,
1594 2218 1663 2249 hinc
1677 2218 1760 2256 inde,
1769 2217 1843 2248 nulla
1855 2216 1965 2248 Narnia
1980 2218 2121 2255 capiantur
2135 2225 2189 2254 pro
2201 2216 2291 2254 aliqua
2306 2216 2449 2253 intercep-

1385 2257 1465 2287 tione
1478 2281 1488 2295 ,
1511 2256 1585 2287 faCta
1605 2256 1675 2287 infra
1695 2266 1804 2296 treugas
1822 2256 1901 2294 istas,
1919 2255 1955 2286 de
1969 2256 2052 2287 bonis
2065 2255 2236 2292 mobilibus,
2255 2263 2310 2284 nec
2324 2264 2377 2292 pro
2399 2255 2450 2284 ali-

1384 2305 1440 2334 qua
1460 2296 1645 2326 contentione
1666 2304 1729 2325 ante
1748 2296 1911 2333 captionem
1928 2294 2009 2332 hujus
2032 2302 2138 2333 treugae
2160 2301 2245 2331 orta,
2263 2292 2301 2323 set
2314 2302 2363 2330 per
2376 2293 2450 2331 ipsos

1384 2335 1560 2365 correctores
1573 2333 1640 2364 fiant
1653 2333 1784 2364 ernendae
1797 2334 1865 2364 licut
1878 2332 2048 2371 praedieium
2062 2332 2113 2363 est.

1422 2373 1519 2404 Nullis
1540 2373 1625 2403 etiam
1645 2380 1769 2411 receptet
1788 2373 1818 2402 in
1831 2371 1968 2410 potestate
1981 2371 2027 2402 sua
2038 2370 2165 2409 inprisios
2178 2369 2287 2401 alterius
2301 2369 2369 2400 hinc
2383 2368 2449 2399 inde

1386 2410 1548 2443 durantibus
1561 2411 1672 2451 treugis.

1422 2450 1549 2481 Nullum
1562 2451 1648 2480 etiarn
1661 2449 1785 2481 castrum
1796 2458 1909 2480 nov-um
1923 2447 2050 2479 firmetur
2063 2449 2093 2478 in
2107 2447 2310 2485 Marchia,vel
2322 2446 2450 2477 dirutum

1383 2488 1523 2520 reficiatur
1536 2513 1546 2528 ,
1571 2487 1735 2520 durantibus
1752 2489 1857 2525 treugis
1872 2499 1883 2526 3
1901 2488 1934 2519 ὅ(
1948 2497 2029 2518 terrae
2042 2487 2094 2517 sint
2108 2495 2280 2517 communes
2292 2485 2449 2516 secundum

1382 2528 1515 2598 germai-ion
1519 2536 1682 2565 treugarum
1690 2551 1700 2566 ,
1717 2537 1782 2566 quae
1794 2527 1897 2558 ultimo
1910 2534 2000 2564 captae
2016 2526 2130 2556 fuerunt
2143 2526 2215 2556 inter
2227 2534 2279 2554 nos
2287 2547 2296 2563 ,
2310 2525 2448 2562 &ipsum

1412 2577 1477 2598 ewe
1518 2576 1577 2598 um.

1419 2607 1438 2626 ³*
1448 2606 1619 2645 juraverunt
1637 2613 1731 2636 autem
1753 2605 1784 2634 in
1803 2604 1927 2634 animam
1942 2602 2086 2641 nostram,
2104 2612 2138 2633 ex
2151 2610 2227 2641 parte
2240 2601 2336 2633 nostra
2349 2626 2359 2641 ,
2374 2601 2448 2633 hanc

1381 2653 1522 2684 treugam,
1540 2646 1618 2675 bona
1631 2643 1686 2674 fide
1700 2645 1734 2674 &
1748 2643 1804 2672 sine
1816 2643 1891 2672 malo
1905 2643 2019 2680 ingenio
2033 2641 2151 2672 fideliter
2164 2641 2384 2680 observandam,
2401 2651 2448 2671 us-

1405 2694 1439 2714 ue
1457 2683 1492 2714 ad
1512 2682 1682 2721 praedictum
1697 2681 1868 2718 terminum,
1887 2680 1983 2710 dilecti
1997 2681 2031 2710 &
2047 2679 2140 2709 fideles
2153 2679 2244 2710 nostri
2256 2679 2401 2710 Henricus
2412 2679 2450 2710 de

1412 2720 1514 2752 ldichel
1529 2745 1539 2760 ,
1561 2720 1705 2759 johannes
1725 2718 1914 2760 Lestraunge‚
1932 2718 1965 2750 ὃς
1979 2716 2127 2748 Hermitus
2143 2717 2180 2748 de
2194 2716 2329 2748 Stafford.
2348 2717 2383 2748 Iri
2395 2727 2448 2749 cu-

1379 2762 1439 2799 jus,
1458 2761 1519 2792 &c.

1384 1207 1520 1279 REtX
1539 1209 1672 1240 omnibus
1686 1233 1696 1248 ,
1718 1209 1753 1240 ad
1773 1219 1845 1249 quos
1862 1210 2011 1249 praesentes
2030 1209 2130 1241 litterae
2154 1209 2333 1248 pervenerint
2346 1231 2357 1248 ‚

1477 1258 1534 1278 em.

2466 2598 2517 2628 Ἰ.
2533 2598 2570 2637 3⁶2

1421 2836 1511 2868 Teste
1527 2837 1633 2876 meipso
1651 2836 1725 2875 apud
1747 2835 1864 2868 Theok.
1885 2845 1929 2866 11.
1948 2833 1994 2864 die
2002 2833 2086 2873 Julii,
2104 2842 2180 2864 anno
2195 2833 2274 2874 regni
2287 2832 2377 2863 nostri
2393 2841 2442 2863 20.

1430 2967 1479 3000 De
1496 2966 1621 3012 Treugis
1638 2972 1775 3010 exparte
1795 2960 1941 2995 Lewelim'
1962 2959 2045 3007 apud
2063 2960 2218 3006 Salopiam
2229 2955 2390 3004 jurandis.

1381 3048 1521 3110 REX
1544 3049 1662 3093 suscepit
1683 3049 1713 3093 in
1734 3047 1839 3093 salvum
1859 3046 2039 3078 conductum
2058 3046 2138 3077 suum
2159 3055 2261 3090 omnes
2274 3043 2337 3075 illos
2350 3040 2448 3082 quiex
2467 3046 2542 3079 Αῃῃ,
2554 3047 2570 3078 1

1463 3097 1541 3132 parte
1554 3088 1691 3119 Lewelim
1705 3086 1843 3124 Principis
1854 3085 1890 3116 de
1906 3085 2051 3116 Abbefrau
2065 3086 2098 3117 δε
2111 3084 2236 3115 Domini
2247 3083 2285 3114 de
2298 3081 2444 3126 Snaudon,
2486 3087 2570 3127 1236.

1382 3135 1492 3158 venturi
1503 3127 1564 3158 sunt
1575 3126 1648 3165 apud
1661 3125 1746 3164 Salop
1757 3125 1791 3155 &
1807 3124 1946 3163 Wenlac,
1966 3126 1997 3154 in
2019 3123 2170 3155 occursum
2183 3122 2218 3152 E.
2238 3119 2443 3165 Cantuariensis
2461 3129 2514 3153 An.
2531 3135 2567 3153 20

1383 3165 1593 3203 Archiepiscopi
1608 3190 1617 3204 ‚
1642 3164 1678 3194 ad
1697 3164 1825 3202 Treugas
1838 3188 1848 3201 ,
1870 3164 1943 3194 inter
1964 3162 2080 3200 Regem
2095 3187 2105 3201 ,
2123 3161 2263 3199 &ipsum
2278 3159 2441 3196 Principem
2461 3169 2525 3192 Hm,
2547 3173 2570 3199 3.

1382 3214 1421 3234 ¹¹²¹
1436 3214 1472 3248 ‘⁶‘
1486 3200 2094 3272 ..pzasffiffigffigfflgaaffffff
2102 3198 2307 3270 ῗὲἒὲἲωάῗῐ
2319 3245 2355 3266 ex
2367 3242 2446 3275 parte
2461 3206 2570 3269 2⁴23?

1383 3252 1665 3320 praedigffiraincipis
1677 3279 1742 3310 illuc
1756 3281 1887 3318 venient,
1905 3248 2277 3323 sicut’praedictiumestsir‘i
2286 3273 2444 3318 veniendo,
2491 3250 2525 3278 ’δ’
2560 3259 2567 3268 ⁸

1383 3318 1541 3357 morando,
1559 3319 1592 3349 &
1606 3317 1768 3356 redeundo,
1786 3318 1898 3348 nullum
1911 3317 2030 3357 faciant,
2046 3325 2094 3348 aut
2106 3316 2165 3347 fieri
2178 3320 2338 3354 permittant
2353 3321 2448 3351 irnpe-

1383 3358 1562 3401 dimentum,
1581 3357 1759 3396 molestiam,
1776 3366 1822 3391 aut
1839 3366 1998 3396 gravamen.

1421 3396 1709 3472 ssussgffifirffiisque
1729 3435 1759 3465 in
1778 3443 1869 3465 unum
1886 3433 2015 3465 mensem
2031 3434 2048 3464 a
2070 3430 2157 3463 Festo
2178 3428 2275 3461 SanCti
2291 3426 2445 3464 Kenelmi‚

1384 3483 1460 3506 anno
1472 3483 1520 3503 20.

1419 3548 1510 3581 Teste
1522 3549 1607 3590 Rege
1619 3549 1692 3588 apud
1706 3549 1896 3582 Theokesbir.
1919 3558 1954 3579 12
1967 3548 2013 3580 die
2022 3546 2099 3586 Julii.

1385 3672 1562 3719 Notificatio
1587 3673 1734 3707 Lewelino
1758 3676 1891 3720 Principi
1917 3673 1953 3706 de
1971 3667 2151 3714 Abberfrau
2173 3666 2210 3701 de
2237 3662 2449 3700 metatoribus

1855 3724 1986 3768 Treugae.
2448 3750 2450 3752 .

1382 3808 1471 3868 RE
1481 3808 1512 3840 X
1538 3808 1643 3853 dilec‘to
1667 3809 1755 3840 Fratri
1779 3809 1813 3840 &
1827 3806 1900 3837 fideli
1913 3804 1962 3837 suo
1978 3803 2126 3837 Lewelino
2140 3795 2266 3839 Principi
2282 3798 2318 3830 de
2333 3799 2448 3831 Abber-
2467 3799 2570 3832 Ann.I

1420 3848 1532 3917 δεῖξ’
1550 3847 1636 3916 133?
1636 3844 2029 3917 ldgiisciitffirrlnauusdeeegagggilmes
2050 3873 2144 3909 Patre
2166 3876 2205 3907 R.
2224 3864 2371 3907 Hereford
2411 3877 2445 3908 &
2465 3839 2570 3906 Αιῗέεόι

1380 3896 1558 3956 Landavens.l
1574 3923 1748 3963 Episcopos,
1766 3924 1800 3955 &
1815 3921 1934 3953 dilectos
1949 3922 1984 3952 δε
1997 3917 2090 3963 fideles
2103 3914 2216 3960 nostros
2231 3914 2274 3946 W
2276 3901 2399 3959 alterutri·
2407 3913 2444 3946 de
2463 3921 2498 3944 H.
2522 3926 2548 3953 3.

1379 3962 1547 4001 Baskervill,
1565 3963 1599 3994 ὅ(
1619 3962 1812 3994 Willielmum
1836 3959 1927 3990 filium
1948 3957 2053 3988 Marini
2074 3964 2104 3984 in
2119 3954 2241 3992 partibus
2255 3953 2441 3986 Suthwalliae:
2462 3954 2568 3991 Claufa

1379 4002 1418 4035 Et
1431 4001 1552 4035 dilectos
1567 4002 1600 4035 ὃς
1615 4001 1709 4033 fideles
1724 3999 1838 4033 nostros
1858 3997 1936 4029 Heri.
1953 3995 1990 4027 de
2004 3991 2156 4032 Aldithleg.
2176 3992 2199 4023 F
2200 3992 2337 4025 ulconem
2352 3991 2443 4062 figvugi
2462 3996 2496 4065 7.
2513 4002 2541 4058 ᾗ
2555 4001 2570 4019 n
