2570 4261
27 243 105 282 Anii.
120 249 161 282 D.

51 299 135 330 1232.

29 333 93 358 Heri.
110 338 137 366 3.

177 259 240 282 tum
253 249 306 282 fuit
317 251 390 282 inter
403 258 456 280 nos
469 249 502 281 &
516 246 676 279 Galfridum
688 246 724 277 de
736 247 913 278 Raunconer
928 248 1094 279 Dominum
1107 246 1143 277 de
1149 245 1229 284 Tay-

177 290 284 329 leburg.
309 289 388 328 quod
407 288 441 318 ad
464 289 604 318 servitium
624 288 657 317 δε
681 285 768 315 fidem
789 286 914 316 nostram
934 287 1024 316 redire
1044 286 1159 322 debuit·²
1177 285 1229 320 &,

176 328 227 359 sub
246 329 292 368 spe
312 328 380 364 tali,
411 335 538 364 treugam
559 326 585 355 ei
605 323 792 355 concessimus
814 324 891 362 quod
912 325 1000 362 ipsum
1023 334 1082 354 non
1103 331 1231 363 gravare-

177 376 250 397 mus,

214 404 439 441 Vetumptamen
454 410 523 431 cum
537 408 600 431 toto
616 401 739 431 exercitu
755 399 855 430 nostro
868 410 966 430 coram
982 400 1054 431 Villa
1070 399 1106 431 de
1124 398 1230 437 Tayle-

175 443 277 482 burgh.
293 442 438 477 venimus,
456 440 490 470 &
510 440 539 482 in
561 440 642 482 pratis
665 438 771 468 ibidem
792 440 911 468 tentoria
926 439 1030 482 ,nostra
1048 438 1180 505 fiximusd
1195 438 1228 467 &

174 475 899 558 &¹333&sitmpss¹ss²rs¹20¹1¹1¹ssfficcesssss3f¹32?,²
910 475 1230 546 assentiaris}

175 555 355 595 Taylleburg.
378 555 503 585 Pontem
518 553 638 596 ejusde-m
655 553 736 582 Villae
751 554 936 593 confregisse,
955 555 992 584 ita
1007 553 1084 591 quod
1101 560 1160 582 non
1181 552 1230 581 ha-

175 595 255 625 beret
267 593 334 623 Rex
348 592 490 629 Franciae,
510 601 557 629 qui
572 591 624 621 fuit
638 600 672 621 ex
683 591 766 621 altera
779 600 854 629 parte
869 591 977 629 Fluvii,
995 592 1119 622 transitus
1139 590 1230 621 versus

175 642 246 669 nOS,
265 631 332 670 nisi,
349 630 382 661 ad
396 630 522 661 dolosam
533 628 772 660 machinationem
788 629 914 667 praedit‘ti
928 629 1052 660 Comitis
1073 629 1231 666 Marchiae,

175 671 211 702 &
232 669 382 710 Reginaldi
402 669 438 699 de
459 668 552 698 Ponte
564 691 574 705 ‚
590 667 670 698 dicto
690 667 821 698 Galfrido
839 668 875 698 de
896 667 1071 699 Raunconer
1092 667 1232 699 detulisse—

177 719 250 740 mus.

218 746 404 778 Confidentes
423 745 508 784 igitur
529 743 608 782 quod
628 744 704 774 idem
717 743 859 774 Galfridus
872 743 906 774 ad
921 744 1007 775 fidem
1021 744 1147 775 nostram
1161 743 1233 774 redi-

178 789 240 825 i’et,
258 786 328 816 ficut
341 784 407 814 inde
421 783 504 813 nobis
518 782 596 820 spem
610 781 740 820 dederat,
759 782 859 812 reversi
874 783 966 814 sumus
978 783 1064 821 usque
1086 783 1232 814 Xanecon.

176 824 234 862 set,
251 824 322 854 dum
343 822 450 853 ibidem
470 831 580 851 moram
602 820 774 859 faceremus,
792 828 837 850 tan
860 831 924 851 uam
939 821 1054 851 infidelis
1068 822 1101 853 ὃς
1115 821 1234 858 promis-

178 863 261 931 {³⁰¹}ss
281 863 336 893 suae
353 862 527 898 immemor,
545 868 645 890 contra
664 870 716 890 nos
737 859 817 890 dieto
869 861 913 898 egi
930 860 1055 890 Franciae
1066 859 1172 889 firmius
1185 857 1233 887 ad-

200 911 224 931 ae
237 908 265 931 it.

217 939 287 970 Nos
304 947 399 970 tamen
412 960 422 976 ,
447 946 514 967 curn
534 936 702 968 audierimus
724 935 813 974 ipsum
835 935 950 973 Regem
964 961 974 975 ‚
1002 945 1036 966 ex
1055 935 1138 966 altera
1158 942 1235 971 parte

180 977 251 1008 dieti
272 977 385 1013 Fluvii,
402 975 494 1006 versus
513 976 693 1014 Taylleburg.
711 975 888 1016 appropriare
901 999 910 1012 ,
935 975 1000 1005 illuc
1020 973 1184 1004 acceffimus
1203 981 1235 1002 ut

179 1015 323 1047 nansitum
337 1015 428 1045 Fluvii
442 1015 467 1044 ei
480 1014 730 1052 praecluderemus:
751 1013 843 1052 Quod
857 1012 973 1051 quidem
985 1021 1053 1042 cum
1066 1011 1158 1041 facere
1172 1020 1233 1040 non

178 1053 342 1093 possemus,
360 1063 396 1083 eo
418 1052 496 1091 quod
537 1062 621 1083 aucos
641 1051 677 1082 de
691 1061 774 1092 gente
789 1052 883 1082 nostra
895 1051 1007 1088 Angliae
1020 1049 1167 1080 bellatores
1182 1058 1236 1078 no-

182 1092 292 1123 biscum
313 1091 495 1129 adduximus,
515 1063 548 1122 ἕ(
569 1100 684 1129 propter
707 1091 862 1128 potentiam
872 1089 954 1126 ipsius
972 1088 1076 1127 Regis,
1095 1097 1181 1125 quarn
1195 1087 1238 1117 vi-

166 1131 257 1161 'iibus
269 1130 372 1161 nostris
386 1129 509 1161 vidimus
522 1129 610 1167 longe
623 1131 760 1167 majorem
768 1126 820 1167 ,de
833 1127 951 1158 consilio
963 1136 1096 1157 omnium
1110 1125 1236 1155 fidelium

61 3180 110 3209 ⁸1.
125 3189 188 3218 327.

67 3630 194 3663 Ann.D.

84 3680 169 3710 ¹232·

63 3714 117 3738 An.
136 3710 178 3739 16.

64 3752 101 3776 H.
119 3758 144 3785 3.

66 3790 123 3814 Rot.

65 3825 200 3852 Franc.16.

65 3867 198 3901 fl.33m.2.

179 1168 347 1200 nostrorum
362 1168 428 1198 inde
442 1167 603 1198 recessimus
618 1168 703 1205 usque
719 1167 864 1197 Χαηὲὶοη.

219 1207 279 1238 Die
292 1218 362 1239 vero
377 1205 489 1237 Sannae
504 1206 607 1236 Mariae
621 1205 812 1245 Magdalenae,
830 1203 981 1242 postquam
996 1203 1071 1233 idem
1085 1202 1151 1232 Rex
1158 1201 1238 1232 Pon-

182 1254 244 1277 tem
262 1245 299 1276 de
320 1244 501 1284 Taylleburg.
525 1245 680 1281 transierat,
698 1253 765 1282 gens
776 1243 875 1282 ipsius,
892 1242 1008 1272 credens
1022 1241 1125 1272 Villam
1140 1239 1240 1270 Xanc-

182 1292 244 1315 ton.
265 1284 315 1315 ubi
337 1284 495 1321 fueramus,
511 1282 581 1312 dum
602 1281 691 1312 nostri
710 1281 797 1310 essent
818 1282 846 1310 in
869 1280 962 1310 mensa
984 1279 1030 1310 vel
1049 1279 1238 1317 dormientes,

182 1322 353 1362 occupasse,
371 1322 437 1352 illuc
452 1323 481 1351 in
495 1330 581 1350 manu
594 1320 661 1350 forti
676 1329 745 1349 cum
759 1315 938 1360 multitudine
946 1317 1101 1355 impetuosa
1115 1317 1239 1356 advenit,

183 1361 224 1392 set
236 1361 340 1399 nostri,
358 1359 521 1390 benedietus
534 1358 631 1396 Deus,
649 1357 715 1388 licet
727 1357 861 1394 inprovisi
883 1357 916 1387 &
936 1357 1056 1393 incauti,
1072 1356 1148 1395 genti
1167 1365 1240 1393 prae-

184 1399 271 1429 ἀὶἃὲε
293 1399 408 1429 obviam
431 1397 570 1435 exierunt,
590 1396 623 1426 &
642 1396 671 1424 in
694 1395 765 1425 facie
785 1395 823 1424 eis
845 1395 960 1425 viriliter
973 1394 1149 1431 restiterunt,
1167 1404 1240 1424 con-

187 1434 326 1477 gressique
339 1438 453 1476 gravem
466 1435 500 1465 &
512 1433 696 1468 fortissimum
710 1434 781 1463 inter
795 1433 822 1463 se
836 1433 1007 1463 conflicfium
1022 1433 1190 1463 habuerunt:
1206 1432 1240 1462 In

187 1486 248 1514 quo
261 1476 351 1512 plures
364 1474 400 1504 de
411 1473 534 1503 exereitu
548 1472 637 1512 Regis
650 1472 776 1502 Franciae
789 1471 928 1501 interfecti
942 1471 1019 1510 sunt,
1037 1471 1128 1509 plures
1141 1471 1242 1501 vulne-

186 1515 237 1544 rati
257 1514 291 1544 &
312 1513 403 1553 plures
423 1511 547 1549 detenti,
565 1511 601 1541 de
622 1510 723 1541 nostris
739 1510 861 1540 similiter
876 1510 1013 1548 aliquibus
1026 1511 1129 1548 captis,
1148 1510 1181 1541 &
1194 1509 1242 1539 ali-

186 1552 290 1590 quibus
309 1551 475 1588 vulneratis,
493 1550 526 1580 δε
548 1549 680 1587 tandem,
699 1559 767 1579 cum
785 1548 896 1579 sentiret
918 1558 1002 1588 geris,
1021 1549 1103 1578 nobis
1118 1548 1244 1586 adversa,

187 1589 269 1628 quod
290 1598 389 1620 contra
407 1599 459 1619 nos
483 1588 633 1626 praevalere
654 1597 714 1618 non
729 1586 837 1626 posset,
854 1587 888 1617 ad
904 1588 1023 1618 tentoria
1032 1586 1094 1625 sua,
1112 1596 1246 1625 tanquam

189 1628 319 1667 confusi,
336 1629 398 1658 sunt
412 1628 521 1658 reversi.
949 1644 952 1647 »

228 1666 298 1697 Nos
319 1666 449 1705 quidem,
466 1665 557 1696 adhuc
579 1666 609 1695 in
628 1664 750 1696 crastino
771 1673 982 1696 commorantes
1003 1664 1077 1703 apud
1099 1664 1247 1696 Xandion.

190 1705 228 1737 de
255 1705 391 1736 Concilio
419 1704 518 1735 nostro
546 1703 612 1733 inde
640 1703 801 1733 recessimus
829 1703 920 1734 versus
947 1703 1071 1734 Pontem
1086 1728 1096 1742 ,
1129 1702 1248 1733 Comite

192 1743 309 1774 March.
325 1743 429 1774 Villam
442 1743 476 1773 &
491 1741 626 1773 Castrum
639 1741 785 1772 Xaneton.
800 1741 856 1772 sine
870 1741 966 1772 Gente
981 1744 1014 1773 ὃς
1028 1743 1079 1772 alia
1091 1742 1250 1772 munitione

192 1783 316 1813 omnino
329 1781 534 1819 deserente35ta
546 1780 624 1819 quod
640 1780 705 1810 Rex
720 1780 863 1818 Franciae,
871 1780 936 1818 post
948 1780 1088 1811 recessum
1103 1779 1233 1810 nostrum
1242 1804 1252 1817 ,

191 1830 242 1859 ea,
260 1829 394 1859 tanquam
407 1820 540 1850 derelidha
554 1821 588 1850 &
601 1818 756 1856 indefensa,
775 1817 867 1849 statim
881 1819 921 1849 est
936 1818 1079 1858 ingressus.

233 1858 371 1897 Cumque
392 1858 554 1889 vidiffernus
573 1866 626 1888 nos
645 1857 717 1895 apud
732 1856 857 1888 Pontem
878 1859 970 1888 minus
983 1860 1047 1888 tuto
1063 1854 1251 1895 commorari,

194 1906 310 1937 propter
322 1896 465 1928 accessum
479 1896 560 1934 ipsius
575 1895 678 1934 Regis,
696 1897 746 1926 iter
760 1897 924 1933 arripuimus
943 1896 1034 1926 versus
1054 1895 1249 1926 Berbizillum:

195 1937 231 1967 In
261 1936 334 1967 Villa
352 1935 389 1965 de
416 1935 510 1966 Ponte
530 1935 636 1965 bonam
662 1935 696 1966 δε
716 1933 903 1967 sufficientem
924 1934 1095 1966 dimittentes
1118 1934 1254 1964 munitio-

195 1984 274 2005 nem.
1230 2000 1233 2006 ,

235 2014 302 2052 Set,
319 2013 506 2045 incontinenti
526 2013 560 2044 ’δε
581 2010 673 2044 statim
684 2021 718 2044 ex
734 2021 792 2051 quo
807 2012 911 2044 Villam
926 2013 1077 2051 exivimus,
1097 2010 1201 2052 Regin.
1218 2010 1255 2041 de

199 2052 295 2083 Ponte
314 2053 375 2084 vale
396 2054 478 2083 nobis
497 2052 593 2083 dicens
606 2077 615 2091 ,
639 2053 673 2083 ὃς
694 2052 761 2082 dato
783 2052 866 2082 nobis
887 2051 985 2082 osculo
1001 2051 1083 2089 Judae
1097 2074 1107 2088 ,
1125 2049 1254 2080 fraudem

198 2101 285 2130 quam
307 2093 495 2130 cogitaverat,
513 2101 599 2128 opere
618 2090 818 2128 manifestavit,
837 2091 871 2120 ὃς
889 2089 998 2120 Comes
1019 2089 1133 2119 March.
1161 2088 1256 2118 simili*

198 2139 260 2168 ter,
278 2129 355 2170 Regi
369 2129 493 2160 Franciae
505 2129 663 2160 adhaerens:
698 2128 739 2159 Ita
754 2128 848 2166 quod,
867 2129 916 2158 nisi
931 2128 1097 2158 seditionem
1110 2128 1254 2158 eorum&

199 2168 335 2199 malitiam
353 2170 539 2208 excogitatam
558 2169 664 2198 cautius
682 2165 895 2197 declinassemus
907 2191 916 2205 ,
949 2175 1007 2197 tota
1028 2166 1114 2197 noete
1137 2166 1170 2196 &
1191 2169 1256 2195 toto

198 2207 262 2246 die,
277 2206 433 2238 itinerando
446 2212 515 2237 curn
528 2207 649 2236 exercitu
665 2206 762 2236 nostro
772 2205 863 2236 versus
878 2205 1000 2236 Blaviam
1007 2228 1018 2244 2
1036 2207 1065 2235 in
1080 2212 1178 2234 manus
1186 2203 1255 2234 dieti

199 2245 307 2285 Regis,
326 2245 395 2276 sicut
415 2246 443 2275 in
462 2247 560 2276 animo
576 2243 745 2282 nequiffime
765 2249 911 2282 ceperant,
930 2254 982 2274 nos
1018 2245 1052 2274 δε
1074 2250 1176 2273 omnes
1191 2252 1257 2272 nos-

199 2292 260 2315 tros
270 2283 460 2328 tradidissent,
475 2293 609 2322 tanquam
622 2283 706 2313 famae
719 2282 774 2313 suae
787 2282 911 2322 prodigi,
927 2284 961 2315 ὃς
982 2268 1117 2313 fidelitatis
1136 2281 1208 2320 suae,
1225 2281 1259 2312 &

200 2324 382 2361 pactionum,
398 2323 470 2353 inter
484 2333 537 2354 nos
548 2323 695 2359 initarum,
713 2330 934 2359 contemptores.

241 2361 310 2392 Nos
323 2363 422 2401 igitur,
441 2371 525 2400 curn,
541 2361 598 2391 sine
614 2360 739 2398 periculo
753 2361 847 2398 patriae
862 2359 985 2398 nostrae,
1004 2361 1038 2391 δε
1054 2360 1188 2390 omnium
1204 2368 1259 2389 no-

201 2399 313 2430 biscum
326 2399 520 2438 existentium,
538 2400 609 2430 inter
622 2399 751 2429 Gentem
766 2398 842 2429 illam
856 2398 1005 2437 Pffltaviae,
1023 2398 1159 2437 perfidam
1174 2399 1207 2429 ὃς
1216 2398 1260 2427 in-

201 2439 393 2470 verecundam
401 2462 410 2475 ,
428 2447 541 2468 moram
553 2438 666 2468 ulterius
677 2438 769 2467 facere
780 2447 840 2467 non
853 2437 993 2474 possemus
1002 2460 1011 2475 ,
1029 2437 1064 2466 ad
1078 2445 1166 2475 partes
1173 2435 1259 2466 Was-

202 2479 298 2511 coniae
311 2487 362 2507 nos
375 2477 579 2514 transtulimus,
597 2477 626 2505 in
639 2476 739 2513 quibus
751 2485 821 2506 cum
834 2475 939 2505 dileeto
961 2475 1172 2512 consanguineo
1193 2484 1261 2504 nos-

203 2523 251 2545 tro
272 2515 311 2544 R.
334 2515 452 2545 Comite
470 2514 590 2545 Tholos.
612 2513 725 2544 March.
746 2514 881 2544 Provinc.
902 2514 951 2551 qui
970 2513 1005 2543 ad
1018 2524 1069 2543 nos
1083 2513 1259 2551 personaliter

202 2553 332 2591 accessit,
349 2553 498 2584 tractatum
518 2553 665 2582 habuimus
685 2549 721 2582 de
739 2551 822 2583 status
836 2551 926 2583 nostri
939 2552 1154 2590 reformatione,
1175 2552 1209 2583 &
1226 2550 1262 2581 de

203 2591 323 2622 consilio
335 2591 447 2630 agendis
459 2591 560 2622 nostris
574 2590 756 2628 apponendo.
1006 2603 1009 2606 ·

242 2629 367 2667 Verum,
386 2629 537 2667 postquam
557 2638 658 2667 aquam
680 2629 820 2668 Gyrunde
843 2630 1033 2668 transivimus,
1051 2628 1160 2659 dimiffa
1181 2630 1258 2659 bona

204 2669 365 2699 munitione
384 2668 456 2705 apud
477 2668 601 2698 Blaviam
613 2690 623 2706 ,
654 2676 766 2698 moram
783 2668 903 2698 fecimus
925 2677 959 2698 ex
979 2668 1112 2706 opposito
1132 2667 1258 2706 ejusdem

204 2706 288 2737 Villae
297 2731 306 2745 ,
324 2707 386 2744 quia
400 2705 476 2736 idem
489 2706 555 2736 Rex
568 2706 692 2735 Franciae
706 2714 819 2736 venerat
835 2717 903 2737 cum
916 2708 1039 2737 exercitu
1053 2705 1102 2737 suo
1115 2714 1168 2744 pro
1182 2705 1258 2736 Villa

202 2745 248 2776 illa
266 2744 442 2783 obsidenda,
460 2745 520 2782 set,
545 2754 613 2774 cum
634 2743 745 2774 duobus
762 2745 880 2775 miliariis
902 2755 917 2775 a
938 2745 1011 2776 Villa
1029 2744 1084 2782 ipsa
1096 2769 1106 2782 ,
1130 2744 1189 2774 fere
1210 2754 1260 2784 per

203 2783 369 2822 quindecim
389 2783 462 2821 dies,
479 2792 591 2813 moram
608 2781 713 2813 faceret
731 2784 761 2813 in
782 2782 907 2822 Castris,
925 2790 985 2814 non
998 2783 1075 2814 ausus
1088 2782 1129 2813 est
1144 2784 1259 2821 propius

204 2821 337 2853 accedere
350 2846 360 2860 ,
392 2821 458 2851 licet
477 2822 516 2852 sui
538 2821 649 2852 interim
671 2831 739 2851 cum
767 2822 928 2852 munitione
957 2821 1052 2852 nostra
1069 2821 1155 2852 fortes
1174 2821 1265 2852 habu-

203 2861 287 2930 isffent
309 2860 476 2898 conflic‘tu33
496 2861 530 2891 ὃς
550 2859 587 2890 sic
605 2858 725 2890 demum
748 2860 870 2891 reversus
889 2860 930 2891 est
949 2860 1026 2891 idem
1039 2860 1104 2890 Rex
1119 2860 1155 2890 ad
1175 2868 1265 2898 partes

216 2910 271 2930 uas.

243 2938 333 2976 Super
345 2937 396 2968 hiis
409 2945 503 2969 autern
518 2937 696 2975 Imperialem
709 2937 946 2977 magnificentiam
961 2937 1090 2968 duximus
1103 2935 1263 2968 certifican-

203 2976 288 3014 dam,
306 2983 434 3015 rogantes
453 2977 583 3007 attentius
604 2978 749 3015 quatinus,
765 2977 784 3006 si
804 2976 873 3015 quid
893 2976 984 3014 aliud,
1002 2977 1032 3006 in
1051 2976 1135 3006 famae
1156 2975 1261 3005 nostr-ae

205 3015 367 3052 laesionem,
385 3014 421 3044 de
433 3014 565 3052 processu
578 3014 677 3044 nostro
712 3024 747 3045 ex
759 3015 871 3054 alicujus
886 3015 982 3045 aemuli
997 3014 1084 3044 nostri
1106 3014 1244 3053 figmento
1255 3037 1265 3051 ,

204 3054 315 3083 auribus
329 3052 426 3095 vestris
442 3053 609 3091 insonuerit,
627 3038 697 3085 illucl

207 3100 305 3129 putare
323 3090 419 3121 velitis.

244 3129 291 3160 Ad
304 3129 367 3160 haec
379 3129 513 3160 serenitati
526 3129 627 3160 vestrae
643 3131 769 3167 cupimus
784 3130 957 3161 innotescere
979 3130 1075 3169 quod,
1093 3131 1121 3160 in
1145 3129 1268 3167 partibus

206 3167 393 3207 Burgundiae,
411 3169 429 3188 *²
449 3168 540 3205 plures
562 3168 711 3198 benivolos
733 3170 766 3200 &
788 3171 894 3200 amicos
913 3176 1041 3207 potentes
1053 3169 1158 3200 habete
1174 3167 1268 3205 posse-

208 3215 290 3245 mus,
308 3207 356 3244 qui
366 3206 497 3244 viriliter,
515 3207 545 3236 in
559 3206 717 3236 necessitate
731 3207 900 3246 nostra,nos
911 3210 1055 3246 juvarent,
1074 3207 1093 3237 si
1108 3206 1270 3237 Comitatus

208 3243 378 3287 Burgundiae
397 3245 426 3273 in
447 3249 532 3274 'manu
553 3244 661 3275 alterius
676 3254 762 3282 quam
776 3245 868 3277 Ducis
883 3245 1049 3285 Burgundiae
1064 3244 1212 3282 extitisset,
1231 3243 1268 3274 de

208 3294 287 3322 quo,
303 3285 321 3312 si
343 3282 451 3322 placet,
469 3283 576 3313 utilitati
597 3282 719 3321 nostrae,
739 3294 824 3322 quam
845 3285 961 3316 honoris
976 3283 1063 3316 vestri
1077 3292 1203 3321 reputare
1216 3293 1270 3320 po-

210 3322 286 3353 testis
296 3322 523 3358 incrementum,
541 3320 701 3359 prospicere
715 3323 815 3352 velitis.

710 3064 762 3092 pro
774 3054 880 3085 frivolo
894 3055 927 3085 &
940 3054 1047 3085 veritati
1059 3053 1202 3084 contrario
1223 3062 1266 3082 re-

246 3396 338 3429 Teste
350 3397 434 3437 Rege
450 3396 524 3435 apud
537 3396 745 3436 Burdegaliam‚
765 3407 800 3436 19
814 3398 859 3430 die
874 3399 1054 3438 Septembris.

407 3521 454 3554 De
464 3519 554 3566 fizlvo
572 3517 724 3551 Conduffbu
739 3529 794 3565 pro
810 3522 888 3566 Rege
904 3521 1070 3555 Navarra.

213 3606 279 3669 D
288 3605 414 3637 Ominus
428 3606 497 3637 Rex
511 3602 645 3647 concedit
656 3602 735 3642 Regi
747 3602 783 3633 de
797 3603 949 3635 Navarum
966 3604 1147 3636 conduCtum
1168 3601 1272 3634 transe-

299 3644 369 3676 undi
383 3651 433 3683 per
453 3653 557 3676 terram
572 3643 617 3673 Re
638 3652 675 3679 is,
693 3642 722 3670 in
736 3641 831 3672 eundo
845 3642 937 3673 versus
950 3648 1037 3680 partes
1045 3643 1118 3680 suaS,
1137 3642 1273 3672 dummo-

215 3683 335 3753 lns'sad
350 3683 460 3728 diCtum
471 3682 592 3751 l{Ioniiti
617 3691 644 3749 ’ᾗ
657 3678 844 3747 Byarr.d&1ad
859 3680 975 3725 dietum·
991 3677 1030 3749 Isz.
1051 3681 1175 3749 Cltimitis
1189 3680 1274 3748 TlhTo-

216 3727 784 3803 νῖέηιὶεῗὲῗὲἓῗρεῗῇῗξιὶξὲἓῗὲωζ
799 3727 896 3799 &iffi
907 3728 1059 3787 {ivm
1077 3728 1275 3795 aggssfflestassg

216 3799 304 3839 Regis
325 3798 483 3837 dampnum
503 3797 618 3835 aliquod
640 3802 765 3827 eveniet:
784 3792 855 3823 Nec
876 3793 951 3823 idem
962 3795 1030 3838 Rex
1041 3795 1194 3826 Navarum
1208 3804 1277 3832 pro-

217 3838 325 3868 curabit
358 3836 416 3868 uod
430 3836 525 3876 Regi,
542 3843 589 3866 aut
601 3843 684 3865 terrae
696 3833 751 3863 suae
766 3831 922 3868 dampnum
934 3831 1050 3871 aliquod
1071 3832 1221 3871 inferatur,
1239 3841 1274 3863 ex

215 3875 329 3907 transitu
350 3885 390 3905 uo
404 3875 497 3906 versus
529 3880 598 3904 artes
610 3872 675 3902 suas.
849 3908 854 3913 ‘

254 3912 347 3944 Teste
360 3913 401 3943 R.
415 3913 490 3951 apud
504 3884 624 3951 gurdeg.
641 3912 657 3940 8
671 3910 717 3940 die
730 3906 876 3939 Octobris.

1016 3984 1148 4026 confilium
1169 3983 1208 4023 ῤ’
1226 3986 1278 4018 vo·-

258 3984 300 4018 Et
314 3989 476 4018 mandatum
490 3988 527 4028 est
540 3990 636 4018 Comiti
649 3984 754 4023 Tholofi
765 3985 851 4024 quod,
879 3991 1062 4063 ussgruetoffiupm

218 4024 351 4057 Iuntaeem
358 4026 441 4067 fieam
457 4030 574 4060 Domino
587 4028 654 4065 Regi
660 4022 801 4067 fignificet.
872 4032 888 4054 e

254 4096 328 4127 Dim.
338 4091 366 4127 Ῐ.
385 4094 418 4127 Ρ.
436 4097 463 4133 1.

1289 154 1762 201 PUBLICA.

2253 163 2330 205 113

2343 259 2420 293 Anti.
2432 261 2477 294 1)ss

2364 311 2448 340 1232.

1274 331 1323 362 De
1348 327 1499 362 condutta
1519 340 1575 376 pro
1599 333 1787 375 Margareta
1815 340 1907 361 uxore
1924 331 1969 361 H.
1985 325 2021 360 de
2041 328 2157 372 Burg0‚
2182 325 2218 362 (φ
2228 323 2329 368 sorore
2345 346 2409 369 Hen.
2430 350 2455 376 3⁹

1666 380 1752 424 Regis
1770 378 1935 409 Scotorum.

1275 461 1402 520 REX
1426 461 1541 499 suscepit
1562 462 1591 491 in
1615 461 1719 492 salvum
1734 461 1767 491 &
1782 462 1910 492 securum
1923 459 2101 490 conduc'tum
2115 457 2196 488 suum
2212 456 2326 495 Marga-
2344 451 2396 474 ⁴4²⁵·
2416 455 2458 480 ¹7·

1347 510 1435 531 retam
1459 510 1577 531 uxorem
1599 499 1722 530 Huberti
1743 498 1779 527 de
1799 499 1911 536 Burgo,
1929 498 2013 527 soror.
2041 498 2126 536 Regis
2142 496 2326 531 Scottorum,
2345 491 2378 513 H.
2400 493 2423 520 3-

1275 539 1309 569 &
1329 538 1478 578 Magotam
1501 539 1585 568 filiam
1608 538 1700 575 suam,
1719 538 1752 568 ὃς
1774 536 1901 566 homines
1922 545 2020 565 eorum
2041 537 2069 565 in
2091 534 2185 565 eundo
2199 534 2233 564 ad
2245 542 2328 563 terras
2347 529 2403 551 ΡΜ·
2418 530 2459 556 ”7”

1275 576 1356 613 ipsius
1371 578 1495 607 liuberti
1509 577 1544 607 de
1557 576 1652 615 Burgo
1665 577 1718 607 viri
1732 574 1771 605 sui
1784 574 1820 603 de
1837 573 1995 603 haereditate
2015 572 2075 610 sua,
2093 573 2138 603 vel
2160 573 2196 602 de
2218 571 2330 610 perqui-
2349 568 2380 588 H·
2394 569 2451 596 3⁴⁷²·

1276 615 1330 645 sitis
1345 615 1413 653 suis,
1432 616 1504 653 aliis,
1524 624 1608 654 quani
1622 615 1690 652 iilis,
1710 622 1775 651 quas
1789 611 1825 642 de
1839 611 1921 650 Rege
1934 611 2030 641 tenuit.
2351 610 2394 637 37·

1314 652 1351 682 Et
1364 653 1436 692 apud
1452 662 1535 684 terras
1549 653 1603 683 illas
1618 651 1775 690 morando,
1794 652 1827 681 &c
1846 650 1881 679 ab
1901 659 1955 679 una
1974 657 2110 679 terrarum
2131 648 2239 679 illarum
2254 656 2332 678 rece-

1277 690 1390 729 dendo,
1409 692 1487 722 causa
1502 691 1586 724 eundi
1599 691 1633 721 ad
1645 691 1726 721 aliam
1742 689 1778 719 de
1790 687 1892 719 eisdem
1905 688 1992 718 terris.
2033 723 2037 727 .

1315 728 1353 760 Et
1374 730 1531 769 diriguntur
1551 730 1650 760 litterae
1669 729 1803 759 omnibus
1826 726 1935 757 Ballivis
1950 748 1960 764 ‚
1989 725 2049 756 ὅτε.
2073 723 2151 763 quod
2172 722 2221 768 illis
2236 747 2245 761 ,
2270 723 2330 753 &c.

1278 768 1388 797 nullum
1400 768 1502 798 faciant
1517 768 1563 799 vel
1577 767 1635 798 fieri
1647 768 1809 805 permittant
1820 765 1994 802 dampnum,
2013 763 2059 795 vel
2078 761 2333 800 impedimentum,

1277 814 1323 834 aut
1335 814 1503 844 gravamem.

1314 842 1347 872 In
1364 844 1458 882 cujus,
1477 845 1538 875 &c.

1316 918 1405 949 Teste
1420 919 1504 958 Rege
1518 918 1591 956 apud
1605 919 1731 950 Westm.
1746 919 1859 949 decimo
1873 918 1956 948 tertio
1969 918 2017 948 die
2028 916 2216 948 Novembris.

1448 1045 1496 1075 De
1514 1043 1680 1086 Provg'fione
1697 1047 1773 1076 inter
1792 1046 1900 1088 Regem
1921 1046 1957 1081 ὠ
1975 1042 2172 1075 Lewelinum.

1282 1126 1410 1186 REX
1435 1126 1586 1166 omnibus,
1604 1129 1665 1159 &c.

1374 1166 1471 1234 Sciatbis
1493 1166 1571 1234 quogl
1584 1191 1593 1204 ‚
1611 1176 1686 1234 ςυπὲ
1704 1164 1862 1233 [ΑεννεΙίηὲε
1876 1189 1885 1202 ‚
1905 1163 2038 1233 {gigceps
2059 1164 2095 1194 de
2119 1164 2257 1232 Abesrfrau
2270 1187 2280 1201 ,
2304 1162 2339 1231 &d
2357 1153 2485 1235 ²432?-

1282 1203 1428 1235 Dominus
1452 1204 1544 1247 ‘nauw
1564 1215 1612 1234 on.
1626 1213 1666 1234 no
1689 1205 1709 1233 is
1725 1208 1828 1234 conces
1842 1204 1894 1233 erit
1972 1204 2071 1232 rmiter
2080 1204 2172 1240 promi
2184 1203 2235 1232 erit
2242 1212 2319 1245 3*quo
2462 1215 2470 1221 ·

1283 1242 1364 1273 stabit
1385 1244 1538 1280 provisioni
1557 1243 1760 1273 venerabilium
1780 1251 1891 1282 patrum
1920 1240 1958 1270 R.
1986 1239 2105 1270 Cicestr.
2129 1239 2261 1277 Episcopi
2274 1263 2283 1278 ,
2307 1241 2341 1270 &
2359 1235 2411 1258 An·
2429 1241 2469 1267 ¹7⁰

1283 1280 1451 1311 Cancellarii
1466 1280 1570 1319 nostri,
1586 1282 1619 1311 ὃς
1636 1281 1671 1311 Α.
1686 1280 1826 1311 Coventr.
1841 1281 1874 1311 &
1890 1278 2021 1308 Lichfeld
2036 1278 2184 1321 Episcopi,
2202 1279 2234 1308 ὃς
2255 1277 2342 1308 dilec-
2361 1274 2394 1296 H.
2418 1278 2442 1305 3·

1285 1327 1381 1349 torum
1398 1321 1431 1350 ὃς
1446 1318 1569 1349 fidelium
1585 1319 1748 1349 nostrorum
1761 1318 1801 1352 R.
1817 1317 1974 1348 Marescalli
1990 1316 2113 1346 Comitis
2132 1314 2248 1346 Pembr.
2263 1315 2291 1354 J.
2309 1316 2345 1346 de
2360 1312 2416 1334 ΡΜ·
2441 1316 2482 1342 ¹7·

1285 1357 1363 1402 Lacy
1385 1357 1511 1388 Comitis
1533 1358 1663 1388 Lincoln.
1686 1358 1720 1388 &
1743 1356 1951 1388 Constabularii
1971 1354 2107 1393 Cestrke,
2125 1354 2153 1384 S.
2166 1354 2201 1384 de
2217 1354 2337 1392 Segrave
2360 1351 2392 1374 H.
2412 1355 2436 1381 3·
2449 1356 2489 1381 m·

1280 1396 1431 1435 Justiciarii
1444 1395 1533 1426 nostri
1548 1396 1673 1435 Angliae,
1692 1397 1725 1426 δε
1740 1395 1779 1425 R.
1793 1395 1841 1424 filii
1857 1393 1995 1425 Nicholai
2015 1392 2160 1423 Senescalli
2182 1391 2285 1430 nostri,
2305 1403 2337 1422 u-
2355 1394 2382 1417 9·
2395 1394 2420 1412 ⁷²-
2446 1393 2489 1419 3²·

1284 1445 1319 1464 na
1334 1445 1403 1465 cum
1413 1434 1439 1473 J.
1456 1434 1589 1464 Devenet
1603 1433 1758 1465 Senescallo
1772 1433 1852 1471 ipsius
1868 1433 2024 1470 Lewelini,
2042 1432 2075 1463 δε
2093 1431 2136 1462 W
2139 1440 2234 1461 renoc.
2256 1431 2340 1462 fratre

1286 1474 1359 1512 ejus,
1377 1472 1678 1542 IinanosVfaceltian,s&
1693 1472 1789 1541 Dsavid
1803 1470 1929 1515 Clerico.
2041 1507 2067 1539 d.
2155 1508 2182 1538 b,
2210 1507 2236 1538 fa
2258 1509 2262 1513 Ι
2302 1507 2328 1538 ἀ,

1362 1521 1425 1543 uam
1446 1522 1452 1541 l
1487 1524 1494 1541 i
1528 1521 1542 1541 a
1576 1521 1616 1541 uri
1646 1519 1696 1541 unt
1730 1522 1747 1540 u
1768 1520 1797 1540 er
1810 1519 1867 1540 con
1888 1520 1941 1540 ruis
1957 1518 2040 1539 emen
2060 1519 2080 1538 is
2115 1518 2154 1538 no
2176 1518 2197 1537 is
2238 1516 2301 1539 cien
2321 1517 2344 1538 is

1288 1512 1474 1580 degmnibuls)
1485 1549 1657 1588 excessibus,
1676 1521 1805 1579 nobis&
1818 1558 1856 1578 no
1883 1549 1917 1578 ris
1931 1548 1966 1577 ab
1978 1557 2013 1577 eo
2028 1548 2061 1578 δε
2075 1532 2125 1577 fiiis
2139 1546 2227 1577 faffls

1326 1588 1365 1619 Et
1385 1589 1420 1619 de
1441 1588 1614 1619 restitutione
1635 1588 1716 1618 nobis
1740 1588 1773 1619 δί
1789 1586 1944 1617 haeredibus
1957 1585 2057 1616 nostris
2068 1584 2194 1615 facienda
2204 1584 2240 1615 de
2251 1585 2347 1614 omni*

1291 1628 1344 1658 bus
1364 1628 1442 1657 terris
1462 1627 1496 1658 &
1518 1626 1731 1664 possessionibus
1753 1625 1853 1656 nostris
1873 1626 1908 1657 &
1926 1624 2107 1662 nostrorum,
2124 1624 2275 1661 peripsum
2290 1623 2348 1653 Le'-

1290 1666 1426 1734 wflinum
1442 1666 1475 1697 &
1496 1665 1649 1696 Wallenses
1667 1664 1828 1703 occupatiS,
1845 1663 1995 1695 occasione
2016 1672 2113 1695 werrae
2136 1663 2206 1692 inter
2221 1671 2290 1699 nos,
2309 1662 2344 1693 &

1293 1715 1302 1734 i
1334 1714 1383 1735 um
1397 1713 1496 1735 motae.
2072 1732 2073 1735 ,

1303 1715 1322 1742 p
1330 1743 1421 1773 Simul
1434 1744 1518 1773 etiam
1530 1743 1566 1773 de
1579 1741 1736 1781 recipienda
1748 1741 1922 1772 restitutione
1935 1751 1950 1771 a
1963 1740 2045 1771 nobis
2058 1740 2091 1771 &
2105 1738 2223 1777 nostris,
2241 1737 2278 1769 de
2284 1748 2349 1768 om-

1294 1782 1374 1812 nibus
1388 1782 1467 1812 terris
1480 1781 1561 1819 ipsius
1577 1781 1715 1812 Leweliui
1729 1781 1761 1812 ὃς
1777 1781 1930 1811 hominum
1941 1780 2071 1817 subrum,
2089 1788 2137 1817 per
2159 1783 2211 1808 nos
2232 1778 2266 1808 &
2286 1784 2353 1807 nos*-

1294 1829 1358 1889 trois}
1366 1822 1527 1889 occuffia-tis,
1544 1819 1966 1888 occziglonfiws‘iloe'psaediffae'
1991 1856 2008 1885 Γ
2033 1856 2037 1862 Ι
2075 1852 2108 1887 δὲ
2121 1855 2197 1885 Ysb
2214 1854 2233 1884 n

1482 1868 1500 1883 ⁰
1521 1872 1524 1876 ·
1576 1872 1579 1877 ’
1947 1867 1953 1874 ’
2199 1865 2214 1884 e
2300 1863 2318 1883 x

1296 1899 1319 1928 ri
1334 1859 1519 1938 ejlisdfgtiilrfi'o1
1522 1859 1619 1927 assrclilae
1632 1869 1695 1927 filiae
1707 1882 1741 1927 ⁷&
1755 1865 2085 1925 ffgggiiiswfisivgxixlniihe
2100 1866 2190 1936 Breiss.
2203 1864 2353 1936 taffoiisabtiss

1297 1937 1475 2006 lxifflffirtilone,
1492 1936 1504 1966 l
1518 1936 1635 2004 zib-{llam
1647 1935 1847 1974 contingente,
1865 1933 1900 1964 de
1915 1934 1990 1963 terris
2013 1942 2075 1970 quae
2095 1936 2208 1962 ruerunt
2228 1931 2354 1968 praedicti

1344 1986 1352 2005 1
1374 1986 1398 2005 ie
1409 1986 1448 2006 mi
1482 1984 1542 2005 atris
1568 1985 1604 2005 ui.

1335 2013 1373 2044 Et
1386 2014 1421 2044 de
1435 1986 1574 2045 relsusione
1586 2015 1715 2052 pecuniae
1729 2011 1810 2043 nobis
1825 2010 1967 2049 facienda,
1985 2019 2038 2048 pro
2053 2008 2191 2048 praeditfftis
2199 2007 2352 2039 excessibus

1300 2062 1427 2097 congrue
1441 2052 1638 2090 emendandis,
1655 2053 1688 2083 &
1704 2052 1835 2089 portione
1842 2049 1980 2094 ,praediea
1991 2048 2154 2093 assignanda.
2186 2087 2190 2092 η
2242 2089 2245 2091 q

1335 2090 1574 2136 Prov1sartamen',
1590 2091 1670 2128 super
1683 2091 1756 2128 hoc,
1775 2089 1810 2119 ab
1825 2088 1927 2119 eisdem
1940 2087 2095 2132 suffieiente
2107 2086 2247 2130 securitate
2268 2085 2304 2115 de
2324 2083 2358 2114 fi-

1300 2129 1354 2160 deli
1369 2131 1480 2161 servitio
1493 2130 1576 2160 nobis
1589 2129 1746 2167 praestando
1754 2152 1764 2168 ,
1781 2129 1814 2159 &
1827 2127 1862 2157 de
1874 2127 2059 2165 tranquilitate
2074 2126 2173 2162 nobis,
2190 2125 2208 2143 '¹‘
2229 2125 2261 2168 ὃς
2276 2124 2358 2160 Reg-

1300 2178 1341 2200 no
1356 2168 1456 2199 nostro
1470 2168 1581 2208 Angliae
1594 2167 1783 2206 observanda,
1800 2167 1837 2197 ita
1851 2165 1928 2204 quod
1946 2164 2120 2202 dampnum,
2137 2162 2183 2194 vel
2201 2162 2359 2200 periculum

1299 2208 1467 2276 neqinobis,
1483 2217 1539 2276 nge
1554 2206 1661 2246 Regno
1673 2205 1773 2275 nsostro
1785 2204 1851 2273 indg
1863 2203 2080 2273 {Offitaievepciir}
2296 2239 2312 2269 s
2338 2240 2343 2244 ¹

1675 2246 1683 2274 i
1793 2253 1832 2273 rae
1853 2244 1861 2272 i
1893 2253 1909 2273 a
1968 2244 1976 2272 i
1999 2252 2025 2272 ui
2080 2250 2096 2270 e
2116 2250 2196 2271 novo
2217 2248 2294 2269 emer
2306 2246 2358 2269 erit

1301 2255 1440 2316 emehzlah
1462 2253 1798 2323 Srrnfxildirgmilleulzcelligups
1810 2266 1947 2319 voluerit,
1966 2252 1999 2313 &q
2024 2279 2192 2311 concesserit
2213 2278 2292 2316 quod
2312 2287 2360 2315 per

1301 2323 1452 2393 Ρῑεξέἰᾶοε
1466 2323 1621 2362 provisores
1634 2322 1809 2390 emendietur.
1928 2358 1944 2389 f
1956 2358 1984 2389 ἃ
2021 2359 2026 2364 1
2043 2356 2059 2387 s
2125 2355 2142 2386 s
2303 2354 2347 2384 ‘bu

1497 2363 1500 2368 '
1850 2369 1915 2389 uam
1940 2369 1955 2389 a
1986 2368 2029 2388 uri
2054 2364 2104 2387 unt
2137 2366 2154 2386 u
2176 2365 2205 2386 er
2227 2364 2309 2385 omni
2349 2363 2362 2383 s

1303 2362 1811 2441 praenqisiffsrpxgrsiiqgigmheggiglnuseigg
1820 2369 1966 2435 afficeptam
1980 2406 2033 2434 pro
2047 2396 2130 2425 nobis
2144 2365 2178 2426 &pc
2192 2393 2311 2431 nost-ris,
2328 2392 2362 2423 si-

1303 2448 1353 2470 cut
1367 2439 1495 2477 praefatus
1511 2439 1676 2482 Lewelinus·
1687 2448 1739 2475 pro
1752 2437 1779 2467 se
1792 2438 1826 2468 &
1842 2436 1902 2466 suis.
2038 2473 2043 2479 ι
2168 2472 2173 2477 .
2238 2472 2243 2477 .

1342 2477 1376 2507 In
1388 2479 1466 2517 cujus
1482 2479 1523 2508 rei
1535 2477 1730 2508 testimonium
1745 2475 1792 2505 has
1804 2476 1904 2507 litteras
1917 2473 2023 2504 nostras
2035 2472 2102 2503 inde
2115 2471 2175 2502 fieri
2189 2471 2308 2502 fecimus
2315 2479 2363 2507 pa-

1303 2524 1401 2547 tentes.

2377 2119 2393 2136 ¹*
2404 2119 2427 2146 I.
2444 2108 2513 2154 3283·

1343 2593 1434 2624 Teste'
1454 2592 1561 2632 meipso
1580 2592 1654 2631 apud
1677 2592 1818 2630 Salopiam
1831 2614 1841 2629 ‚
1866 2590 1986 2629 septimo
2005 2587 2051 2620 die
2074 2586 2247 2619 Decembris
2263 2609 2273 2623 ‚
2288 2593 2366 2616 anno

1305 2631 1402 2671 Regni
1415 2633 1505 2663 nostri
1519 2633 1635 2663 decimo
1648 2631 1776 2669 septimo.
2107 2641 2113 2647 ·

1307 2780 1356 2813 De
1377 2776 1566 2824 appellatione
1593 2774 1813 2821 Archiepzfiopi
1842 2770 1975 2806 Eborac.
2011 2781 2114 2805 contra
2145 2771 2368 2803 Coronationem

1644 2826 1731 2871 Regis
1746 2826 1845 2856 Scotiae
1864 2821 2027 2866 ratificata.

1310 2912 1438 2972 REX
1461 2902 1692 2950 appellationem,
1711 2918 1798 2948 quam
1814 2903 1868 2939 W.
1888 2907 2021 2943 Eborum
2035 2903 2286 2949 Archiepisco'puS,
2303 2901 2366 2932 An-
2383 2910 2459 2950 Arm.
2476 2918 2508 2949 D

1383 2952 1446 2991 gliae
1460 2951 1587 2989 Primas,
1605 2959 1655 2988 per
1667 2948 1709 2986 se,
1728 2948 1773 2978 vel
1786 2957 1835 2985 per
1856 2956 1948 2976 certos
1969 2944 2104 2975 Nuncios
2124 2943 2204 2986 suos,
2222 2940 2367 2978 interposi-
2406 2966 2489 2997 133·
2509 2941 2519 2950 ·

1311 2998 1387 3020 turus
1402 2989 1444 3020 est
1457 2990 1516 3020 tam
1530 2998 1582 3026 pro
1594 2990 1656 3027 jure
1672 2986 1779 3026 Regis,
1798 2985 1884 3023 quam
1899 2984 1965 3021 suo,
1984 2993 2020 3012 ne
2033 2980 2190 3012 Alexander
2205 2979 2271 3024 Rex
2284 2979 2368 3023 Scot-
2386 2980 2441 3025 Aa?
2458 3003 2502 3032 ¹7·

1310 3037 1407 3059 torum
1430 3030 1459 3058 in
1480 3027 1593 3066 Regem
1613 3026 1641 3055 se
1653 3025 1735 3055 faciat
1749 3024 1898 3061 coronari,
1914 3024 1943 3052 in
1958 3020 2152 3059 praejudiciurn
2168 3019 2268 3058 Regiae
2279 3017 2370 3057 digni·
2386 3040 2422 3063 H·
2444 3044 2456 3070 3

1311 3067 1371 3096 'tatis
1387 3068 1420 3098 &
1433 3065 1564 3096 libertatis
1578 3064 1658 3102 ipsius
1674 3061 1887 3101 Archiepiscopi
1899 3062 1932 3092 δί
1948 3059 2083 3091 Ecclesiae
2096 3057 2371 3097 suae,ratamhabet‚
2387 3078 2443 3101 PM·

1312 3108 1418 3145 gratam
1434 3105 1466 3135 ὃ(
1480 3111 1635 3141 acceptam.

1354 3142 1391 3174 Et
1405 3143 1530 3182 dirigitur
1544 3143 1631 3172 breve
1646 3139 1779 3170 omnibus
1788 3162 1798 3176 ‚
1816 3138 1876 3170 &c.

1351 3214 1443 3251 Teste
1457 3218 1485 3250 S.
1500 3218 1536 3255 de
1551 3217 1694 3257 Sedgrave
1703 3239 1712 3255 ‚
1730 3215 1807 3247 se'Xto
1818 3214 1864 3246 die
1878 3214 1959 3245 Maii:

2461 3054 2503 3108 sy.

2385 3116 2420 3139 H.
2443 3120 2467 3146 3.

2385 3160 2412 3177 n.
2434 3156 2478 3186 ¹3⁴

1524 3355 1573 3386 De
1591 3350 1725 3384 adventu
1754 3353 1840 3396 Regis
1862 3352 1969 3382 Conac.
1990 3352 2021 3381 in
2038 3347 2166 3393 Anglia.

1314 3437 1444 3496 REX
1470 3435 1576 3467 dileeto
1595 3435 1628 3467 δε
1649 3434 1723 3466 fideli
1745 3435 1794 3466 suo
1816 3433 1955 3464 Mauririo'
1975 3431 2033 3462 filio
2053 3428 2174 3461 Getardi
2186 3453 2196 3466 ,
2211 3427 2374 3467 Justiciario
2390 3433 2466 3466 Ann,
2481 3433 2522 3465 D„

1388 3477 1438 3507 suo
1452 3475 1619 3511 Hiberniae,
1635 3473 1758 3504 salutem.
2262 3506 2267 3512 ι
2337 3506 2343 3512 ·
2414 3482 2500 3513 1233„

1353 3514 1526 3554 Significavit
1548 3513 1630 3543 nobis
1652 3512 1769 3542 dilectus
1792 3510 1825 3540 &
1844 3507 1929 3539 fidelis
1951 3507 2046 3538 noster
2066 3506 2099 3536 F.
2121 3506 2191 3550 filius
2213 3504 2372 3543 karissimi,
2391 3517 2442 3541 An,
2467 3521 2509 3548 17„

1317 3552 1500 3591 quondamR
1540 3551 1697 3581 isConnac.
1713 3548 1790 3587 quod
1806 3546 1950 3585 proposuit
1963 3545 1998 3575 ad
2013 3555 2064 3575 nos
2076 3554 2173 3575 venire
2189 3544 2218 3574 in
2233 3543 2375 3583 Angliam‚
2392 3557 2424 3581 H.
2448 3561 2473 3588 3,

1318 3592 1396 3621 causa
1416 3602 1469 3622 nos
1487 3591 1517 3621 vi
1537 3589 1620 3627 endi,
1638 3590 1671 3620 &
1693 3587 1843 3618 nobiscum
1862 3583 1998 3623 loquendi
2019 3583 2056 3614 de
2077 3583 2197 3623 negotiis
2219 3582 2321 3613 nostris
2343 3583 2376 3614 &
2391 3594 2449 3617 Par.
2469 3590 2513 3622 17?

1320 3629 1380 3660 suls.
2395 3633 2428 3656 H„
2467 3647 2472 3653 ,
2487 3634 2523 3652 γη,

1355 3668 1394 3698 Et
1407 3677 1460 3699 nos
1476 3665 1701 3696 renunciavimus
1717 3665 1760 3701 ei,
1777 3661 1872 3700 quod,
1890 3670 1954 3691 ante
1967 3660 2121 3691 adventum
2137 3660 2216 3690 suum
2227 3684 2237 3698 ‚
2252 3659 2377 3696 laboret,
2397 3677 2424 3703 4,
2439 3636 2466 3693 „3
2483 3672 2524 3691 iz..

1319 3705 1356 3736 de
1371 3706 1489 3737 consilio
1504 3703 1600 3734 vestro
1609 3727 1618 3740 ,
1636 3702 1670 3732 ad
1684 3702 1846 3739 captionem
1860 3699 1953 3729 Castri
1964 3698 2000 3729 de
2015 3696 2119 3729 Miloc.
2156 3698 2213 3729 uod
2226 3697 2268 3728 est
2280 3698 2309 3727 in
2322 3707 2381 3727 rna—

1320 3755 1360 3774 nu
1374 3745 1413 3775 R.
1429 3743 1465 3773 de
1484 3741 1566 3779 Burg.
1582 3743 1632 3778 δε,
1652 3750 1720 3770 cum
1735 3739 1845 3769 dictum
1856 3737 1989 3769 Castrum
2002 3745 2117 3774 captum
2144 3737 2232 3775 uerit,
2250 3737 2284 3767 &
2298 3736 2381 3766 vobis

1320 3782 1522 3818 commissum,
1541 3780 1574 3809 &
1589 3788 1661 3809 terra
1676 3778 1808 3808 Connac.
1822 3776 1932 3813 sedata,
1944 3777 1977 3807 &
1992 3776 2074 3806 vobis
2088 3776 2142 3806 fuit
2155 3775 2286 3812 liberata,
2304 3774 2379 3803 bene

1320 3822 1410 3862 placet
1430 3820 1528 3855 nobis,
1547 3818 1580 3848 &
1601 3817 1733 3847 volumus
1756 3814 1834 3853 quod
1854 3815 1887 3845 ad
1909 3819 1961 3844 nbs
1976 3815 2070 3844 veniat
2082 3816 2112 3844 iti
2128 3813 2277 3854 Angliam,
2296 3811 2378 3842 simul

1324 3869 1393 3891 cum
1412 3854 1645 3888 Nunciisvestris
1660 3864 1733 3893 quos
1747 3853 1781 3883 ad
1796 3863 1849 3883 nos
1861 3854 1975 3884 mittetis
1989 3853 2018 3882 in
2032 3852 2078 3883 An
2100 3852 2174 3882 liam.

1361 3897 1425 3927 Hiis
1447 3897 1546 3935 igitur,
1565 3901 1596 3922 ut
1615 3892 1786 3930 praedffltum
1807 3891 1849 3922 est
1863 3916 1872 3930 ‚
1891 3890 2024 3929 expeditis
2065 3892 2091 3922 sa
2103 3900 2174 3921 vum
2196 3891 2229 3921 &
2250 3888 2380 3919 securum

1322 3935 1501 3967 condunum
1525 3930 1640 3970 praefato
1661 3931 1692 3961 F.
1715 3930 1819 3960 habere
1838 3929 1959 3968 faciatis,
1976 3915 2054 3960 caus}
2075 3927 2206 3960 veniendi
2226 3926 2259 3957 ad
2284 3936 2337 3968 nos
2352 3926 2384 3954 in

1323 3974 1456 4013 Angliam
1466 3995 1476 4009 ,
1493 3972 1523 4000 in
1543 3969 1621 4007 cujus
1637 3971 1721 3999 etiam
1740 3968 1862 3998 adventu
1890 3964 2027 4003 Nuncios
2038 3967 2148 4000 vestros
2162 3974 2229 3995 curn
2244 3974 2281 4007 eo
2293 3971 2386 4006 mitta-

1322 4013 1374 4049 tis,
1395 4011 1487 4047 viros,
1505 4008 1654 4051 videlicet,
1672 4007 1824 4050 discretos,
1842 4007 1892 4046 qui
1904 4006 1940 4039 de
1951 4005 2023 4040 statu
2036 4002 2384 4039 terraenostraeHibermae

1324 4059 1378 4083 uos
1393 4048 1496 4085 sciant,
1514 4047 1548 4080 &
1560 4045 1649 4079 velint
1659 4045 1821 4114 certifigare.
2297 4074 2388 4109 Teste
