2570 4261
4 281 80 313 Anu.
98 277 139 308 D.

24 317 108 356 1278.

5 358 71 386 Edv.
89 364 113 383 1.

7 1103 85 1137 Ann.
99 1102 140 1133 D.

29 1142 114 1179 1278.

6 1185 59 1210 An.
77 1183 103 1207 6.

9 1224 38 1248 E.
62 1229 84 1246 i.

8 1257 121 1286 Rundela

7 1297 139 1327 Brevium,

8 1333 66 1366 &a
79 1344 106 1360 m

9 2215 68 2246 *IL
79 2226 141 2254 124.

6 2409 84 2442 Anii.
96 2410 138 2440 D.

36 2449 121 2487 1278.

5 2492 59 2516 An.
80 2490 106 2514 6.

6 2531 37 2554 Ε.
57 2536 80 2553 ι.

9 2564 120 2592 Bundela

7 2605 142 2633 Brevium,

10 2640 68 2673 &cz
88 2643 112 2668 in

9 2681 97 2706 Turri.

10 2720 63 2744 An.
80 2719 107 2746 6.

9 2759 39 2783 Ε.
63 2765 87 2784 ι.

752 191 862 237 ΕΤ
944 200 1210 242 ACTA

195 278 344 318 Qiocirca
364 279 519 311 discretioni
542 279 643 311 vestrae
662 291 712 320 per
730 281 884 320 apostolica
906 283 1000 323 scripta
1025 286 1188 316 mandamus
1202 307 1212 323 ‚

157 321 285 355 quatinus
297 319 332 349 ad
344 318 462 356 saepefati
475 319 560 363 Regis
574 319 746 359 praesentiam
767 322 949 361 accedentes,
968 325 987 354 si
1001 326 1074 361 juxta
1087 324 1213 364 praemis-

155 357 212 386 sam
227 357 349 387 formam
364 367 478 387 crucem
492 358 608 388 assumat
622 370 632 396 ·,
653 359 672 389 si
689 360 716 389 se
729 369 760 389 ac
777 359 945 390 successores
958 362 1018 392 suos
1031 363 1064 392 ad
1077 364 1213 401 quantita-

155 403 214 424 tem
231 395 395 433 praedieiam
410 395 608 425 restituendam
621 420 630 434 ,
657 405 688 426 ut
703 397 863 436 puaedicitur
878 421 886 435 ,
910 401 1036 439 obliget,
1054 411 1125 440 quos
1143 410 1214 439 prze-

154 433 240 472 latos,
258 443 323 472 quas
339 440 461 470 preterea
474 433 616 464 societates
631 434 827 465 Mercatorum
843 436 943 467 offerat
959 440 992 469 ad
1008 439 1213 476 obligationem

151 471 309 510 hujusmodi
321 470 508 509 subeundam,
528 472 547 501 si
561 473 704 511 praemisso
717 475 806 504 modo
822 477 966 513 promittat
984 477 1012 507 se
1027 478 1214 508 transfretatu-

153 520 231 540 rum·
252 510 285 540 &
298 509 382 548 velit,
399 519 431 539 ac
446 510 570 548 expresse
586 511 756 549 consentiat,
773 513 866 550 quod,
881 514 1028 553 postquam
1042 516 1214 555 crucesigna—

155 556 199 578 tus
219 533 319 585 suerit,
337 547 372 577 ad
389 548 620 578 transfretandum
638 572 647 586 ,
674 558 704 580 ut
720 552 916 590 praemittitur,
933 554 1137 591 compellatur,
1156 555 1214 584 for-

154 595 232 616 mam
245 585 355 623 insuper
373 586 541 624 litterarum,
560 597 626 625 quas
641 589 675 617 ab
691 588 749 625 ipso
767 589 846 628 Rege
864 590 940 627 siiper
959 592 1009 621 hiis
1025 593 1153 622 volumus
1168 602 1216 621 ex-

155 623 269 662 hiberi,
294 624 374 654 nobis
393 634 441 663 per
458 623 560 654 vestras
583 634 707 662 patentes
727 627 827 657 litteras
846 628 964 659 seriosius
985 631 1140 668 intimetis,
1168 638 1217 669 ut,

155 661 265 700 plenius
277 672 325 700 per
338 662 404 700 ipsas
417 662 559 701 instrasti,
575 673 658 700 prout
673 675 713 694 res
727 667 865 704 exegerit,
884 668 1074 704 procedamus.

192 737 261 770 Dat.
278 737 398 770 Viterbii
412 748 440 769 2.
453 738 494 769 Id.
507 739 626 779 Augusti
641 739 827 775 Pontificatus
842 742 931 773 nostri
947 754 1022 774 anno
1037 746 1141 782 primo.

859 819 913 849 Sub
921 819 1046 859 plumbeo
1063 819 1162 858 Sigillo.

157 948 265 979 Litera
291 945 423 980 Abbatis
449 945 527 979 beati
552 949 682 996 Dionysii
701 954 731 981 in
748 952 901 993 Francia,
923 962 977 998 pro
997 949 1218 997 Archiepifiopo

568 997 800 1044 Rothomagenfi.

164 1079 388 1149 §Ereniffimo
407 1080 550 1120 Principi,
566 1081 700 1113 Domino
721 1083 750 1113 in
771 1083 875 1114 Chis’to
895 1082 1086 1123 Charissimo,
1103 1084 1220 1115 Edwar-

162 1138 167 1148 .
228 1119 284 1158 do,
304 1119 362 1149 Dei
383 1122 466 1158 gratia
488 1121 582 1151 illustri
604 1120 678 1159 Regi
702 1121 830 1165 Angliae,
857 1122 1027 1161 Matthaeus,
1046 1123 1220 1153 miseratione

158 1159 266 1196 divina,
291 1158 425 1189 Ecclesiae
446 1160 517 1190 beati
540 1159 670 1199 Dionysii
689 1160 718 1189 iri
738 1159 867 1199 Francia,
892 1161 987 1192 Abbas
1007 1161 1132 1200 humilis,
1151 1161 1220 1191 salu-

159 1207 217 1230 tem
251 1198 310 1228 &c.

197 1220 291 1274 (fitia,
307 1235 401 1265 multis
415 1234 532 1266 afflic‘tus
548 1235 699 1273 molestiis,
718 1236 811 1266 multis
829 1237 999 1277 propulsatus
1014 1238 1132 1276 injuriis,
1148 1237 1221 1267 mul-

158 1273 194 1304 tis
209 1284 243 1304 ue
264 1283 416 1307 attenuatus
435 1275 524 1312 curis,
540 1274 695 1310 laboribus,
715 1275 748 1303 &
763 1276 899 1313 expensis,
920 1276 1090 1306 venerandus
1105 1277 1137 1306 ὅτ.
1153 1276 1219 1305 clia-

159 1314 189 1342 tis
203 1323 275 1343 imus
295 1313 376 1343 nobis
396 1320 471 1349 pater
485 1313 513 1341 in
531 1310 648 1341 Christo
662 1311 702 1341 G.
719 1311 776 1341 Dei
792 1314 891 1351 gratia,
910 1314 1141 1352 Archie‘iiscopus
1156 1314 1220 1343 Ro-

159 1351 366 1390 tliomageiisis,
391 1351 441 1379 sub
466 1350 618 1387 corporalis
637 1349 781 1379 debilitatis
804 1352 922 1390 imperio
937 1375 946 1389 ,
968 1354 984 1381 a
1038 1354 1092 1382 uria
1110 1354 1221 1383 iiovittr

161 1390 295 1421 Romana
322 1388 441 1419 reversus
455 1410 463 1425 ,
496 1398 554 1417 non
578 1388 634 1418 sine
655 1388 846 1418 incommodo
867 1399 972 1428 niagno
992 1390 1026 1420 ad
1047 1390 1219 1430 praesentiam

104 1431 110 1437 '
159 1427 336 1459 Celsitudinis
355 1426 476 1467 vestrae,
490 1436 542 1465 pro
558 1427 717 1464 juramento
729 1426 878 1466 fidelitatis,
896 1436 980 1466 prout
995 1431 1079 1459 moris
1093 1429 1150 1467 est,
1167 1440 1221 1459 vo-

156 1469 199 1498 bis
218 1465 392 1507 pnestando,
410 1465 586 1503 personaliter
606 1465 739 1495 accedere
760 1465 863 1504 posset,
885 1468 1007 1496 maxime
1022 1477 1089 1498 cum
1106 1468 1218 1510 procel-

159 1506 227 1536 losas
247 1504 366 1543 aequoris
390 1504 474 1533 undas
495 1504 641 1534 abhorreat
664 1505 693 1534 in
714 1504 899 1544 immensum,
917 1505 1061 1545 ipsumque
1082 1516 1158 1536 mare
1180 1516 1220 1536 ei-

157 1545 224 1575 dem
239 1543 288 1572 suis
302 1543 423 1572 minetur
441 1541 599 1579 insultibus,

191 1581 392 1613 Eccellentiam
418 1579 537 1610 vestram
558 1589 689 1619 rogamus
710 1581 855 1619 quatinus,
886 1583 1087 1619 compatientes
1109 1583 1220 1621 eidem,

156 1622 190 1652 &
211 1629 274 1660 erga
294 1620 384 1657 ipsum
399 1619 576 1657 benignitatis
590 1619 690 1657 Regiae
704 1619 905 1657 praetendentes
921 1621 1072 1659 affeeium,
1092 1632 1140 1658 per
1156 1632 1221 1662 pro-

156 1668 334 1695 curatorem,
352 1667 437 1695 quem
459 1656 493 1687 ad
514 1668 565 1688 vos
585 1656 720 1693 destinet,
738 1658 898 1698 ydoneum,
916 1660 960 1690 vel
974 1670 1070 1690 coram
1085 1659 1223 1690 Procura-

156 1707 219 1729 tore
237 1698 347 1735 aliquo,
366 1706 381 1726 a
402 1696 483 1725 vobis
504 1696 538 1726 ad
558 1695 670 1726 diffisum
690 1695 959 1737 Archiepiscopum,
979 1698 1013 1729 ad
1035 1698 1157 1736 ejusdem
1174 1709 1222 1729 ex-

156 1737 251 1778 pensas
289 1735 415 1772 roprias,
441 1733 621 1771 destinando,
646 1735 693 1764 cui
715 1736 832 1765 nomine
854 1736 948 1766 vestro
969 1736 1127 1767 fidelitatem
1151 1738 1221 1774 juret

158 1775 247 1813 praedi
281 1782 345 1811 am,
359 1771 556 1811 Juramentum
570 1773 659 1803 velitis
674 1774 797 1810 recipere
810 1773 996 1812 supradiCtum
1005 1798 1015 1814 ,
1030 1775 1172 1816 quousque
1186 1777 1220 1807 ad

156 1812 306 1844 vasconiae
326 1819 415 1848 partes
436 1811 481 1841 vel
501 1811 629 1841 Franciae
648 1811 781 1841 accedere
801 1823 850 1843 vos
871 1815 1036 1852 contingat·
1066 1815 1130 1854 quia
1150 1823 1220 1845 tunc

157 1848 340 1882 commodius
359 1849 385 1879 se
405 1848 498 1879 vestro
518 1849 680 1888 conspefflii
694 1850 884 1890 praesentabit,
900 1852 1011 1883 dietum
1043 1863 1222 1885 uramentum

158 1889 335 1930 personaliter
350 1888 494 1919 subiturus.

198 1966 314 2005 Valeat,
332 1966 393 1997 &c.

163 2042 273 2113 VD&
286 2042 462 2082 Rothomag.
482 2042 526 2073 die
545 2042 662 2074 Veneris
679 2042 743 2084 post
765 2043 993 2085 Assumptionem
1011 2045 1101 2076 beatae
1116 2044 1218 2076 Mariae

193 2091 296 2121 irginis.

163 2213 252 2249 *De
279 2214 501 2262 Archiepissopo
529 2213 754 2261 Rothomagensi
765 2218 839 2262 Regi
853 2217 1054 2263 fhpplicante‚
1077 2217 1159 2263 qnod
1169 2229 1224 2264 per

205 2268 416 2298 Procuratores
440 2265 664 2311 Juramentum
682 2263 844 2309 fidelitatis
863 2293 873 2308 ‚
908 2270 935 2298 ei
958 2263 1111 2309 debitum,
1145 2271 1221 2299 reci-

197 2323 292 2360 peret.

225 2397 453 2429 Xcellentiffimo
475 2398 608 2429 Domino
629 2398 676 2429 suo
689 2423 698 2436 ,
722 2397 863 2429 Edwardo
878 2421 887 2434 ,
946 2401 971 2429 ei
1000 2399 1095 2438 rati-a,
1121 2398 1217 2443 illustri

238 2438 346 2476 Angliae
360 2437 452 2476 Regi,
470 2437 645 2474 Gulielmius,
666 2435 840 2468 miseratione
854 2437 964 2475 divina,
1014 2437 1220 2477 othomagensis

161 2476 413 2516 Archiepiscopus,
430 2475 543 2506 salutem
557 2498 566 2513 ,
584 2476 645 2505 &c.
1202 2515 1207 2520 .

199 2515 276 2554 Qiia
297 2522 374 2555 gyrat
393 2515 504 2544 animus
523 2514 552 2543 in
573 2512 692 2551 diversa,
711 2513 860 2553 suppositus
880 2512 981 2543 eodem
1002 2521 1130 2554 tempore
1148 2524 1221 2544 curis

160 2553 334 2585 diversorum
348 2552 581 2590 necessariorum,
598 2552 655 2581 fere
671 2553 834 2589 aequalium:
855 2551 912 2581 Pro
927 2563 1048 2590 quorum
1063 2563 1138 2591 uno,
1156 2563 1222 2583 cor-

160 2593 234 2633 poris
256 2593 289 2622 &
310 2601 401 2621 rerum
421 2590 562 2625 subiicitur
583 2590 724 2629 periculo,
749 2600 802 2628 pro
822 2590 875 2620 alio
897 2600 1009 2628 autem,
1026 2601 1119 2621 rerum
1141 2592 1222 2622 timet

161 2630 334 2671 periculum,
353 2630 385 2661 &
406 2629 547 2668 superioris
567 2628 703 2659 offensam
718 2638 724 2657 :
762 2628 859 2659 Sciens
871 2630 966 2668 quoi,
984 2629 1052 2659 dum
1068 2630 1101 2660 ad
1116 2638 1223 2661 utrum-

162 2681 219 2709 que
238 2669 362 2707 festinat,
380 2676 510 2698 neutrum
531 2669 603 2698 bene
625 2667 744 2707 peragit,
762 2668 836 2698 viam
853 2668 889 2698 sic
903 2668 1039 2701 haesitanti
1050 2676 1162 2706 oportet
1177 2669 1224 2698 eli-

160 2718 226 2749 gere
241 2708 381 2739 tutiorem.
474 2746 479 2751 Π
608 2745 613 2750 ¹
817 2745 822 2751 .
997 2745 1002 2752 .
1126 2755 1129 2757 ι

201 2746 326 2784 Ideoque
348 2755 416 2782 nos,
433 2754 481 2784 qui
502 2755 627 2784 corporis
646 2745 680 2775 &
695 2754 788 2774 rerum
802 2753 933 2775 timemus
946 2745 1101 2784 periculum
1116 2745 1152 2784 fi,
1170 2756 1223 2786 pro

162 2785 293 2816 faciendo
302 2783 468 2822 Juramento
482 2783 614 2813 fidelitatis
633 2782 822 2822 Magnitudini
840 2783 938 2814 vestrae
954 2784 989 2814 de
1003 2792 1089 2822 terra,
1108 2795 1192 2824 quam
1208 2786 1222 2815 a

161 2825 246 2855 vobis
267 2832 395 2854 tenemus
431 2823 458 2851 in
481 2821 612 2861 Angliam
627 2832 678 2851 nos
689 2830 818 2861 oporteat
833 2822 1022 2860 transfretare,
1040 2833 1109 2853 cum
1121 2823 1156 2854 de
1171 2834 1224 2853 no-

161 2873 219 2901 vo,
238 2864 257 2893 a.
278 2861 365 2892 Curia
389 2845 539 2899 Romana,
558 2861 592 2891 ad
618 2859 898 2898 Archiepiscopatum
920 2861 1049 2891 nostrum
1068 2863 1224 2892 venerimus

160 2903 220 2932 satis
242 2900 318 2937 fessi,
337 2900 393 2929 vias
410 2899 556 2930 itinerandi
577 2898 705 2929 difficiles
727 2899 760 2929 ὃ(
781 2899 922 2938 abruptas,
937 2901 970 2931 &
985 2900 1046 2937 jura
1060 2910 1092 2930 ac
1111 2902 1222 2940 negotia

159 2940 263 2970 nostrae
288 2938 424 2968 Diocaesis
451 2938 574 2968 multum
600 2939 788 2968 invenerimus
807 2939 934 2968 intricata
950 2961 959 2977 ,
980 2940 1050 2969 ficut
1070 2939 1223 2977 plerunque

159 2979 190 3008 in
210 2979 260 3007 illis
277 2976 398 3014 accidit,
416 2977 464 3015 qui
480 2977 514 3007 de
532 2987 612 3007 novo
631 2975 738 3006 Curam
757 2976 935 3006 consimilem
954 2977 1159 3017 amplec'tuntur
1179 2988 1184 3007 :

196 3015 305 3055 Unde,
320 3015 375 3045 sine
394 3023 498 3052 magno
517 3015 677 3054 dispendio,
695 3014 786 3045 modo
809 3015 843 3045 ad
864 3015 984 3046 vestram
1000 3017 1221 3056 magnitudinem

161 3053 294 3085 accedere
312 3063 371 3083 non
390 3053 514 3083 valemus
526 3077 536 3089 ,
560 3062 613 3091 pro
633 3053 710 3084 dicto
727 3053 894 3091 juramento
905 3053 1046 3094 ‚fidelitatis
1066 3055 1159 3085 debite
1182 3055 1222 3085 fa-

161 3091 428 3132 ciend03praecipue
442 3100 509 3121 cum
523 3091 631 3121 illustris
643 3092 768 3122 Franciae
785 3093 847 3122 Rex
862 3093 893 3122 sit
909 3093 943 3123 ad
959 3093 1076 3132 praesens
1092 3095 1120 3124 in
1135 3093 1220 3124 Nor-

160 3132 283 3161 manniae
302 3130 439 3169 partibus,
464 3139 531 3159 cum
553 3140 626 3168 quo,
644 3131 772 3161 novitatis
790 3131 846 3161 hoc
866 3140 994 3171 tempore
1006 3155 1015 3169 ,
1040 3133 1118 3170 super
1142 3133 1219 3162 terris

161 3170 314 3210 nostrisque
328 3168 446 3207 juribus,
462 3177 576 3198 vacante
591 3167 683 3198 nostra
700 3169 921 3207 Rothomagensi
934 3170 1076 3209 Ecclesia,
1096 3170 1221 3201 indebite

161 3209 322 3248 occupatis,
341 3207 472 3244 tractare,
490 3207 523 3236 &
537 3206 617 3244 ipsius
630 3207 776 3246 implorare
789 3208 939 3239 subsidium
954 3210 1036 3240 nobis
1047 3219 1220 3250 oportunum

199 3247 298 3276 bemus
314 3255 320 3275 :

163 3247 285 3314 haMare
305 3285 388 3314 etiam
398 3306 407 3321 ,
425 3282 614 3325 complexioni
628 3282 731 3313 nostrae
744 3287 915 3316 contrarium
925 3309 934 3324 ,
951 3287 984 3317 &
997 3286 1078 3326 ipsius
1090 3285 1222 3316 abhorre-

164 3333 226 3354 mus
246 3322 442 3353 inundationes
462 3321 580 3352 insolitas
592 3343 602 3357 ,
626 3322 660 3351 &
679 3323 851 3362 periculum,
873 3325 949 3364 quod
971 3333 1044 3362 patet
1063 3326 1091 3354 in
1109 3324 1221 3362 Januis,

162 3372 233 3394 curn
247 3361 355 3392 amodo
367 3359 559 3389 difficultatem
573 3360 606 3389 &
620 3360 774 3397 periculum
788 3363 914 3393 exhibeat
924 3364 1107 3394 transfretanti
1128 3373 1134 3392 z

203 3401 272 3439 Qua
291 3407 404 3439 propter
425 3397 623 3428 mansuetudini
642 3397 743 3437 Regiae
762 3400 870 3430 causam
891 3402 924 3432 &
947 3403 1089 3432 audaciam
1110 3401 1219 3441 sumpsi-

163 3449 226 3470 mus
245 3433 431 3478 supplicandi,
447 3437 574 3476 quatinus
593 3435 909 3475 dietumJuramentum
926 3439 1075 3477 fidelitatis,
1094 3440 1126 3469 ad
1141 3438 1217 3478 quod

164 3479 246 3509 vobis
264 3485 391 3508 tenemur
405 3484 438 3505 ex
456 3473 568 3511 debito,
587 3473 622 3503 de
634 3474 753 3513 specialis
766 3477 942 3516 benignitatis
954 3479 1052 3509 vestrae
1066 3479 1165 3518 gratia,
1183 3478 1216 3508 &

162 3516 285 3548 consueti
303 3515 402 3545 favoris
424 3514 539 3550 intuitu,
557 3512 710 3550 dignemini
723 3523 770 3551 per
783 3514 978 3548 Procuratores
991 3517 1101 3547 nostros
1113 3518 1220 3554 recipe-

161 3566 209 3593 re,
223 3556 257 3585 ad
278 3554 335 3584 hoc
354 3553 503 3591 specialiter
516 3550 681 3588 destinatos;
711 3562 717 3571 i

198 3593 299 3625 Scituri
320 3591 471 3623 certissime
490 3589 585 3628 quod,
603 3599 686 3626 quam
700 3590 760 3620 cito
774 3600 850 3623 mare
868 3592 1054 3632 Anglicanum
1068 3603 1118 3623 vos
1134 3601 1220 3623 trans-

161 3632 261 3664 fietare
276 3631 441 3668 contigerit,
456 3629 490 3660 ad
508 3628 683 3668 quascunque
701 3636 786 3665 partes
805 3630 945 3669 Francize,
964 3632 1019 3662 sive
1033 3631 1221 3669 Gascoignae,

163 3672 198 3702 &
219 3671 316 3702 auditis
337 3668 372 3699 de
392 3670 502 3699 transitu
520 3666 613 3697 vestro
633 3666 807 3706 rumoribus,
823 3669 853 3699 in
873 3669 982 3700 instanti
1006 3671 1087 3701 vobis
1104 3671 1220 3700 obviam

163 3711 326 3747 veniemus,
342 3702 450 3737 dietum
470 3706 601 3736 fidelitatis
618 3705 822 3744 juramentum,
841 3708 874 3737 &
888 3708 954 3747 alia,
972 3718 1035 3748 quie
1049 3709 1145 3747 Regni
1160 3708 1221 3738 An-

163 3748 227 3817 {5ae
240 3746 430 3784 consuetudo,
444 3745 622 3783 ejusdemque
636 3752 715 3773 terrae
729 3744 840 3781 qualitas
854 3747 935 3785 exigit
945 3747 979 3777 &
993 3747 1137 3785 conditio,
1149 3757 1221 3787 prae-

193 3794 313 3863 'igiiiper
336 3822 531 3863 magnitudinis
550 3819 650 3850 vestrae
671 3828 775 3857 apertas
793 3823 994 3861 recognitionis
1010 3822 1115 3861 nostrae
1136 3824 1219 3854 trans-

166 3861 302 3893 mittimus
326 3862 432 3900 literas,
453 3870 501 3900 per
527 3869 592 3897 qua-2
610 3859 809 3888 innotescimus
828 3859 921 3898 quod,
944 3871 993 3898 per
1014 3862 1119 3892 faciam
1139 3863 1222 3893 nobis

167 3901 300 3939 gratiam,
319 3901 400 3931 vobis
421 3897 569 3933 vestrisque
588 3896 796 3927 Successoribus
815 3895 922 3927 nullum
933 3900 1124 3936 praejudicium
1140 3902 1223 3932 vom-

168 3947 232 3968 mus
250 3939 383 3977 generari:
405 3948 458 3968 nec
472 3937 552 3967 nobs
568 3937 601 3967 ὃς
615 3935 823 3966 Successoribus
837 3935 1102 4005 nostrrisaelquicquam
1115 3940 1222 3979 praebe-

166 3986 198 4007 re
213 3976 378 4015 subsidium,
395 3987 454 4014 quo
467 3977 559 4006 minus
570 3983 728 4010 teneamur,
747 3982 777 4004 ut
792 3981 871 4011 ante,
890 3983 909 4011 p
971 3985 1035 4015 are,
1049 3977 1126 4017 super
1137 3978 1224 4008 fideli-

168 4022 225 4046 tate
244 4015 390 4053 praedieta,
405 4015 578 4053 personaliter
594 4014 786 4056 juramentum.
812 4051 817 4056 Ι

209 4052 289 4091 Qiae
308 4052 419 4082 tandem
457 4054 476 4083 si
495 4054 532 4082 sic
548 4051 605 4081 fieri
619 4050 818 4080 Dominationi
834 4049 931 4080 vestrae
943 4060 1003 4082 non
1017 4053 1159 4092 placeant,
1174 4056 1226 4084 ite-

171 4100 237 4123 rum
256 4090 357 4122 Rev'ae
379 4077 543 4123 Cessitudini
560 4090 757 4130 supplicamus,
774 4088 866 4120 cordis
885 4088 1052 4130 affectione,
1067 4101 1121 4131 qua
1133 4092 1228 4131 poffu-

1294 200 1770 252 PUBLICA.
2240 222 2323 270 '175

1254 297 1317 317 mus
1337 290 1481 334 ampliori,
1501 296 1625 331 quatinus
1645 306 1734 327 unum
1755 295 1791 327 de
1811 297 1909 328 vestris
1928 297 2074 330 Clericum
2087 301 2133 331 aut
2147 299 2266 332 Laicum
2281 304 2309 333 in
2335 304 2410 335 Ann.
2425 304 2470 336 D.

1254 325 1486 370 Normanniam,
1511 340 1557 361 aut
1578 334 1605 362 in
1627 333 1790 373 Franciam,
1812 337 1859 366 ubi
1879 339 1961 368 vobis
1982 339 2049 368 citra
2071 348 2147 369 mare
2164 341 2312 380 placuerit,
2352 343 2435 382 1278.

1258 364 1348 408 Regia
1365 365 1508 398 Celsitudo
1524 371 1701 410 transmittat,
1720 374 1753 403 ad
1769 375 1960 412 recipiendum
1975 378 1989 406 a
2004 377 2085 406 nobis
2099 387 2151 417 pro
2164 380 2263 418 vobis,
2278 381 2312 410 &
2334 384 2402 411 Edv.
2424 391 2449 409 1.

1257 412 1375 433 nomine
1387 404 1498 443 vestro,
1517 406 1649 438 fidelitatis
1664 410 1764 441 debitae
1774 413 1973 449 juramentum.

1294 440 1421 483 Tantum
1442 443 1479 473 de
1500 446 1650 484 praedietis,
1669 450 1786 479 obtentu
1808 451 1968 483 nostrorum
1983 454 2195 494 precaminum,
2210 455 2316 486 facien-

1257 486 1311 515 te3‚
1330 483 1347 522 si
1371 481 1480 518 placet,
1497 484 1572 520 qziod
1593 485 1619 514 in
1644 487 1833 526 exauditione,
1850 491 1995 521 evidentiis
2013 492 2193 524 excusationis
2212 494 2317 525 nostrae

1258 516 1421 563 praedictae,
1433 521 1513 549 nobis
1533 522 1565 551 ὅ(
1580 522 1669 553 arduis
1683 525 1782 555 nostris
1797 527 1998 559 neceffitatibus
2013 530 2159 561 videamini
2175 533 2317 564 consuetae

1257 555 1435 595 benignitatis
1452 557 1552 589 vestrae
1570 563 1653 599 gratia
1673 564 1816 602 compati,
1837 565 1870 594 &
1892 575 1937 605 ut,
1956 577 2005 604 per
2019 567 2094 605 hoc,
2113 571 2142 599 in
2156 571 2318 610 posterum,

1256 593 1290 623 ad
1309 593 1491 639 effundendas
1506 600 1643 629 orationes
1664 609 1717 639 pro
1735 602 1818 632 vobis
1833 602 1993 644 Altiffimo,
2010 607 2043 637 &
2054 607 2089 637 ad
2103 608 2156 639 alia
2169 611 2317 648 gratiarum

1259 632 1389 671 obsequia
1407 642 1558 666 teneamur.

1300 671 1412 711 Valeat,
1428 674 1488 703 &c.

1263 745 1466 822 poffgli.anno¹
1479 749 1603 782 Domini
1626 752 1709 790 1278.
1725 752 1769 784 die
1784 753 1921 787 Mercurii
1936 758 1966 788 in
1980 757 2065 789 Festo
2080 760 2152 792 beati
2166 760 2259 794 Barth.
2278 762 2322 794 A-

1354 911 1402 941 De
1421 911 1570 946 Adventu
1589 914 1765 948 Alexandri
1789 919 1875 964 Regis
1890 922 1988 952 Scotiae
2007 923 2038 952 in
2060 922 2220 968 Angliam,

1263 990 1391 1045 REX
1410 994 1657 1037 Vicecomitibus,
1682 996 1853 1040 Majoribus,
1872 1002 2045 1041 Praepositis,
2064 1005 2098 1035 &
2117 1007 2224 1036 caeteris
2244 1006 2324 1038 Balli-
2346 1010 2422 1039 Ann.
2434 1009 2488 1041 D:

1337 1042 1394 1070 Vis,
1413 1034 1448 1063 ad
1463 1045 1532 1073 quos
1547 1037 1690 1073 praesentes
1704 1039 1789 1069 literae
1804 1043 2004 1081 pervenerint,
2023 1043 2144 1073 salutem.
2365 1049 2447 1085 1278.

1299 1066 1379 1111 Cum
1401 1071 1516 1103 diletftus
1536 1074 1618 1104 frater
1640 1076 1672 1105 &
1688 1076 1772 1105 fidelis
1786 1078 1880 1107 noster
1894 1080 2048 1111 Alexander
2062 1081 2126 1111 Rex
2142 1082 2245 1114 Scotiae
2261 1084 2322 1114 illu-
2342 1091 2394 1114 A1..
2411 1089 2439 1114 6.

1263 1105 1324 1136 stris
1339 1108 1399 1146 jam
1419 1110 1450 1140 fit
1467 1112 1496 1140 in
1511 1112 1660 1150 procinCtu
1676 1114 1778 1143 itineris
1793 1117 1923 1146 veniendi
1939 1118 1972 1148 ad
1988 1129 2055 1156 nOS,
2073 1120 2107 1149 ad
2122 1130 2209 1159 partes
2224 1121 2322 1161 Angli-
2344 1130 2371 1152 Ε.
2392 1135 2415 1152 1.

1262 1154 1360 1190 canas,
1385 1158 1436 1178 nos
1457 1149 1653 1187 indempnitati
1670 1151 1689 1170 *²
1702 1152 1825 1190 ejusdem
1846 1154 1950 1194 Regis,
1976 1165 2108 1194 quatenus
2129 1169 2198 1189 cum
2217 1160 2322 1197 justitia
2345 1167 2401 1191 Pat.
2427 1164 2455 1190 6.

1262 1192 1430 1225 poterimus,
1448 1187 1567 1225 prospici
1589 1191 1747 1228 cupientes,
2344 1205 2373 1228 Ε.
2391 1211 2414 1228 i.

1276 1261 1280 1265 .
1298 1221 1389 1254 Vobis
1404 1226 1583 1264 mandamus,
1602 1227 1718 1258 firmiter
1730 1229 1917 1269 injungentes,
1935 1231 2011 1270 quod
2026 1234 2053 1263 in
2066 1235 2198 1265 omnibus
2213 1233 2324 1267 Civita-
2347 1250 2382 1266 m.
2396 1240 2424 1265 6.

1262 1261 1334 1305 tibus
1345 1263 1385 1305 ,ὃς
1405 1263 1501 1301 Burgis
1523 1265 1559 1295 de
1571 1266 1688 1297 balliviis
1702 1267 1813 1306 vestris,
1829 1277 1878 1307 per
1892 1280 1957 1308 quas
1970 1271 2092 1302 eundem
2108 1272 2238 1311 Regem,
2256 1284 2325 1305 cum
2347 1279 2482 1313 *11.125„

1263 1299 1367 1331 familia
1384 1301 1446 1340 sua,
1465 1304 1493 1332 in
1520 1305 1663 1335 veniendo
1684 1305 1718 1335 ad
1740 1315 1806 1342 nos,
1824 1309 1970 1339 transitum
1990 1309 2081 1340 facere
2103 1312 2271 1350 contigerit,
2291 1322 2326 1345 ex

1264 1347 1340 1377 parte
1358 1340 1469 1380 nostra,
1487 1343 1520 1372 ὃς
1541 1343 1659 1373 nomine
1681 1342 1781 1374 nostro
1806 1344 1918 1384 Regio,
1936 1347 2052 1378 firmiter
2073 1348 2192 1383 inhiberi
2207 1351 2328 1390 faciatis,

1265 1385 1316 1414 ne,
1332 1378 1371 1407 ob
1391 1379 1447 1415 ejus
1471 1380 1640 1420 adventurn,
1656 1382 1700 1412 seu
1721 1382 1865 1413 transitum
1884 1395 1933 1422 per
1951 1386 2111 1423 hujusmodi
2127 1385 2264 1418 Civitates
2279 1398 2327 1420 aut

1264 1413 1386 1454 Burgos‚
1406 1427 1446 1447 res
1468 1419 1578 1449 venales
1597 1420 1685 1450 carius
1706 1420 1739 1450 &
1759 1420 1884 1452 indebite
1906 1425 2062 1455 vendantur
2082 1425 2173 1456 eidem
2196 1426 2270 1466 Regi
2295 1429 2329 1458 ὃς

1264 1452 1434 1498 suishquam
1456 1459 1647 1488 communiter
1666 1459 1824 1490 venduntur
1843 1460 2062 1501 CompatriotiS,
2084 1471 2211 1505 tempore
2226 1465 2265 1496 sui
2278 1465 2327 1497 ad-

1264 1501 1381 1531 ventuS,
1397 1494 1440 1524 seu
1455 1495 1580 1526 transitus
1595 1507 1643 1535 per
1657 1496 1791 1527 Civitate=
1805 1508 1849 1529 aut
1864 1499 1970 1541 Burgos
1983 1502 2168 1541 supradid't083

1302 1530 1341 1561 Ita
1365 1540 1459 1563 tamen
1475 1534 1550 1572 quod
1565 1535 1723 1573 hujusmodi
1736 1536 1882 1575 inhibitio,
1900 1550 2001 1578 quam,
2016 1540 2055 1570 sui
2068 1540 2327 1582 contemplatione,

1265 1568 1299 1598 ad
1321 1570 1437 1606 praesens
1456 1571 1512 1603 fieri
1535 1573 1653 1604 facimus
1670 1574 1707 1604 de
1720 1574 1806 1613 gratiai
1819 1575 1913 1608 nostra
1926 1578 2049 1616 speciali,
2067 1581 2241 1620 temporibus
2253 1581 2329 1612 futu-

1265 1608 1316 1645 ris,
1333 1609 1362 1638 in
1383 1610 1611 1649 consequentiam
1634 1622 1694 1643 non
1715 1613 1835 1644 trahatur
1855 1616 1885 1645 iii
1905 1618 2011 1648 caeteris
2028 1617 2193 1649 adventibus
2214 1619 2267 1649 suis
2291 1619 2327 1650 ad

1267 1655 1355 1684 partes
1374 1648 1549 1687 Anglicanas.

1303 1684 1336 1713 ln
1353 1688 1451 1725 cujus,
1472 1689 1532 1719 &c.

1267 1761 1282 1791 f
1305 1722 1438 1756 Duratur.
1462 1727 1546 1768 usque
1566 1727 1601 1758 ad
1619 1727 1733 1759 Festum
1752 1728 1956 1762 Purificationis
1975 1733 2064 1764 beatae
2077 1732 2182 1765 Mariae
2196 1735 2332 1775 proximo

1281 1770 1402 1794 UtUrum.

1273 1834 1276 1836 ⁴
1302 1837 1341 1869 T.
1361 1839 1399 1870 R.
1417 1843 1489 1880 apud
1502 1842 1673 1885 Shotewyke
1692 1852 1734 1883 15.
1750 1845 1796 1876 die
1812 1845 1994 1885 Septembris.

1347 1967 1396 1998 De
1427 1963 1582 2009 Olqfia'ibus
1607 1968 1756 2000 Lewelino
1775 1972 1908 2016 Principi
1927 1970 2037 2005 Williae
2055 1969 2250 2014 restituendis.

1266 2048 1420 2104 REX,
1441 2051 1548 2082 ‹iiieao
1574 2052 1607 2083 &
1626 2051 1702 2084 fideli
1719 2053 1767 2084 suo
1781 2077 1791 2092 ,
1817 2053 1966 2086 Leweiino
1987 2055 2046 2087 fiiio
2065 2056 2185 2088 Griffini
2204 2057 2329 2099 principi
2342 2046 2426 2078 Arm·
2442 2049 2484 2087 D·

1349 2089 1482 2128 Walliee,
1496 2090 1618 2121 salutem.
2353 2108 2359 2116 .
2372 2088 2455 2126 1278.

1301 2126 1399 2164 Cum,
1419 2139 1467 2166 per
1487 2128 1609 2159 formam
1629 2131 1721 2168 pacis,
1740 2131 1812 2161 inter
1825 2142 1876 2162 nos
1890 2133 1924 2163 δε
1939 2143 1990 2164 vos
2005 2134 2099 2172 initae,
2117 2136 2200 2165 nobis
2213 2135 2329 2166 liberare
2351 2133 2379 2156 Ε·
2399 2137 2421 2154 ¹⁴

1264 2168 1433 2196 teneremini
1448 2168 1547 2197 decem
1560 2168 1682 2207 obsides,
1696 2170 1732 2200 de
1748 2169 1946 2202 Nobilioribus
1959 2181 2040 2202 terrae
2052 2173 2168 2211 vestrae,
2184 2184 2254 2211 quos
2268 2185 2328 2214 per·
2352 2169 2403 2193 14⁷¹·
2415 2166 2442 2194 ⁶·

1263 2205 1372 2243 quirere
1394 2205 1524 2243 possetisz,
1542 2207 1575 2238 δε
1594 2217 1645 2237 vos
1665 2208 1774 2239 obsides
1795 2208 1872 2248 illos,
1891 2209 1925 2240 ad
1941 2211 2107 2241 mandatum
2121 2211 2268 2251 nostrum,
2285 2214 2328 2243 di·
2351 2209 2379 2232 E.
2406 2213 2428 2231 ¹·

1264 2243 1343 2273 leeris
1358 2243 1391 2273 &
1405 2243 1529 2275 fidelibus
1542 2244 1658 2284 nostris,
1674 2247 1750 2286 quod
1767 2246 1800 2277 ad
1813 2257 1863 2277 vos
1878 2247 2090 2288 deputavimus,
2107 2260 2196 2287 nuper
2210 2251 2328 2283 libenter
2350 2248 2403 2270 ΚΜ·

1265 2281 1445 2313 liberaveritis
1454 2306 1464 2321 ,
1479 2283 1556 2321 juxta
1570 2284 1692 2316 formam
1703 2286 1778 2323 pacis
1793 2285 1924 2323 ejusdem:
2353 2285 2389 2308 W
2384 2279 2431 2308 all·

1300 2320 1383 2358 Nos,
1404 2322 1606 2353 considerantes
1627 2323 1734 2354 bonam
1756 2323 1840 2354 fidem
1862 2326 1895 2356 &
1917 2324 2093 2356 voluntatem
2108 2326 2244 2367 vestram,
2283 2339 2328 2360 uas
2350 2324 2403 2347 Aa.
2421 2320 2450 2347 ⁶·

1265 2367 1322 2389 tam
1344 2360 1497 2399 promiffis,
1523 2371 1608 2399 quam
1633 2362 1855 2402 subsequentibus
1875 2363 1952 2393 facitis
1986 2373 2068 2404 atque
2087 2366 2210 2404 gestibus
2231 2376 2266 2396 ve
2291 2369 2326 2398 ris
2350 2363 2378 2385 E.
2399 2367 2422 2385 ¹·

1265 2407 1328 2436 erga
1348 2408 1415 2436 nos,
1433 2401 1447 2429 a
1466 2408 1594 2436 tempore
1616 2403 1690 2440 pacis
1703 2402 1795 2438 initae,
1814 2387 1994 2440 praetendistis
2009 2403 2092 2442 usque
2107 2404 2213 2442 modo,
2231 2405 2265 2436 &
2278 2405 2325 2436 sir-
2345 2407 2381 2424 m*
2406 2405 2450 2427 ¹2*

1265 2437 1348 2466 miter
1368 2437 1563 2477 credentes&
1581 2438 1716 2476 sperantes
1735 2438 1811 2477 quod
1828 2449 1879 2469 vos
1893 2441 1923 2470 in
1937 2439 2007 2478 fide,
2025 2441 2186 2481 voluntate,
2206 2444 2239 2474 &
2260 2454 2327 2484 pro-
2350 2434 2456 2471 cedula,

1265 2474 1357 2513 posito
1377 2477 1470 2515 geritis
1486 2477 1519 2506 ὃς
1541 2477 1662 2516 habetis,
1684 2478 1717 2508 ὅτ
1739 2478 1875 2508 habebitis
1894 2479 1925 2508 in
1948 2479 2072 2509 futurum
2079 2502 2089 2518 ,
2108 2481 2271 2518 promissam
2295 2484 2329 2514 ὃς

1265 2513 1387 2543 debitam
1402 2513 1561 2545 fidelitatem
1576 2516 1610 2545 ὃς
1623 2525 1721 2554 pacem
1735 2517 1849 2554 initam,
1864 2517 1894 2546 in
1907 2517 2040 2548 omnibus
2053 2518 2087 2549 &
2101 2519 2212 2558 lingulis
2223 2520 2275 2551 suis
2288 2532 2330 2552 ar-

1266 2551 1372 2589 ticulis,
1387 2552 1580 2583 inviolabiliter
1595 2555 1741 2584 observare

1302 2589 1409 2628 Vobis,
1427 2591 1477 2621 sub
1497 2591 1542 2629 spe
1563 2592 1719 2629 hujusmodi
1741 2578 1875 2624 fidelitatis
1894 2593 2009 2633 vestrae,
2025 2596 2141 2633 gratiam
2161 2596 2255 2627 facere
2270 2598 2330 2639 spe-

1265 2627 1366 2658 cialem
1384 2629 1524 2667 volentes,
1544 2640 1572 2660 ut
1586 2640 1622 2660 eo
1635 2632 1750 2670 amplius
1768 2632 1802 2662 ad
1817 2634 1970 2662 terminum
1986 2633 2115 2664 nostrum
2129 2636 2161 2666 &
2176 2635 2211 2666 ad
2223 2636 2331 2668 dietam

1266 2675 1366 2703 pacem
1387 2668 1609 2699 conservandam
1628 2671 1744 2700 animari
1765 2670 1900 2709 debeatiS,
1917 2671 2026 2701 obfides
2041 2673 2102 2703 illos
2115 2673 2197 2704 vobis
2210 2675 2245 2704 ad
2257 2685 2329 2715 prae-

1265 2705 1324 2734 sens
1339 2706 1468 2736 duximus
1482 2706 1666 2738 restituendos
1679 2708 1715 2739 de
1727 2708 1821 2740 nostra
1835 2711 1920 2748 gratia
1936 2710 1969 2741 &
1983 2710 2134 2742 curialitate
2149 2711 2275 2751 speciali,
2292 2714 2330 2745 ita

1267 2751 1360 2773 tamen
1383 2745 1478 2782 quod,
1498 2756 1545 2783 per
1565 2746 1638 2777 hanc
1660 2747 1784 2777 nostram
1805 2749 1935 2787 gratiam,
1952 2747 2037 2778 dietae
2078 2751 2121 2780 aci
2143 2752 2172 2780 iri
2190 2751 2270 2782 nullo
2282 2752 2331 2783 de-

1266 2792 1376 2850 gere-at,
1394 2792 1447 2814 nec
1468 2784 1497 2814 in
1521 2784 1614 2823 aliquo
1634 2785 1670 2815 de
1685 2786 1735 2816 suis
1749 2787 1885 2825 articulis,
1900 2785 1993 2826 aliquo
2005 2760 2111 2826 mogo,
2129 2789 2277 2829 derogetur
2291 2791 2332 2822 ei-

1286 2830 1341 2851 em.

1301 2858 1338 2890 Et
1358 2859 1417 2897 ipso
1438 2859 1545 2891 dileeio
1568 2862 1651 2892 nobis
1665 2864 1695 2892 in
1710 2861 1826 2893 Christo
1841 2863 1927 2893 Fratri
1941 2863 2031 2894 Tuor.
2059 2863 2152 2895 Priori
2164 2865 2200 2895 de
2217 2866 2331 2898 Rothe-

1265 2897 1319 2928 lan.
1340 2898 1449 2929 liberari
1469 2899 1602 2938 fecimus,
1619 2901 1652 2931 ad
1674 2912 1741 2939 vos,
1758 2910 1840 2941 prout
1860 2903 1884 2932 ei
1901 2903 2088 2941 injunximus,
2106 2904 2329 2944 conducend033

1264 2936 1333 2967 ficut
1355 2936 1426 2974 ipse,
1444 2939 1489 2967 cui
1509 2939 1537 2967 in
1572 2939 1696 2971 raemiffis
1710 2940 1820 2970 firmam
1831 2939 1917 2971 fidem
1935 2941 2102 2980 adhibeatis,
2118 2943 2201 2974 vobis
2220 2944 2330 2982 plenius

1267 2974 1343 3004 dicet
1358 2985 1391 3005 ex
1406 2985 1484 3013 parte
1499 2986 1538 3006 no
1566 2986 1602 3006 ra.

1298 3050 1388 3082 Teste
1400 3052 1508 3091 meipso
1520 3052 1593 3092 apud
1609 3053 1766 3092 Shotewyk
1782 3064 1826 3093 17.
1843 3055 1889 3086 die
1905 3055 2086 3094 Septembris.

1268 3126 1307 3133 υ,-

1433 3179 1482 3210 De
1506 3178 1631 3223 expenfis
1657 3177 1814 3224 Francifio
1839 3178 1978 3224 Accuifii
1995 3180 2160 3226 sblvendir.

1324 3259 1412 3329 ἓξ,
1434 3261 1593 3330 ρὶῑὶαηάἰηο
1614 3263 1651 3294 de
1670 3262 1763 3295 Podio
1774 3287 1785 3303 ,
1811 3265 1844 3296 &
1868 3265 1960 3296 Sociis
1979 3265 2031 3296 suis
2053 3265 2264 3298 Mercatoribus
2279 3267 2316 3298 de

1347 3311 1377 3329 ,u
1390 3309 1397 3314 ·
1408 3323 1417 3339 ,
1447 3312 1462 3331 a
1474 3310 1559 3330 utem.

1299 3336 1467 3369 Mandamus
1485 3340 1566 3368 vobis
1579 3339 1673 3378 quod,
1688 3340 1724 3371 de
1740 3340 1869 3371 Denariis
1883 3341 1984 3372 nostris
1996 3342 2040 3372 vel
2054 3342 2164 3379 vestris,
2182 3344 2212 3374 in
2226 3343 2322 3375 custo-

1261 3376 1307 3406 dia
1327 3376 1417 3407 vesti-a
1433 3377 1629 3416 existentibus,
1648 3378 1748 3410 habere
1767 3380 1868 3410 faciatis
1888 3380 1992 3410 dilecto
2013 3379 2129 3411 Clerico
2143 3381 2241 3412 nostro
2257 3382 2323 3413 Do-

2344 3278 2421 3313 Ann.
2438 3283 2480 3316 D.

2365 3323 2453 3360 1278.

2342 3363 2395 3388 An.
2409 3363 2438 3389 6.

1261 3415 1341 3444 mino
1363 3415 1510 3446 Francisco
1534 3415 1676 3454 Accurfii,
1695 3418 1728 3449 ὅτ.
1743 3418 1832 3449 Sociis
1844 3419 1894 3449 suis
1910 3417 2035 3448 Nunciis
2049 3418 2166 3457 nostris,
2185 3430 2237 3459 pro
2251 3421 2319 3452 Ne·
2341 3402 2454 3467 12:⁸5³

1259 3453 1342 3492 gotiis
1354 3453 1453 3483 nostris
1463 3454 1495 3483 ad
1512 3453 1629 3484 Curiam
1644 3455 1806 3486 Romanam
1821 3457 2075 3495 proficiscentibus,
2090 3458 2262 3488 rationabiles
2273 3462 2320 3490 ex·
2341 3478 2370 3503 Ε.
2394 3485 2404 3502 1

1260 3491 1351 3529 pensis
1372 3492 1430 3522 suas
1469 3493 1568 3531 quibus
1588 3493 1714 3533 indigent
1733 3496 1761 3524 in
1783 3495 1892 3533 eundo,
1916 3495 2021 3525 ibidem
2041 3496 2198 3535 morando,
2222 3498 2256 3529 δε
2277 3509 2314 3529 re.
2343 3522 2379 3539 m·
2396 3497 2425 3540 6·

1259 3530 1392 3569 deundo,
1409 3516 1445 3561 ad
1457 3531 1664 3575 expeditionem
1677 3534 1856 3572 negotiorum
1871 3534 2090 3573 praedidtorum3

1297 3568 1350 3606 Et,
1371 3579 1437 3599 cum
1461 3569 1622 3600 sciverimus
1642 3581 1777 3608 quantum
1792 3573 1828 3601 eis
1844 3572 2036 3609 liberaveritis,
2053 3582 2104 3601 nos
2114 3571 2238 3606 debitam
2253 3575 2323 3607 allo-

1260 3607 1402 3638 cationem
1410 3631 1421 3646 ,
1439 3608 1482 3638 seu
1496 3608 1677 3647 quietantiam
1691 3611 1773 3641 vobis
1788 3610 1855 3640 inde
1867 3610 1968 3640 habere
1986 3610 2126 3641 faciemus

2341 3551 2421 3584 intus,

1297 3683 1387 3714 Teste
1397 3684 1478 3723 Rege
1490 3684 1561 3723 apud
1576 3684 1711 3715 Shotwik
1730 3693 1774 3724 17.
1789 3686 1837 3716 die
1850 3686 2030 3724 Septembris.

2341 3758 2417 3790 Arm.
2432 3759 2475 3796 D.

1262 3807 1396 3838 Nomina
1422 3803 1564 3848 Obfidnm
1587 3804 1783 3841 liberatorum
1811 3811 1941 3843 Domino
1969 3814 2044 3859 Regi
2056 3823 2112 3860 per
2129 3815 2318 3850 Lemelinum
2338 3798 2446 3866 Αἲξ·

1631 3859 1800 3902 Principem
1825 3859 1945 3893 Williae.»
2336 3879 2368 3902 Ε.
2390 3883 2414 3904 i.

1264 3937 1463 4000 KEnenard
1496 3938 1548 3985 (ius
1565 3941 1669 3970 David
1684 3939 1723 3977 fil.
1743 3944 1844 3989 ὤφθη.
1880 3984 1886 3991 .
2333 3916 2412 3979 23:11.

1342 3977 1454 4015 Hoelus*
1479 3978 1530 4007 l1us
1549 3980 1699 4009 Edenened.
1711 3978 1757 4017 fil.
1775 3981 1894 4019 Griffi'm.
2331 3992 2361 4015 Ε.
2386 3999 2410 4016 i.

1263 4019 1423 4053 Caduganus
1460 4016 1510 4046 lius
1529 4017 1665 4047 Lewelini
1703 4019 1722 4048 l.
1742 4022 1891 4051 Kenwricii
2333 4029 2385 4053 An.
2407 4026 2434 4052 6.

1264 4056 1394 4086 Madocus
1432 4053 1482 4084 lius
1500 4056 1648 4086 Edenened
1682 4056 1700 4086 l.
1722 4059 1869 4091 Mereduci.
2337 4073 2372 4091 m.
2395 4064 2470 4090 imin

1264 4095 1369 4126 David
1379 4093 1401 4133 fi
1412 4097 1452 4124 ius
1469 4096 1611 4126 Kenwrici
1616 4094 1664 4137 fil.
1680 4095 1825 4127 Lewelim'.
2340 4100 2472 4129 shcedulffi

2207 4135 2326 4167 Yarnoth
