2570 4261
3 198 77 241 Ann-
86 193 129 230 D.

0 255 3 258 <
30 244 113 275 1290.

2 277 66 306 Edv.
85 285 96 303 1
103 295 111 303 .

15 2462 32 2481 ⁸
41 2463 147 2499 1L4642

694 119 804 161 ET
888 121 1152 164 ACTA

183 198 238 238 Et,
254 201 290 231 ad
309 198 520 232 deliberandum
541 201 621 241 super
640 203 697 234 istis
712 228 722 242 ,
738 206 792 238 fuit
811 208 971 238 continuata
991 207 1049 239 dies
1071 209 1157 247 usque
1177 207 1207 237 in

146 238 300 269 crastinum
314 240 386 270 hora
397 240 489 281 prima
502 241 532 269 in
546 242 649 273 eodem
664 243 741 273 loco.

145 363 166 398 h
193 318 298 399 Tenorrb
307 316 513 361 Commiffionis
531 320 604 354 disti
626 322 752 354 Domini
772 324 860 367 Regis
878 324 993 370 Angliae
1003 324 1145 371 fiquitur
1171 328 1202 357 in

166 378 200 398 aec
223 378 262 398 ve
298 379 329 400 a.

220 450 363 489 Niversis,
382 451 526 489 praesentes
541 451 639 482 litteras
655 452 834 493 inspecturis,
852 453 1022 497 Edwardus,
1035 457 1092 488 Dei
1105 456 1200 497 gratia,

237 489 302 519 Rex
321 489 449 529 Angliae,
468 489 612 521 Dominus
633 490 755 521 Hibern.
776 492 809 523 δε
829 492 898 523 Dux
922 494 1018 534 Aquit.
1038 497 1151 527 salutem
1170 497 1199 526 in

151 526 285 557 Domino
299 527 502 565 sempiternam.

187 564 266 595 Cum
280 565 360 603 super
372 568 591 597 contentionum
606 567 737 606 materia,
756 569 826 598 inter
840 569 970 609 illustres,
990 572 1151 603 Dominum
1166 573 1200 604 &

149 602 393 643 >consanguineum
407 604 535 635 nostrum
549 604 713 643 Philippum
727 629 737 645 ,
756 606 813 636 Dei
824 609 925 646 gratia,
944 610 1055 650 Regem
1076 611 1200 641 Franci-aa

148 648 185 670 'ex
200 651 255 672 una
267 650 360 681 parte,
379 643 412 673 &
426 642 603 681 Alphonsum
616 643 766 683 Aragoniae
780 644 893 685 Regem
909 656 943 676 ex
956 649 1052 687 altera,
1068 651 1125 688 jam
1139 649 1201 679 diu-

149 680 203 711 tius
220 681 333 720 agitata,
352 682 433 712 nobis
448 681 647 720 mediantibus,
667 684 699 713 &
712 693 761 719 per
775 694 841 722 nos,
860 693 955 724 treuga
971 695 1121 725 utrumque
1140 687 1199 717 data

150 718 244 749 ruiffet
262 721 361 758 pariter
379 720 414 750 δε
436 727 548 759 accepta
570 729 622 756 pro
643 720 685 758 se,
704 722 737 752 ὃ(
759 721 866 761 Regnis
888 723 956 761 suis,
972 726 1007 755 &
1022 728 1116 764 terris,
1134 736 1200 763 quas

153 764 283 794 ternpore
302 765 408 797 treugae
426 759 503 789 initae
522 756 711 797 possidebant,
728 759 774 790 seu
795 762 877 791 etiarn
895 761 1072 802 detinebant,
1093 774 1144 801 pro
1158 764 1201 802 se,

153 795 260 832 sibique
272 795 474 826 adhaerentibus
487 797 520 826 δί
531 796 693 828 valitoribus
707 798 871 837 utrobique,

188 832 236 862 Ad
251 842 319 871 nos,
338 842 394 864 tam
410 844 443 864 ex
458 842 535 872 parte
549 834 672 865 Domini
684 835 786 874 jacobi
808 837 897 875 Regis
918 838 1119 877 Majoricarum
1142 840 1202 877 (qui

153 871 182 901 in
198 870 328 908 praedictfi
341 872 449 912 treuga,
468 882 598 911 tanquam
613 873 721 904 Valitor
735 874 857 905 Domini
874 876 960 915 Regis
976 877 1099 908 Franciae
1113 877 1203 915 supra—

152 909 239 947 dieti,
258 909 407 947 specialiter
427 911 467 941 est
485 911 614 948 inclusus)
637 922 722 951 quam
742 922 776 942 ex
789 923 866 951 parte
877 914 964 954 Regis
977 915 1127 955 Aragoniae
1142 926 1203 946 me-

152 949 328 986 niorati,per
340 949 496 988 solempnes
508 949 643 980 Nuncios
658 951 973 991 eorumdem,querelae
997 963 1104 985 mutuae
1127 954 1202 984 dela-

152 995 190 1017 tae
207 986 319 1018 fuissent
339 987 418 1025 super
439 988 567 1027 usurpatis
581 1011 590 1026 ‚
606 988 673 1020 hinc
696 990 762 1020 inde
776 1015 785 1028 ,
804 990 882 1028 super
903 992 1066 1023 alterutrum
1080 1017 1090 1031 ,
1108 1000 1203 1032 treuga

149 1024 290 1062 pendente
301 1027 421 1064 praefata.

192 1063 230 1093 Et
252 1063 332 1102 super
352 1066 409 1096 hoc
432 1067 603 1104 porrexerint
618 1066 699 1096 nobis
713 1066 859 1106 articulos,
878 1075 1029 1100 'contentos
1042 1070 1070 1099 in
1085 1069 1205 1108 cedulis,

157 1101 248 1141 sigillis
262 1104 429 1135 eorumdem
444 1104 477 1134 N
482 1106 630 1134 unciorum
642 1105 708 1135 hinc
723 1107 787 1135 inde
802 1106 923 1146 iigiiatis,

192 1141 329 1179 Qlorum
344 1143 427 1180 aliqui
441 1143 507 1173 hinc
521 1143 584 1172 inde
598 1144 689 1180 negati
700 1145 858 1176 extiterant:
878 1145 920 1175 alii
944 1144 1032 1175 reliffi
1052 1147 1080 1175 in
1098 1145 1204 1185 dubio,

156 1178 228 1209 adeo
250 1180 326 1217 quod
348 1191 418 1219 nos,
438 1191 486 1218 per
503 1181 680 1211 assertionem
696 1183 832 1220 partium,
849 1183 886 1213 de
898 1183 1001 1213 eisdem
1014 1185 1132 1215 articulis
1147 1185 1206 1222 ple-

156 1227 223 1247 nam
238 1220 416 1256 nequivimus
430 1220 562 1249 colliffere
574 1220 737 1257 veritatem,
756 1230 808 1250 nec
824 1220 857 1250 ad
873 1221 1054 1251 eorumdem·
1063 1222 1206 1253 voluimus

154 1256 382 1301 emendationem
402 1244 571 1296 procedere,
589 1257 639 1286 nisi
659 1257 777 1288 demum
795 1259 874 1296 super
895 1259 998 1290 eisdem
1019 1261 1136 1291 articulis
1149 1261 1207 1298 ple—

155 1305 216 1324 nius
230 1305 341 1335 cognita
355 1298 477 1327 veritate.

193 1332 305 1364 Idcirco
318 1335 523 1372 praenominato
536 1334 612 1372 Regi
626 1333 767 1371 Franciae,
787 1335 970 1366 incontinenti
994 1336 1058 1373 post
1077 1337 1140 1366 haec
1160 1347 1209 1367 au-

154 1371 226 1410 dita,
244 1382 293 1412 per
306 1373 440 1403 Nuncios
452 1372 636 1410 supradictos,
656 1382 705 1409 per
718 1372 837 1403 litteram
852 1373 977 1404 nostram
997 1375 1206 1413 mandavimus,

156 1410 251 1448 quod,
269 1410 303 1440 ad
319 1410 382 1441 haec
397 1411 492 1440 omnia
506 1410 621 1440 fideliter
634 1411 812 1449 inquirenda,
832 1413 865 1442 δε
888 1422 951 1450 quae
968 1412 1072 1450 liquida
1093 1415 1206 1444 inventa

155 1449 258 1479 fuerint
272 1449 460 1487 emendanda,
475 1448 509 1479 ad
523 1457 615 1479 certos
627 1448 703 1479 diem
717 1451 749 1480 &
762 1449 878 1487 locuni,
895 1450 1026 1481 discretos
1041 1452 1116 1482 viros
1137 1453 1208 1489 pari—

155 1494 198 1518 ter
211 1488 244 1518 &
258 1487 351 1519 fideles
365 1489 401 1518 de
416 1487 514 1519 nostro
526 1488 611 1520 latere
622 1489 812 1526 mitteremus,
830 1498 956 1527 rogantes
966 1490 1091 1520 eundem
1112 1490 1190 1528 quod
1199 1515 1208 1528 ,

153 1525 188 1556 ad
209 1534 300 1556 certos
320 1527 419 1558 locum
442 1526 475 1557 δε
496 1527 650 1557 terminum
663 1527 738 1557 viros
751 1526 852 1565 dignos
864 1528 969 1566 aliquos
984 1527 1147 1567 destinaret,
1166 1530 1209 1558 in-

151 1563 323 1633 grlfutuiroe,
338 1566 394 1597 una
404 1574 475 1596 cum
488 1564 606 1604 nostris,
622 1565 835 1603 inquisitioni&
849 1565 1038 1597 emendationi
1051 1567 1208 1606 hujusmodi

179 1612 242 1633 cieri
262 1612 295 1633 ae.

190 1640 227 1671 Et
239 1666 250 1679 ,
274 1639 364 1673 ecce!
380 1641 458 1682 juxta
477 1641 556 1680 quod
577 1641 692 1680 polliciti
712 1641 804 1672 sumus
822 1642 943 1682 partibus
964 1642 1122 1680 supradietis
1138 1667 1147 1681 ,
1172 1644 1205 1674 ὃς

151 1679 228 1718 juxta
238 1689 370 1711 tenorem
385 1679 507 1711 mandati
516 1679 606 1711 nostri
620 1680 762 1718 praediffl,
780 1680 878 1711 illustri
892 1681 967 1722 Regi
983 1681 1110 1715 Franciae
1125 1681 1209 1712 desti-

156 1719 229 1756 nati,
247 1718 365 1750 diletstos
377 1720 413 1750 δεῖ
426 1719 521 1749 fideles
535 1718 666 1757 nostros,
685 1719 875 1749 venerabilem
895 1719 1023 1759 Patrem,
1041 1720 1207 1750 Dominum

159 1755 369 1795 Willielmum,
389 1756 447 1788 Dei
459 1756 669 1798 gratia,Sarum
682 1756 1035 1798 Episcopum,Magistros
1045 1758 1209 1797 Johannem

156 1793 192 1824 de
207 1794 286 1834 Lacy
301 1794 509 1826 Cancellariurti
518 1792 745 1834 cicestrensem,
764 1797 797 1827 δεῖ
810 1796 971 1834 Joliannem
985 1796 1115 1827 Girrardi
1132 1797 1210 1828 Can-

155 1831 299 1865 cellarium
315 1834 410 1864 Sanffi
423 1834 549 1866 Severini
561 1833 706 1874 Burdegal.
720 1835 754 1865 ὃς
768 1834 940 1874 Magistrum
953 1835 1159 1874 Reymundum
1174 1835 1210 1866 de

155 1869 287 1909 Pinibus,
302 1871 435 1903 'Clericos
454 1873 582 1911 nostrOS,
600 1865 664 1903 v'ice
684 1872 797 1911 nostra,
814 1882 914 1904 tenore
933 1875 1109 1912 praesentium
1129 1875 1210 1904 duxi-

156 1919 220 1940 mus
241 1911 414 1950 affignandos
430 1935 439 1950 ,
457 1911 492 1941 ad
509 1911 705 1950 inquirendam
724 1910 804 1949 super
827 1912 946 1942 articulis
965 1913 1100 1943 omnibus
1115 1934 1124 1949 ,
1142 1912 1209 1943 hinc

156 1948 223 1979 inde
234 1950 398 1989 propositis,
416 1951 577 1981 veritatem:
596 1949 633 1980 Et
645 1950 724 1987 super
737 1949 804 1988 hiis,
819 1950 855 1980 de
869 1951 968 1989 quibus
981 1950 1085 1981 eistiem
1106 1951 1212 1989 liquere

158 1989 263 2025 poterit
277 2013 287 2026 ,
312 1988 540 2019 emendationem
560 1988 681 2028 plenarie
700 1988 880 2027 faciendam,
901 1998 985 2028 atque
1004 1989 1066 2020 alias
1086 1989 1212 2021 facienda

158 2026 352 2057 mandavimus
366 2027 474 2058 vicibus
487 2026 598 2058 iteratis.

193 2063 247 2103 Et,
265 2065 298 2095 ad
312 2065 392 2104 haec,
410 2064 483 2103 apud
495 2065 696 2103 Perpinianum
711 2065 926 2097 commissarios
938 2065 1049 2096 nostros
1063 2066 1210 2097 transmisi-

161 2112 224 2134 mus
239 2103 379 2141 speciales:
401 2103 509 2143 Qod,
528 2104 662 2134 fiomnes
676 2104 727 2134 hiis
741 2104 908 2142 exequendis
927 2115 987 2135 non
1007 2106 1150 2142 potuerint
1169 2106 1213 2135 in-

156 2140 274 2179 teresse,
292 2151 345 2173 tres
364 2152 456 2173 tamen
479 2152 512 2172 ex
533 2143 600 2179 hiis,
618 2152 691 2181 quos
712 2141 857 2180 praesentes
878 2142 937 2173 effe
949 2145 1145 2182 contigerunt,
1162 2152 1210 2175 aut

158 2179 285 2218 praediffi
305 2180 363 2211 duo
376 2203 386 2220 ,
409 2180 564 2219 Episcopus
586 2181 620 2212 &
642 2179 830 2212 Cancellarius
845 2203 856 2220 ,
877 2190 909 2211 ea
929 2181 1127 2213 nichilominus
1148 2191 1212 2212 exe-

159 2227 288 2256 quantur.

197 2256 232 2287 In
245 2258 322 2294 cuius
338 2259 378 2288 rei
391 2257 586 2288 testimonium
599 2256 646 2287 has
659 2256 804 2295 praesentes
817 2257 917 2289 litteras
930 2258 1007 2298 sigilli
1020 2258 1108 2289 nostri
1122 2260 1215 2290 muni-

158 2296 237 2325 mine
249 2296 368 2326 fecimus
380 2297 518 2327 roborari.

196 2333 262 2364 Dat.
277 2333 350 2372 apud
363 2333 537 2374 Claryndon.
553 2342 653 2373 quarto
666 2333 710 2364 die
724 2333 1002 2373 Novembris,anno
1018 2335 1112 2375 Regni
1125 2335 1215 2367 nostri

162 2372 279 2403 decimo
292 2373 418 2411 septimo.

229 2449 256 2476 ²*
282 2453 378 2484 Tenor
395 2451 482 2484 literae
498 2449 570 2483 diarii
589 2452 713 2483 Domini
727 2453 813 2497 Regis
830 2453 960 2484 Franciae
975 2451 1046 2484 talis
1064 2450 1113 2495 cst.

163 2535 361 2597 PHilippus,
381 2535 438 2566 Dei
453 2534 683 2574 gratiifflranciae
697 2535 762 2565 Rex
776 2534 880 2565 ducetis
895 2535 946 2566 suis
965 2535 991 2565 N
1037 2536 1122 2576 istris,
1137 2536 1217 2574 Rey-

231 2575 341 2605 mundo
360 2575 396 2604 de
417 2574 523 2604 Monte
547 2574 673 2604 Ferrario
695 2573 799 2612 Militi,
818 2575 851 2605 &
867 2573 1008 2613 Magistro
1047 2583 1107 2605 etro
1128 2575 1217 2605 Radi-

164 2613 266 2644 mundi
281 2613 370 2650 Judici
386 2612 490 2651 Majon·
502 2611 652 2643 Carcason.
666 2612 780 2642 salutem
795 2613 827 2644 &
842 2611 1033 2644 dileiftionem.

201 2651 280 2682 Cum
317 2653 346 2682 in
360 2651 449 2682 vestra
463 2650 621 2689 praesentia,
640 2660 688 2688 pcr
703 2661 754 2680 nos
768 2651 801 2681 &
816 2649 950 2682 illustrem
965 2651 1079 2691 Regem
1093 2651 1215 2691 Angliae,

164 2700 276 2721 concor
296 2700 373 2721 atum
393 2690 475 2720 fuerit
496 2689 589 2728 quod,
607 2688 641 2719 ad
656 2689 853 2719 addiscendum
867 2690 900 2720 &
914 2689 1126 2720 informandum
1141 2691 1168 2720 se
1182 2691 1217 2720 de

163 2728 305 2767 dampnis,
323 2729 399 2760 illatis
420 2728 561 2758 Gentibus
578 2727 680 2758 nostris
695 2752 704 2766 ,
721 2729 756 2758 &
777 2727 865 2766 Regis
884 2727 1087 2766 Maior-icarum
1109 2727 1218 2760 illustris

163 2777 214 2804 per
226 2766 339 2798 Gentes
353 2766 492 2804 Alphonfi
505 2767 541 2797 de
553 2765 709 2806 Aragonia,
727 2765 842 2797 durante
854 2766 969 2809 Treuga
978 2791 987 2805 ,
1004 2768 1069 2796 inita
1087 2777 1139 2804 per
1158 2767 1219 2797 dic-

164 2813 226 2837 tum
249 2805 362 2845 Regem
385 2805 496 2845 Angliae
515 2805 587 2835 inter
602 2815 655 2835 nos
669 2806 701 2836 ὃ(
715 2804 864 2842 praefatum
878 2805 991 2845 Regem
1013 2805 1218 2844 Majoricarum

164 2852 200 2875 ex
215 2854 269 2875 una
283 2854 378 2882 parte,
392 2845 429 2876 &
445 2843 620 2881 Aiolionfiim
633 2842 802 2880 praedictum
816 2852 850 2873 ex
865 2842 962 2881 altera,

200 2882 266 2913 Rex
280 2883 337 2920 ipse
349 2883 461 2922 Amigliae
471 2883 566 2913 mittet
578 2881 688 2913 Gentes
701 2881 759 2912 suas
771 2881 844 2919 apud
858 2881 1058 2920 Perpinianum
1069 2883 1101 2912 in
1123 2882 1219 2913 crasti-

165 2931 207 2953 no
219 2921 345 2952 instantis
359 2920 548 2958 Candelcisae,
1088 2960 1093 2965 q

202 2958 242 2989 Et
252 2969 304 2990 nos
317 2959 439 2990 similiter
451 2959 596 2989 irrueremus
605 2957 646 2988 de
658 2957 801 2989 Gentibus
816 2957 918 2989 nostris
932 2969 1004 2998 quos
1017 2958 1174 2990 voluimus.

200 2998 282 3035 Qae
301 3006 414 3037 gentes,
431 2996 537 3028 nostrae
556 2998 589 3028 &
605 2996 688 3034 ipsius
707 2996 794 3037 Regis
809 2997 936 3035 Angliae,
952 2998 1065 3028 insimul
1078 2997 1220 3039 praedicrqe

166 3034 284 3073 Aprisiae
317 3036 363 3066 seu
376 3035 573 3065 informationi
584 3036 752 3065 intererunt:
791 3035 830 3066 Et
846 3035 1043 3073 producendos
1055 3036 1137 3067 testes
1158 3037 1222 3065 inii-

165 3073 226 3104 mul
247 3083 281 3104 au
302 3074 372 3104 ierit:
410 3073 448 3104 Et
459 3083 510 3111 per
518 3072 630 3111 juranos
639 3072 795 3112 Notarios,
811 3074 857 3104 seu
880 3075 1075 3112 Tabelliones,
1093 3074 1222 3112 nostroe,

165 3114 200 3144 &
212 3113 293 3150 ipsius
305 3112 410 3152 Regis,
427 3111 539 3142 insimul
553 3111 585 3142 &
598 3111 629 3140 in
643 3111 746 3143 eisdem
759 3113 851 3144 verbis
865 3123 967 3144 eorum
980 3113 1153 3144 atestationes
1159 3113 1223 3142 scri-

167 3151 197 3182 bi
209 3152 323 3182 sacient.

200 3188 256 3228 Et,
276 3189 296 3220 si
317 3188 446 3227 expedire
465 3187 604 3224 viderint,
621 3186 658 3217 de
678 3189 805 3227 gentibus
823 3190 924 3228 Juratis
940 3189 1009 3221 dieti
1026 3189 1161 3228 Alphonsi
1172 3213 1181 3226 ,
1198 3189 1219 3218 si

166 3227 295 3258 interesse
314 3229 470 3265 voluerint,
488 3233 622 3266 poterunt
642 3235 779 3265 evocare3
794 3229 846 3267 ὃς,
866 3229 886 3259 si
906 3229 998 3259 nolint
1013 3228 1156 3265 interesse,
1175 3237 1220 3256 m-

167 3266 339 3298 chilominus
350 3266 477 3309 Gentes,
494 3263 601 3295 nostrae
615 3264 649 3294 &
662 3263 731 3295 dieti
745 3265 832 3309 Regis
845 3267 955 3311 Angliae
964 3292 972 3305 ,
981 3267 1072 3298 modo
1086 3266 1220 3305 praedicto

167 3303 522 3373 Ρκὲεῖεὲἶὲῑζὲυῇξὲἓῗὲ
530 3301 1086 3384 bsggtgsuqurffirtgffimpffiasecfiegggffl
1090 3343 1151 3379 gliae
1158 3366 1167 3381 ,
1186 3342 1219 3371 fi-

167 3381 264 3412 deliter
271 3391 323 3419 pro
331 3381 410 3418 posse
422 3379 489 3448 1*un2

505 3381 538 3410 &
551 3389 600 3416 per
609 3379 807 3417 Juramentum
819 3381 914 3420 suum,
934 3383 1013 3420 quod
1028 3406 1036 3419 .,
1054 3378 1156 3420 absque
1177 3391 1220 3410 re-

169 3420 297 3453 versione
310 3419 356 3450 vel
372 3419 458 3448 Remi

482 3428 564 3454 ione,
582 3425 677 3447 totum
692 3418 750 3448 hoc
761 3419 921 3456 expedietur
934 3421 986 3451 hac
1002 3423 1082 3451 vice:

205 3458 267 3489 Vos
279 3457 313 3487 ad
327 3457 466 3496 praemiffa
478 3456 641 3493 deputamus
657 3455 690 3486 &
709 3455 876 3488 destinamus
897 3468 950 3495 pro
966 3460 1067 3497 nobis,
1086 3457 1220 3488 mandan-

168 3506 210 3529 tes
224 3497 305 3528 vobis
339 3496 464 3534 quatinus
480 3494 513 3524 ad
526 3493 619 3523 dictos
634 3493 710 3523 diem
723 3494 757 3524 ὃς
770 3495 868 3525 locum
881 3497 1060 3534 personaliter
1081 3496 1219 3527 acceden-

171 3545 228 3574 tes,
248 3545 305 3574 quo
333 3559 342 3573 ,
360 3532 433 3564 fideli
455 3534 489 3564 ὃς
509 3539 624 3569 experto
646 3531 770 3562 Notario
790 3535 871 3564 vobis
891 3534 926 3564 ad
941 3535 998 3566 hoc
1009 3535 1150 3573 affumpto
1166 3544 1218 3571 pro

170 3575 271 3612 nobis,
289 3574 322 3604 &
341 3572 506 3609 Juramento
526 3580 574 3608 per
594 3579 646 3600 vos
668 3569 791 3608 praestito
805 3596 814 3609 ‚
829 3573 886 3602 una
903 3583 972 3604 cum
987 3573 1132 3604 Gentibus
1152 3572 1220 3603 dieu

170 3613 259 3653 Regis
273 3611 397 3650 Angli-ae,
415 3611 450 3641 de
462 3610 514 3640 hiis
529 3608 643 3639 fideliter
651 3607 849 3652 adimplendis,
873 3621 905 3641 αι
918 3622 985 3642 cum
999 3612 1091 3642 debita
1103 3611 1222 3650 diligen-

171 3653 209 3682 tia
228 3651 316 3682 taliter
328 3651 362 3680 &
380 3650 416 3679 ita
435 3648 562 3679 celeriter
571 3646 700 3684 expedire
713 3649 829 3687 curetis,
849 3649 928 3686 quod
942 3651 972 3680 in
986 3650 1038 3680 hiis
1050 3651 1101 3680 sitis
1113 3651 1218 3680 merito

171 3687 397 3721 commendandi.
705 3723 710 3729 ¹

209 3728 280 3758 Hoc
292 3736 386 3757 autem
401 3725 547 3762 omnibus,
566 3732 689 3762 quorum
702 3723 831 3762 interest,
848 3732 950 3756 notum
963 3726 1026 3757 fieri
1041 3726 1174 3759 volumus
1181 3734 1223 3757 te-

172 3776 244 3797 nore
257 3765 435 3804 praesentium
448 3764 608 3794 litterarum.

210 3851 318 3883 ACtum
330 3851 479 3889 savaricii,
496 3849 542 3880 die
556 3848 695 3880 Mercurii
707 3846 771 3887 post
786 3847 901 3880 Festum
914 3847 1003 3881 beatae
1018 3849 1120 3882 Mariae
1134 3849 1222 3890 Mag-

173 3889 296 3930 dalenae,
313 3901 387 3924 anno
401 3889 523 3922 Domini
540 3888 622 3927 1289.

1233 119 1710 172 PUBLICA.
2238 140 2288 188 63

2302 216 2378 247 Ann.
2386 216 2428 248 D.

1281 248 1377 281 Tenor
1385 258 1586 296 procuratorii
1602 254 1675 288 dmi
1691 257 1819 290 Domini
1836 261 1922 306 Regis
1942 256 2170 306 Majori'carum
2181 262 2286 309 βηχὶ.
2319 265 2401 294 1290.

1235 304 1288 328 tur
1310 299 1340 327 in
1358 296 1436 331 hunc
1457 301 1592 335 modum.

1237 378 1437 439 Noverint
1450 385 1569 416 universi
1605 386 1663 418 uod
1676 397 1744 426 ηοε,
1759 389 1883 428 Jacobus
1899 391 1957 422 Dei
1969 394 2071 432 gratia,
2088 392 2154 425 Rex
2168 393 2288 433 Majori-

1236 426 1267 463 ᾗ
1331 430 1443 465 carum,
1464 421 1573 467 Comes
1619 425 1751 456 offilionis
1766 429 1800 458 &
1812 429 2018 469 Ceritaniae,&
2032 429 2179 464 Dominis
2193 432 2286 464 Mon-

1235 457 1400 497 tispessulam
1434 461 1630 493 constituimus
1644 465 1677 495 &
1692 464 1852 497 ordinamus
1867 478 1958 499 certos
1978 471 2012 500 ὃς
2034 469 2161 508 speciales
2183 481 2286 509 procu-

1237 505 1340 526 ratores
1355 483 1484 536 nostros,

1274 534 1418 578 Discretos
1436 538 1515 579 ¹viros
1531 561 1540 575 .,
1560 538 1703 576 Jacobum
1726 540 1761 570 de
1784 540 1936 573 Muredine
1949 567 1959 582 ,
1982 545 2016 576 &
2036 545 2104 578 Bere
2142 548 2230 577 arium
2249 546 2286 578 de

1237 571 1388 612 Calderns,
1405 573 1549 605 Vicarium
1564 577 1745 616 Roffilionis,
1765 579 1965 611 MiliteszArn.
1980 582 2111 622 BajuliJu
2133 587 2207 615 icem
2220 596 2288 616 nos-

1236 618 1330 648 trum,
1345 611 1490 649 Jacobum
1504 614 1539 644 de
1552 614 1672 649 Bernico
1686 617 1824 654 utriusque
1833 618 1906 656 Juris
1941 621 2124 660 rofefforem,
2142 631 2287 654 tenentem

1237 649 1335 679 locum
1358 650 1485 681 nostrum
1505 653 1533 681 in
1553 651 1802 691 Montepeffulano
1816 680 1825 694 ,
1841 657 1875 688 ὃς
1895 629 2073 688 Alliernnum
2091 660 2128 691 de
2149 661 2286 692 Camariis

1234 686 1328 727 legum
1339 687 1523 731 'Doctorenh
1541 691 1575 721 &
1590 692 1743 729 quemlibet
1756 703 1856 725 eorum
1869 696 1898 725 in
1911 695 2048 734 solidum,
2065 698 2102 728 ita
2124 700 2202 737 quod
2224 708 2285 730 non

1236 725 1267 755 sit
1278 725 1378 756 melior
1393 728 1520 758 conditio
1535 731 1700 768 occupantis
1709 755 1719 769 ,

1275 763 1364 801 Super
1381 766 1513 796 omnibus
1531 768 1711 804 petitionibus
1724 792 1734 807 ,
1752 770 1951 808 quaestionibus
1972 773 2006 804 &
2027 772 2169 805 demandis
2184 799 2194 813 ,
2220 785 2287 814 quas

1238 811 1290 831 nos
1312 811 1463 834 movemus
1476 828 1485 842 ,
1504 805 1549 836 seu
1568 815 1686 837 movere
1707 808 1875 839 intendimus
1897 819 1997 842 contra
2016 811 2204 851 quascumque
2223 823 2287 851 per-

1237 840 1327 907 soqas:
1334 840 1390 908 uid
1409 851 1599 882 quaecumque
1617 844 1743 883 personae
1763 856 1861 878 contra
1881 858 1934 879 nos
1948 873 1958 888 ,
1977 859 2143 889 quacunque
2164 852 2289 890 ratione,

1238 887 1275 908 ve
1299 887 1333 907 ca
1364 889 1397 917 a,

1276 915 1313 945 Et
1333 916 1482 953 specialiter
1503 920 1609 950 ratione
1627 921 1673 951 seu
1692 922 1840 953 occasione
1853 924 1994 955 frafflonis
2007 925 2144 965 Treugae‚
2162 927 2233 959 datae
2254 929 2287 959 &

1238 954 1379 998 oonceffae
1400 965 1448 993 per
1468 957 1603 988 illustrem
1624 959 1740 996 Regem
1763 961 1889 1000 Angliae,
1908 964 1980 992 inter
1993 963 2208 996 illustrissimum
2221 966 2289 996 Do-

1240 993 1478 1036 minumRegem
1495 994 1517 1024 F
1518 998 1618 1026 ranciae
1632 998 1665 1028 ὃς
1679 1008 1749 1036 nOS,
1767 1000 1800 1029 ὃς
1814 1000 1880 1029 alios
1895 1000 2030 1031 Valitores
2043 1003 2163 1039 ejusdem
2179 1003 2288 1034 Domi·

1241 1040 1271 1060 ni
1287 1030 1377 1070 Regis
1391 1032 1517 1062 Franciae
1530 1034 1563 1064 ὃς
1578 1034 1689 1065 nostros
1703 1044 1737 1065 ex
1751 1046 1805 1066 una
1824 1045 1915 1074 parte,
1935 1040 1968 1069 &
1989 1040 2120 1070 inclitum
2134 1041 2288 1072 Alfonsum

1240 1068 1277 1103 de
1291 1068 1433 1109 Aragonifi
1446 1071 1478 1101 ὃς
1493 1071 1632 1102 Valitores
1647 1073 1707 1103 suos
1721 1083 1755 1103 ex
1767 1074 1865 1113 altera,

1255 1138 1258 1141 .
1278 1107 1386 1138 Dantes
1401 1109 1434 1140 δε
1449 1109 1638 1141 concedentes
1652 1110 1735 1142 dietis
1757 1112 1990 1143 procuratoribus
2010 1114 2126 1154 nostris,
2143 1117 2189 1147 vel
2212 1117 2289 1148 alteri

1240 1155 1358 1185 eorum,
1378 1147 1490 1184 plenam
1504 1148 1667 1180 &liberam
1679 1150 1843 1187 potestatem
1855 1151 1972 1189 agendi,
1991 1153 2121 1192 petendi,
2139 1155 2171 1184 ὃς
2191 1155 2290 1185 defen-

1240 1183 1341 1223 dendi,
1358 1185 1471 1222 jurandi
1491 1186 1527 1216 de
1546 1186 1717 1226 calumpnia,
1737 1189 1770 1219 &
1790 1189 1826 1219 de
1847 1190 1963 1220 veritate
1975 1189 2104 1228 dicendi,
2122 1193 2152 1221 in
2165 1194 2289 1223 animam

1241 1222 1385 1261 nostram,
1404 1223 1437 1254 δί
1452 1224 1595 1261 cujussibet
1609 1225 1717 1256 alterius
1731 1227 1840 1264 generis
1848 1227 2044 1265 Juramentum
2057 1229 2210 1268 subeundi,

1279 1259 1448 1301 Excipiendi
1462 1264 1496 1293 &
1510 1263 1663 1303 appellandi
1699 1265 1732 1295 ὅς
1749 1265 1962 1303 appellationem
1977 1266 2161 1306 prosequendi
2174 1270 2205 1298 in
2218 1269 2291 1299 inte-

1244 1307 1345 1338 grum,
1363 1299 1567 1331 restitutionem
1582 1310 1665 1339 peten
1685 1303 1711 1340 i,
1731 1304 1765 1334 ὃς
1779 1303 1947 1334 solutionem
1959 1304 2005 1334 seu
2021 1304 2171 1336 solutiones
2179 1307 2292 1344 petendi

1246 1338 1279 1368 &
1294 1338 1468 1376 recipiendi,
1483 1340 1516 1370 &
1531 1341 1701 1383 ypothecam
1713 1340 1748 1371 de
1761 1341 1851 1372 soluto
1867 1342 2006 1379 faciendi,

1256 1408 1259 1411 Δ
1280 1375 1318 1406 Et
1336 1376 1422 1406 alium
1441 1376 1487 1407 seu
1505 1378 1573 1408 alios
1596 1378 1812 1410 Procuratorem
1825 1380 1870 1410 seu
1879 1379 2078 1411 Procuratores
2092 1381 2293 1422 substituendi,

1243 1414 1276 1444 δε
1297 1415 1392 1444 omnia
1412 1414 1464 1444 alia
1483 1415 1613 1454 gerendi,
1631 1417 1664 1448 &
1685 1417 1822 1455 faciendi,
1841 1419 1874 1449 &
1887 1418 2114 1457 administrandi,
2133 1430 2196 1458 quae
2211 1431 2294 1452 verus

1245 1454 1277 1483 ὃς
1291 1453 1444 1492 legittimus
1456 1453 1626 1485 Procurator
1641 1455 1729 1486 facere
1745 1455 1854 1494 potest,
1873 1458 1906 1488 ὅ(
1928 1457 2089 1496 consuevit,
2104 1459 2137 1489 &
2159 1469 2223 1497 quae
2243 1470 2296 1490 nos

1244 1491 1334 1521 facere
1347 1491 1506 1529 poffemus,
1524 1493 1544 1522 fi
1558 1493 1730 1530 personaliter
1744 1495 1888 1533 praesentes
1901 1495 2037 1534 essemus,

1280 1528 1480 1560 Promittentes
1498 1530 1566 1569 tibi,
1585 1531 1709 1562 Notario
1730 1532 1920 1571 infrascripto,
1937 1536 2057 1564 nomine
2076 1536 2208 1566 omniurn
2229 1536 2294 1567 illo-

1246 1577 1327 1606 rum,
1345 1578 1469 1606 quorum
1492 1569 1604 1600 interest
1623 1570 1667 1600 vel
1688 1571 1817 1601 interesse
1855 1571 1935 1610 offit,
1954 1583 2006 1603 nos
2024 1581 2114 1603 ratum
2129 1575 2163 1605 δε
2178 1574 2294 1606 firmum

1247 1605 1349 1636 habere
1362 1609 1498 1644 perpetuo
1512 1608 1647 1646 quicquid
1660 1619 1708 1649 per
1721 1609 1823 1640 dizit-os⁴
1850 1620 2023 1641 rocuratores
2043 1611 2174 1652 nostros,
2190 1613 2237 1644 vel
2256 1614 2295 1643 al-

1248 1652 1340 1674 terum
1360 1654 1475 1684 eorum,
1494 1655 1540 1676 aut
1559 1646 1780 1678 substituendum
1793 1672 1802 1686 ,
1821 1648 1864 1678 vel
1886 1648 2090 1680 substituendos
2110 1651 2145 1681 ab
2167 1652 2206 1681 eis
2221 1675 2230 1690 ,
2248 1651 2295 1682 vel

1247 1692 1349 1713 eorum
1362 1682 1466 1722 altero,
1485 1682 1582 1715 ac'turr'i
1595 1686 1624 1715 in
1636 1685 1795 1724 praemissis,
1813 1687 1845 1718 &
1861 1686 1973 1726 gestum
1986 1689 2085 1727 fuerit,
2102 1689 2148 1720 seu
2171 1700 2297 1728 quomo-

1245 1720 1353 1751 dolibet
1368 1731 1559 1759 procuratum.

1282 1760 1300 1779 ²*
1321 1759 1374 1798 Et,
1389 1761 1515 1791 volentes
1529 1761 1621 1792 dietos
1632 1761 1831 1793 Procuratores
1844 1763 1955 1794 nostros
1970 1764 2002 1795 &
2016 1764 2169 1802 quemlibet
2177 1775 2278 1797 eorum
2287 1790 2298 1805 ,

1244 1797 1467 1829 substituendum
1481 1800 1526 1830 seu
1539 1799 1743 1831 substituendos
1756 1800 1791 1831 ab
1805 1802 1859 1839 eis,
1877 1802 1922 1833 vel
1937 1803 2023 1833 altero
2041 1813 2160 1841 eorum,
2179 1804 2299 1836 relevare

1244 1837 1280 1866 ab
1295 1839 1376 1881 omni
1388 1838 1494 1881 lionere
1507 1837 1700 1878 satisdationis,
1718 1840 1738 1870 fi
1751 1841 1897 1880 contingat
1912 1851 1978 1880 εοε,
1997 1841 2042 1872 vel
2062 1841 2181 1873 alterum
2198 1852 2298 1874 eorum

1247 1885 1395 1907 conveniri

1284 1899 1480 1944 Promitt'imus
1500 1915 1568 1952 tibi,
1584 1912 1711 1946 Notario
1733 1915 1924 1956 infrascripto,
1940 1916 2082 1956 stipulanti
2103 1919 2221 1949 nomine
2233 1929 2298 1950 om-

1248 1952 1329 1981 nium
1350 1952 1463 1983 illorum
1476 1977 1486 1990 ,
1504 1963 1625 1990 quorum
1644 1954 1769 1992 intersit,
1794 1955 1838 1984 vel
1862 1955 1989 1985 interesse
2009 1955 2091 1995 possit
2103 1980 2112 1994 ‚
2133 1956 2296 1995 Judicatum

1247 1989 1334 2028 solvi,
1351 2000 1419 2021 cum
1438 1990 1490 2022 suis
1514 1991 1655 2030 clausulis,
1672 1992 1722 2023 sub
1743 1993 1915 2033 obligatione
1928 1995 2060 2025 omniurn
2074 1996 2218 2026 bonorum
2232 2005 2298 2027 nos-

1249 2036 1368 2059 trorum.

1286 2066 1320 2097 In
1341 2068 1419 2105 cujus
1439 2068 1480 2098 rei
1499 2067 1695 2098 testimonium
1729 2069 1845 2107 praesens
1865 2072 2092 2108 procuratorium
2103 2071 2192 2111 Sigilli
2206 2071 2303 2103 nostri

1250 2106 1409 2137 munimine
1422 2104 1552 2137 duximus
1568 2107 1689 2137 roborari
1710 2118 1768 2138 um.

1287 2182 1395 2214 Attum
1407 2182 1448 2214 est
1462 2183 1518 2214 hoc
1533 2182 1575 2214 Id.
1590 2183 1763 2215 Decembris
1774 2195 1851 2215 anno
1863 2185 1990 2216 Domini
2012 2186 2094 2225 1289.

1288 2260 1408 2298 Signum
1417 2259 1537 2299 Jacobi,
1555 2259 1614 2290 Dei
1629 2260 1732 2300 gratia,
1750 2260 1839 2301 Regis
1861 2261 2067 2300 Majoricarum
2085 2261 2215 2300 praediffi
2250 2264 2299 2302 qui

1251 2298 1429 2341 haecromnia
1449 2298 1684 2343 concedimus&
1704 2299 1847 2330 laudamus
1869 2300 1898 2329 in
1920 2300 2080 2343 praesentia,
2098 2300 2136 2331 R.
2158 2302 2192 2332 &
2204 2285 2244 2331 ὁ.
2261 2302 2303 2345 'de

1251 2337 1346 2368 Podlo
1361 2360 1371 2376 ,
1390 2337 1497 2367 Orsilea
1520 2336 1641 2376 Burgein
1656 2362 1665 2375 ,
1691 2337 1795 2374 Reym.
1821 2337 1962 2368 Valentini
1976 2362 1985 2376 ,
2010 2338 2043 2369 &
2064 2338 2096 2368 P.
2118 2339 2154 2369 de
2175 2338 2280 2370 Calidis
2296 2363 2306 2379 ‚

1253 2376 1391 2412 Scriptor.
1406 2375 1476 2405 dieti
1492 2374 1615 2405 Domini
1630 2376 1716 2415 Regis
1730 2375 1936 2414 Majoricarum
1949 2376 2071 2406 testium.

1289 2414 1418 2444 Michael
1439 2413 1591 2452 Rotlandi,
1609 2414 1643 2443 N
1645 2415 1747 2444 orarius
1767 2414 1895 2454 publicus
1916 2413 2094 2454 Perpiniani,
2112 2414 2183 2446 hanc
2197 2423 2303 2447 carmin

1251 2451 1372 2490 scriplit,
1389 2453 1421 2483 &
1433 2452 1491 2482 hoc
1503 2452 1623 2491 Signum
1637 2452 1713 2483 fecit.

1261 2521 1264 2523 ⁵
1295 2526 1404 2558 Ad‘tum
1416 2526 1462 2557 die
1475 2528 1508 2558 &
1524 2528 1591 2558 loco
1605 2526 1763 2566 praedfflcss,

1290 2613 1475 2645 Praesentibus
1484 2637 1493 2651 ,

1253 2699 1392 2739 Magistris
1434 2698 1511 2729 acobo
1525 2700 1557 2729 de
1572 2702 1708 2738 Bernitz,

1254 2741 1287 2768 Ρ.
1301 2740 1333 2768 de
1347 2737 1401 2768 Val
1410 2738 1482 2776 ibus,

1254 2780 1353 2814 Rogero
1369 2776 1492 2816 silvestri
1504 2775 1636 2815 Anglico,

1255 2816 1400 2845 Amando
1415 2816 1446 2845 a'e
1460 2814 1593 2852 Pelagrua
1606 2814 1729 2845 clericis.-

1254 2856 1350 2883 PontIo
1364 2854 1487 2891 Sagarda
1505 2852 1615 2890 Milite,-

1293 2930 1365 2969 Qo
1379 2929 1497 2961 crastino
1531 2929 1677 2967 videlicet,
1695 2929 1740 2959 die
1753 2928 1863 2960 Sabbati
1895 2929 1940 2960 ost
1951 2928 2061 2959 diei-um
2082 2927 2196 2960 Festum
2222 2928 2303 2960 Puri-

1254 2968 1390 3000 ficationis
1404 2970 1493 3000 beatae
1504 2953 1624 3005 lxiariae,
1641 2968 1709 2998 dieti
1732 2940 1924 2998 Commissgrii
1946 2967 2069 2997 Domini
2087 2967 2175 3007 Regis
2196 2967 2307 3007 Angliae

1254 3008 1400 3046 praedisti,
1417 3008 1452 3037 ad
1475 3006 1582 3036 diffisum
1600 3006 1712 3044 locum,
1732 3006 1801 3037 infra
1823 3006 1984 3044 praedictam
2005 3005 2106 3036 horam
2120 3030 2129 3044 ,
2148 3015 2306 3044 venerunt,

1255 3046 1431 3083 praesentibus
1446 3043 1585 3084 Magistris
1600 3044 1775 3083 Reymundo
1797 3045 1830 3075 &
1851 3044 1938 3075 Petro
1957 3043 2113 3083 praedictis,-
2130 3044 2165 3076 &
2185 3044 2310 3076 Arnaldo

1255 3083 1341 3152 Bajui‘i
1363 3084 1549 3114 Procuratore
1570 3083 1722 3122 praedksto,
1739 3084 1772 3115 &
1793 3082 1898 3113 ibidem
1920 3082 2120 3123 proposuerunt
2142 3083 2172 3112 in
2187 3082 2308 3114 modum

1277 3132 1306 3152 ui
1369 3131 1457 3153 uitur·

1256 3132 1275 3161 q
1293 3132 1384 3191 Voebis
1399 3184 1409 3199 ,
1435 3147 1564 3190 Domine
1580 3159 1689 3198 Jacobe
1708 3159 1744 3190 de
1766 3158 1918 3190 Muredine
1932 3183 1942 3195 ,
1966 3158 2052 3189 Miles
2066 3183 2075 3196 ,
2092 3159 2191 3190 locum
2210 3167 2308 3190 tenens

1256 3198 1368 3238 Egregii
1380 3198 1515 3238 Principis
1528 3197 1652 3228 Domini
1660 3198 1779 3236 Jacobi,
1797 3198 1884 3228 Reois
1899 3197 2118 3236 Majoricarum,
2135 3199 2169 3229 &
2180 3197 2308 3241 ¹Arnalde

1255 3238 1355 3276 Bajuli,
1374 3237 1543 3268 Procurator
1555 3236 1677 3274 ejusdem
1692 3235 1814 3280 Domini
1826 3222 1917 3305 '353⁷'ss
1933 3236 1989 3280 Ara
2009 3237 2100 3274 oniae,
2119 3235 2303 3274 significamus

1256 3287 1322 3314 nos³
1343 3275 1531 3306 Cancellarius
1546 3276 1579 3305 &
1594 3275 1637 3304 alii
1649 3274 1842 3305 Commiffaru
1862 3307 1864 3310 ,
1890 3284 1979 3305 omini
2170 3312 2174 3316 ⁵
2239 3312 2243 3317 ἡ

1253 3314 1337 3353 dicii,
1356 3313 1452 3353 quod,
1471 3314 1515 3344 die
1527 3313 1624 3351 jovis,
1641 3314 1670 3343 in
1683 3312 1767 3343 Festo
1784 3313 1983 3344 Purificationis
1997 3312 2085 3342 beatae
2101 3310 2218 3354 Mariae,
2236 3311 2307 3340 infra

1253 3354 1362 3383 tertiam
1378 3375 1388 3391 ,
1411 3363 1486 3383 anno
1506 3351 1625 3381 Domini
1654 3352 1738 3390 1289.
1771 3352 1934 3383 intravimus
1965 3351 2062 3380 locum
2082 3349 2127 3393 seu
2147 3348 2250 3393 Villam
2269 3348 2306 3380 de

1254 3391 1440 3430 Perpiniano,
1459 3391 1542 3428 parati
1557 3390 1721 3428 procedere,
1744 3390 1772 3419 in
1785 3389 1922 3427 praedieto
1938 3390 2071 3427 negotio,
2086 3395 2162 3431 Juxta
2176 3387 2304 3417 traditam

1254 3430 1336 3460 nobis
1350 3429 1488 3466 formam,
1507 3438 1574 3458 curn
1589 3428 1801 3458 continuatione
1814 3428 1846 3459 &
1868 3427 2070 3466 prorogatione
2091 3425 2217 3463 dierum,
2237 3435 2305 3464 qua-

1256 3477 1335 3500 tenus
1350 3469 1455 3507 negotii
1473 3466 1586 3505 qualitas
1599 3467 1656 3496 hoc
1672 3467 1801 3505 requiret.
2079 3503 2084 3507 η

1291 3506 1329 3537 Et
1340 3507 1368 3536 in
1382 3507 1479 3544 primis
1491 3503 1675 3546 protestamur
1689 3503 1766 3543 quod
1775 3503 1963 3542 requisitiones
1973 3526 1982 3541 ,
1999 3501 2171 3545 oblationes,
2188 3501 2302 3546 respon-

1255 3545 1362 3584 siones,
1380 3546 1414 3576 ὃς
1432 3545 1498 3581 alia,
1517 3552 1580 3580 quae
1601 3542 1680 3573 dieto
1702 3544 1818 3582 negotio
1838 3550 2093 3583 proponemusffn
2116 3539 2221 3584 scriptis
2234 3550 2303 3580 pro-

1256 3593 1362 3622 ponere
1375 3585 1409 3614 &
1423 3582 1487 3612 dare
1501 3579 1690 3618 intendimus3
1710 3582 1742 3612 &
1757 3581 1808 3611 illis
1824 3579 1946 3610 insistere
1967 3580 2000 3609 &
2022 3586 2087 3622 uti,
2098 3587 2175 3623 quae·
2201 3588 2232 3623 er
2251 3589 2305 3609 nos

1257 3622 1402 3660 inscriptis
1423 3627 1630 3661 proponentur:
1669 3619 1706 3649 Et
1726 3620 1846 3656 petimus
1868 3617 1945 3656 quod
1966 3626 2020 3660 vos
2032 3615 2102 3646 detis
2115 3615 2177 3661 Gur
2211 3626 2304 3662 ticum

1259 3662 1291 3691 &
1303 3660 1431 3690 securum
1447 3656 1622 3688 conduCkum
1645 3656 1873 3687 procuratoribus
1896 3657 1929 3686 ὅ(
1948 3655 2074 3693 gentibus
2093 3654 2161 3685 dieti
2182 3655 2306 3686 Domini

1258 3699 1346 3738 Regis
1366 3697 1533 3734 Aragoniae3
1551 3703 1581 3725 ut
1600 3694 1674 3726 salvo
1696 3696 1729 3726 &
1750 3695 1844 3726 secure
1864 3693 1967 3731 possint
1986 3694 2083 3723 venire
2095 3691 2130 3722 ad
2140 3692 2305 3724 dierumlo-

1258 3747 1324 3768 cum
1338 3736 1373 3766 de
1387 3736 1554 3772 Perpiniano
1566 3743 1662 3764 coram
1675 3734 1758 3764 nobis
1767 3757 1777 3773 ,
1793 3732 1828 3763 ad
1843 3730 2080 3769 proponendum,
2097 3732 2131 3763 &
2151 3731 2304 3762 defenden-

1259 3776 1328 3806 dum
1343 3773 1509 3813 praedicstum
1523 3773 1680 3809 negotium.
2055 3809 2060 3814 .
2287 3809 2293 3815 .

1296 3813 1386 3850 Item,
1405 3810 1591 3849 protestamur
1604 3809 1697 3848 quod,
1715 3819 1765 3848 per
1779 3809 1867 3847 aliqua
1883 3817 1946 3845 quae
1962 3817 2014 3838 nos
2033 3806 2159 3852 dicemus
2179 3808 2226 3853 vel
2243 3808 2307 3839 scri-

1258 3852 1375 3888 bemuS,
1393 3850 1437 3881 vel
1451 3849 1572 3886 aliquem
1587 3848 1770 3887 Proceffum,
1789 3857 1875 3885 quem
1888 3847 2020 3877 faciemus
2035 3856 2064 3890 in
2098 3846 2204 3891 raesenti
2216 3856 2304 3890 nego7

1259 3892 1299 3922 tio
1313 3915 1322 3928 ,
1348 3899 1399 3919 nos
1423 3898 1481 3917 non
1499 3886 1670 3917 intendimus
1691 3883 1820 3916 assentire
1837 3885 1932 3915 litteris
1951 3894 2022 3928 com
2096 3895 2157 3915 onis
2185 3885 2304 3915 Domini

1261 3929 1347 3960 Reffis
1366 3926 1490 3957 Franciae
1498 3948 1507 3963 ,
1525 3924 1607 3955 faeta:
1620 3924 1741 3955 discretis
1754 3923 1827 3955 Viris
1835 3947 1844 3962 ‚
1860 3922 2001 3962 Magistris
2016 3923 2057 3953 R.
2069 3923 2104 3954 de
2117 3923 2225 3956 Monte
2238 3921 2305 3951 Fer-

1261 3954 1333 3997 rarii>
1354 3965 1466 4002 Milite,
1484 3964 1516 3994 &
1538 3962 1624 3993 Petro
1644 3962 1816 3993 Radimundi
1834 3961 1929 4000 Judici
1947 3959 2053 4001 Majori
2075 3960 2236 4004 Carcaffon.
2258 3959 2304 3991 seu

1259 4005 1400 4038 contentis
1409 4004 1437 4034 in
1452 4001 1553 4033 eisdem
1572 4001 1684 4040 litteris,
1702 4001 1750 4032 nifi
1771 4008 1905 4040 quatenus
1923 4000 1995 4031 inter
2014 4000 2124 4032 diCtum
2137 3999 2303 4066 Dominam

1797 2698 1934 2745 Michaele
1948 2697 2079 2729 Rotlandi
2099 2694 2217 2730 Notario
2238 2701 2305 2731 Per=

1796 2746 1890 2806 sz.
1904 2775 1986 2820 §sotis
1999 2800 2009 2814 ,
2035 2776 2070 2807 ὃς
2087 2775 2220 2820 ‘pluribus
2244 2777 2304 2820 aliis

1833 2813 1953 2845 Clerrcrs
1980 2815 2013 2845 &
2041 2814 2135 2844 La1Cis
2148 2838 2158 2853 ‚
2188 2814 2304 2846 testibus

1838 2854 1946 2884 vocatis
1961 2853 1995 2884 &
2012 2853 2123 2891 rogatis.

2024 3275 2079 3313 egis
2103 3273 2214 3310 Angliae
2235 3283 2315 3310 prae·.

2297 297 2366 324 Edv.
2387 303 2413 323 1.

2312 1775 2326 1792 ¹*
2337 1776 2442 1811 II.465.
