<?xml version="1.0" encoding="UTF-8"?>
<!DOCTYPE html PUBLIC "-//W3C//DTD XHTML 1.0 Transitional//EN"
    "http://www.w3.org/TR/xhtml1/DTD/xhtml1-transitional.dtd">
<html xmlns="http://www.w3.org/1999/xhtml" xml:lang="en" lang="en">
 <head>
  <title>
</title>
<meta http-equiv="Content-Type" content="text/html;charset=utf-8" />
  <meta name='ocr-system' content='tesseract 3.04.00' />
  <meta name='ocr-capabilities' content='ocr_page ocr_carea ocr_par ocr_line ocrx_word'/>
</head>
<body>
  <div class='ocr_page' id='page_1' title='image "./fderaconventione01ryme_0388.png"; bbox 0 0 2570 4261; ppageno 0'>
   <div class='ocr_carea' id='block_1_1' title="bbox 71 232 206 266">
    <p class='ocr_par' dir='ltr' id='par_1_1' title="bbox 71 232 206 266">
     <span class='ocr_line' id='line_1_1' title="bbox 71 232 206 266; baseline -0.022 0"><span class='ocrx_word' id='word_1_1' title='bbox 71 233 147 266; x_wconf 75' lang='lat' dir='ltr'>Arm.</span> <span class='ocrx_word' id='word_1_2' title='bbox 164 232 206 264; x_wconf 92' lang='lat' dir='ltr'>D.</span> 
     </span>
    </p>
   </div>
   <div class='ocr_carea' id='block_1_2' title="bbox 71 282 177 349">
    <p class='ocr_par' dir='ltr' id='par_1_2' title="bbox 71 282 177 349">
     <span class='ocr_line' id='line_1_2' title="bbox 90 282 175 310; baseline -0.012 -7"><span class='ocrx_word' id='word_1_3' title='bbox 90 282 175 310; x_wconf 75' lang='lat'>¹272·</span> 
     </span>
     <span class='ocr_line' id='line_1_3' title="bbox 71 315 177 349; baseline -0.009 -9"><span class='ocrx_word' id='word_1_4' title='bbox 71 315 133 341; x_wconf 80' lang='lat' dir='ltr'>Hen.</span> <span class='ocrx_word' id='word_1_5' title='bbox 152 321 177 349; x_wconf 82' lang='lat'>3.</span> 
     </span>
    </p>
   </div>
   <div class='ocr_carea' id='block_1_3' title="bbox 77 2033 208 2064">
    <p class='ocr_par' dir='ltr' id='par_1_3' title="bbox 77 2033 208 2064">
     <span class='ocr_line' id='line_1_4' title="bbox 77 2033 208 2064; baseline -0.015 0"><span class='ocrx_word' id='word_1_6' title='bbox 77 2034 131 2064; x_wconf 77' lang='lat'>⁴⁸1.</span> <span class='ocrx_word' id='word_1_7' title='bbox 146 2033 208 2062; x_wconf 77' lang='lat'>882.</span> 
     </span>
    </p>
   </div>
   <div class='ocr_carea' id='block_1_4' title="bbox 223 160 300 188">
    <p class='ocr_par' dir='ltr' id='par_1_4' title="bbox 223 160 300 188">
     <span class='ocr_line' id='line_1_5' title="bbox 223 160 300 188; baseline 0 0"><span class='ocrx_word' id='word_1_8' title='bbox 223 160 300 188; x_wconf 84' lang='lat'>122</span> 
     </span>
    </p>
   </div>
   <div class='ocr_carea' id='block_1_5' title="bbox 219 224 1306 3237">
    <p class='ocr_par' dir='ltr' id='par_1_5' title="bbox 222 224 1293 603">
     <span class='ocr_line' id='line_1_6' title="bbox 222 224 1288 269; baseline -0.006 -7"><span class='ocrx_word' id='word_1_9' title='bbox 222 231 366 269; x_wconf 84' lang='lat' dir='ltr'>lacrimas,</span> <span class='ocrx_word' id='word_1_10' title='bbox 385 230 529 261; x_wconf 87' lang='lat' dir='ltr'>continere</span> <span class='ocrx_word' id='word_1_11' title='bbox 541 226 648 266; x_wconf 88' lang='lat' dir='ltr'>suspiria</span> <span class='ocrx_word' id='word_1_12' title='bbox 665 226 711 256; x_wconf 90' lang='lat' dir='ltr'>vel</span> <span class='ocrx_word' id='word_1_13' title='bbox 726 226 864 256; x_wconf 87' lang='lat' dir='ltr'>cohibere</span> <span class='ocrx_word' id='word_1_14' title='bbox 878 224 1027 264; x_wconf 86' lang='lat' dir='ltr'>singultus?</span> <span class='ocrx_word' id='word_1_15' title='bbox 1046 224 1202 264; x_wconf 67' lang='lat' dir='ltr'>Profe&amp;o‚</span> <span class='ocrx_word' id='word_1_16' title='bbox 1220 235 1288 256; x_wconf 91' lang='lat' dir='ltr'>cum</span> 
     </span>
     <span class='ocr_line' id='line_1_7' title="bbox 224 264 1288 306; baseline -0.006 -5"><span class='ocrx_word' id='word_1_17' title='bbox 224 279 298 301; x_wconf 87' lang='lat' dir='ltr'>tanta</span> <span class='ocrx_word' id='word_1_18' title='bbox 318 269 399 299; x_wconf 87' lang='lat' dir='ltr'>subsit</span> <span class='ocrx_word' id='word_1_19' title='bbox 419 266 568 306; x_wconf 82' lang='lat' dir='ltr'>plangendi</span> <span class='ocrx_word' id='word_1_20' title='bbox 589 266 674 302; x_wconf 89' lang='lat' dir='ltr'>ratio,</span> <span class='ocrx_word' id='word_1_21' title='bbox 692 264 839 302; x_wconf 59' lang='lat' dir='ltr'>planitum</span> <span class='ocrx_word' id='word_1_22' title='bbox 849 264 987 294; x_wconf 88' lang='lat' dir='ltr'>declinare</span> <span class='ocrx_word' id='word_1_23' title='bbox 1002 273 1061 294; x_wconf 91' lang='lat' dir='ltr'>non</span> <span class='ocrx_word' id='word_1_24' title='bbox 1075 264 1236 303; x_wconf 87' lang='lat' dir='ltr'>possumus,</span> <span class='ocrx_word' id='word_1_25' title='bbox 1251 266 1288 295; x_wconf 92' lang='lat' dir='ltr'>set</span> 
     </span>
     <span class='ocr_line' id='line_1_8' title="bbox 224 302 1289 344; baseline -0.007 -5"><span class='ocrx_word' id='word_1_26' title='bbox 224 307 334 339; x_wconf 78' lang='lat' dir='ltr'>necesse</span> <span class='ocrx_word' id='word_1_27' title='bbox 346 306 386 336; x_wconf 90' lang='lat' dir='ltr'>est</span> <span class='ocrx_word' id='word_1_28' title='bbox 397 308 454 344; x_wconf 87' lang='lat' dir='ltr'>jam</span> <span class='ocrx_word' id='word_1_29' title='bbox 468 305 539 335; x_wconf 83' lang='lat' dir='ltr'>foras</span> <span class='ocrx_word' id='word_1_30' title='bbox 551 311 628 332; x_wconf 87' lang='lat' dir='ltr'>exeat</span> <span class='ocrx_word' id='word_1_31' title='bbox 641 302 676 332; x_wconf 92' lang='lat' dir='ltr'>ab</span> <span class='ocrx_word' id='word_1_32' title='bbox 688 303 759 332; x_wconf 92' lang='lat' dir='ltr'>olim</span> <span class='ocrx_word' id='word_1_33' title='bbox 793 302 862 333; x_wconf 91' lang='lat' dir='ltr'>dum</span> <span class='ocrx_word' id='word_1_34' title='bbox 876 303 960 333; x_wconf 89' lang='lat' dir='ltr'>etiam</span> <span class='ocrx_word' id='word_1_35' title='bbox 974 312 1027 332; x_wconf 89' lang='lat' dir='ltr'>nos</span> <span class='ocrx_word' id='word_1_36' title='bbox 1042 304 1136 332; x_wconf 92' lang='lat' dir='ltr'>minor</span> <span class='ocrx_word' id='word_1_37' title='bbox 1145 302 1228 333; x_wconf 87' lang='lat' dir='ltr'>status</span> <span class='ocrx_word' id='word_1_38' title='bbox 1240 302 1289 332; x_wconf 93' lang='lat' dir='ltr'>ha-</span> 
     </span>
     <span class='ocr_line' id='line_1_9' title="bbox 223 325 1290 383; baseline -0.007 -6"><span class='ocrx_word' id='word_1_39' title='bbox 223 347 318 383; x_wconf 87' lang='lat' dir='ltr'>beret,</span> <span class='ocrx_word' id='word_1_40' title='bbox 334 353 411 375; x_wconf 88' lang='lat' dir='ltr'>tanto</span> <span class='ocrx_word' id='word_1_41' title='bbox 426 344 501 374; x_wconf 90' lang='lat' dir='ltr'>altius</span> <span class='ocrx_word' id='word_1_42' title='bbox 514 341 648 371; x_wconf 85' lang='lat' dir='ltr'>radicatus</span> <span class='ocrx_word' id='word_1_43' title='bbox 661 325 828 379; x_wconf 81' lang='lat' dir='ltr'>introrsi&#39;im,</span> <span class='ocrx_word' id='word_1_44' title='bbox 846 349 982 379; x_wconf 90' lang='lat' dir='ltr'>tantoque</span> <span class='ocrx_word' id='word_1_45' title='bbox 1003 340 1183 371; x_wconf 85' lang='lat' dir='ltr'>diuturnitate</span> <span class='ocrx_word' id='word_1_46' title='bbox 1201 340 1290 371; x_wconf 70' lang='lat' dir='ltr'>faetus</span> 
     </span>
     <span class='ocr_line' id='line_1_10' title="bbox 222 378 1289 422; baseline -0.006 -7"><span class='ocrx_word' id='word_1_47' title='bbox 222 385 349 416; x_wconf 80' lang='lat' dir='ltr'>acerbior</span> <span class='ocrx_word' id='word_1_48' title='bbox 361 404 370 420; x_wconf 87' lang='lat'>‚</span> <span class='ocrx_word' id='word_1_49' title='bbox 395 390 501 422; x_wconf 85' lang='lat' dir='ltr'>quanto</span> <span class='ocrx_word' id='word_1_50' title='bbox 519 380 648 410; x_wconf 82' lang='lat' dir='ltr'>facultate</span> <span class='ocrx_word' id='word_1_51' title='bbox 668 387 780 410; x_wconf 87' lang='lat' dir='ltr'>vetante</span> <span class='ocrx_word' id='word_1_52' title='bbox 801 380 902 410; x_wconf 85' lang='lat' dir='ltr'>diutius</span> <span class='ocrx_word' id='word_1_53' title='bbox 915 389 974 410; x_wconf 88' lang='lat' dir='ltr'>nori</span> <span class='ocrx_word' id='word_1_54' title='bbox 989 378 1030 409; x_wconf 89' lang='lat' dir='ltr'>est</span> <span class='ocrx_word' id='word_1_55' title='bbox 1044 379 1197 410; x_wconf 86' lang='lat' dir='ltr'>efficaciter</span> <span class='ocrx_word' id='word_1_56' title='bbox 1216 380 1289 409; x_wconf 89' lang='lat' dir='ltr'>exire</span> 
     </span>
     <span class='ocr_line' id='line_1_11' title="bbox 247 421 375 452; baseline -0.023 -1"><span class='ocrx_word' id='word_1_57' title='bbox 247 421 375 452; x_wconf 60' lang='lat' dir='ltr'>armisius.</span> 
     </span>
     <span class='ocr_line' id='line_1_12' title="bbox 225 434 1291 497; baseline -0.004 -8"><span class='ocrx_word' id='word_1_58' title='bbox 225 434 345 489; x_wconf 29' lang='lat' dir='ltr'>P*Exeat</span> <span class='ocrx_word' id='word_1_59' title='bbox 362 458 445 497; x_wconf 78' lang='lat' dir='ltr'>igitur</span> <span class='ocrx_word' id='word_1_60' title='bbox 460 480 469 495; x_wconf 90' lang='lat'>‚</span> <span class='ocrx_word' id='word_1_61' title='bbox 488 464 565 487; x_wconf 88' lang='lat' dir='ltr'>exeat</span> <span class='ocrx_word' id='word_1_62' title='bbox 584 454 618 487; x_wconf 90' lang='lat' dir='ltr'>ad</span> <span class='ocrx_word' id='word_1_63' title='bbox 638 455 733 486; x_wconf 86' lang='lat' dir='ltr'>fratres</span> <span class='ocrx_word' id='word_1_64' title='bbox 746 456 779 487; x_wconf 89' lang='lat'>&amp;</span> <span class='ocrx_word' id='word_1_65' title='bbox 799 455 888 494; x_wconf 85' lang='lat' dir='ltr'>filios,</span> <span class='ocrx_word' id='word_1_66' title='bbox 905 464 935 486; x_wconf 92' lang='lat' dir='ltr'>ut</span> <span class='ocrx_word' id='word_1_67' title='bbox 949 455 1063 487; x_wconf 69' lang='lat' dir='ltr'>scientes</span> <span class='ocrx_word' id='word_1_68' title='bbox 1084 455 1291 493; x_wconf 90' lang='lat' dir='ltr'>incomodum,</span> 
     </span>
     <span class='ocr_line' id='line_1_13' title="bbox 222 493 1293 538; baseline -0.007 -9"><span class='ocrx_word' id='word_1_69' title='bbox 222 498 369 538; x_wconf 86' lang='lat' dir='ltr'>ipsumque</span> <span class='ocrx_word' id='word_1_70' title='bbox 392 495 552 533; x_wconf 88' lang='lat' dir='ltr'>prudentius</span> <span class='ocrx_word' id='word_1_71' title='bbox 578 496 743 525; x_wconf 84' lang='lat' dir='ltr'>extimantes</span> <span class='ocrx_word' id='word_1_72' title='bbox 769 495 974 533; x_wconf 79' lang='lat' dir='ltr'>cooperationis</span> <span class='ocrx_word' id='word_1_73' title='bbox 997 495 1124 525; x_wconf 89' lang='lat' dir='ltr'>remedio</span> <span class='ocrx_word' id='word_1_74' title='bbox 1150 493 1293 524; x_wconf 86' lang='lat' dir='ltr'>efficacius</span> 
     </span>
     <span class='ocr_line' id='line_1_14' title="bbox 223 532 1293 603; baseline -0.004 -37"><span class='ocrx_word' id='word_1_75' title='bbox 223 535 392 603; x_wconf 59' lang='grc' dir='ltr'>131οἕ110005</span> <span class='ocrx_word' id='word_1_76' title='bbox 406 535 545 573; x_wconf 81' lang='lat' dir='ltr'>relevent,</span> <span class='ocrx_word' id='word_1_77' title='bbox 563 535 596 565; x_wconf 90' lang='lat'>&amp;</span> <span class='ocrx_word' id='word_1_78' title='bbox 612 533 759 574; x_wconf 64' lang='lat' dir='ltr'>plantfimm</span> <span class='ocrx_word' id='word_1_79' title='bbox 780 535 834 572; x_wconf 85' lang='lat' dir='ltr'>piae</span> <span class='ocrx_word' id='word_1_80' title='bbox 854 532 1051 563; x_wconf 87' lang='lat' dir='ltr'>consolationis</span> <span class='ocrx_word' id='word_1_81' title='bbox 1070 532 1170 563; x_wconf 90' lang='lat' dir='ltr'>officio</span> <span class='ocrx_word' id='word_1_82' title='bbox 1183 532 1293 562; x_wconf 88' lang='lat' dir='ltr'>dulcius</span> 
     </span>
    </p>

    <p class='ocr_par' dir='ltr' id='par_1_6' title="bbox 219 583 1295 766">
     <span class='ocr_line' id='line_1_15' title="bbox 263 583 414 604; baseline -0.013 0"><span class='ocrx_word' id='word_1_83' title='bbox 263 585 281 604; x_wconf 89' lang='lat' dir='ltr'>n</span> <span class='ocrx_word' id='word_1_84' title='bbox 292 583 312 603; x_wconf 92' lang='lat' dir='ltr'>o</span> <span class='ocrx_word' id='word_1_85' title='bbox 323 583 414 603; x_wconf 90' lang='lat' dir='ltr'>entur.</span> 
     </span>
     <span class='ocr_line' id='line_1_16' title="bbox 223 585 1293 651; baseline -0.003 -10"><span class='ocrx_word' id='word_1_86' title='bbox 223 585 335 651; x_wconf 67' lang='lat' dir='ltr'>co(Qiis</span> <span class='ocrx_word' id='word_1_87' title='bbox 354 621 422 649; x_wconf 84' lang='lat' dir='ltr'>ergo</span> <span class='ocrx_word' id='word_1_88' title='bbox 442 610 517 641; x_wconf 89' lang='lat' dir='ltr'>dabit</span> <span class='ocrx_word' id='word_1_89' title='bbox 538 610 620 648; x_wconf 80' lang='lat' dir='ltr'>capiti</span> <span class='ocrx_word' id='word_1_90' title='bbox 644 609 743 640; x_wconf 87' lang='lat' dir='ltr'>nostro</span> <span class='ocrx_word' id='word_1_91' title='bbox 765 618 883 649; x_wconf 86' lang='lat' dir='ltr'>aquam,</span> <span class='ocrx_word' id='word_1_92' title='bbox 898 617 944 639; x_wconf 90' lang='lat' dir='ltr'>aut</span> <span class='ocrx_word' id='word_1_93' title='bbox 958 608 1047 639; x_wconf 89' lang='lat' dir='ltr'>oculis</span> <span class='ocrx_word' id='word_1_94' title='bbox 1062 607 1164 639; x_wconf 86' lang='lat' dir='ltr'>nostris</span> <span class='ocrx_word' id='word_1_95' title='bbox 1182 607 1293 639; x_wconf 89' lang='lat' dir='ltr'>fontem</span> 
     </span>
     <span class='ocr_line' id='line_1_17' title="bbox 219 646 1293 687; baseline -0.005 -6"><span class='ocrx_word' id='word_1_96' title='bbox 219 651 414 687; x_wconf 86' lang='lat' dir='ltr'>lacrimarum,</span> <span class='ocrx_word' id='word_1_97' title='bbox 432 658 463 679; x_wconf 92' lang='lat' dir='ltr'>ut</span> <span class='ocrx_word' id='word_1_98' title='bbox 478 649 516 679; x_wconf 92' lang='lat' dir='ltr'>sic</span> <span class='ocrx_word' id='word_1_99' title='bbox 531 649 629 686; x_wconf 91' lang='lat' dir='ltr'>populi</span> <span class='ocrx_word' id='word_1_100' title='bbox 642 648 790 678; x_wconf 84' lang='lat' dir='ltr'>humilitati</span> <span class='ocrx_word' id='word_1_101' title='bbox 802 647 907 677; x_wconf 84' lang='lat' dir='ltr'>nostrae</span> <span class='ocrx_word' id='word_1_102' title='bbox 921 646 1063 677; x_wconf 83' lang='lat' dir='ltr'>commissi</span> <span class='ocrx_word' id='word_1_103' title='bbox 1076 647 1246 685; x_wconf 85' lang='lat' dir='ltr'>spiritualiter</span> <span class='ocrx_word' id='word_1_104' title='bbox 1259 647 1293 677; x_wconf 90' lang='lat'>&amp;</span> 
     </span>
     <span class='ocr_line' id='line_1_18' title="bbox 226 685 1295 727; baseline -0.005 -7"><span class='ocrx_word' id='word_1_105' title='bbox 226 689 415 727; x_wconf 84' lang='lat' dir='ltr'>temporaliter</span> <span class='ocrx_word' id='word_1_106' title='bbox 434 687 596 717; x_wconf 57' lang='lat' dir='ltr'>interfectos</span> <span class='ocrx_word' id='word_1_107' title='bbox 618 686 714 716; x_wconf 87' lang='lat' dir='ltr'>diebus</span> <span class='ocrx_word' id='word_1_108' title='bbox 734 687 767 717; x_wconf 90' lang='lat'>&amp;</span> <span class='ocrx_word' id='word_1_109' title='bbox 791 685 924 716; x_wconf 60' lang='lat' dir='ltr'>noctibus</span> <span class='ocrx_word' id='word_1_110' title='bbox 936 686 1095 726; x_wconf 80' lang='lat' dir='ltr'>lugeamus,</span> <span class='ocrx_word' id='word_1_111' title='bbox 1110 686 1187 725; x_wconf 89' lang='lat' dir='ltr'>quod</span> <span class='ocrx_word' id='word_1_112' title='bbox 1200 686 1295 726; x_wconf 86' lang='lat' dir='ltr'>culpa-</span> 
     </span>
     <span class='ocr_line' id='line_1_19' title="bbox 225 723 1085 766; baseline -0.007 -7"><span class='ocrx_word' id='word_1_113' title='bbox 225 738 289 760; x_wconf 84' lang='lat' dir='ltr'>rum</span> <span class='ocrx_word' id='word_1_114' title='bbox 306 726 414 766; x_wconf 84' lang='lat' dir='ltr'>sordes,</span> <span class='ocrx_word' id='word_1_115' title='bbox 431 726 531 764; x_wconf 90' lang='lat' dir='ltr'>quibus</span> <span class='ocrx_word' id='word_1_116' title='bbox 544 725 614 755; x_wconf 90' lang='lat' dir='ltr'>iram</span> <span class='ocrx_word' id='word_1_117' title='bbox 627 724 756 755; x_wconf 78' lang='lat' dir='ltr'>meruisse</span> <span class='ocrx_word' id='word_1_118' title='bbox 772 723 911 763; x_wconf 87' lang='lat' dir='ltr'>creditur,</span> <span class='ocrx_word' id='word_1_119' title='bbox 928 723 1085 754; x_wconf 85' lang='lat' dir='ltr'>diluamus?</span> 
     </span>
    </p>

    <p class='ocr_par' dir='ltr' id='par_1_7' title="bbox 223 761 1295 960">
     <span class='ocr_line' id='line_1_20' title="bbox 261 761 1295 805; baseline -0.003 -9"><span class='ocrx_word' id='word_1_120' title='bbox 261 764 432 805; x_wconf 79' lang='lat' dir='ltr'>Lugendum</span> <span class='ocrx_word' id='word_1_121' title='bbox 454 764 589 804; x_wconf 86' lang='lat' dir='ltr'>siquidem</span> <span class='ocrx_word' id='word_1_122' title='bbox 603 764 730 793; x_wconf 90' lang='lat' dir='ltr'>occurrit</span> <span class='ocrx_word' id='word_1_123' title='bbox 750 763 844 801; x_wconf 85' lang='lat' dir='ltr'>quod,</span> <span class='ocrx_word' id='word_1_124' title='bbox 863 772 910 800; x_wconf 88' lang='lat' dir='ltr'>per</span> <span class='ocrx_word' id='word_1_125' title='bbox 929 761 1162 794; x_wconf 64' lang='lat' dir='ltr'>substractionem</span> <span class='ocrx_word' id='word_1_126' title='bbox 1175 761 1295 803; x_wconf 82' lang='lat' dir='ltr'>praedic-</span> 
     </span>
     <span class='ocr_line' id='line_1_21' title="bbox 223 801 1294 842; baseline -0.004 -6"><span class='ocrx_word' id='word_1_127' title='bbox 223 812 282 836; x_wconf 81' lang='lat' dir='ltr'>tam</span> <span class='ocrx_word' id='word_1_128' title='bbox 291 828 300 842; x_wconf 85' lang='lat'>‚</span> <span class='ocrx_word' id='word_1_129' title='bbox 315 806 331 835; x_wconf 79' lang='lat' dir='ltr'>a</span> <span class='ocrx_word' id='word_1_130' title='bbox 343 803 420 835; x_wconf 90' lang='lat' dir='ltr'>Sedis</span> <span class='ocrx_word' id='word_1_131' title='bbox 434 802 610 841; x_wconf 81' lang='lat' dir='ltr'>Apostolicae</span> <span class='ocrx_word' id='word_1_132' title='bbox 624 803 729 832; x_wconf 84' lang='lat' dir='ltr'>unitate</span> <span class='ocrx_word' id='word_1_133' title='bbox 742 801 895 831; x_wconf 68' lang='lat' dir='ltr'>subtractos</span> <span class='ocrx_word' id='word_1_134' title='bbox 912 801 943 831; x_wconf 63' lang='grc' dir='ltr'>ὃς</span> <span class='ocrx_word' id='word_1_135' title='bbox 959 802 987 831; x_wconf 83' lang='grc'>111</span> <span class='ocrx_word' id='word_1_136' title='bbox 1003 801 1090 832; x_wconf 90' lang='lat' dir='ltr'>devio</span> <span class='ocrx_word' id='word_1_137' title='bbox 1102 803 1204 841; x_wconf 88' lang='lat' dir='ltr'>positos</span> <span class='ocrx_word' id='word_1_138' title='bbox 1212 810 1294 840; x_wconf 86' lang='lat' dir='ltr'>gran-</span> 
     </span>
     <span class='ocr_line' id='line_1_22' title="bbox 223 839 1295 882; baseline -0.004 -8"><span class='ocrx_word' id='word_1_139' title='bbox 223 843 264 874; x_wconf 82' lang='lat' dir='ltr'>dis</span> <span class='ocrx_word' id='word_1_140' title='bbox 289 843 381 882; x_wconf 91' lang='lat' dir='ltr'>culpae</span> <span class='ocrx_word' id='word_1_141' title='bbox 402 851 478 872; x_wconf 91' lang='lat' dir='ltr'>mors</span> <span class='ocrx_word' id='word_1_142' title='bbox 500 840 608 878; x_wconf 82' lang='lat' dir='ltr'>afficit,</span> <span class='ocrx_word' id='word_1_143' title='bbox 633 840 711 880; x_wconf 91' lang='lat' dir='ltr'>quod</span> <span class='ocrx_word' id='word_1_144' title='bbox 729 839 855 870; x_wconf 68' lang='lat' dir='ltr'>sanstum</span> <span class='ocrx_word' id='word_1_145' title='bbox 872 839 1027 870; x_wconf 89' lang='lat' dir='ltr'>universalis</span> <span class='ocrx_word' id='word_1_146' title='bbox 1042 839 1176 871; x_wconf 81' lang='lat' dir='ltr'>Eccleiiae</span> <span class='ocrx_word' id='word_1_147' title='bbox 1192 850 1295 881; x_wconf 89' lang='lat' dir='ltr'>corpus</span> 
     </span>
     <span class='ocr_line' id='line_1_23' title="bbox 224 877 1295 918; baseline -0.003 -5"><span class='ocrx_word' id='word_1_148' title='bbox 224 883 358 912; x_wconf 86' lang='lat' dir='ltr'>membro</span> <span class='ocrx_word' id='word_1_149' title='bbox 372 890 430 911; x_wconf 90' lang='lat' dir='ltr'>tam</span> <span class='ocrx_word' id='word_1_150' title='bbox 444 880 532 910; x_wconf 89' lang='lat' dir='ltr'>nobili</span> <span class='ocrx_word' id='word_1_151' title='bbox 548 879 644 909; x_wconf 87' lang='lat' dir='ltr'>eadem</span> <span class='ocrx_word' id='word_1_152' title='bbox 658 879 749 918; x_wconf 83' lang='lat' dir='ltr'>gravis</span> <span class='ocrx_word' id='word_1_153' title='bbox 771 877 927 909; x_wconf 88' lang='lat' dir='ltr'>admodum</span> <span class='ocrx_word' id='word_1_154' title='bbox 941 879 974 909; x_wconf 91' lang='lat'>&amp;</span> <span class='ocrx_word' id='word_1_155' title='bbox 987 878 1159 918; x_wconf 87' lang='lat' dir='ltr'>dispendiosa</span> <span class='ocrx_word' id='word_1_156' title='bbox 1172 879 1295 910; x_wconf 87' lang='lat' dir='ltr'>subtrac-</span> 
     </span>
     <span class='ocr_line' id='line_1_24' title="bbox 225 918 667 960; baseline -0.011 -8"><span class='ocrx_word' id='word_1_157' title='bbox 225 922 267 952; x_wconf 89' lang='lat' dir='ltr'>tio</span> <span class='ocrx_word' id='word_1_158' title='bbox 283 929 362 951; x_wconf 89' lang='lat' dir='ltr'>tanto</span> <span class='ocrx_word' id='word_1_159' title='bbox 375 928 504 960; x_wconf 89' lang='lat' dir='ltr'>tempore</span> <span class='ocrx_word' id='word_1_160' title='bbox 519 918 667 948; x_wconf 86' lang='lat' dir='ltr'>mutilavit.</span> 
     </span>
    </p>

    <p class='ocr_par' dir='ltr' id='par_1_8' title="bbox 226 954 1296 1115">
     <span class='ocr_line' id='line_1_25' title="bbox 262 954 1296 998; baseline -0.003 -9"><span class='ocrx_word' id='word_1_161' title='bbox 262 959 431 998; x_wconf 88' lang='lat' dir='ltr'>Lugendum</span> <span class='ocrx_word' id='word_1_162' title='bbox 451 959 485 989; x_wconf 88' lang='lat'>&amp;</span> <span class='ocrx_word' id='word_1_163' title='bbox 507 958 609 988; x_wconf 88' lang='lat' dir='ltr'>iterum</span> <span class='ocrx_word' id='word_1_164' title='bbox 631 966 664 986; x_wconf 91' lang='lat' dir='ltr'>ac</span> <span class='ocrx_word' id='word_1_165' title='bbox 685 957 778 986; x_wconf 82' lang='lat' dir='ltr'>amare</span> <span class='ocrx_word' id='word_1_166' title='bbox 793 954 947 986; x_wconf 88' lang='lat' dir='ltr'>dolendum</span> <span class='ocrx_word' id='word_1_167' title='bbox 963 956 1039 995; x_wconf 89' lang='lat' dir='ltr'>quod</span> <span class='ocrx_word' id='word_1_168' title='bbox 1050 955 1119 987; x_wconf 90' lang='lat' dir='ltr'>sicut</span> <span class='ocrx_word' id='word_1_169' title='bbox 1132 957 1160 986; x_wconf 90' lang='lat' dir='ltr'>iri</span> <span class='ocrx_word' id='word_1_170' title='bbox 1175 957 1296 994; x_wconf 87' lang='lat' dir='ltr'>partibus</span> 
     </span>
     <span class='ocr_line' id='line_1_26' title="bbox 226 993 1296 1033; baseline -0.003 -5"><span class='ocrx_word' id='word_1_171' title='bbox 226 998 410 1028; x_wconf 84' lang='lat' dir='ltr'>transmarinis</span> <span class='ocrx_word' id='word_1_172' title='bbox 427 1006 488 1026; x_wconf 91' lang='lat' dir='ltr'>non</span> <span class='ocrx_word' id='word_1_173' title='bbox 507 1004 616 1026; x_wconf 91' lang='lat' dir='ltr'>tantum</span> <span class='ocrx_word' id='word_1_174' title='bbox 638 994 811 1032; x_wconf 87' lang='lat' dir='ltr'>audivimus,</span> <span class='ocrx_word' id='word_1_175' title='bbox 831 993 868 1025; x_wconf 89' lang='lat' dir='ltr'>set</span> <span class='ocrx_word' id='word_1_176' title='bbox 885 995 918 1023; x_wconf 88' lang='lat'>&amp;</span> <span class='ocrx_word' id='word_1_177' title='bbox 933 994 1021 1024; x_wconf 91' lang='lat' dir='ltr'>oculis</span> <span class='ocrx_word' id='word_1_178' title='bbox 1041 995 1142 1025; x_wconf 89' lang='lat' dir='ltr'>nostris</span> <span class='ocrx_word' id='word_1_179' title='bbox 1156 995 1296 1033; x_wconf 89' lang='lat' dir='ltr'>vidimus,</span> 
     </span>
     <span class='ocr_line' id='line_1_27' title="bbox 228 1032 1296 1071; baseline -0.003 -4"><span class='ocrx_word' id='word_1_180' title='bbox 228 1037 262 1067; x_wconf 89' lang='lat'>&amp;</span> <span class='ocrx_word' id='word_1_181' title='bbox 279 1046 376 1066; x_wconf 84' lang='lat' dir='ltr'>manus</span> <span class='ocrx_word' id='word_1_182' title='bbox 389 1034 494 1066; x_wconf 84' lang='lat' dir='ltr'>nostrae</span> <span class='ocrx_word' id='word_1_183' title='bbox 505 1033 751 1065; x_wconf 70' lang='grc' dir='ltr'>0011110813νο10111</span> <span class='ocrx_word' id='word_1_184' title='bbox 763 1055 773 1071; x_wconf 89' lang='grc'>,</span> <span class='ocrx_word' id='word_1_185' title='bbox 806 1034 877 1071; x_wconf 83' lang='lat' dir='ltr'>proh</span> <span class='ocrx_word' id='word_1_186' title='bbox 896 1032 991 1063; x_wconf 78' lang='lat' dir='ltr'>dolor!</span> <span class='ocrx_word' id='word_1_187' title='bbox 1011 1033 1198 1064; x_wconf 87' lang='lat' dir='ltr'>detestabilius</span> <span class='ocrx_word' id='word_1_188' title='bbox 1215 1033 1296 1064; x_wconf 91' lang='lat' dir='ltr'>solito</span> 
     </span>
     <span class='ocr_line' id='line_1_28' title="bbox 227 1070 1296 1115; baseline -0.004 -9"><span class='ocrx_word' id='word_1_189' title='bbox 227 1074 429 1115; x_wconf 88' lang='lat' dir='ltr'>blasphematur</span> <span class='ocrx_word' id='word_1_190' title='bbox 444 1074 472 1103; x_wconf 90' lang='lat' dir='ltr'>in</span> <span class='ocrx_word' id='word_1_191' title='bbox 487 1073 616 1113; x_wconf 88' lang='lat' dir='ltr'>gentibus</span> <span class='ocrx_word' id='word_1_192' title='bbox 628 1082 734 1102; x_wconf 90' lang='lat' dir='ltr'>nomen</span> <span class='ocrx_word' id='word_1_193' title='bbox 749 1070 874 1109; x_wconf 74' lang='lat' dir='ltr'>Christi,</span> <span class='ocrx_word' id='word_1_194' title='bbox 892 1081 960 1101; x_wconf 95' lang='lat' dir='ltr'>cum</span> <span class='ocrx_word' id='word_1_195' title='bbox 974 1073 1028 1109; x_wconf 84' lang='lat' dir='ltr'>jam</span> <span class='ocrx_word' id='word_1_196' title='bbox 1043 1082 1101 1103; x_wconf 92' lang='lat' dir='ltr'>non</span> <span class='ocrx_word' id='word_1_197' title='bbox 1116 1082 1173 1103; x_wconf 89' lang='lat' dir='ltr'>tarn</span> <span class='ocrx_word' id='word_1_198' title='bbox 1187 1073 1296 1110; x_wconf 83' lang='lat' dir='ltr'>verbis,</span> 
     </span>
    </p>

    <p class='ocr_par' dir='ltr' id='par_1_9' title="bbox 248 1109 1296 1151">
     <span class='ocr_line' id='line_1_29' title="bbox 248 1109 1296 1151; baseline -0.001 -8"><span class='ocrx_word' id='word_1_199' title='bbox 248 1123 312 1144; x_wconf 90' lang='lat' dir='ltr'>uam</span> <span class='ocrx_word' id='word_1_200' title='bbox 331 1114 413 1144; x_wconf 90' lang='lat' dir='ltr'>rebus</span> <span class='ocrx_word' id='word_1_201' title='bbox 431 1115 439 1143; x_wconf 93' lang='lat' dir='ltr'>i</span> <span class='ocrx_word' id='word_1_202' title='bbox 461 1112 491 1143; x_wconf 89' lang='lat' dir='ltr'>sis</span> <span class='ocrx_word' id='word_1_203' title='bbox 505 1136 516 1151; x_wconf 82' lang='lat'>,</span> <span class='ocrx_word' id='word_1_204' title='bbox 538 1113 572 1143; x_wconf 89' lang='lat'>&amp;</span> <span class='ocrx_word' id='word_1_205' title='bbox 595 1111 674 1141; x_wconf 62' lang='lat' dir='ltr'>factis</span> <span class='ocrx_word' id='word_1_206' title='bbox 687 1109 852 1140; x_wconf 82' lang='lat' dir='ltr'>Christianis</span> <span class='ocrx_word' id='word_1_207' title='bbox 866 1110 1006 1140; x_wconf 90' lang='lat' dir='ltr'>insultetur</span> <span class='ocrx_word' id='word_1_208' title='bbox 1021 1111 1056 1141; x_wconf 89' lang='lat' dir='ltr'>ab</span> <span class='ocrx_word' id='word_1_209' title='bbox 1072 1111 1245 1150; x_wconf 82' lang='lat' dir='ltr'>infidelibus,</span> <span class='ocrx_word' id='word_1_210' title='bbox 1262 1112 1296 1142; x_wconf 86' lang='lat'>&amp;</span> 
     </span>
    </p>

    <p class='ocr_par' dir='ltr' id='par_1_10' title="bbox 227 1148 1298 1647">
     <span class='ocr_line' id='line_1_30' title="bbox 250 1148 1298 1189; baseline -0.002 -6"><span class='ocrx_word' id='word_1_211' title='bbox 250 1153 337 1183; x_wconf 85' lang='lat' dir='ltr'>icatur</span> <span class='ocrx_word' id='word_1_212' title='bbox 358 1152 407 1182; x_wconf 89' lang='lat' dir='ltr'>ubi</span> <span class='ocrx_word' id='word_1_213' title='bbox 460 1161 507 1181; x_wconf 93' lang='lat' dir='ltr'>eus</span> <span class='ocrx_word' id='word_1_214' title='bbox 527 1159 647 1187; x_wconf 82' lang='lat' dir='ltr'>eorum,</span> <span class='ocrx_word' id='word_1_215' title='bbox 665 1149 735 1179; x_wconf 91' lang='lat' dir='ltr'>dum</span> <span class='ocrx_word' id='word_1_216' title='bbox 756 1148 895 1179; x_wconf 85' lang='lat' dir='ltr'>funiculus</span> <span class='ocrx_word' id='word_1_217' title='bbox 915 1149 1077 1180; x_wconf 88' lang='lat' dir='ltr'>haereditatis</span> <span class='ocrx_word' id='word_1_218' title='bbox 1093 1149 1235 1189; x_wconf 80' lang='lat' dir='ltr'>Domini,</span> <span class='ocrx_word' id='word_1_219' title='bbox 1253 1159 1298 1181; x_wconf 66' lang='lat' dir='ltr'>ea-</span> 
     </span>
     <span class='ocr_line' id='line_1_31' title="bbox 229 1186 1297 1227; baseline -0.003 -5"><span class='ocrx_word' id='word_1_220' title='bbox 229 1191 299 1222; x_wconf 85' lang='lat' dir='ltr'>dem</span> <span class='ocrx_word' id='word_1_221' title='bbox 312 1200 382 1221; x_wconf 88' lang='grc'>10113</span> <span class='ocrx_word' id='word_1_222' title='bbox 396 1190 505 1227; x_wconf 62' lang='lat' dir='ltr'>finem,</span> <span class='ocrx_word' id='word_1_223' title='bbox 523 1199 571 1227; x_wconf 89' lang='lat' dir='ltr'>per</span> <span class='ocrx_word' id='word_1_224' title='bbox 585 1186 822 1226; x_wconf 88' lang='lat' dir='ltr'>nephandissimos</span> <span class='ocrx_word' id='word_1_225' title='bbox 835 1187 986 1218; x_wconf 89' lang='lat' dir='ltr'>Saracenos</span> <span class='ocrx_word' id='word_1_226' title='bbox 1009 1187 1046 1218; x_wconf 91' lang='lat' dir='ltr'>sic</span> <span class='ocrx_word' id='word_1_227' title='bbox 1064 1189 1205 1219; x_wconf 86' lang='lat' dir='ltr'>audaciter</span> <span class='ocrx_word' id='word_1_228' title='bbox 1218 1190 1297 1219; x_wconf 90' lang='lat' dir='ltr'>inva-</span> 
     </span>
     <span class='ocr_line' id='line_1_32' title="bbox 228 1225 1296 1268; baseline -0.002 -8"><span class='ocrx_word' id='word_1_229' title='bbox 228 1230 305 1260; x_wconf 86' lang='lat' dir='ltr'>ditur</span> <span class='ocrx_word' id='word_1_230' title='bbox 319 1253 329 1268; x_wconf 88' lang='lat'>‚</span> <span class='ocrx_word' id='word_1_231' title='bbox 348 1230 387 1261; x_wconf 90' lang='lat' dir='ltr'>sic</span> <span class='ocrx_word' id='word_1_232' title='bbox 408 1228 502 1259; x_wconf 76' lang='lat' dir='ltr'>secura</span> <span class='ocrx_word' id='word_1_233' title='bbox 524 1235 680 1267; x_wconf 87' lang='lat' dir='ltr'>occupatur</span> <span class='ocrx_word' id='word_1_234' title='bbox 694 1225 832 1264; x_wconf 72' lang='lat' dir='ltr'>audacia,</span> <span class='ocrx_word' id='word_1_235' title='bbox 850 1225 886 1256; x_wconf 91' lang='lat' dir='ltr'>sic</span> <span class='ocrx_word' id='word_1_236' title='bbox 906 1225 1027 1256; x_wconf 91' lang='lat' dir='ltr'>vastatur</span> <span class='ocrx_word' id='word_1_237' title='bbox 1039 1227 1191 1266; x_wconf 72' lang='lat' dir='ltr'>intrepide,</span> <span class='ocrx_word' id='word_1_238' title='bbox 1210 1227 1246 1258; x_wconf 89' lang='lat' dir='ltr'>sic</span> <span class='ocrx_word' id='word_1_239' title='bbox 1265 1229 1296 1258; x_wconf 90' lang='lat' dir='ltr'>in</span> 
     </span>
     <span class='ocr_line' id='line_1_33' title="bbox 229 1264 1296 1309; baseline -0.003 -10"><span class='ocrx_word' id='word_1_240' title='bbox 229 1268 331 1299; x_wconf 89' lang='lat' dir='ltr'>eisdem</span> <span class='ocrx_word' id='word_1_241' title='bbox 346 1269 468 1309; x_wconf 83' lang='lat' dir='ltr'>partibus</span> <span class='ocrx_word' id='word_1_242' title='bbox 483 1265 656 1296; x_wconf 86' lang='lat' dir='ltr'>Christianus</span> <span class='ocrx_word' id='word_1_243' title='bbox 667 1264 785 1304; x_wconf 88' lang='lat' dir='ltr'>populus</span> <span class='ocrx_word' id='word_1_244' title='bbox 799 1265 958 1294; x_wconf 84' lang='lat' dir='ltr'>immaniter</span> <span class='ocrx_word' id='word_1_245' title='bbox 970 1265 1137 1304; x_wconf 81' lang='lat' dir='ltr'>trucidatur,</span> <span class='ocrx_word' id='word_1_246' title='bbox 1149 1267 1223 1305; x_wconf 88' lang='lat' dir='ltr'>quasi</span> <span class='ocrx_word' id='word_1_247' title='bbox 1235 1276 1296 1296; x_wconf 91' lang='lat' dir='ltr'>non</span> 
     </span>
     <span class='ocr_line' id='line_1_34' title="bbox 228 1302 1294 1345; baseline -0.003 -7"><span class='ocrx_word' id='word_1_248' title='bbox 228 1307 260 1338; x_wconf 87' lang='lat' dir='ltr'>sit</span> <span class='ocrx_word' id='word_1_249' title='bbox 280 1308 330 1337; x_wconf 80' lang='lat' dir='ltr'>illis</span> <span class='ocrx_word' id='word_1_250' title='bbox 352 1307 460 1345; x_wconf 76' lang='lat' dir='ltr'>adjutor</span> <span class='ocrx_word' id='word_1_251' title='bbox 473 1328 482 1342; x_wconf 86' lang='lat'>,</span> <span class='ocrx_word' id='word_1_252' title='bbox 500 1314 553 1334; x_wconf 89' lang='lat' dir='ltr'>nec</span> <span class='ocrx_word' id='word_1_253' title='bbox 573 1304 604 1335; x_wconf 91' lang='lat' dir='ltr'>sit</span> <span class='ocrx_word' id='word_1_254' title='bbox 638 1304 665 1334; x_wconf 91' lang='lat' dir='ltr'>ui</span> <span class='ocrx_word' id='word_1_255' title='bbox 678 1303 798 1333; x_wconf 89' lang='lat' dir='ltr'>misereri</span> <span class='ocrx_word' id='word_1_256' title='bbox 812 1302 895 1340; x_wconf 87' lang='lat' dir='ltr'>possit</span> <span class='ocrx_word' id='word_1_257' title='bbox 909 1303 1052 1341; x_wconf 87' lang='lat' dir='ltr'>ipsorum?</span> <span class='ocrx_word' id='word_1_258' title='bbox 1072 1303 1242 1344; x_wconf 86' lang='lat' dir='ltr'>Lugendum</span> <span class='ocrx_word' id='word_1_259' title='bbox 1260 1306 1294 1336; x_wconf 89' lang='lat'>&amp;</span> 
     </span>
     <span class='ocr_line' id='line_1_35' title="bbox 227 1341 1297 1384; baseline -0.004 -7"><span class='ocrx_word' id='word_1_260' title='bbox 227 1346 345 1384; x_wconf 78' lang='lat' dir='ltr'>amplius</span> <span class='ocrx_word' id='word_1_261' title='bbox 360 1346 457 1383; x_wconf 86' lang='lat' dir='ltr'>pariter</span> <span class='ocrx_word' id='word_1_262' title='bbox 471 1344 505 1374; x_wconf 65' lang='grc' dir='ltr'>ὃς</span> <span class='ocrx_word' id='word_1_263' title='bbox 519 1343 620 1374; x_wconf 85' lang='grc'>11011011</span> <span class='ocrx_word' id='word_1_264' title='bbox 644 1352 709 1380; x_wconf 91' lang='grc'>0111,</span> <span class='ocrx_word' id='word_1_265' title='bbox 747 1341 805 1372; x_wconf 88' lang='grc'>0011</span> <span class='ocrx_word' id='word_1_266' title='bbox 820 1351 887 1371; x_wconf 88' lang='grc'>00111</span> <span class='ocrx_word' id='word_1_267' title='bbox 900 1341 945 1372; x_wconf 89' lang='grc'>1110</span> <span class='ocrx_word' id='word_1_268' title='bbox 957 1341 1152 1374; x_wconf 79' lang='lat' dir='ltr'>Paterfamilias</span> <span class='ocrx_word' id='word_1_269' title='bbox 1164 1343 1297 1384; x_wconf 83' lang='lat' dir='ltr'>diligens,</span> 
     </span>
     <span class='ocr_line' id='line_1_36' title="bbox 227 1380 1296 1424; baseline -0.001 -10"><span class='ocrx_word' id='word_1_270' title='bbox 227 1385 278 1424; x_wconf 85' lang='lat' dir='ltr'>qui</span> <span class='ocrx_word' id='word_1_271' title='bbox 296 1384 370 1414; x_wconf 83' lang='lat' dir='ltr'>horis</span> <span class='ocrx_word' id='word_1_272' title='bbox 389 1383 444 1413; x_wconf 91' lang='lat' dir='ltr'>diei</span> <span class='ocrx_word' id='word_1_273' title='bbox 460 1382 540 1412; x_wconf 89' lang='lat' dir='ltr'>variis</span> <span class='ocrx_word' id='word_1_274' title='bbox 560 1381 700 1419; x_wconf 88' lang='lat' dir='ltr'>operarios</span> <span class='ocrx_word' id='word_1_275' title='bbox 733 1390 797 1410; x_wconf 88' lang='lat' dir='ltr'>uam</span> <span class='ocrx_word' id='word_1_276' title='bbox 820 1380 893 1410; x_wconf 87' lang='lat' dir='ltr'>misit</span> <span class='ocrx_word' id='word_1_277' title='bbox 915 1382 944 1410; x_wconf 92' lang='lat' dir='ltr'>in</span> <span class='ocrx_word' id='word_1_278' title='bbox 966 1382 1092 1420; x_wconf 87' lang='lat' dir='ltr'>vineam,</span> <span class='ocrx_word' id='word_1_279' title='bbox 1113 1381 1157 1412; x_wconf 90' lang='lat' dir='ltr'>ille</span> <span class='ocrx_word' id='word_1_280' title='bbox 1171 1381 1296 1413; x_wconf 88' lang='lat' dir='ltr'>summus</span> 
     </span>
     <span class='ocr_line' id='line_1_37' title="bbox 229 1418 1296 1461; baseline 0 -9"><span class='ocrx_word' id='word_1_281' title='bbox 229 1423 349 1461; x_wconf 86' lang='lat' dir='ltr'>agricola</span> <span class='ocrx_word' id='word_1_282' title='bbox 360 1445 370 1460; x_wconf 91' lang='lat'>,</span> <span class='ocrx_word' id='word_1_283' title='bbox 393 1421 463 1452; x_wconf 87' lang='lat' dir='ltr'>sator</span> <span class='ocrx_word' id='word_1_284' title='bbox 479 1421 623 1450; x_wconf 90' lang='lat' dir='ltr'>bonorum</span> <span class='ocrx_word' id='word_1_285' title='bbox 643 1418 829 1461; x_wconf 80' lang='lat' dir='ltr'>omnium&amp;</span> <span class='ocrx_word' id='word_1_286' title='bbox 843 1418 996 1458; x_wconf 77' lang='lat' dir='ltr'>plantator,</span> <span class='ocrx_word' id='word_1_287' title='bbox 1014 1429 1113 1459; x_wconf 87' lang='lat' dir='ltr'>agrurn</span> <span class='ocrx_word' id='word_1_288' title='bbox 1128 1421 1228 1451; x_wconf 91' lang='lat' dir='ltr'>mundi</span> <span class='ocrx_word' id='word_1_289' title='bbox 1244 1421 1296 1452; x_wconf 90' lang='lat' dir='ltr'>hu-</span> 
     </span>
     <span class='ocr_line' id='line_1_38' title="bbox 233 1457 1295 1500; baseline -0.001 -9"><span class='ocrx_word' id='word_1_290' title='bbox 233 1463 270 1491; x_wconf 82' lang='lat' dir='ltr'>‘us</span> <span class='ocrx_word' id='word_1_291' title='bbox 288 1461 433 1500; x_wconf 81' lang='lat' dir='ltr'>diligenter</span> <span class='ocrx_word' id='word_1_292' title='bbox 453 1459 584 1490; x_wconf 85' lang='lat' dir='ltr'>excolens</span> <span class='ocrx_word' id='word_1_293' title='bbox 599 1482 608 1496; x_wconf 83' lang='lat'>,</span> <span class='ocrx_word' id='word_1_294' title='bbox 626 1459 655 1488; x_wconf 91' lang='lat' dir='ltr'>in</span> <span class='ocrx_word' id='word_1_295' title='bbox 671 1467 707 1487; x_wconf 92' lang='lat' dir='ltr'>eo</span> <span class='ocrx_word' id='word_1_296' title='bbox 720 1457 895 1487; x_wconf 82' lang='lat' dir='ltr'>seminaverit</span> <span class='ocrx_word' id='word_1_297' title='bbox 908 1458 1002 1488; x_wconf 89' lang='lat' dir='ltr'>semen</span> <span class='ocrx_word' id='word_1_298' title='bbox 1016 1459 1145 1496; x_wconf 88' lang='lat' dir='ltr'>bonum,</span> <span class='ocrx_word' id='word_1_299' title='bbox 1163 1460 1295 1490; x_wconf 90' lang='lat' dir='ltr'>inimicus</span> 
     </span>
     <span class='ocr_line' id='line_1_39' title="bbox 251 1494 1294 1536; baseline 0 -6"><span class='ocrx_word' id='word_1_300' title='bbox 251 1510 321 1530; x_wconf 90' lang='lat' dir='ltr'>omo</span> <span class='ocrx_word' id='word_1_301' title='bbox 341 1508 415 1529; x_wconf 81' lang='lat' dir='ltr'>tanta</span> <span class='ocrx_word' id='word_1_302' title='bbox 436 1498 577 1528; x_wconf 89' lang='lat' dir='ltr'>invenitur</span> <span class='ocrx_word' id='word_1_303' title='bbox 598 1500 627 1527; x_wconf 89' lang='lat' dir='ltr'>in</span> <span class='ocrx_word' id='word_1_304' title='bbox 646 1498 654 1526; x_wconf 93' lang='lat' dir='ltr'>i</span> <span class='ocrx_word' id='word_1_305' title='bbox 676 1496 704 1526; x_wconf 90' lang='lat' dir='ltr'>so</span> <span class='ocrx_word' id='word_1_306' title='bbox 724 1494 945 1533; x_wconf 65' lang='lat' dir='ltr'>superseminasse</span> <span class='ocrx_word' id='word_1_307' title='bbox 964 1498 1098 1527; x_wconf 86' lang='lat' dir='ltr'>vitiorum</span> <span class='ocrx_word' id='word_1_308' title='bbox 1119 1499 1243 1536; x_wconf 83' lang='lat' dir='ltr'>zizania,</span> <span class='ocrx_word' id='word_1_309' title='bbox 1259 1499 1294 1530; x_wconf 70' lang='grc' dir='ltr'>ὃ(</span> 
     </span>
     <span class='ocr_line' id='line_1_40' title="bbox 229 1535 1296 1577; baseline 0 -9"><span class='ocrx_word' id='word_1_310' title='bbox 229 1548 356 1568; x_wconf 85' lang='grc'>0110111111</span> <span class='ocrx_word' id='word_1_311' title='bbox 371 1561 380 1576; x_wconf 91' lang='grc'>,</span> <span class='ocrx_word' id='word_1_312' title='bbox 400 1545 430 1567; x_wconf 86' lang='grc'>01</span> <span class='ocrx_word' id='word_1_313' title='bbox 451 1546 484 1567; x_wconf 86' lang='grc'>03</span> <span class='ocrx_word' id='word_1_314' title='bbox 505 1536 590 1575; x_wconf 83' lang='lat' dir='ltr'>magis</span> <span class='ocrx_word' id='word_1_315' title='bbox 611 1535 646 1565; x_wconf 93' lang='lat' dir='ltr'>de</span> <span class='ocrx_word' id='word_1_316' title='bbox 667 1544 712 1565; x_wconf 87' lang='lat' dir='ltr'>ere</span> <span class='ocrx_word' id='word_1_317' title='bbox 729 1535 826 1573; x_wconf 85' lang='lat' dir='ltr'>liceat,</span> <span class='ocrx_word' id='word_1_318' title='bbox 845 1544 929 1573; x_wconf 92' lang='lat' dir='ltr'>quam</span> <span class='ocrx_word' id='word_1_319' title='bbox 945 1545 1066 1574; x_wconf 68' lang='lat' dir='ltr'>narrare,</span> <span class='ocrx_word' id='word_1_320' title='bbox 1085 1535 1217 1577; x_wconf 89' lang='lat' dir='ltr'>idemque</span> <span class='ocrx_word' id='word_1_321' title='bbox 1233 1546 1296 1577; x_wconf 86' lang='lat' dir='ltr'>ager</span> 
     </span>
     <span class='ocr_line' id='line_1_41' title="bbox 229 1572 1295 1617; baseline 0 -9"><span class='ocrx_word' id='word_1_322' title='bbox 229 1577 336 1608; x_wconf 78' lang='lat' dir='ltr'>cotidie</span> <span class='ocrx_word' id='word_1_323' title='bbox 351 1577 444 1617; x_wconf 86' lang='lat' dir='ltr'>potius</span> <span class='ocrx_word' id='word_1_324' title='bbox 465 1574 586 1605; x_wconf 84' lang='lat' dir='ltr'>arescere</span> <span class='ocrx_word' id='word_1_325' title='bbox 601 1574 725 1605; x_wconf 85' lang='lat' dir='ltr'>videatur</span> <span class='ocrx_word' id='word_1_326' title='bbox 738 1572 772 1603; x_wconf 89' lang='lat' dir='ltr'>ad</span> <span class='ocrx_word' id='word_1_327' title='bbox 792 1574 903 1614; x_wconf 84' lang='lat' dir='ltr'>ignem,</span> <span class='ocrx_word' id='word_1_328' title='bbox 921 1583 1006 1614; x_wconf 87' lang='lat' dir='ltr'>quam</span> <span class='ocrx_word' id='word_1_329' title='bbox 1019 1574 1155 1606; x_wconf 86' lang='lat' dir='ltr'>albescere</span> <span class='ocrx_word' id='word_1_330' title='bbox 1170 1578 1295 1608; x_wconf 87' lang='lat' dir='ltr'>invenia-</span> 
     </span>
     <span class='ocr_line' id='line_1_42' title="bbox 228 1614 460 1647; baseline -0.017 0"><span class='ocrx_word' id='word_1_331' title='bbox 228 1623 272 1647; x_wconf 89' lang='lat' dir='ltr'>tur</span> <span class='ocrx_word' id='word_1_332' title='bbox 286 1615 319 1646; x_wconf 93' lang='lat' dir='ltr'>ad</span> <span class='ocrx_word' id='word_1_333' title='bbox 334 1614 460 1645; x_wconf 85' lang='lat' dir='ltr'>messem.</span> 
     </span>
    </p>

    <p class='ocr_par' dir='ltr' id='par_1_11' title="bbox 226 1649 1297 1809">
     <span class='ocr_line' id='line_1_43' title="bbox 270 1649 1297 1692; baseline -0.001 -7"><span class='ocrx_word' id='word_1_334' title='bbox 270 1654 345 1685; x_wconf 77' lang='lat' dir='ltr'>Haec</span> <span class='ocrx_word' id='word_1_335' title='bbox 360 1653 429 1684; x_wconf 90' lang='lat' dir='ltr'>dum</span> <span class='ocrx_word' id='word_1_336' title='bbox 449 1651 602 1682; x_wconf 89' lang='lat' dir='ltr'>ministerio</span> <span class='ocrx_word' id='word_1_337' title='bbox 622 1649 849 1681; x_wconf 80' lang='lat' dir='ltr'>considerationis</span> <span class='ocrx_word' id='word_1_338' title='bbox 870 1649 974 1681; x_wconf 83' lang='lat' dir='ltr'>debitae</span> <span class='ocrx_word' id='word_1_339' title='bbox 991 1653 1093 1683; x_wconf 89' lang='lat' dir='ltr'>mentis</span> <span class='ocrx_word' id='word_1_340' title='bbox 1107 1653 1212 1683; x_wconf 83' lang='lat' dir='ltr'>nostrae</span> <span class='ocrx_word' id='word_1_341' title='bbox 1224 1663 1297 1692; x_wconf 87' lang='lat' dir='ltr'>prae-</span> 
     </span>
     <span class='ocr_line' id='line_1_44' title="bbox 227 1688 1296 1732; baseline -0.001 -8"><span class='ocrx_word' id='word_1_342' title='bbox 227 1692 366 1724; x_wconf 67' lang='lat' dir='ltr'>sentantur</span> <span class='ocrx_word' id='word_1_343' title='bbox 385 1691 532 1722; x_wconf 87' lang='lat' dir='ltr'>obtutibus</span> <span class='ocrx_word' id='word_1_344' title='bbox 547 1713 556 1728; x_wconf 87' lang='lat'>‚</span> <span class='ocrx_word' id='word_1_345' title='bbox 581 1690 650 1729; x_wconf 84' lang='lat' dir='ltr'>ignis</span> <span class='ocrx_word' id='word_1_346' title='bbox 672 1690 700 1718; x_wconf 87' lang='lat' dir='ltr'>in</span> <span class='ocrx_word' id='word_1_347' title='bbox 722 1688 823 1719; x_wconf 82' lang='lat' dir='ltr'>nostris</span> <span class='ocrx_word' id='word_1_348' title='bbox 839 1690 1069 1721; x_wconf 79' lang='lat' dir='ltr'>meditationibus</span> <span class='ocrx_word' id='word_1_349' title='bbox 1080 1693 1246 1732; x_wconf 84' lang='lat' dir='ltr'>exardescit,</span> <span class='ocrx_word' id='word_1_350' title='bbox 1261 1693 1296 1723; x_wconf 91' lang='lat'>&amp;</span> 
     </span>
     <span class='ocr_line' id='line_1_45' title="bbox 227 1726 1295 1770; baseline 0 -7"><span class='ocrx_word' id='word_1_351' title='bbox 227 1732 262 1763; x_wconf 87' lang='lat' dir='ltr'>ad</span> <span class='ocrx_word' id='word_1_352' title='bbox 278 1741 353 1763; x_wconf 83' lang='lat' dir='ltr'>tanta</span> <span class='ocrx_word' id='word_1_353' title='bbox 368 1730 524 1761; x_wconf 89' lang='lat' dir='ltr'>discrimina</span> <span class='ocrx_word' id='word_1_354' title='bbox 536 1727 684 1760; x_wconf 82' lang='lat' dir='ltr'>relevanda</span> <span class='ocrx_word' id='word_1_355' title='bbox 699 1726 808 1765; x_wconf 87' lang='lat' dir='ltr'>suspirat</span> <span class='ocrx_word' id='word_1_356' title='bbox 821 1727 955 1766; x_wconf 58' lang='lat' dir='ltr'>affectus,</span> <span class='ocrx_word' id='word_1_357' title='bbox 973 1729 1050 1759; x_wconf 91' lang='lat' dir='ltr'>zelus</span> <span class='ocrx_word' id='word_1_358' title='bbox 1064 1731 1244 1770; x_wconf 86' lang='lat' dir='ltr'>accenditur,</span> <span class='ocrx_word' id='word_1_359' title='bbox 1261 1731 1295 1762; x_wconf 72' lang='grc' dir='ltr'>ὃ(</span> 
     </span>
     <span class='ocr_line' id='line_1_46' title="bbox 226 1771 474 1809; baseline -0.012 -8"><span class='ocrx_word' id='word_1_360' title='bbox 226 1771 333 1809; x_wconf 87' lang='lat' dir='ltr'>spiritus</span> <span class='ocrx_word' id='word_1_361' title='bbox 344 1771 474 1801; x_wconf 80' lang='lat' dir='ltr'>anxiatur.</span> 
     </span>
    </p>

    <p class='ocr_par' dir='ltr' id='par_1_12' title="bbox 228 1804 1298 2194">
     <span class='ocr_line' id='line_1_47' title="bbox 266 1804 1296 1848; baseline -0.001 -8"><span class='ocrx_word' id='word_1_362' title='bbox 266 1809 312 1840; x_wconf 87' lang='lat' dir='ltr'>Ad</span> <span class='ocrx_word' id='word_1_363' title='bbox 332 1809 410 1848; x_wconf 90' lang='lat' dir='ltr'>quod</span> <span class='ocrx_word' id='word_1_364' title='bbox 426 1817 495 1839; x_wconf 87' lang='lat' dir='ltr'>curn</span> <span class='ocrx_word' id='word_1_365' title='bbox 515 1816 566 1837; x_wconf 90' lang='lat' dir='ltr'>nos</span> <span class='ocrx_word' id='word_1_366' title='bbox 586 1804 712 1836; x_wconf 84' lang='lat' dir='ltr'>sufficere</span> <span class='ocrx_word' id='word_1_367' title='bbox 731 1815 790 1835; x_wconf 92' lang='lat' dir='ltr'>non</span> <span class='ocrx_word' id='word_1_368' title='bbox 813 1804 894 1846; x_wconf 85' lang='lat' dir='ltr'>posse</span> <span class='ocrx_word' id='word_1_369' title='bbox 909 1804 1041 1846; x_wconf 84' lang='lat' dir='ltr'>sciamus,</span> <span class='ocrx_word' id='word_1_370' title='bbox 1060 1806 1184 1839; x_wconf 88' lang='lat' dir='ltr'>levamus</span> <span class='ocrx_word' id='word_1_371' title='bbox 1195 1807 1296 1838; x_wconf 88' lang='lat' dir='ltr'>oculos</span> 
     </span>
     <span class='ocr_line' id='line_1_48' title="bbox 228 1843 1295 1884; baseline -0.001 -6"><span class='ocrx_word' id='word_1_372' title='bbox 228 1847 338 1878; x_wconf 84' lang='lat' dir='ltr'>nostros</span> <span class='ocrx_word' id='word_1_373' title='bbox 364 1847 398 1878; x_wconf 90' lang='lat' dir='ltr'>ad</span> <span class='ocrx_word' id='word_1_374' title='bbox 420 1854 549 1876; x_wconf 87' lang='lat' dir='ltr'>montem</span> <span class='ocrx_word' id='word_1_375' title='bbox 565 1868 573 1882; x_wconf 75' lang='lat'>,</span> <span class='ocrx_word' id='word_1_376' title='bbox 599 1852 726 1875; x_wconf 88' lang='lat' dir='ltr'>montem</span> <span class='ocrx_word' id='word_1_377' title='bbox 747 1843 862 1882; x_wconf 88' lang='lat' dir='ltr'>quidem</span> <span class='ocrx_word' id='word_1_378' title='bbox 882 1843 963 1882; x_wconf 86' lang='lat' dir='ltr'>Dei,</span> <span class='ocrx_word' id='word_1_379' title='bbox 995 1854 1126 1877; x_wconf 90' lang='lat' dir='ltr'>montem</span> <span class='ocrx_word' id='word_1_380' title='bbox 1152 1849 1268 1878; x_wconf 88' lang='lat' dir='ltr'>uberem</span> <span class='ocrx_word' id='word_1_381' title='bbox 1285 1868 1295 1884; x_wconf 89' lang='lat'>‚</span> 
     </span>
     <span class='ocr_line' id='line_1_49' title="bbox 229 1883 1294 1926; baseline -0.001 -9"><span class='ocrx_word' id='word_1_382' title='bbox 229 1895 361 1917; x_wconf 89' lang='lat' dir='ltr'>montem</span> <span class='ocrx_word' id='word_1_383' title='bbox 376 1887 526 1926; x_wconf 83' lang='lat' dir='ltr'>pinguem:</span> <span class='ocrx_word' id='word_1_384' title='bbox 546 1883 638 1913; x_wconf 90' lang='lat' dir='ltr'>Unde</span> <span class='ocrx_word' id='word_1_385' title='bbox 652 1891 827 1921; x_wconf 90' lang='lat' dir='ltr'>oportunum</span> <span class='ocrx_word' id='word_1_386' title='bbox 839 1885 987 1922; x_wconf 89' lang='lat' dir='ltr'>provenire</span> <span class='ocrx_word' id='word_1_387' title='bbox 1001 1886 1083 1915; x_wconf 89' lang='lat' dir='ltr'>nobis</span> <span class='ocrx_word' id='word_1_388' title='bbox 1097 1886 1246 1924; x_wconf 88' lang='lat' dir='ltr'>auxilium,</span> <span class='ocrx_word' id='word_1_389' title='bbox 1261 1886 1294 1916; x_wconf 86' lang='lat'>&amp;</span> 
     </span>
     <span class='ocr_line' id='line_1_50' title="bbox 230 1921 1296 1965; baseline 0 -11"><span class='ocrx_word' id='word_1_390' title='bbox 230 1925 372 1956; x_wconf 88' lang='lat' dir='ltr'>humiliter</span> <span class='ocrx_word' id='word_1_391' title='bbox 387 1926 525 1965; x_wconf 86' lang='lat' dir='ltr'>petimus,</span> <span class='ocrx_word' id='word_1_392' title='bbox 541 1923 573 1953; x_wconf 70' lang='grc' dir='ltr'>ὃς</span> <span class='ocrx_word' id='word_1_393' title='bbox 585 1922 690 1952; x_wconf 80' lang='lat' dir='ltr'>devote</span> <span class='ocrx_word' id='word_1_394' title='bbox 703 1921 848 1960; x_wconf 85' lang='lat' dir='ltr'>speramus.</span> <span class='ocrx_word' id='word_1_395' title='bbox 888 1921 925 1952; x_wconf 87' lang='lat' dir='ltr'>Et</span> <span class='ocrx_word' id='word_1_396' title='bbox 939 1923 1004 1960; x_wconf 90' lang='lat' dir='ltr'>quia</span> <span class='ocrx_word' id='word_1_397' title='bbox 1020 1922 1125 1955; x_wconf 91' lang='lat' dir='ltr'>salubre</span> <span class='ocrx_word' id='word_1_398' title='bbox 1138 1926 1167 1955; x_wconf 90' lang='lat' dir='ltr'>in</span> <span class='ocrx_word' id='word_1_399' title='bbox 1184 1925 1235 1954; x_wconf 90' lang='lat' dir='ltr'>hiis</span> <span class='ocrx_word' id='word_1_400' title='bbox 1247 1924 1296 1954; x_wconf 89' lang='lat' dir='ltr'>ad-</span> 
     </span>
     <span class='ocr_line' id='line_1_51' title="bbox 230 1959 1295 1999; baseline -0.001 -6"><span class='ocrx_word' id='word_1_401' title='bbox 230 1963 319 1994; x_wconf 89' lang='lat' dir='ltr'>hiberi</span> <span class='ocrx_word' id='word_1_402' title='bbox 341 1963 498 1994; x_wconf 90' lang='lat' dir='ltr'>remedium</span> <span class='ocrx_word' id='word_1_403' title='bbox 517 1959 630 1991; x_wconf 88' lang='lat' dir='ltr'>interest</span> <span class='ocrx_word' id='word_1_404' title='bbox 649 1961 809 1999; x_wconf 88' lang='lat' dir='ltr'>generaliter</span> <span class='ocrx_word' id='word_1_405' title='bbox 831 1961 963 1991; x_wconf 91' lang='lat' dir='ltr'>omnium</span> <span class='ocrx_word' id='word_1_406' title='bbox 977 1983 986 1998; x_wconf 88' lang='lat'>,</span> <span class='ocrx_word' id='word_1_407' title='bbox 1005 1971 1056 1992; x_wconf 91' lang='lat' dir='ltr'>nos</span> <span class='ocrx_word' id='word_1_408' title='bbox 1076 1973 1145 1994; x_wconf 90' lang='lat' dir='ltr'>cum</span> <span class='ocrx_word' id='word_1_409' title='bbox 1166 1963 1295 1993; x_wconf 85' lang='lat' dir='ltr'>fratribus</span> 
     </span>
     <span class='ocr_line' id='line_1_52' title="bbox 230 1998 1297 2042; baseline 0 -11"><span class='ocrx_word' id='word_1_410' title='bbox 230 2001 345 2040; x_wconf 90' lang='lat' dir='ltr'>nostris,</span> <span class='ocrx_word' id='word_1_411' title='bbox 361 2001 470 2042; x_wconf 85' lang='lat' dir='ltr'>aliisque</span> <span class='ocrx_word' id='word_1_412' title='bbox 490 2000 554 2031; x_wconf 91' lang='lat' dir='ltr'>viris</span> <span class='ocrx_word' id='word_1_413' title='bbox 568 1998 751 2039; x_wconf 87' lang='lat' dir='ltr'>prudentibus</span> <span class='ocrx_word' id='word_1_414' title='bbox 765 1999 865 2029; x_wconf 76' lang='grc' dir='ltr'>0113ἃο</span> <span class='ocrx_word' id='word_1_415' title='bbox 886 2000 919 2030; x_wconf 88' lang='lat'>&amp;</span> <span class='ocrx_word' id='word_1_416' title='bbox 938 1999 1076 2037; x_wconf 87' lang='lat' dir='ltr'>frequenti</span> <span class='ocrx_word' id='word_1_417' title='bbox 1089 2003 1207 2033; x_wconf 72' lang='grc'>11361310</span> <span class='ocrx_word' id='word_1_418' title='bbox 1224 2011 1297 2040; x_wconf 82' lang='lat' dir='ltr'>prae-</span> 
     </span>
     <span class='ocr_line' id='line_1_53' title="bbox 230 2036 1296 2080; baseline 0 -9"><span class='ocrx_word' id='word_1_419' title='bbox 230 2041 327 2071; x_wconf 88' lang='lat' dir='ltr'>habito</span> <span class='ocrx_word' id='word_1_420' title='bbox 342 2064 352 2080; x_wconf 86' lang='lat'>,</span> <span class='ocrx_word' id='word_1_421' title='bbox 373 2049 456 2078; x_wconf 87' lang='lat' dir='ltr'>prout</span> <span class='ocrx_word' id='word_1_422' title='bbox 476 2047 562 2070; x_wconf 84' lang='lat' dir='ltr'>tantae</span> <span class='ocrx_word' id='word_1_423' title='bbox 581 2036 745 2068; x_wconf 81' lang='lat' dir='ltr'>necessitatis</span> <span class='ocrx_word' id='word_1_424' title='bbox 764 2036 891 2067; x_wconf 89' lang='lat' dir='ltr'>instantia</span> <span class='ocrx_word' id='word_1_425' title='bbox 912 2040 928 2054; x_wconf 60' lang='lat'>³*</span> <span class='ocrx_word' id='word_1_426' title='bbox 948 2039 1074 2077; x_wconf 82' lang='lat' dir='ltr'>exigebat</span> <span class='ocrx_word' id='word_1_427' title='bbox 1086 2063 1096 2078; x_wconf 90' lang='lat'>,</span> <span class='ocrx_word' id='word_1_428' title='bbox 1115 2041 1151 2071; x_wconf 90' lang='lat' dir='ltr'>de</span> <span class='ocrx_word' id='word_1_429' title='bbox 1172 2040 1296 2079; x_wconf 85' lang='lat' dir='ltr'>ipsorum</span> 
     </span>
     <span class='ocr_line' id='line_1_54' title="bbox 231 2076 1298 2119; baseline 0 -9"><span class='ocrx_word' id='word_1_430' title='bbox 231 2080 350 2110; x_wconf 92' lang='lat' dir='ltr'>consilio</span> <span class='ocrx_word' id='word_1_431' title='bbox 369 2078 495 2119; x_wconf 81' lang='lat' dir='ltr'>generale</span> <span class='ocrx_word' id='word_1_432' title='bbox 513 2076 683 2107; x_wconf 86' lang='lat' dir='ltr'>Concilium</span> <span class='ocrx_word' id='word_1_433' title='bbox 704 2076 774 2106; x_wconf 81' lang='lat' dir='ltr'>sicut</span> <span class='ocrx_word' id='word_1_434' title='bbox 794 2076 949 2106; x_wconf 89' lang='lat' dir='ltr'>imitatione</span> <span class='ocrx_word' id='word_1_435' title='bbox 967 2077 1051 2116; x_wconf 90' lang='lat' dir='ltr'>digna</span> <span class='ocrx_word' id='word_1_436' title='bbox 1068 2078 1230 2110; x_wconf 68' lang='lat' dir='ltr'>sanctorum</span> <span class='ocrx_word' id='word_1_437' title='bbox 1249 2089 1298 2119; x_wconf 84' lang='lat' dir='ltr'>pa-</span> 
     </span>
     <span class='ocr_line' id='line_1_55' title="bbox 232 2114 1298 2159; baseline 0 -10"><span class='ocrx_word' id='word_1_438' title='bbox 232 2127 308 2149; x_wconf 91' lang='lat' dir='ltr'>trum</span> <span class='ocrx_word' id='word_1_439' title='bbox 329 2117 503 2148; x_wconf 87' lang='lat' dir='ltr'>consuetudo</span> <span class='ocrx_word' id='word_1_440' title='bbox 524 2115 664 2146; x_wconf 87' lang='lat' dir='ltr'>laudabilis</span> <span class='ocrx_word' id='word_1_441' title='bbox 676 2137 686 2153; x_wconf 90' lang='lat'>,</span> <span class='ocrx_word' id='word_1_442' title='bbox 712 2114 852 2154; x_wconf 84' lang='lat' dir='ltr'>longaevae</span> <span class='ocrx_word' id='word_1_443' title='bbox 866 2115 1063 2146; x_wconf 85' lang='lat' dir='ltr'>observationis</span> <span class='ocrx_word' id='word_1_444' title='bbox 1076 2118 1224 2159; x_wconf 88' lang='lat' dir='ltr'>exemplo,</span> <span class='ocrx_word' id='word_1_445' title='bbox 1246 2128 1298 2148; x_wconf 88' lang='lat' dir='ltr'>nos</span> 
     </span>
     <span class='ocr_line' id='line_1_56' title="bbox 233 2153 1094 2194; baseline -0.001 -7"><span class='ocrx_word' id='word_1_446' title='bbox 233 2156 358 2194; x_wconf 84' lang='lat' dir='ltr'>instruit,</span> <span class='ocrx_word' id='word_1_447' title='bbox 373 2164 515 2194; x_wconf 85' lang='lat' dir='ltr'>oportuno</span> <span class='ocrx_word' id='word_1_448' title='bbox 530 2163 658 2193; x_wconf 87' lang='lat' dir='ltr'>tempore</span> <span class='ocrx_word' id='word_1_449' title='bbox 670 2153 844 2184; x_wconf 81' lang='lat' dir='ltr'>decrevimus</span> <span class='ocrx_word' id='word_1_450' title='bbox 857 2155 1094 2194; x_wconf 85' lang='lat' dir='ltr'>congregandum.</span> 
     </span>
    </p>

    <p class='ocr_par' dir='ltr' id='par_1_13' title="bbox 231 2191 1300 2619">
     <span class='ocr_line' id='line_1_57' title="bbox 270 2191 1299 2233; baseline 0.002 -9"><span class='ocrx_word' id='word_1_451' title='bbox 270 2194 317 2224; x_wconf 83' lang='lat' dir='ltr'>Ut</span> <span class='ocrx_word' id='word_1_452' title='bbox 330 2195 359 2224; x_wconf 92' lang='lat' dir='ltr'>in</span> <span class='ocrx_word' id='word_1_453' title='bbox 377 2204 413 2224; x_wconf 91' lang='lat' dir='ltr'>eo</span> <span class='ocrx_word' id='word_1_454' title='bbox 424 2203 482 2225; x_wconf 86' lang='lat' dir='ltr'>tarn</span> <span class='ocrx_word' id='word_1_455' title='bbox 504 2193 578 2223; x_wconf 88' lang='lat' dir='ltr'>circa</span> <span class='ocrx_word' id='word_1_456' title='bbox 593 2191 748 2230; x_wconf 72' lang='lat' dir='ltr'>praemissa,</span> <span class='ocrx_word' id='word_1_457' title='bbox 767 2201 851 2230; x_wconf 88' lang='lat' dir='ltr'>quam</span> <span class='ocrx_word' id='word_1_458' title='bbox 873 2192 947 2222; x_wconf 88' lang='lat' dir='ltr'>circa</span> <span class='ocrx_word' id='word_1_459' title='bbox 962 2202 1081 2232; x_wconf 86' lang='lat' dir='ltr'>caetera,</span> <span class='ocrx_word' id='word_1_460' title='bbox 1100 2205 1164 2233; x_wconf 81' lang='lat' dir='ltr'>quae</span> <span class='ocrx_word' id='word_1_461' title='bbox 1183 2195 1299 2226; x_wconf 90' lang='lat' dir='ltr'>salutem</span> 
     </span>
     <span class='ocr_line' id='line_1_58' title="bbox 231 2230 1298 2271; baseline 0 -6"><span class='ocrx_word' id='word_1_462' title='bbox 231 2233 380 2271; x_wconf 82' lang='lat' dir='ltr'>respiciunt</span> <span class='ocrx_word' id='word_1_463' title='bbox 401 2234 557 2264; x_wconf 85' lang='lat' dir='ltr'>animarum</span> <span class='ocrx_word' id='word_1_464' title='bbox 571 2253 582 2268; x_wconf 84' lang='lat'>,</span> <span class='ocrx_word' id='word_1_465' title='bbox 603 2230 648 2260; x_wconf 90' lang='lat' dir='ltr'>illa</span> <span class='ocrx_word' id='word_1_466' title='bbox 663 2253 673 2267; x_wconf 94' lang='lat'>,</span> <span class='ocrx_word' id='word_1_467' title='bbox 691 2230 759 2260; x_wconf 89' lang='lat' dir='ltr'>Deo</span> <span class='ocrx_word' id='word_1_468' title='bbox 779 2230 888 2270; x_wconf 83' lang='lat' dir='ltr'>auspice</span> <span class='ocrx_word' id='word_1_469' title='bbox 900 2253 910 2269; x_wconf 86' lang='lat'>,</span> <span class='ocrx_word' id='word_1_470' title='bbox 927 2233 1077 2263; x_wconf 91' lang='lat' dir='ltr'>communi</span> <span class='ocrx_word' id='word_1_471' title='bbox 1091 2233 1207 2264; x_wconf 92' lang='lat' dir='ltr'>consilio</span> <span class='ocrx_word' id='word_1_472' title='bbox 1219 2235 1298 2265; x_wconf 87' lang='lat' dir='ltr'>inve-</span> 
     </span>
     <span class='ocr_line' id='line_1_59' title="bbox 233 2268 1298 2312; baseline 0.001 -10"><span class='ocrx_word' id='word_1_473' title='bbox 233 2273 325 2303; x_wconf 90' lang='lat' dir='ltr'>nietur</span> <span class='ocrx_word' id='word_1_474' title='bbox 346 2272 468 2311; x_wconf 78' lang='lat' dir='ltr'>provisio</span> <span class='ocrx_word' id='word_1_475' title='bbox 484 2293 494 2308; x_wconf 96' lang='lat'>,</span> <span class='ocrx_word' id='word_1_476' title='bbox 516 2271 550 2301; x_wconf 88' lang='lat'>&amp;</span> <span class='ocrx_word' id='word_1_477' title='bbox 570 2268 691 2306; x_wconf 86' lang='lat' dir='ltr'>ejusdem</span> <span class='ocrx_word' id='word_1_478' title='bbox 709 2269 909 2308; x_wconf 85' lang='lat' dir='ltr'>approbatione</span> <span class='ocrx_word' id='word_1_479' title='bbox 928 2269 1054 2302; x_wconf 89' lang='lat' dir='ltr'>Concilii</span> <span class='ocrx_word' id='word_1_480' title='bbox 1068 2273 1231 2311; x_wconf 90' lang='lat' dir='ltr'>roboretur,</span> <span class='ocrx_word' id='word_1_481' title='bbox 1249 2282 1298 2312; x_wconf 89' lang='lat' dir='ltr'>per</span> 
     </span>
     <span class='ocr_line' id='line_1_60' title="bbox 232 2307 1298 2351; baseline 0 -9"><span class='ocrx_word' id='word_1_482' title='bbox 232 2312 311 2349; x_wconf 90' lang='lat' dir='ltr'>cujus</span> <span class='ocrx_word' id='word_1_483' title='bbox 330 2309 493 2340; x_wconf 80' lang='lat' dir='ltr'>salutiferam</span> <span class='ocrx_word' id='word_1_484' title='bbox 513 2308 710 2338; x_wconf 85' lang='lat' dir='ltr'>executionem</span> <span class='ocrx_word' id='word_1_485' title='bbox 731 2309 815 2338; x_wconf 88' lang='lat' dir='ltr'>virtus</span> <span class='ocrx_word' id='word_1_486' title='bbox 834 2307 953 2338; x_wconf 81' lang='lat' dir='ltr'>altiffimi</span> <span class='ocrx_word' id='word_1_487' title='bbox 970 2309 1115 2341; x_wconf 87' lang='lat' dir='ltr'>eliminatis</span> <span class='ocrx_word' id='word_1_488' title='bbox 1137 2313 1277 2342; x_wconf 87' lang='lat' dir='ltr'>erroribus</span> <span class='ocrx_word' id='word_1_489' title='bbox 1289 2335 1298 2351; x_wconf 90' lang='lat'>,</span> 
     </span>
     <span class='ocr_line' id='line_1_61' title="bbox 234 2346 1299 2387; baseline 0.002 -8"><span class='ocrx_word' id='word_1_490' title='bbox 234 2349 366 2380; x_wconf 71' lang='lat' dir='ltr'>roborata</span> <span class='ocrx_word' id='word_1_491' title='bbox 379 2348 433 2379; x_wconf 88' lang='lat' dir='ltr'>fide</span> <span class='ocrx_word' id='word_1_492' title='bbox 447 2371 456 2386; x_wconf 91' lang='lat'>,</span> <span class='ocrx_word' id='word_1_493' title='bbox 472 2346 590 2378; x_wconf 69' lang='lat' dir='ltr'>reduffis</span> <span class='ocrx_word' id='word_1_494' title='bbox 613 2346 778 2384; x_wconf 80' lang='lat' dir='ltr'>errantibus,</span> <span class='ocrx_word' id='word_1_495' title='bbox 796 2346 978 2385; x_wconf 70' lang='lat' dir='ltr'>redintegrata</span> <span class='ocrx_word' id='word_1_496' title='bbox 992 2349 1114 2387; x_wconf 86' lang='lat' dir='ltr'>ejusdem</span> <span class='ocrx_word' id='word_1_497' title='bbox 1129 2349 1193 2380; x_wconf 85' lang='lat' dir='ltr'>fidei</span> <span class='ocrx_word' id='word_1_498' title='bbox 1208 2352 1299 2381; x_wconf 90' lang='lat' dir='ltr'>unita-</span> 
     </span>
     <span class='ocr_line' id='line_1_62' title="bbox 234 2384 1300 2429; baseline 0.001 -11"><span class='ocrx_word' id='word_1_499' title='bbox 234 2396 263 2419; x_wconf 86' lang='lat' dir='ltr'>te</span> <span class='ocrx_word' id='word_1_500' title='bbox 275 2411 284 2427; x_wconf 90' lang='lat'>‚</span> <span class='ocrx_word' id='word_1_501' title='bbox 306 2387 399 2418; x_wconf 87' lang='lat' dir='ltr'>sedatis</span> <span class='ocrx_word' id='word_1_502' title='bbox 419 2386 560 2417; x_wconf 84' lang='lat' dir='ltr'>discordiis</span> <span class='ocrx_word' id='word_1_503' title='bbox 574 2408 584 2422; x_wconf 90' lang='lat'>,</span> <span class='ocrx_word' id='word_1_504' title='bbox 608 2395 677 2425; x_wconf 85' lang='lat' dir='ltr'>pace</span> <span class='ocrx_word' id='word_1_505' title='bbox 697 2384 804 2416; x_wconf 51' lang='lat' dir='ltr'>firmat&amp;</span> <span class='ocrx_word' id='word_1_506' title='bbox 817 2408 826 2422; x_wconf 89' lang='lat'>,</span> <span class='ocrx_word' id='word_1_507' title='bbox 843 2386 980 2428; x_wconf 76' lang='lat' dir='ltr'>extirpatis</span> <span class='ocrx_word' id='word_1_508' title='bbox 993 2389 1082 2427; x_wconf 88' lang='lat' dir='ltr'>vitiis,</span> <span class='ocrx_word' id='word_1_509' title='bbox 1098 2389 1300 2429; x_wconf 89' lang='lat' dir='ltr'>virtutibusque</span> 
     </span>
     <span class='ocr_line' id='line_1_63' title="bbox 232 2424 1299 2467; baseline 0.002 -11"><span class='ocrx_word' id='word_1_510' title='bbox 232 2427 359 2465; x_wconf 87' lang='lat' dir='ltr'>plantatis</span> <span class='ocrx_word' id='word_1_511' title='bbox 372 2449 382 2464; x_wconf 91' lang='lat'>,</span> <span class='ocrx_word' id='word_1_512' title='bbox 400 2426 534 2456; x_wconf 58' lang='lat' dir='ltr'>correffitis</span> <span class='ocrx_word' id='word_1_513' title='bbox 551 2424 705 2455; x_wconf 79' lang='lat' dir='ltr'>excessibus</span> <span class='ocrx_word' id='word_1_514' title='bbox 718 2447 728 2462; x_wconf 88' lang='lat'>,</span> <span class='ocrx_word' id='word_1_515' title='bbox 747 2425 876 2455; x_wconf 86' lang='lat' dir='ltr'>moribus</span> <span class='ocrx_word' id='word_1_516' title='bbox 897 2428 1053 2457; x_wconf 70' lang='lat' dir='ltr'>reformatis</span> <span class='ocrx_word' id='word_1_517' title='bbox 1069 2449 1078 2464; x_wconf 87' lang='lat'>‚</span> <span class='ocrx_word' id='word_1_518' title='bbox 1103 2427 1226 2467; x_wconf 82' lang='lat' dir='ltr'>repressis</span> <span class='ocrx_word' id='word_1_519' title='bbox 1246 2437 1299 2467; x_wconf 90' lang='lat' dir='ltr'>op-</span> 
     </span>
     <span class='ocr_line' id='line_1_64' title="bbox 233 2462 1298 2506; baseline 0.001 -11"><span class='ocrx_word' id='word_1_520' title='bbox 233 2464 416 2506; x_wconf 70' lang='lat' dir='ltr'>pressionibus</span> <span class='ocrx_word' id='word_1_521' title='bbox 428 2488 437 2502; x_wconf 92' lang='lat'>,</span> <span class='ocrx_word' id='word_1_522' title='bbox 456 2465 579 2494; x_wconf 86' lang='lat' dir='ltr'>libertate</span> <span class='ocrx_word' id='word_1_523' title='bbox 594 2462 684 2493; x_wconf 86' lang='lat' dir='ltr'>solidis</span> <span class='ocrx_word' id='word_1_524' title='bbox 702 2464 885 2493; x_wconf 89' lang='lat' dir='ltr'>munimentis</span> <span class='ocrx_word' id='word_1_525' title='bbox 900 2463 1050 2504; x_wconf 63' lang='lat' dir='ltr'>instructa,</span> <span class='ocrx_word' id='word_1_526' title='bbox 1069 2467 1234 2503; x_wconf 88' lang='lat' dir='ltr'>recuperatis</span> <span class='ocrx_word' id='word_1_527' title='bbox 1248 2466 1298 2497; x_wconf 84' lang='lat' dir='ltr'>de-</span> 
     </span>
     <span class='ocr_line' id='line_1_65' title="bbox 232 2501 1297 2543; baseline 0.002 -9"><span class='ocrx_word' id='word_1_528' title='bbox 232 2504 399 2543; x_wconf 79' lang='lat' dir='ltr'>perditis,&amp;</span> <span class='ocrx_word' id='word_1_529' title='bbox 413 2503 534 2542; x_wconf 90' lang='lat' dir='ltr'>ejusdem</span> <span class='ocrx_word' id='word_1_530' title='bbox 548 2510 628 2531; x_wconf 81' lang='lat' dir='ltr'>terrae</span> <span class='ocrx_word' id='word_1_531' title='bbox 640 2501 742 2532; x_wconf 68' lang='lat' dir='ltr'>san&amp;ae</span> <span class='ocrx_word' id='word_1_532' title='bbox 756 2501 826 2532; x_wconf 88' lang='lat' dir='ltr'>statu</span> <span class='ocrx_word' id='word_1_533' title='bbox 840 2501 972 2542; x_wconf 88' lang='lat' dir='ltr'>prospero</span> <span class='ocrx_word' id='word_1_534' title='bbox 983 2512 1126 2542; x_wconf 89' lang='lat' dir='ltr'>reparato,</span> <span class='ocrx_word' id='word_1_535' title='bbox 1139 2504 1297 2542; x_wconf 75' lang='lat' dir='ltr'>hujusmodi</span> 
     </span>
     <span class='ocr_line' id='line_1_66' title="bbox 233 2540 1300 2582; baseline 0.001 -9"><span class='ocrx_word' id='word_1_536' title='bbox 233 2543 354 2574; x_wconf 86' lang='lat' dir='ltr'>scissuras</span> <span class='ocrx_word' id='word_1_537' title='bbox 376 2543 450 2572; x_wconf 87' lang='lat' dir='ltr'>uniat</span> <span class='ocrx_word' id='word_1_538' title='bbox 469 2565 478 2580; x_wconf 89' lang='lat'>,</span> <span class='ocrx_word' id='word_1_539' title='bbox 494 2542 583 2571; x_wconf 85' lang='lat' dir='ltr'>ruinas</span> <span class='ocrx_word' id='word_1_540' title='bbox 604 2541 718 2581; x_wconf 89' lang='lat' dir='ltr'>impleat</span> <span class='ocrx_word' id='word_1_541' title='bbox 732 2564 742 2579; x_wconf 88' lang='lat'>,</span> <span class='ocrx_word' id='word_1_542' title='bbox 756 2549 893 2578; x_wconf 83' lang='lat' dir='ltr'>occupata</span> <span class='ocrx_word' id='word_1_543' title='bbox 907 2540 1055 2582; x_wconf 86' lang='lat' dir='ltr'>restituat,</span> <span class='ocrx_word' id='word_1_544' title='bbox 1074 2542 1178 2574; x_wconf 87' lang='lat' dir='ltr'>vastata</span> <span class='ocrx_word' id='word_1_545' title='bbox 1198 2543 1300 2575; x_wconf 87' lang='lat' dir='ltr'>restau-</span> 
     </span>
     <span class='ocr_line' id='line_1_67' title="bbox 235 2578 805 2619; baseline -0.009 -6"><span class='ocrx_word' id='word_1_546' title='bbox 235 2590 276 2613; x_wconf 89' lang='lat' dir='ltr'>ret</span> <span class='ocrx_word' id='word_1_547' title='bbox 286 2606 295 2619; x_wconf 86' lang='lat'>,</span> <span class='ocrx_word' id='word_1_548' title='bbox 312 2580 435 2611; x_wconf 85' lang='lat' dir='ltr'>restituta</span> <span class='ocrx_word' id='word_1_549' title='bbox 449 2582 482 2611; x_wconf 87' lang='lat'>&amp;</span> <span class='ocrx_word' id='word_1_550' title='bbox 498 2578 641 2610; x_wconf 85' lang='lat' dir='ltr'>restaurata</span> <span class='ocrx_word' id='word_1_551' title='bbox 652 2578 805 2610; x_wconf 87' lang='lat' dir='ltr'>conservet.</span> 
     </span>
    </p>

    <p class='ocr_par' dir='ltr' id='par_1_14' title="bbox 234 2618 1304 2970">
     <span class='ocr_line' id='line_1_68' title="bbox 273 2618 1300 2659; baseline 0.002 -9"><span class='ocrx_word' id='word_1_552' title='bbox 273 2620 424 2657; x_wconf 86' lang='lat' dir='ltr'>Nobisque</span> <span class='ocrx_word' id='word_1_553' title='bbox 438 2620 514 2649; x_wconf 91' lang='lat' dir='ltr'>viam</span> <span class='ocrx_word' id='word_1_554' title='bbox 526 2618 627 2657; x_wconf 88' lang='lat' dir='ltr'>aperiat</span> <span class='ocrx_word' id='word_1_555' title='bbox 641 2618 716 2648; x_wconf 90' lang='lat' dir='ltr'>idem</span> <span class='ocrx_word' id='word_1_556' title='bbox 729 2618 784 2656; x_wconf 92' lang='lat' dir='ltr'>ipse</span> <span class='ocrx_word' id='word_1_557' title='bbox 799 2619 848 2659; x_wconf 92' lang='lat' dir='ltr'>qui</span> <span class='ocrx_word' id='word_1_558' title='bbox 862 2619 958 2656; x_wconf 84' lang='lat' dir='ltr'>novit,</span> <span class='ocrx_word' id='word_1_559' title='bbox 976 2619 1010 2650; x_wconf 77' lang='grc' dir='ltr'>δε</span> <span class='ocrx_word' id='word_1_560' title='bbox 1024 2619 1185 2651; x_wconf 90' lang='lat' dir='ltr'>facultatem</span> <span class='ocrx_word' id='word_1_561' title='bbox 1198 2621 1300 2652; x_wconf 89' lang='lat' dir='ltr'>tribuat</span> 
     </span>
     <span class='ocr_line' id='line_1_69' title="bbox 237 2657 1300 2697; baseline 0.002 -9"><span class='ocrx_word' id='word_1_562' title='bbox 237 2658 292 2697; x_wconf 87' lang='lat' dir='ltr'>ipse</span> <span class='ocrx_word' id='word_1_563' title='bbox 307 2659 353 2696; x_wconf 90' lang='lat' dir='ltr'>qui</span> <span class='ocrx_word' id='word_1_564' title='bbox 368 2657 477 2696; x_wconf 88' lang='lat' dir='ltr'>potest,</span> <span class='ocrx_word' id='word_1_565' title='bbox 493 2664 523 2688; x_wconf 90' lang='lat' dir='ltr'>ut</span> <span class='ocrx_word' id='word_1_566' title='bbox 539 2658 673 2687; x_wconf 87' lang='lat' dir='ltr'>vitiorum</span> <span class='ocrx_word' id='word_1_567' title='bbox 691 2667 875 2695; x_wconf 86' lang='lat' dir='ltr'>errorumque</span> <span class='ocrx_word' id='word_1_568' title='bbox 895 2658 1009 2687; x_wconf 80' lang='lat' dir='ltr'>zizaniis</span> <span class='ocrx_word' id='word_1_569' title='bbox 1030 2659 1065 2688; x_wconf 92' lang='lat' dir='ltr'>ad</span> <span class='ocrx_word' id='word_1_570' title='bbox 1084 2659 1300 2690; x_wconf 90' lang='lat' dir='ltr'>conburendum</span> 
     </span>
     <span class='ocr_line' id='line_1_70' title="bbox 234 2695 1301 2737; baseline 0.002 -11"><span class='ocrx_word' id='word_1_571' title='bbox 234 2696 370 2727; x_wconf 86' lang='lat' dir='ltr'>fasciculis</span> <span class='ocrx_word' id='word_1_572' title='bbox 390 2697 522 2736; x_wconf 84' lang='lat' dir='ltr'>alligatis,</span> <span class='ocrx_word' id='word_1_573' title='bbox 539 2695 573 2726; x_wconf 89' lang='lat' dir='ltr'>ad</span> <span class='ocrx_word' id='word_1_574' title='bbox 593 2696 719 2726; x_wconf 87' lang='lat' dir='ltr'>triticum</span> <span class='ocrx_word' id='word_1_575' title='bbox 736 2696 764 2725; x_wconf 94' lang='lat' dir='ltr'>in</span> <span class='ocrx_word' id='word_1_576' title='bbox 779 2696 836 2733; x_wconf 88' lang='lat' dir='ltr'>ejus</span> <span class='ocrx_word' id='word_1_577' title='bbox 848 2695 980 2737; x_wconf 78' lang='lat' dir='ltr'>horreum</span> <span class='ocrx_word' id='word_1_578' title='bbox 995 2705 1102 2735; x_wconf 87' lang='lat' dir='ltr'>congre</span> <span class='ocrx_word' id='word_1_579' title='bbox 1121 2698 1245 2735; x_wconf 85' lang='lat' dir='ltr'>andum,</span> <span class='ocrx_word' id='word_1_580' title='bbox 1262 2697 1301 2728; x_wconf 89' lang='lat' dir='ltr'>fic</span> 
     </span>
     <span class='ocr_line' id='line_1_71' title="bbox 235 2707 1301 2772; baseline 0.002 -8"><span class='ocrx_word' id='word_1_581' title='bbox 235 2735 264 2764; x_wconf 92' lang='lat' dir='ltr'>in</span> <span class='ocrx_word' id='word_1_582' title='bbox 286 2734 429 2772; x_wconf 77' lang='lat' dir='ltr'>praemissis</span> <span class='ocrx_word' id='word_1_583' title='bbox 447 2737 518 2772; x_wconf 70' lang='lat' dir='ltr'>jux‘ta</span> <span class='ocrx_word' id='word_1_584' title='bbox 538 2733 676 2765; x_wconf 90' lang='lat' dir='ltr'>intensum</span> <span class='ocrx_word' id='word_1_585' title='bbox 697 2735 784 2764; x_wconf 86' lang='lat' dir='ltr'>animi</span> <span class='ocrx_word' id='word_1_586' title='bbox 797 2733 886 2764; x_wconf 91' lang='lat' dir='ltr'>nostri</span> <span class='ocrx_word' id='word_1_587' title='bbox 900 2733 1065 2764; x_wconf 79' lang='lat' dir='ltr'>deiiderium</span> <span class='ocrx_word' id='word_1_588' title='bbox 1083 2707 1133 2766; x_wconf 51' lang='lat' dir='ltr'>sigi</span> <span class='ocrx_word' id='word_1_589' title='bbox 1146 2735 1301 2767; x_wconf 88' lang='lat' dir='ltr'>ministrare</span> 
     </span>
     <span class='ocr_line' id='line_1_72' title="bbox 235 2772 1302 2814; baseline 0.002 -11"><span class='ocrx_word' id='word_1_590' title='bbox 235 2773 374 2814; x_wconf 90' lang='lat' dir='ltr'>possimus</span> <span class='ocrx_word' id='word_1_591' title='bbox 394 2773 495 2804; x_wconf 89' lang='lat' dir='ltr'>utiliter</span> <span class='ocrx_word' id='word_1_592' title='bbox 510 2797 519 2811; x_wconf 88' lang='lat'>‚</span> <span class='ocrx_word' id='word_1_593' title='bbox 538 2772 616 2813; x_wconf 87' lang='lat' dir='ltr'>quod</span> <span class='ocrx_word' id='word_1_594' title='bbox 629 2772 704 2803; x_wconf 88' lang='lat' dir='ltr'>idern</span> <span class='ocrx_word' id='word_1_595' title='bbox 719 2783 799 2803; x_wconf 87' lang='lat' dir='ltr'>verus</span> <span class='ocrx_word' id='word_1_596' title='bbox 816 2772 936 2811; x_wconf 89' lang='lat' dir='ltr'>ejusdem</span> <span class='ocrx_word' id='word_1_597' title='bbox 950 2773 1104 2804; x_wconf 91' lang='lat' dir='ltr'>universalis</span> <span class='ocrx_word' id='word_1_598' title='bbox 1117 2774 1229 2814; x_wconf 89' lang='lat' dir='ltr'>sponsus</span> <span class='ocrx_word' id='word_1_599' title='bbox 1243 2774 1302 2805; x_wconf 83' lang='lat' dir='ltr'>Ec-</span> 
     </span>
     <span class='ocr_line' id='line_1_73' title="bbox 239 2811 1302 2852; baseline 0.001 -10"><span class='ocrx_word' id='word_1_600' title='bbox 239 2812 329 2842; x_wconf 83' lang='lat' dir='ltr'>clesiae</span> <span class='ocrx_word' id='word_1_601' title='bbox 351 2813 434 2852; x_wconf 86' lang='lat' dir='ltr'>ipsam</span> <span class='ocrx_word' id='word_1_602' title='bbox 454 2812 585 2843; x_wconf 73' lang='grc'>(1110613111</span> <span class='ocrx_word' id='word_1_603' title='bbox 607 2811 683 2842; x_wconf 90' lang='lat' dir='ltr'>suam</span> <span class='ocrx_word' id='word_1_604' title='bbox 703 2811 860 2849; x_wconf 87' lang='lat' dir='ltr'>expeditam</span> <span class='ocrx_word' id='word_1_605' title='bbox 882 2812 955 2850; x_wconf 88' lang='lat' dir='ltr'>rugis</span> <span class='ocrx_word' id='word_1_606' title='bbox 970 2834 980 2850; x_wconf 87' lang='lat'>,</span> <span class='ocrx_word' id='word_1_607' title='bbox 1005 2821 1148 2852; x_wconf 86' lang='lat' dir='ltr'>purgatam</span> <span class='ocrx_word' id='word_1_608' title='bbox 1168 2813 1302 2852; x_wconf 87' lang='lat' dir='ltr'>maculis,</span> 
     </span>
     <span class='ocr_line' id='line_1_74' title="bbox 236 2850 1301 2891; baseline 0.003 -11"><span class='ocrx_word' id='word_1_609' title='bbox 236 2852 375 2881; x_wconf 88' lang='lat' dir='ltr'>munitam</span> <span class='ocrx_word' id='word_1_610' title='bbox 397 2852 533 2882; x_wconf 90' lang='lat' dir='ltr'>virtutum</span> <span class='ocrx_word' id='word_1_611' title='bbox 556 2850 707 2881; x_wconf 88' lang='lat' dir='ltr'>monilibus</span> <span class='ocrx_word' id='word_1_612' title='bbox 726 2860 759 2881; x_wconf 90' lang='lat' dir='ltr'>ac</span> <span class='ocrx_word' id='word_1_613' title='bbox 780 2859 908 2881; x_wconf 86' lang='lat' dir='ltr'>ornatam</span> <span class='ocrx_word' id='word_1_614' title='bbox 931 2860 1016 2881; x_wconf 90' lang='lat' dir='ltr'>unam</span> <span class='ocrx_word' id='word_1_615' title='bbox 1035 2851 1142 2891; x_wconf 87' lang='lat' dir='ltr'>semper</span> <span class='ocrx_word' id='word_1_616' title='bbox 1153 2851 1252 2883; x_wconf 69' lang='lat' dir='ltr'>habeat</span> <span class='ocrx_word' id='word_1_617' title='bbox 1268 2853 1301 2883; x_wconf 87' lang='lat'>&amp;</span> 
     </span>
     <span class='ocr_line' id='line_1_75' title="bbox 236 2888 1304 2932; baseline 0.003 -14"><span class='ocrx_word' id='word_1_618' title='bbox 236 2888 389 2919; x_wconf 85' lang='lat' dir='ltr'>formosam</span> <span class='ocrx_word' id='word_1_619' title='bbox 405 2912 415 2928; x_wconf 87' lang='lat'>,</span> <span class='ocrx_word' id='word_1_620' title='bbox 432 2889 465 2920; x_wconf 88' lang='lat' dir='ltr'>ad</span> <span class='ocrx_word' id='word_1_621' title='bbox 490 2890 528 2920; x_wconf 91' lang='lat' dir='ltr'>sui</span> <span class='ocrx_word' id='word_1_622' title='bbox 547 2890 670 2920; x_wconf 91' lang='lat' dir='ltr'>nominis</span> <span class='ocrx_word' id='word_1_623' title='bbox 691 2888 802 2920; x_wconf 90' lang='lat' dir='ltr'>laudem</span> <span class='ocrx_word' id='word_1_624' title='bbox 818 2890 850 2920; x_wconf 91' lang='lat'>&amp;</span> <span class='ocrx_word' id='word_1_625' title='bbox 865 2888 1001 2928; x_wconf 87' lang='lat' dir='ltr'>gloriam,</span> <span class='ocrx_word' id='word_1_626' title='bbox 1018 2890 1051 2920; x_wconf 91' lang='lat' dir='ltr'>ad</span> <span class='ocrx_word' id='word_1_627' title='bbox 1065 2892 1220 2922; x_wconf 88' lang='lat' dir='ltr'>animarum</span> <span class='ocrx_word' id='word_1_628' title='bbox 1236 2900 1304 2932; x_wconf 89' lang='lat' dir='ltr'>pro-</span> 
     </span>
     <span class='ocr_line' id='line_1_76' title="bbox 237 2926 1227 2970; baseline 0.002 -13"><span class='ocrx_word' id='word_1_629' title='bbox 237 2926 346 2957; x_wconf 67' lang='lat' dir='ltr'>fecium</span> <span class='ocrx_word' id='word_1_630' title='bbox 356 2951 365 2967; x_wconf 90' lang='lat'>,</span> <span class='ocrx_word' id='word_1_631' title='bbox 383 2929 468 2959; x_wconf 85' lang='lat' dir='ltr'>robur</span> <span class='ocrx_word' id='word_1_632' title='bbox 480 2928 559 2967; x_wconf 87' lang='lat' dir='ltr'>fidei,</span> <span class='ocrx_word' id='word_1_633' title='bbox 577 2937 677 2967; x_wconf 85' lang='lat' dir='ltr'>pacem</span> <span class='ocrx_word' id='word_1_634' title='bbox 691 2928 724 2958; x_wconf 91' lang='lat'>&amp;</span> <span class='ocrx_word' id='word_1_635' title='bbox 737 2928 934 2970; x_wconf 71' lang='lat' dir='ltr'>exaltationem</span> <span class='ocrx_word' id='word_1_636' title='bbox 946 2928 1050 2968; x_wconf 88' lang='lat' dir='ltr'>Populi</span> <span class='ocrx_word' id='word_1_637' title='bbox 1067 2927 1227 2961; x_wconf 88' lang='lat' dir='ltr'>Christiani.</span> 
     </span>
    </p>

    <p class='ocr_par' dir='ltr' id='par_1_15' title="bbox 238 2965 1306 3227">
     <span class='ocr_line' id='line_1_77' title="bbox 278 2965 1303 3007; baseline 0.004 -11"><span class='ocrx_word' id='word_1_638' title='bbox 278 2965 355 3003; x_wconf 85' lang='lat' dir='ltr'>Qiia</span> <span class='ocrx_word' id='word_1_639' title='bbox 376 2976 444 2997; x_wconf 90' lang='lat' dir='ltr'>vero</span> <span class='ocrx_word' id='word_1_640' title='bbox 464 2967 623 3005; x_wconf 88' lang='lat' dir='ltr'>prosecutio</span> <span class='ocrx_word' id='word_1_641' title='bbox 642 2967 710 2997; x_wconf 90' lang='lat' dir='ltr'>tanti</span> <span class='ocrx_word' id='word_1_642' title='bbox 724 2968 857 3004; x_wconf 87' lang='lat' dir='ltr'>propositi</span> <span class='ocrx_word' id='word_1_643' title='bbox 872 2975 1000 3004; x_wconf 89' lang='lat' dir='ltr'>ternpore</span> <span class='ocrx_word' id='word_1_644' title='bbox 1013 2967 1071 2998; x_wconf 91' lang='lat' dir='ltr'>indi</span> <span class='ocrx_word' id='word_1_645' title='bbox 1092 2977 1135 3007; x_wconf 88' lang='lat' dir='ltr'>et,</span> <span class='ocrx_word' id='word_1_646' title='bbox 1154 2977 1184 2999; x_wconf 92' lang='lat' dir='ltr'>ut</span> <span class='ocrx_word' id='word_1_647' title='bbox 1197 2969 1303 3000; x_wconf 89' lang='lat' dir='ltr'>deduc-</span> 
     </span>
     <span class='ocr_line' id='line_1_78' title="bbox 243 3005 1306 3044; baseline 0.005 -11"><span class='ocrx_word' id='word_1_648' title='bbox 243 3010 306 3034; x_wconf 77' lang='lat' dir='ltr'>tum</span> <span class='ocrx_word' id='word_1_649' title='bbox 322 3006 470 3044; x_wconf 87' lang='lat' dir='ltr'>maturius,</span> <span class='ocrx_word' id='word_1_650' title='bbox 484 3005 603 3044; x_wconf 81' lang='lat' dir='ltr'>felicius,</span> <span class='ocrx_word' id='word_1_651' title='bbox 621 3006 735 3036; x_wconf 69' lang='grc'>3001010</span> <span class='ocrx_word' id='word_1_652' title='bbox 749 3005 898 3044; x_wconf 86' lang='grc' dir='ltr'>Ι)01111110,</span> <span class='ocrx_word' id='word_1_653' title='bbox 917 3005 1056 3037; x_wconf 67' lang='lat' dir='ltr'>effectum</span> <span class='ocrx_word' id='word_1_654' title='bbox 1088 3008 1197 3038; x_wconf 89' lang='lat' dir='ltr'>ebitum</span> <span class='ocrx_word' id='word_1_655' title='bbox 1210 3008 1306 3039; x_wconf 90' lang='lat' dir='ltr'>sortia-</span> 
     </span>
     <span class='ocr_line' id='line_1_79' title="bbox 242 3041 1305 3079; baseline 0.006 -7"><span class='ocrx_word' id='word_1_656' title='bbox 242 3049 304 3079; x_wconf 86' lang='lat' dir='ltr'>tur,</span> <span class='ocrx_word' id='word_1_657' title='bbox 322 3041 470 3073; x_wconf 87' lang='lat' dir='ltr'>Biennium</span> <span class='ocrx_word' id='word_1_658' title='bbox 487 3044 691 3074; x_wconf 89' lang='lat' dir='ltr'>numerandum</span> <span class='ocrx_word' id='word_1_659' title='bbox 710 3045 746 3074; x_wconf 84' lang='lat' dir='ltr'>ab</span> <span class='ocrx_word' id='word_1_660' title='bbox 766 3045 847 3074; x_wconf 90' lang='lat' dir='ltr'>initio</span> <span class='ocrx_word' id='word_1_661' title='bbox 862 3044 985 3075; x_wconf 89' lang='lat' dir='ltr'>instantis</span> <span class='ocrx_word' id='word_1_662' title='bbox 1000 3045 1071 3075; x_wconf 88' lang='lat' dir='ltr'>Maii</span> <span class='ocrx_word' id='word_1_663' title='bbox 1084 3046 1118 3077; x_wconf 91' lang='lat' dir='ltr'>ad</span> <span class='ocrx_word' id='word_1_664' title='bbox 1130 3046 1158 3077; x_wconf 92' lang='lat' dir='ltr'>id</span> <span class='ocrx_word' id='word_1_665' title='bbox 1172 3046 1305 3077; x_wconf 90' lang='lat' dir='ltr'>duximus</span> 
     </span>
     <span class='ocr_line' id='line_1_80' title="bbox 239 3080 1305 3124; baseline 0.006 -14"><span class='ocrx_word' id='word_1_666' title='bbox 239 3080 276 3111; x_wconf 92' lang='lat' dir='ltr'>de</span> <span class='ocrx_word' id='word_1_667' title='bbox 296 3081 431 3111; x_wconf 86' lang='lat' dir='ltr'>utandum</span> <span class='ocrx_word' id='word_1_668' title='bbox 447 3104 457 3120; x_wconf 93' lang='lat'>,</span> <span class='ocrx_word' id='word_1_669' title='bbox 475 3082 629 3121; x_wconf 89' lang='lat' dir='ltr'>deputaturi</span> <span class='ocrx_word' id='word_1_670' title='bbox 648 3092 778 3123; x_wconf 59' lang='lat' dir='ltr'>praeterea</span> <span class='ocrx_word' id='word_1_671' title='bbox 796 3083 906 3114; x_wconf 89' lang='lat' dir='ltr'>interim</span> <span class='ocrx_word' id='word_1_672' title='bbox 924 3084 1028 3124; x_wconf 89' lang='lat' dir='ltr'>aliquos</span> <span class='ocrx_word' id='word_1_673' title='bbox 1048 3085 1139 3123; x_wconf 82' lang='lat' dir='ltr'>viros,</span> <span class='ocrx_word' id='word_1_674' title='bbox 1157 3094 1236 3116; x_wconf 91' lang='lat' dir='ltr'>tanto</span> <span class='ocrx_word' id='word_1_675' title='bbox 1251 3087 1305 3116; x_wconf 88' lang='lat' dir='ltr'>rni-</span> 
     </span>
     <span class='ocr_line' id='line_1_81' title="bbox 239 3120 1305 3162; baseline 0.006 -13"><span class='ocrx_word' id='word_1_676' title='bbox 239 3120 270 3149; x_wconf 91' lang='lat' dir='ltr'>ni</span> <span class='ocrx_word' id='word_1_677' title='bbox 297 3120 355 3150; x_wconf 88' lang='lat' dir='ltr'>erio</span> <span class='ocrx_word' id='word_1_678' title='bbox 379 3130 446 3150; x_wconf 91' lang='lat' dir='ltr'>com</span> <span class='ocrx_word' id='word_1_679' title='bbox 467 3129 570 3151; x_wconf 66' lang='lat' dir='ltr'>etentes</span> <span class='ocrx_word' id='word_1_680' title='bbox 583 3144 592 3159; x_wconf 91' lang='lat'>,</span> <span class='ocrx_word' id='word_1_681' title='bbox 614 3120 648 3150; x_wconf 88' lang='lat' dir='ltr'>ad</span> <span class='ocrx_word' id='word_1_682' title='bbox 668 3121 879 3161; x_wconf 77' lang='lat' dir='ltr'>praedicandum</span> <span class='ocrx_word' id='word_1_683' title='bbox 891 3146 901 3162; x_wconf 84' lang='grc'>,</span> <span class='ocrx_word' id='word_1_684' title='bbox 927 3123 954 3152; x_wconf 89' lang='grc'>111</span> <span class='ocrx_word' id='word_1_685' title='bbox 977 3131 1057 3153; x_wconf 88' lang='lat' dir='ltr'>terrae</span> <span class='ocrx_word' id='word_1_686' title='bbox 1071 3124 1194 3161; x_wconf 71' lang='lat' dir='ltr'>praeFatae</span> <span class='ocrx_word' id='word_1_687' title='bbox 1210 3124 1305 3156; x_wconf 85' lang='lat' dir='ltr'>suffra-</span> 
     </span>
     <span class='ocr_line' id='line_1_82' title="bbox 238 3158 1304 3227; baseline 0.005 -39"><span class='ocrx_word' id='word_1_688' title='bbox 238 3159 319 3227; x_wconf 48' lang='lat' dir='ltr'>gjium</span> <span class='ocrx_word' id='word_1_689' title='bbox 334 3181 344 3197; x_wconf 88' lang='lat'>,</span> <span class='ocrx_word' id='word_1_690' title='bbox 368 3158 443 3190; x_wconf 86' lang='lat' dir='ltr'>saluti</span> <span class='ocrx_word' id='word_1_691' title='bbox 455 3169 534 3189; x_wconf 90' lang='lat' dir='ltr'>erum</span> <span class='ocrx_word' id='word_1_692' title='bbox 556 3160 676 3190; x_wconf 88' lang='lat' dir='ltr'>verbum</span> <span class='ocrx_word' id='word_1_693' title='bbox 698 3159 820 3198; x_wconf 87' lang='lat' dir='ltr'>Crucis,</span> <span class='ocrx_word' id='word_1_694' title='bbox 842 3171 889 3198; x_wconf 91' lang='lat' dir='ltr'>per</span> <span class='ocrx_word' id='word_1_695' title='bbox 911 3161 988 3200; x_wconf 88' lang='lat' dir='ltr'>quod</span> <span class='ocrx_word' id='word_1_696' title='bbox 1009 3163 1095 3193; x_wconf 88' lang='lat' dir='ltr'>corda</span> <span class='ocrx_word' id='word_1_697' title='bbox 1115 3162 1280 3203; x_wconf 88' lang='lat' dir='ltr'>Principum</span> <span class='ocrx_word' id='word_1_698' title='bbox 1294 3186 1304 3202; x_wconf 87' lang='lat'>,</span> 
     </span>
    </p>

    <p class='ocr_par' dir='ltr' id='par_1_16' title="bbox 269 3197 1305 3237">
     <span class='ocr_line' id='line_1_83' title="bbox 269 3197 1305 3237; baseline 0.007 -11"><span class='ocrx_word' id='word_1_699' title='bbox 269 3197 426 3228; x_wconf 68' lang='lat' dir='ltr'>rielatorum</span> <span class='ocrx_word' id='word_1_700' title='bbox 441 3222 451 3237; x_wconf 87' lang='lat'>,</span> <span class='ocrx_word' id='word_1_701' title='bbox 476 3208 701 3237; x_wconf 74' lang='lat' dir='ltr'>caeterorumque</span> <span class='ocrx_word' id='word_1_702' title='bbox 721 3199 844 3229; x_wconf 85' lang='lat' dir='ltr'>fidelium</span> <span class='ocrx_word' id='word_1_703' title='bbox 862 3200 1030 3231; x_wconf 85' lang='lat' dir='ltr'>inducantur</span> <span class='ocrx_word' id='word_1_704' title='bbox 1045 3201 1079 3231; x_wconf 92' lang='lat' dir='ltr'>ad</span> <span class='ocrx_word' id='word_1_705' title='bbox 1100 3201 1251 3232; x_wconf 88' lang='lat' dir='ltr'>subsidium</span> <span class='ocrx_word' id='word_1_706' title='bbox 1265 3203 1305 3233; x_wconf 87' lang='lat' dir='ltr'>ei-</span> 
     </span>
    </p>
   </div>
   <div class='ocr_carea' id='block_1_6' title="bbox 241 3235 1315 3934">
    <p class='ocr_par' dir='ltr' id='par_1_17' title="bbox 241 3235 1309 3305">
     <span class='ocr_line' id='line_1_84' title="bbox 241 3235 1309 3305; baseline 0.007 -40"><span class='ocrx_word' id='word_1_707' title='bbox 241 3235 310 3305; x_wconf 56' lang='lat' dir='ltr'>gem</span> <span class='ocrx_word' id='word_1_708' title='bbox 331 3244 411 3267; x_wconf 75' lang='lat' dir='ltr'>terrae</span> <span class='ocrx_word' id='word_1_709' title='bbox 424 3259 435 3275; x_wconf 84' lang='lat'>,</span> <span class='ocrx_word' id='word_1_710' title='bbox 459 3246 542 3275; x_wconf 89' lang='lat' dir='ltr'>prout</span> <span class='ocrx_word' id='word_1_711' title='bbox 570 3237 649 3278; x_wconf 87' lang='lat' dir='ltr'>ipsius</span> <span class='ocrx_word' id='word_1_712' title='bbox 673 3238 796 3276; x_wconf 87' lang='lat' dir='ltr'>exposcit</span> <span class='ocrx_word' id='word_1_713' title='bbox 813 3247 934 3270; x_wconf 86' lang='lat' dir='ltr'>extrema</span> <span class='ocrx_word' id='word_1_714' title='bbox 952 3239 1094 3271; x_wconf 86' lang='lat' dir='ltr'>necessitas</span> <span class='ocrx_word' id='word_1_715' title='bbox 1107 3263 1117 3280; x_wconf 94' lang='lat'>,</span> <span class='ocrx_word' id='word_1_716' title='bbox 1142 3241 1309 3279; x_wconf 88' lang='lat' dir='ltr'>impenden-</span> 
     </span>
     <span class='ocr_line' id='line_1_85' title="bbox 263 3284 320 3304; baseline -0.018 0"><span class='ocrx_word' id='word_1_717' title='bbox 263 3284 320 3304; x_wconf 93' lang='lat' dir='ltr'>um.</span> 
     </span>
    </p>

    <p class='ocr_par' dir='ltr' id='par_1_18' title="bbox 244 3312 1313 3821">
     <span class='ocr_line' id='line_1_86' title="bbox 283 3312 1308 3359; baseline 0.006 -16"><span class='ocrx_word' id='word_1_718' title='bbox 283 3312 401 3354; x_wconf 84' lang='lat' dir='ltr'>Propter</span> <span class='ocrx_word' id='word_1_719' title='bbox 412 3313 488 3355; x_wconf 87' lang='lat' dir='ltr'>quod</span> <span class='ocrx_word' id='word_1_720' title='bbox 503 3313 715 3345; x_wconf 88' lang='lat' dir='ltr'>Venerabilibus</span> <span class='ocrx_word' id='word_1_721' title='bbox 731 3315 856 3346; x_wconf 88' lang='lat' dir='ltr'>fratribus</span> <span class='ocrx_word' id='word_1_722' title='bbox 869 3318 999 3349; x_wconf 88' lang='lat' dir='ltr'>universis</span> <span class='ocrx_word' id='word_1_723' title='bbox 1014 3317 1256 3359; x_wconf 83' lang='lat' dir='ltr'>Archiepiscopis,</span> <span class='ocrx_word' id='word_1_724' title='bbox 1275 3318 1308 3349; x_wconf 92' lang='lat'>&amp;</span> 
     </span>
     <span class='ocr_line' id='line_1_87' title="bbox 244 3350 1308 3395; baseline 0.004 -14"><span class='ocrx_word' id='word_1_725' title='bbox 244 3350 405 3391; x_wconf 85' lang='lat' dir='ltr'>Episcopis,</span> <span class='ocrx_word' id='word_1_726' title='bbox 425 3363 539 3383; x_wconf 91' lang='lat' dir='ltr'>necnon</span> <span class='ocrx_word' id='word_1_727' title='bbox 554 3354 587 3384; x_wconf 90' lang='lat'>&amp;</span> <span class='ocrx_word' id='word_1_728' title='bbox 599 3353 708 3384; x_wconf 72' lang='grc' dir='ltr'>(111οἇ115</span> <span class='ocrx_word' id='word_1_729' title='bbox 725 3353 786 3384; x_wconf 80' lang='lat' dir='ltr'>filiis</span> <span class='ocrx_word' id='word_1_730' title='bbox 799 3355 972 3394; x_wconf 80' lang='lat' dir='ltr'>Abbatibiis,</span> <span class='ocrx_word' id='word_1_731' title='bbox 992 3356 1135 3387; x_wconf 89' lang='lat' dir='ltr'>Prioribus</span> <span class='ocrx_word' id='word_1_732' title='bbox 1141 3380 1151 3395; x_wconf 92' lang='lat'>,</span> <span class='ocrx_word' id='word_1_733' title='bbox 1170 3356 1308 3394; x_wconf 86' lang='lat' dir='ltr'>Decanis‚</span> 
     </span>
     <span class='ocr_line' id='line_1_88' title="bbox 244 3390 1307 3433; baseline 0.005 -13"><span class='ocrx_word' id='word_1_734' title='bbox 244 3390 457 3433; x_wconf 73' lang='lat' dir='ltr'>Archidiaconis</span> <span class='ocrx_word' id='word_1_735' title='bbox 470 3415 480 3430; x_wconf 84' lang='lat'>‚</span> <span class='ocrx_word' id='word_1_736' title='bbox 498 3391 655 3430; x_wconf 84' lang='lat' dir='ltr'>Praepositis</span> <span class='ocrx_word' id='word_1_737' title='bbox 670 3415 679 3430; x_wconf 84' lang='grc'>,</span> <span class='ocrx_word' id='word_1_738' title='bbox 698 3393 731 3424; x_wconf 87' lang='lat'>&amp;</span> <span class='ocrx_word' id='word_1_739' title='bbox 747 3393 803 3423; x_wconf 89' lang='lat' dir='ltr'>aliis</span> <span class='ocrx_word' id='word_1_740' title='bbox 817 3393 1076 3426; x_wconf 86' lang='lat' dir='ltr'>Ecclesiasticorum</span> <span class='ocrx_word' id='word_1_741' title='bbox 1092 3394 1214 3426; x_wconf 89' lang='lat' dir='ltr'>Praelatis</span> <span class='ocrx_word' id='word_1_742' title='bbox 1234 3405 1307 3433; x_wconf 83' lang='lat' dir='ltr'>prae-</span> 
     </span>
     <span class='ocr_line' id='line_1_89' title="bbox 245 3429 1308 3473; baseline 0.006 -15"><span class='ocrx_word' id='word_1_743' title='bbox 245 3429 377 3467; x_wconf 88' lang='lat' dir='ltr'>cipiendo</span> <span class='ocrx_word' id='word_1_744' title='bbox 397 3431 561 3461; x_wconf 87' lang='lat' dir='ltr'>mandamus</span> <span class='ocrx_word' id='word_1_745' title='bbox 574 3454 583 3469; x_wconf 89' lang='lat'>,</span> <span class='ocrx_word' id='word_1_746' title='bbox 605 3433 732 3470; x_wconf 83' lang='lat' dir='ltr'>quatinus</span> <span class='ocrx_word' id='word_1_747' title='bbox 749 3433 829 3461; x_wconf 91' lang='lat' dir='ltr'>omni</span> <span class='ocrx_word' id='word_1_748' title='bbox 851 3433 1017 3473; x_wconf 74' lang='lat' dir='ltr'>negligentia</span> <span class='ocrx_word' id='word_1_749' title='bbox 1031 3433 1165 3473; x_wconf 67' lang='lat' dir='ltr'>relegata,</span> <span class='ocrx_word' id='word_1_750' title='bbox 1180 3434 1308 3472; x_wconf 74' lang='lat' dir='ltr'>cunffls,</span> 
     </span>
     <span class='ocr_line' id='line_1_90' title="bbox 248 3468 1310 3511; baseline 0.007 -16"><span class='ocrx_word' id='word_1_751' title='bbox 248 3475 330 3510; x_wconf 76' lang='lat' dir='ltr'>prout</span> <span class='ocrx_word' id='word_1_752' title='bbox 353 3468 410 3498; x_wconf 87' lang='lat' dir='ltr'>talis</span> <span class='ocrx_word' id='word_1_753' title='bbox 421 3492 431 3506; x_wconf 90' lang='lat'>,</span> <span class='ocrx_word' id='word_1_754' title='bbox 457 3469 491 3500; x_wconf 69' lang='grc' dir='ltr'>ὃ(</span> <span class='ocrx_word' id='word_1_755' title='bbox 512 3470 581 3499; x_wconf 90' lang='lat' dir='ltr'>tanti</span> <span class='ocrx_word' id='word_1_756' title='bbox 599 3471 705 3509; x_wconf 87' lang='lat' dir='ltr'>negotii</span> <span class='ocrx_word' id='word_1_757' title='bbox 746 3470 837 3501; x_wconf 88' lang='lat' dir='ltr'>ualitas</span> <span class='ocrx_word' id='word_1_758' title='bbox 850 3473 950 3511; x_wconf 83' lang='lat' dir='ltr'>exigit,</span> <span class='ocrx_word' id='word_1_759' title='bbox 969 3472 1099 3511; x_wconf 89' lang='lat' dir='ltr'>dispositis</span> <span class='ocrx_word' id='word_1_760' title='bbox 1114 3473 1146 3503; x_wconf 88' lang='lat'>&amp;</span> <span class='ocrx_word' id='word_1_761' title='bbox 1163 3473 1257 3510; x_wconf 85' lang='lat' dir='ltr'>paratis</span> <span class='ocrx_word' id='word_1_762' title='bbox 1272 3472 1310 3502; x_wconf 91' lang='lat' dir='ltr'>sic</span> 
     </span>
     <span class='ocr_line' id='line_1_91' title="bbox 248 3505 1308 3548; baseline 0.006 -14"><span class='ocrx_word' id='word_1_763' title='bbox 248 3505 344 3547; x_wconf 66' lang='lat' dir='ltr'>rnedio</span> <span class='ocrx_word' id='word_1_764' title='bbox 361 3515 488 3547; x_wconf 90' lang='lat' dir='ltr'>tempore</span> <span class='ocrx_word' id='word_1_765' title='bbox 503 3507 529 3537; x_wconf 89' lang='lat' dir='ltr'>se</span> <span class='ocrx_word' id='word_1_766' title='bbox 548 3509 696 3547; x_wconf 84' lang='lat' dir='ltr'>accingant</span> <span class='ocrx_word' id='word_1_767' title='bbox 713 3519 728 3538; x_wconf 93' lang='lat' dir='ltr'>a</span> <span class='ocrx_word' id='word_1_768' title='bbox 766 3510 818 3540; x_wconf 88' lang='lat' dir='ltr'>iter</span> <span class='ocrx_word' id='word_1_769' title='bbox 830 3532 840 3548; x_wconf 91' lang='lat'>,</span> <span class='ocrx_word' id='word_1_770' title='bbox 859 3511 934 3548; x_wconf 90' lang='lat' dir='ltr'>quod</span> <span class='ocrx_word' id='word_1_771' title='bbox 959 3512 1093 3542; x_wconf 88' lang='lat' dir='ltr'>Kalendis</span> <span class='ocrx_word' id='word_1_772' title='bbox 1106 3511 1179 3541; x_wconf 89' lang='lat' dir='ltr'>Maii</span> <span class='ocrx_word' id='word_1_773' title='bbox 1193 3511 1258 3542; x_wconf 90' lang='lat' dir='ltr'>anni</span> <span class='ocrx_word' id='word_1_774' title='bbox 1272 3511 1308 3540; x_wconf 91' lang='lat' dir='ltr'>ab</span> 
     </span>
     <span class='ocr_line' id='line_1_92' title="bbox 249 3545 1310 3590; baseline 0.007 -18"><span class='ocrx_word' id='word_1_775' title='bbox 249 3546 436 3586; x_wconf 76' lang='lat' dir='ltr'>incarnatione</span> <span class='ocrx_word' id='word_1_776' title='bbox 457 3545 579 3576; x_wconf 90' lang='lat' dir='ltr'>Domini</span> <span class='ocrx_word' id='word_1_777' title='bbox 599 3547 759 3586; x_wconf 87' lang='lat' dir='ltr'>millesimi,</span> <span class='ocrx_word' id='word_1_778' title='bbox 776 3547 975 3587; x_wconf 87' lang='lat' dir='ltr'>ducentesimi,</span> <span class='ocrx_word' id='word_1_779' title='bbox 1000 3550 1187 3590; x_wconf 88' lang='lat' dir='ltr'>septuagesimi</span> <span class='ocrx_word' id='word_1_780' title='bbox 1205 3550 1310 3589; x_wconf 85' lang='lat' dir='ltr'>quarti,</span> 
     </span>
     <span class='ocr_line' id='line_1_93' title="bbox 250 3583 1310 3626; baseline 0.006 -14"><span class='ocrx_word' id='word_1_781' title='bbox 250 3589 316 3624; x_wconf 73' lang='lat' dir='ltr'>quas</span> <span class='ocrx_word' id='word_1_782' title='bbox 337 3583 394 3620; x_wconf 87' lang='lat' dir='ltr'>ipsis</span> <span class='ocrx_word' id='word_1_783' title='bbox 415 3594 468 3623; x_wconf 91' lang='lat' dir='ltr'>pro</span> <span class='ocrx_word' id='word_1_784' title='bbox 487 3586 610 3615; x_wconf 87' lang='lat' dir='ltr'>termino</span> <span class='ocrx_word' id='word_1_785' title='bbox 630 3585 795 3625; x_wconf 85' lang='lat' dir='ltr'>assignamus</span> <span class='ocrx_word' id='word_1_786' title='bbox 816 3588 845 3617; x_wconf 89' lang='lat' dir='ltr'>in</span> <span class='ocrx_word' id='word_1_787' title='bbox 859 3587 926 3617; x_wconf 92' lang='lat' dir='ltr'>loco</span> <span class='ocrx_word' id='word_1_788' title='bbox 942 3599 1045 3626; x_wconf 92' lang='lat' dir='ltr'>quem,</span> <span class='ocrx_word' id='word_1_789' title='bbox 1062 3589 1128 3620; x_wconf 90' lang='lat' dir='ltr'>licet</span> <span class='ocrx_word' id='word_1_790' title='bbox 1141 3588 1175 3618; x_wconf 91' lang='lat' dir='ltr'>ad</span> <span class='ocrx_word' id='word_1_791' title='bbox 1193 3588 1310 3626; x_wconf 84' lang='lat' dir='ltr'>praesens</span> 
     </span>
     <span class='ocr_line' id='line_1_94' title="bbox 248 3617 1312 3666; baseline 0.008 -20"><span class='ocrx_word' id='word_1_792' title='bbox 248 3617 428 3661; x_wconf 74' lang='lat' dir='ltr'>subnceamus</span> <span class='ocrx_word' id='word_1_793' title='bbox 449 3633 482 3652; x_wconf 88' lang='lat' dir='ltr'>ex</span> <span class='ocrx_word' id='word_1_794' title='bbox 499 3622 578 3655; x_wconf 76' lang='lat' dir='ltr'>causa</span> <span class='ocrx_word' id='word_1_795' title='bbox 593 3646 602 3662; x_wconf 83' lang='lat'>,</span> <span class='ocrx_word' id='word_1_796' title='bbox 627 3626 801 3662; x_wconf 87' lang='lat' dir='ltr'>competenti</span> <span class='ocrx_word' id='word_1_797' title='bbox 818 3634 912 3657; x_wconf 88' lang='lat' dir='ltr'>tamen</span> <span class='ocrx_word' id='word_1_798' title='bbox 935 3635 1064 3664; x_wconf 82' lang='lat' dir='ltr'>tempore</span> <span class='ocrx_word' id='word_1_799' title='bbox 1078 3650 1089 3666; x_wconf 84' lang='lat'>,</span> <span class='ocrx_word' id='word_1_800' title='bbox 1102 3628 1141 3657; x_wconf 90' lang='lat' dir='ltr'>eis</span> <span class='ocrx_word' id='word_1_801' title='bbox 1153 3627 1312 3657; x_wconf 85' lang='lat' dir='ltr'>curabimus</span> 
     </span>
     <span class='ocr_line' id='line_1_95' title="bbox 249 3660 1311 3703; baseline 0.008 -18"><span class='ocrx_word' id='word_1_802' title='bbox 249 3663 393 3698; x_wconf 77' lang='lat' dir='ltr'>intimare,</span> <span class='ocrx_word' id='word_1_803' title='bbox 410 3660 506 3691; x_wconf 89' lang='lat' dir='ltr'>nostro</span> <span class='ocrx_word' id='word_1_804' title='bbox 521 3662 685 3703; x_wconf 69' lang='grc' dir='ltr'>00111ροἂυί</span> <span class='ocrx_word' id='word_1_805' title='bbox 700 3664 726 3693; x_wconf 91' lang='lat' dir='ltr'>se</span> <span class='ocrx_word' id='word_1_806' title='bbox 739 3663 903 3701; x_wconf 83' lang='lat' dir='ltr'>praesentent</span> <span class='ocrx_word' id='word_1_807' title='bbox 912 3688 921 3703; x_wconf 92' lang='lat'>,</span> <span class='ocrx_word' id='word_1_808' title='bbox 939 3666 973 3695; x_wconf 91' lang='lat' dir='ltr'>ad</span> <span class='ocrx_word' id='word_1_809' title='bbox 987 3666 1202 3696; x_wconf 84' lang='lat' dir='ltr'>subventionem</span> <span class='ocrx_word' id='word_1_810' title='bbox 1216 3664 1311 3696; x_wconf 89' lang='lat' dir='ltr'>neces-</span> 
     </span>
     <span class='ocr_line' id='line_1_96' title="bbox 251 3692 1312 3743; baseline 0.009 -21"><span class='ocrx_word' id='word_1_811' title='bbox 251 3692 346 3736; x_wconf 80' lang='lat' dir='ltr'>sariam</span> <span class='ocrx_word' id='word_1_812' title='bbox 358 3702 435 3726; x_wconf 82' lang='lat' dir='ltr'>terrae</span> <span class='ocrx_word' id='word_1_813' title='bbox 448 3700 604 3738; x_wconf 59' lang='lat' dir='ltr'>praedietae3</span> <span class='ocrx_word' id='word_1_814' title='bbox 624 3701 714 3731; x_wconf 85' lang='lat' dir='ltr'>sollers</span> <span class='ocrx_word' id='word_1_815' title='bbox 727 3702 760 3733; x_wconf 68' lang='grc' dir='ltr'>ὃς</span> <span class='ocrx_word' id='word_1_816' title='bbox 774 3702 923 3739; x_wconf 86' lang='lat' dir='ltr'>operosum</span> <span class='ocrx_word' id='word_1_817' title='bbox 938 3705 1050 3735; x_wconf 89' lang='lat' dir='ltr'>interim</span> <span class='ocrx_word' id='word_1_818' title='bbox 1062 3704 1185 3734; x_wconf 88' lang='lat' dir='ltr'>studium</span> <span class='ocrx_word' id='word_1_819' title='bbox 1201 3706 1312 3743; x_wconf 90' lang='lat' dir='ltr'>impen-</span> 
     </span>
     <span class='ocr_line' id='line_1_97' title="bbox 253 3730 1313 3781; baseline 0.009 -21"><span class='ocrx_word' id='word_1_820' title='bbox 253 3730 307 3761; x_wconf 88' lang='lat' dir='ltr'>suri</span> <span class='ocrx_word' id='word_1_821' title='bbox 322 3753 332 3768; x_wconf 86' lang='lat'>,</span> <span class='ocrx_word' id='word_1_822' title='bbox 344 3733 415 3774; x_wconf 32' lang='lat' dir='ltr'>&#39;pros</span> <span class='ocrx_word' id='word_1_823' title='bbox 444 3737 536 3778; x_wconf 77' lang='lat' dir='ltr'>nendo</span> <span class='ocrx_word' id='word_1_824' title='bbox 555 3738 739 3771; x_wconf 84' lang='lat' dir='ltr'>favorabiliter</span> <span class='ocrx_word' id='word_1_825' title='bbox 754 3763 763 3778; x_wconf 89' lang='lat'>,</span> <span class='ocrx_word' id='word_1_826' title='bbox 788 3741 821 3771; x_wconf 89' lang='lat'>&amp;</span> <span class='ocrx_word' id='word_1_827' title='bbox 843 3741 959 3771; x_wconf 84' lang='lat' dir='ltr'>fideliter</span> <span class='ocrx_word' id='word_1_828' title='bbox 972 3742 1129 3781; x_wconf 90' lang='lat' dir='ltr'>adjuvando</span> <span class='ocrx_word' id='word_1_829' title='bbox 1144 3743 1224 3780; x_wconf 86' lang='lat' dir='ltr'>illos,</span> <span class='ocrx_word' id='word_1_830' title='bbox 1242 3750 1313 3781; x_wconf 88' lang='lat' dir='ltr'>quos</span> 
     </span>
     <span class='ocr_line' id='line_1_98' title="bbox 254 3768 1216 3821; baseline 0.01 -21"><span class='ocrx_word' id='word_1_831' title='bbox 254 3768 289 3800; x_wconf 81' lang='lat' dir='ltr'>ad</span> <span class='ocrx_word' id='word_1_832' title='bbox 302 3768 410 3806; x_wconf 76' lang='lat' dir='ltr'>hiiJusrn</span> <span class='ocrx_word' id='word_1_833' title='bbox 449 3783 457 3802; x_wconf 89' lang='lat' dir='ltr'>i</span> <span class='ocrx_word' id='word_1_834' title='bbox 470 3775 692 3814; x_wconf 88' lang='lat' dir='ltr'>prosequendum</span> <span class='ocrx_word' id='word_1_835' title='bbox 703 3780 849 3817; x_wconf 80' lang='lat' dir='ltr'>negotium</span> <span class='ocrx_word' id='word_1_836' title='bbox 862 3780 1022 3811; x_wconf 87' lang='lat' dir='ltr'>duxerimus</span> <span class='ocrx_word' id='word_1_837' title='bbox 1033 3781 1216 3821; x_wconf 87' lang='lat' dir='ltr'>deputandos.</span> 
     </span>
    </p>

    <p class='ocr_par' dir='ltr' id='par_1_19' title="bbox 255 3805 1315 3934">
     <span class='ocr_line' id='line_1_99' title="bbox 293 3805 1314 3857; baseline 0.012 -22"><span class='ocrx_word' id='word_1_838' title='bbox 293 3805 434 3851; x_wconf 69' lang='lat' dir='ltr'>Volumus</span> <span class='ocrx_word' id='word_1_839' title='bbox 455 3821 565 3851; x_wconf 89' lang='lat' dir='ltr'>quoque</span> <span class='ocrx_word' id='word_1_840' title='bbox 586 3816 662 3852; x_wconf 91' lang='lat' dir='ltr'>quod</span> <span class='ocrx_word' id='word_1_841' title='bbox 684 3818 713 3847; x_wconf 91' lang='lat' dir='ltr'>in</span> <span class='ocrx_word' id='word_1_842' title='bbox 734 3817 855 3857; x_wconf 88' lang='lat' dir='ltr'>qualibet</span> <span class='ocrx_word' id='word_1_843' title='bbox 877 3828 977 3849; x_wconf 90' lang='lat' dir='ltr'>eorum</span> <span class='ocrx_word' id='word_1_844' title='bbox 998 3820 1149 3850; x_wconf 89' lang='lat' dir='ltr'>Provincia</span> <span class='ocrx_word' id='word_1_845' title='bbox 1162 3829 1196 3849; x_wconf 93' lang='lat' dir='ltr'>ex</span> <span class='ocrx_word' id='word_1_846' title='bbox 1209 3817 1314 3849; x_wconf 86' lang='lat' dir='ltr'>eisdem</span> 
     </span>
     <span class='ocr_line' id='line_1_100' title="bbox 255 3844 1312 3896; baseline 0.007 -18"><span class='ocrx_word' id='word_1_847' title='bbox 255 3844 398 3888; x_wconf 53' lang='lat' dir='ltr'>Eplsqopis</span> <span class='ocrx_word' id='word_1_848' title='bbox 416 3851 548 3892; x_wconf 67' lang='lat' dir='ltr'>unusvel</span> <span class='ocrx_word' id='word_1_849' title='bbox 566 3852 624 3882; x_wconf 93' lang='lat' dir='ltr'>duo</span> <span class='ocrx_word' id='word_1_850' title='bbox 639 3864 798 3885; x_wconf 84' lang='lat' dir='ltr'>remaneant</span> <span class='ocrx_word' id='word_1_851' title='bbox 813 3856 848 3886; x_wconf 90' lang='lat' dir='ltr'>ad</span> <span class='ocrx_word' id='word_1_852' title='bbox 862 3866 909 3894; x_wconf 87' lang='lat' dir='ltr'>ea,</span> <span class='ocrx_word' id='word_1_853' title='bbox 926 3867 989 3896; x_wconf 81' lang='lat' dir='ltr'>quae</span> <span class='ocrx_word' id='word_1_854' title='bbox 1003 3858 1133 3888; x_wconf 86' lang='lat' dir='ltr'>officium</span> <span class='ocrx_word' id='word_1_855' title='bbox 1147 3855 1312 3895; x_wconf 88' lang='lat' dir='ltr'>Episcopale</span> 
     </span>
     <span class='ocr_line' id='line_1_101' title="bbox 255 3887 1315 3934; baseline 0.01 -22"><span class='ocrx_word' id='word_1_856' title='bbox 255 3891 413 3927; x_wconf 81' lang='lat' dir='ltr'>requirunt,</span> <span class='ocrx_word' id='word_1_857' title='bbox 428 3887 495 3915; x_wconf 88' lang='lat' dir='ltr'>inibi</span> <span class='ocrx_word' id='word_1_858' title='bbox 509 3892 660 3922; x_wconf 86' lang='lat' dir='ltr'>exercenda</span> <span class='ocrx_word' id='word_1_859' title='bbox 669 3915 678 3929; x_wconf 82' lang='lat'>,</span> <span class='ocrx_word' id='word_1_860' title='bbox 694 3902 753 3923; x_wconf 84' lang='lat' dir='ltr'>tam</span> <span class='ocrx_word' id='word_1_861' title='bbox 772 3894 817 3923; x_wconf 91' lang='lat' dir='ltr'>ille</span> <span class='ocrx_word' id='word_1_862' title='bbox 830 3895 874 3924; x_wconf 91' lang='lat' dir='ltr'>vel</span> <span class='ocrx_word' id='word_1_863' title='bbox 892 3895 931 3925; x_wconf 89' lang='lat' dir='ltr'>illi</span> <span class='ocrx_word' id='word_1_864' title='bbox 943 3906 1014 3933; x_wconf 90' lang='lat' dir='ltr'>quos</span> <span class='ocrx_word' id='word_1_865' title='bbox 1028 3904 1171 3934; x_wconf 88' lang='lat' dir='ltr'>propterea</span> <span class='ocrx_word' id='word_1_866' title='bbox 1184 3895 1315 3933; x_wconf 86' lang='lat' dir='ltr'>contige-</span> 
     </span>
    </p>
   </div>
   <div class='ocr_carea' id='block_1_7' title="bbox 258 3928 1317 4002">
    <p class='ocr_par' dir='ltr' id='par_1_20' title="bbox 258 3928 1317 4002">
     <span class='ocr_line' id='line_1_102' title="bbox 258 3928 1317 3972; baseline 0.016 -22"><span class='ocrx_word' id='word_1_867' title='bbox 258 3930 292 3965; x_wconf 78' lang='lat' dir='ltr'>rit</span> <span class='ocrx_word' id='word_1_868' title='bbox 310 3931 452 3952; x_wconf 87' lang='lat' dir='ltr'>remanere</span> <span class='ocrx_word' id='word_1_869' title='bbox 466 3947 475 3959; x_wconf 82' lang='lat'>,</span> <span class='ocrx_word' id='word_1_870' title='bbox 492 3934 575 3967; x_wconf 82' lang='lat' dir='ltr'>quam</span> <span class='ocrx_word' id='word_1_871' title='bbox 596 3928 641 3971; x_wconf 81' lang='lat' dir='ltr'>alii</span> <span class='ocrx_word' id='word_1_872' title='bbox 658 3940 728 3968; x_wconf 88' lang='lat' dir='ltr'>quos</span> <span class='ocrx_word' id='word_1_873' title='bbox 747 3932 781 3962; x_wconf 90' lang='lat' dir='ltr'>ad</span> <span class='ocrx_word' id='word_1_874' title='bbox 795 3932 872 3963; x_wconf 87' lang='lat' dir='ltr'>idem</span> <span class='ocrx_word' id='word_1_875' title='bbox 887 3935 984 3965; x_wconf 89' lang='lat' dir='ltr'>venire</span> <span class='ocrx_word' id='word_1_876' title='bbox 998 3934 1165 3965; x_wconf 89' lang='lat' dir='ltr'>Concilium</span> <span class='ocrx_word' id='word_1_877' title='bbox 1178 3931 1317 3972; x_wconf 73' lang='lat' dir='ltr'>praepedi·</span> 
     </span>
     <span class='ocr_line' id='line_1_103' title="bbox 260 3960 729 4002; baseline 0.021 -14"><span class='ocrx_word' id='word_1_878' title='bbox 260 3967 301 3989; x_wconf 89' lang='lat' dir='ltr'>tio</span> <span class='ocrx_word' id='word_1_879' title='bbox 314 3960 405 3990; x_wconf 83' lang='lat' dir='ltr'>forsan</span> <span class='ocrx_word' id='word_1_880' title='bbox 417 3970 550 3992; x_wconf 86' lang='grc'>0311011103</span> <span class='ocrx_word' id='word_1_881' title='bbox 563 3965 729 4002; x_wconf 84' lang='lat' dir='ltr'>prohibebit.</span> 
     </span>
    </p>
   </div>
   <div class='ocr_carea' id='block_1_8' title="bbox 260 3997 1320 4087">
    <p class='ocr_par' dir='ltr' id='par_1_21' title="bbox 260 3997 1320 4087">
     <span class='ocr_line' id='line_1_104' title="bbox 296 3997 1317 4047; baseline 0.019 -21"><span class='ocrx_word' id='word_1_882' title='bbox 296 3997 425 4042; x_wconf 80' lang='lat' dir='ltr'>Capitula</span> <span class='ocrx_word' id='word_1_883' title='bbox 445 3999 551 4038; x_wconf 85' lang='lat' dir='ltr'>insuper</span> <span class='ocrx_word' id='word_1_884' title='bbox 573 4000 755 4045; x_wconf 35' lang='lat' dir='ltr'>Eccl-esiarum</span> <span class='ocrx_word' id='word_1_885' title='bbox 771 4009 904 4038; x_wconf 91' lang='lat' dir='ltr'>omniurn</span> <span class='ocrx_word' id='word_1_886' title='bbox 922 4008 1086 4041; x_wconf 83' lang='lat' dir='ltr'>Provinciae</span> <span class='ocrx_word' id='word_1_887' title='bbox 1100 4008 1246 4047; x_wconf 82' lang='lat' dir='ltr'>cujussibet</span> <span class='ocrx_word' id='word_1_888' title='bbox 1257 4015 1317 4038; x_wconf 69' lang='lat' dir='ltr'>tam</span> 
     </span>
     <span class='ocr_line' id='line_1_105' title="bbox 260 4033 1320 4087; baseline 0.013 -21"><span class='ocrx_word' id='word_1_889' title='bbox 260 4033 469 4068; x_wconf 77' lang='lat' dir='ltr'>cathedralium</span> <span class='ocrx_word' id='word_1_890' title='bbox 482 4060 492 4076; x_wconf 89' lang='lat'>,</span> <span class='ocrx_word' id='word_1_891' title='bbox 510 4047 596 4077; x_wconf 82' lang='lat' dir='ltr'>quam</span> <span class='ocrx_word' id='word_1_892' title='bbox 609 4048 692 4072; x_wconf 78' lang='lat' dir='ltr'>etiam</span> <span class='ocrx_word' id='word_1_893' title='bbox 703 4044 835 4084; x_wconf 86' lang='lat' dir='ltr'>aliorum,</span> <span class='ocrx_word' id='word_1_894' title='bbox 851 4047 950 4086; x_wconf 89' lang='lat' dir='ltr'>quibus</span> <span class='ocrx_word' id='word_1_895' title='bbox 963 4057 1012 4087; x_wconf 89' lang='lat' dir='ltr'>per</span> <span class='ocrx_word' id='word_1_896' title='bbox 1029 4048 1144 4080; x_wconf 90' lang='lat' dir='ltr'>eosdem</span> <span class='ocrx_word' id='word_1_897' title='bbox 1159 4046 1320 4085; x_wconf 77' lang='lat' dir='ltr'>Archiepis-</span> 
     </span>
    </p>
   </div>
   <div class='ocr_carea' id='block_1_9' title="bbox 659 134 1917 190">
    <p class='ocr_par' dir='ltr' id='par_1_22' title="bbox 659 134 1917 190">
     <span class='ocr_line' id='line_1_106' title="bbox 659 134 1917 190; baseline -0.003 -8"><span class='ocrx_word' id='word_1_898' title='bbox 659 134 1459 184; x_wconf 83' lang='lat' dir='ltr'>CONVENTIONEs,</span> <span class='ocrx_word' id='word_1_899' title='bbox 1515 134 1917 190; x_wconf 86' lang='lat' dir='ltr'>LITERAE,</span> 
     </span>
    </p>
   </div>
   <div class='ocr_carea' id='block_1_10' title="bbox 1331 220 2412 1686">
    <p class='ocr_par' dir='ltr' id='par_1_23' title="bbox 1331 220 2403 341">
     <span class='ocr_line' id='line_1_107' title="bbox 1334 220 2400 265; baseline 0.003 -11"><span class='ocrx_word' id='word_1_900' title='bbox 1334 232 1423 263; x_wconf 91' lang='lat' dir='ltr'>copos</span> <span class='ocrx_word' id='word_1_901' title='bbox 1444 222 1476 252; x_wconf 91' lang='lat'>&amp;</span> <span class='ocrx_word' id='word_1_902' title='bbox 1499 221 1524 252; x_wconf 93' lang='lat' dir='ltr'><strong>E</strong></span> <span class='ocrx_word' id='word_1_903' title='bbox 1546 220 1654 260; x_wconf 89' lang='lat' dir='ltr'>iscopos</span> <span class='ocrx_word' id='word_1_904' title='bbox 1675 231 1710 254; x_wconf 85' lang='lat' dir='ltr'>ex</span> <span class='ocrx_word' id='word_1_905' title='bbox 1731 232 1808 262; x_wconf 84' lang='lat' dir='ltr'>parte</span> <span class='ocrx_word' id='word_1_906' title='bbox 1826 222 1921 254; x_wconf 68' lang='lat' dir='ltr'>nostri</span> <span class='ocrx_word' id='word_1_907' title='bbox 1935 221 2111 254; x_wconf 86' lang='lat' dir='ltr'>decrevimus</span> <span class='ocrx_word' id='word_1_908' title='bbox 2130 222 2159 254; x_wconf 87' lang='lat' dir='ltr'>id</span> <span class='ocrx_word' id='word_1_909' title='bbox 2173 223 2314 265; x_wconf 86' lang='lat' dir='ltr'>mandari,</span> <span class='ocrx_word' id='word_1_910' title='bbox 2331 234 2400 257; x_wconf 87' lang='lat' dir='ltr'>eum</span> 
     </span>
     <span class='ocr_line' id='line_1_108' title="bbox 1333 260 2403 304; baseline 0.004 -13"><span class='ocrx_word' id='word_1_911' title='bbox 1333 263 1362 291; x_wconf 89' lang='lat' dir='ltr'>in</span> <span class='ocrx_word' id='word_1_912' title='bbox 1385 260 1486 291; x_wconf 88' lang='lat' dir='ltr'>eodem</span> <span class='ocrx_word' id='word_1_913' title='bbox 1534 261 1642 291; x_wconf 91' lang='lat' dir='ltr'>oncilio</span> <span class='ocrx_word' id='word_1_914' title='bbox 1656 261 1793 292; x_wconf 67' lang='grc'>1130130113</span> <span class='ocrx_word' id='word_1_915' title='bbox 1807 261 1859 291; x_wconf 84' lang='grc'>11111</span> <span class='ocrx_word' id='word_1_916' title='bbox 1879 262 1967 301; x_wconf 89' lang='lat' dir='ltr'>aliqua</span> <span class='ocrx_word' id='word_1_917' title='bbox 1984 271 2049 299; x_wconf 85' lang='lat' dir='ltr'>quae</span> <span class='ocrx_word' id='word_1_918' title='bbox 2070 263 2249 299; x_wconf 87' lang='lat' dir='ltr'>pertinebunt</span> <span class='ocrx_word' id='word_1_919' title='bbox 2269 263 2303 294; x_wconf 84' lang='lat' dir='ltr'>ad</span> <span class='ocrx_word' id='word_1_920' title='bbox 2316 264 2403 304; x_wconf 84' lang='lat' dir='ltr'>ipsos,</span> 
     </span>
     <span class='ocr_line' id='line_1_109' title="bbox 1331 298 2114 341; baseline 0 -11"><span class='ocrx_word' id='word_1_921' title='bbox 1331 300 1366 330; x_wconf 90' lang='lat' dir='ltr'>ad</span> <span class='ocrx_word' id='word_1_922' title='bbox 1379 299 1454 329; x_wconf 92' lang='lat' dir='ltr'>idem</span> <span class='ocrx_word' id='word_1_923' title='bbox 1468 298 1636 329; x_wconf 88' lang='lat' dir='ltr'>Concilium</span> <span class='ocrx_word' id='word_1_924' title='bbox 1650 301 1724 330; x_wconf 87' lang='lat' dir='ltr'>viros</span> <span class='ocrx_word' id='word_1_925' title='bbox 1740 300 1866 337; x_wconf 88' lang='lat' dir='ltr'>ydoneos</span> <span class='ocrx_word' id='word_1_926' title='bbox 1881 310 1934 341; x_wconf 92' lang='lat' dir='ltr'>pro</span> <span class='ocrx_word' id='word_1_927' title='bbox 1945 299 1973 330; x_wconf 92' lang='lat' dir='ltr'>se</span> <span class='ocrx_word' id='word_1_928' title='bbox 1983 300 2114 338; x_wconf 68' lang='lat' dir='ltr'>mittant,</span> 
     </span>
    </p>

    <p class='ocr_par' dir='ltr' id='par_1_24' title="bbox 1334 337 2405 531">
     <span class='ocr_line' id='line_1_110' title="bbox 1370 337 2404 379; baseline 0.002 -11"><span class='ocrx_word' id='word_1_929' title='bbox 1370 338 1447 368; x_wconf 90' lang='lat' dir='ltr'>Non</span> <span class='ocrx_word' id='word_1_930' title='bbox 1461 337 1635 367; x_wconf 83' lang='lat' dir='ltr'>obstantibus</span> <span class='ocrx_word' id='word_1_931' title='bbox 1650 338 1818 377; x_wconf 86' lang='lat' dir='ltr'>quibussibet</span> <span class='ocrx_word' id='word_1_932' title='bbox 1839 338 2007 378; x_wconf 87' lang='lat' dir='ltr'>privilegiis,</span> <span class='ocrx_word' id='word_1_933' title='bbox 2023 339 2068 369; x_wconf 88' lang='lat' dir='ltr'>seu</span> <span class='ocrx_word' id='word_1_934' title='bbox 2083 338 2273 379; x_wconf 82' lang='lat' dir='ltr'>indulgentiis,</span> <span class='ocrx_word' id='word_1_935' title='bbox 2291 339 2404 377; x_wconf 89' lang='lat' dir='ltr'>quibus-</span> 
     </span>
     <span class='ocr_line' id='line_1_111' title="bbox 1334 375 2405 418; baseline 0.002 -11"><span class='ocrx_word' id='word_1_936' title='bbox 1334 386 1450 414; x_wconf 88' lang='lat' dir='ltr'>cunque</span> <span class='ocrx_word' id='word_1_937' title='bbox 1464 376 1601 413; x_wconf 85' lang='lat' dir='ltr'>personis,</span> <span class='ocrx_word' id='word_1_938' title='bbox 1620 375 1739 414; x_wconf 86' lang='lat' dir='ltr'>Ordini,</span> <span class='ocrx_word' id='word_1_939' title='bbox 1760 377 1800 406; x_wconf 93' lang='lat' dir='ltr'>Di</span> <span class='ocrx_word' id='word_1_940' title='bbox 1821 377 1917 416; x_wconf 87' lang='lat' dir='ltr'>nitati,</span> <span class='ocrx_word' id='word_1_941' title='bbox 1936 379 1981 408; x_wconf 90' lang='lat' dir='ltr'>seu</span> <span class='ocrx_word' id='word_1_942' title='bbox 1997 376 2148 417; x_wconf 81' lang='lat' dir='ltr'>Collegio,</span> <span class='ocrx_word' id='word_1_943' title='bbox 2167 379 2218 409; x_wconf 89' lang='lat' dir='ltr'>sub</span> <span class='ocrx_word' id='word_1_944' title='bbox 2237 388 2405 418; x_wconf 86' lang='lat' dir='ltr'>quacunque</span> 
     </span>
     <span class='ocr_line' id='line_1_112' title="bbox 1336 414 2404 456; baseline 0.002 -11"><span class='ocrx_word' id='word_1_945' title='bbox 1336 416 1491 445; x_wconf 90' lang='lat' dir='ltr'>verborum</span> <span class='ocrx_word' id='word_1_946' title='bbox 1515 414 1608 444; x_wconf 63' lang='lat' dir='ltr'>formai</span> <span class='ocrx_word' id='word_1_947' title='bbox 1620 437 1630 452; x_wconf 94' lang='lat'>,</span> <span class='ocrx_word' id='word_1_948' title='bbox 1655 415 1700 445; x_wconf 92' lang='lat' dir='ltr'>vel</span> <span class='ocrx_word' id='word_1_949' title='bbox 1714 418 1807 454; x_wconf 87' lang='lat' dir='ltr'>expres</span> <span class='ocrx_word' id='word_1_950' title='bbox 1822 425 1904 453; x_wconf 84' lang='lat' dir='ltr'>ione,</span> <span class='ocrx_word' id='word_1_951' title='bbox 1923 416 1939 445; x_wconf 78' lang='lat' dir='ltr'>a</span> <span class='ocrx_word' id='word_1_952' title='bbox 1953 416 2086 455; x_wconf 70' lang='lat' dir='ltr'>praeditsta</span> <span class='ocrx_word' id='word_1_953' title='bbox 2103 416 2166 446; x_wconf 91' lang='lat' dir='ltr'>sede</span> <span class='ocrx_word' id='word_1_954' title='bbox 2183 416 2339 454; x_wconf 76' lang='lat' dir='ltr'>concessis,</span> <span class='ocrx_word' id='word_1_955' title='bbox 2354 426 2404 456; x_wconf 83' lang='lat' dir='ltr'>per</span> 
     </span>
     <span class='ocr_line' id='line_1_113' title="bbox 1335 450 2405 494; baseline 0.003 -11"><span class='ocrx_word' id='word_1_956' title='bbox 1335 463 1401 490; x_wconf 74' lang='lat' dir='ltr'>quae</span> <span class='ocrx_word' id='word_1_957' title='bbox 1421 451 1506 493; x_wconf 87' lang='lat' dir='ltr'>possit</span> <span class='ocrx_word' id='word_1_958' title='bbox 1525 450 1642 483; x_wconf 69' lang='lat' dir='ltr'>effeetus</span> <span class='ocrx_word' id='word_1_959' title='bbox 1660 453 1821 491; x_wconf 87' lang='lat' dir='ltr'>hujusmodi</span> <span class='ocrx_word' id='word_1_960' title='bbox 1844 453 1967 485; x_wconf 90' lang='lat' dir='ltr'>mandati</span> <span class='ocrx_word' id='word_1_961' title='bbox 1981 454 2069 484; x_wconf 87' lang='lat' dir='ltr'>nostri</span> <span class='ocrx_word' id='word_1_962' title='bbox 2082 455 2299 494; x_wconf 89' lang='lat' dir='ltr'>quomodolibet</span> <span class='ocrx_word' id='word_1_963' title='bbox 2313 457 2405 493; x_wconf 76' lang='lat' dir='ltr'>impe—-</span> 
     </span>
     <span class='ocr_line' id='line_1_114' title="bbox 1336 489 1877 531; baseline 0 -10"><span class='ocrx_word' id='word_1_964' title='bbox 1336 492 1406 528; x_wconf 88' lang='lat' dir='ltr'>diri,</span> <span class='ocrx_word' id='word_1_965' title='bbox 1423 499 1469 521; x_wconf 92' lang='lat' dir='ltr'>aut</span> <span class='ocrx_word' id='word_1_966' title='bbox 1484 489 1578 520; x_wconf 91' lang='lat' dir='ltr'>eidem</span> <span class='ocrx_word' id='word_1_967' title='bbox 1594 491 1623 520; x_wconf 92' lang='lat' dir='ltr'>in</span> <span class='ocrx_word' id='word_1_968' title='bbox 1635 492 1670 521; x_wconf 88' lang='lat' dir='ltr'>ali</span> <span class='ocrx_word' id='word_1_969' title='bbox 1690 503 1728 523; x_wconf 89' lang='lat' dir='ltr'>uo</span> <span class='ocrx_word' id='word_1_970' title='bbox 1742 491 1877 531; x_wconf 87' lang='lat' dir='ltr'>derogari.</span> 
     </span>
    </p>

    <p class='ocr_par' dir='ltr' id='par_1_25' title="bbox 1337 502 2408 647">
     <span class='ocr_line' id='line_1_115' title="bbox 1374 502 2408 571; baseline 0.006 -13"><span class='ocrx_word' id='word_1_971' title='bbox 1374 529 1461 559; x_wconf 87' lang='lat' dir='ltr'>Circa</span> <span class='ocrx_word' id='word_1_972' title='bbox 1475 529 1653 568; x_wconf 88' lang='lat' dir='ltr'>personarum</span> <span class='ocrx_word' id='word_1_973' title='bbox 1671 502 1707 561; x_wconf 53' lang='grc' dir='ltr'>ἓξ</span> <span class='ocrx_word' id='word_1_974' title='bbox 1727 531 1909 561; x_wconf 64' lang='lat' dir='ltr'>evectionum</span> <span class='ocrx_word' id='word_1_975' title='bbox 1924 540 2076 562; x_wconf 87' lang='lat' dir='ltr'>numerum</span> <span class='ocrx_word' id='word_1_976' title='bbox 2097 531 2309 571; x_wconf 82' lang='lat' dir='ltr'>moderamine,</span> <span class='ocrx_word' id='word_1_977' title='bbox 2328 531 2408 571; x_wconf 90' lang='lat' dir='ltr'>quod</span> 
     </span>
     <span class='ocr_line' id='line_1_116' title="bbox 1337 566 2407 609; baseline 0.005 -12"><span class='ocrx_word' id='word_1_978' title='bbox 1337 567 1400 597; x_wconf 89' lang='lat' dir='ltr'>alias</span> <span class='ocrx_word' id='word_1_979' title='bbox 1426 567 1519 597; x_wconf 90' lang='lat' dir='ltr'>statuit</span> <span class='ocrx_word' id='word_1_980' title='bbox 1543 566 1724 598; x_wconf 84' lang='lat' dir='ltr'>Lateranense</span> <span class='ocrx_word' id='word_1_981' title='bbox 1744 568 1913 599; x_wconf 88' lang='lat' dir='ltr'>Concilium</span> <span class='ocrx_word' id='word_1_982' title='bbox 1928 592 1938 608; x_wconf 90' lang='lat'>,</span> <span class='ocrx_word' id='word_1_983' title='bbox 1956 570 2044 600; x_wconf 87' lang='lat' dir='ltr'>taliter</span> <span class='ocrx_word' id='word_1_984' title='bbox 2063 569 2212 601; x_wconf 89' lang='lat' dir='ltr'>observato</span> <span class='ocrx_word' id='word_1_985' title='bbox 2223 593 2235 609; x_wconf 92' lang='lat'>,</span> <span class='ocrx_word' id='word_1_986' title='bbox 2253 580 2285 602; x_wconf 92' lang='lat' dir='ltr'>ut</span> <span class='ocrx_word' id='word_1_987' title='bbox 2298 571 2407 602; x_wconf 88' lang='lat' dir='ltr'>nemini</span> 
     </span>
     <span class='ocr_line' id='line_1_117' title="bbox 1337 605 2144 647; baseline 0.002 -11"><span class='ocrx_word' id='word_1_988' title='bbox 1337 606 1419 636; x_wconf 84' lang='lat' dir='ltr'>liceat</span> <span class='ocrx_word' id='word_1_989' title='bbox 1432 605 1500 636; x_wconf 91' lang='lat' dir='ltr'>illud</span> <span class='ocrx_word' id='word_1_990' title='bbox 1511 605 1661 645; x_wconf 84' lang='lat' dir='ltr'>excedere,</span> <span class='ocrx_word' id='word_1_991' title='bbox 1677 607 1716 637; x_wconf 90' lang='lat' dir='ltr'>set</span> <span class='ocrx_word' id='word_1_992' title='bbox 1729 608 1863 638; x_wconf 88' lang='lat' dir='ltr'>omnibus</span> <span class='ocrx_word' id='word_1_993' title='bbox 1875 617 1958 647; x_wconf 90' lang='lat' dir='ltr'>prout</span> <span class='ocrx_word' id='word_1_994' title='bbox 1971 608 2039 638; x_wconf 88' lang='lat' dir='ltr'>libet</span> <span class='ocrx_word' id='word_1_995' title='bbox 2051 618 2144 639; x_wconf 86' lang='lat' dir='ltr'>artare.</span> 
     </span>
    </p>

    <p class='ocr_par' dir='ltr' id='par_1_26' title="bbox 1340 643 2409 759">
     <span class='ocr_line' id='line_1_118' title="bbox 1375 643 2406 687; baseline 0.005 -14"><span class='ocrx_word' id='word_1_996' title='bbox 1375 643 1483 674; x_wconf 89' lang='lat' dir='ltr'>Nullus</span> <span class='ocrx_word' id='word_1_997' title='bbox 1495 645 1647 684; x_wconf 91' lang='lat' dir='ltr'>pomposus</span> <span class='ocrx_word' id='word_1_998' title='bbox 1659 653 1706 675; x_wconf 92' lang='lat' dir='ltr'>aut</span> <span class='ocrx_word' id='word_1_999' title='bbox 1720 645 1808 676; x_wconf 91' lang='lat' dir='ltr'>inanis</span> <span class='ocrx_word' id='word_1_1000' title='bbox 1820 646 1917 685; x_wconf 86' lang='lat' dir='ltr'>gloriae</span> <span class='ocrx_word' id='word_1_1001' title='bbox 1930 647 2077 686; x_wconf 80' lang='lat' dir='ltr'>quaesitor,</span> <span class='ocrx_word' id='word_1_1002' title='bbox 2092 646 2130 678; x_wconf 89' lang='lat' dir='ltr'>set</span> <span class='ocrx_word' id='word_1_1003' title='bbox 2144 645 2259 687; x_wconf 88' lang='lat' dir='ltr'>quilibet</span> <span class='ocrx_word' id='word_1_1004' title='bbox 2277 647 2314 678; x_wconf 92' lang='lat' dir='ltr'>sic</span> <span class='ocrx_word' id='word_1_1005' title='bbox 2329 656 2406 678; x_wconf 73' lang='lat' dir='ltr'>verae</span> 
     </span>
     <span class='ocr_line' id='line_1_119' title="bbox 1340 681 2409 724; baseline 0.005 -12"><span class='ocrx_word' id='word_1_1006' title='bbox 1340 681 1500 713; x_wconf 89' lang='lat' dir='ltr'>humilitatis</span> <span class='ocrx_word' id='word_1_1007' title='bbox 1515 683 1606 713; x_wconf 90' lang='lat' dir='ltr'>cultor</span> <span class='ocrx_word' id='word_1_1008' title='bbox 1616 692 1759 723; x_wconf 85' lang='lat' dir='ltr'>appareat,</span> <span class='ocrx_word' id='word_1_1009' title='bbox 1776 684 1855 723; x_wconf 89' lang='lat' dir='ltr'>quod</span> <span class='ocrx_word' id='word_1_1010' title='bbox 1873 685 1905 716; x_wconf 89' lang='lat'>&amp;</span> <span class='ocrx_word' id='word_1_1011' title='bbox 1919 684 2053 716; x_wconf 87' lang='lat' dir='ltr'>Ecclesiae</span> <span class='ocrx_word' id='word_1_1012' title='bbox 2064 686 2116 724; x_wconf 81' lang='lat' dir='ltr'>sibi</span> <span class='ocrx_word' id='word_1_1013' title='bbox 2129 684 2288 716; x_wconf 77' lang='lat' dir='ltr'>commissae</span> <span class='ocrx_word' id='word_1_1014' title='bbox 2301 695 2409 724; x_wconf 56' lang='lat' dir='ltr'>nequae</span> 
     </span>
     <span class='ocr_line' id='line_1_120' title="bbox 1340 721 1691 759; baseline 0.003 -8"><span class='ocrx_word' id='word_1_1015' title='bbox 1340 731 1427 759; x_wconf 86' lang='lat' dir='ltr'>quam</span> <span class='ocrx_word' id='word_1_1016' title='bbox 1442 721 1574 751; x_wconf 90' lang='lat' dir='ltr'>onerosus</span> <span class='ocrx_word' id='word_1_1017' title='bbox 1587 721 1691 752; x_wconf 86' lang='lat' dir='ltr'>existat.</span> 
     </span>
    </p>

    <p class='ocr_par' dir='ltr' id='par_1_27' title="bbox 1337 759 2410 944">
     <span class='ocr_line' id='line_1_121' title="bbox 1376 759 2409 802; baseline 0.004 -13"><span class='ocrx_word' id='word_1_1018' title='bbox 1376 759 1577 790; x_wconf 87' lang='lat' dir='ltr'>Mandavimus</span> <span class='ocrx_word' id='word_1_1019' title='bbox 1599 760 1707 798; x_wconf 84' lang='lat' dir='ltr'>insuper</span> <span class='ocrx_word' id='word_1_1020' title='bbox 1728 768 1759 791; x_wconf 88' lang='lat' dir='ltr'>ut</span> <span class='ocrx_word' id='word_1_1021' title='bbox 1779 760 1864 792; x_wconf 89' lang='lat' dir='ltr'>iidem</span> <span class='ocrx_word' id='word_1_1022' title='bbox 1885 761 2098 802; x_wconf 88' lang='lat' dir='ltr'>Archiepiscopi</span> <span class='ocrx_word' id='word_1_1023' title='bbox 2119 762 2153 793; x_wconf 67' lang='grc' dir='ltr'>ὃς</span> <span class='ocrx_word' id='word_1_1024' title='bbox 2166 761 2300 800; x_wconf 89' lang='lat' dir='ltr'>Episcopi</span> <span class='ocrx_word' id='word_1_1025' title='bbox 2313 771 2362 802; x_wconf 90' lang='lat' dir='ltr'>per</span> <span class='ocrx_word' id='word_1_1026' title='bbox 2381 761 2409 794; x_wconf 89' lang='lat' dir='ltr'>se</span> 
     </span>
     <span class='ocr_line' id='line_1_122' title="bbox 1339 798 2408 840; baseline 0.004 -13"><span class='ocrx_word' id='word_1_1027' title='bbox 1339 807 1372 828; x_wconf 90' lang='lat' dir='ltr'>ac</span> <span class='ocrx_word' id='word_1_1028' title='bbox 1394 798 1461 828; x_wconf 88' lang='lat' dir='ltr'>alios</span> <span class='ocrx_word' id='word_1_1029' title='bbox 1477 798 1626 838; x_wconf 75' lang='lat' dir='ltr'>prudentes</span> <span class='ocrx_word' id='word_1_1030' title='bbox 1647 800 1722 829; x_wconf 91' lang='lat' dir='ltr'>viros</span> <span class='ocrx_word' id='word_1_1031' title='bbox 1735 823 1744 837; x_wconf 85' lang='lat'>,</span> <span class='ocrx_word' id='word_1_1032' title='bbox 1763 798 1863 831; x_wconf 86' lang='lat' dir='ltr'>Deum</span> <span class='ocrx_word' id='word_1_1033' title='bbox 1884 801 2016 831; x_wconf 86' lang='lat' dir='ltr'>timentes</span> <span class='ocrx_word' id='word_1_1034' title='bbox 2036 802 2069 833; x_wconf 75' lang='grc' dir='ltr'>δε</span> <span class='ocrx_word' id='word_1_1035' title='bbox 2084 801 2216 832; x_wconf 87' lang='lat' dir='ltr'>habentes</span> <span class='ocrx_word' id='word_1_1036' title='bbox 2231 811 2288 838; x_wconf 85' lang='lat' dir='ltr'>prae</span> <span class='ocrx_word' id='word_1_1037' title='bbox 2300 801 2408 840; x_wconf 89' lang='lat' dir='ltr'>oculis,</span> 
     </span>
     <span class='ocr_line' id='line_1_123' title="bbox 1339 837 2410 878; baseline 0.003 -12"><span class='ocrx_word' id='word_1_1038' title='bbox 1339 838 1436 866; x_wconf 86' lang='lat' dir='ltr'>onmia</span> <span class='ocrx_word' id='word_1_1039' title='bbox 1450 862 1459 876; x_wconf 85' lang='lat'>‚</span> <span class='ocrx_word' id='word_1_1040' title='bbox 1483 847 1547 875; x_wconf 87' lang='lat' dir='ltr'>quae</span> <span class='ocrx_word' id='word_1_1041' title='bbox 1571 837 1756 867; x_wconf 58' lang='lat' dir='ltr'>correctionis</span> <span class='ocrx_word' id='word_1_1042' title='bbox 1775 839 1809 869; x_wconf 70' lang='grc' dir='ltr'>ὃ(</span> <span class='ocrx_word' id='word_1_1043' title='bbox 1831 839 2037 869; x_wconf 87' lang='lat' dir='ltr'>reformationis</span> <span class='ocrx_word' id='word_1_1044' title='bbox 2062 839 2157 870; x_wconf 90' lang='lat' dir='ltr'>limam</span> <span class='ocrx_word' id='word_1_1045' title='bbox 2178 839 2349 878; x_wconf 87' lang='lat' dir='ltr'>exposcunt,</span> <span class='ocrx_word' id='word_1_1046' title='bbox 2366 841 2410 869; x_wconf 91' lang='lat' dir='ltr'>in-</span> 
     </span>
     <span class='ocr_line' id='line_1_124' title="bbox 1341 875 2407 916; baseline 0.004 -12"><span class='ocrx_word' id='word_1_1047' title='bbox 1341 877 1453 913; x_wconf 85' lang='lat' dir='ltr'>quirant</span> <span class='ocrx_word' id='word_1_1048' title='bbox 1473 875 1604 906; x_wconf 85' lang='lat' dir='ltr'>subtiliter</span> <span class='ocrx_word' id='word_1_1049' title='bbox 1627 876 1661 907; x_wconf 86' lang='lat'>&amp;</span> <span class='ocrx_word' id='word_1_1050' title='bbox 1676 876 1850 908; x_wconf 77' lang='lat' dir='ltr'>conscribant</span> <span class='ocrx_word' id='word_1_1051' title='bbox 1868 877 2003 916; x_wconf 87' lang='lat' dir='ltr'>fideliter,</span> <span class='ocrx_word' id='word_1_1052' title='bbox 2022 878 2120 908; x_wconf 89' lang='lat' dir='ltr'>eadem</span> <span class='ocrx_word' id='word_1_1053' title='bbox 2134 878 2168 909; x_wconf 90' lang='lat' dir='ltr'>ad</span> <span class='ocrx_word' id='word_1_1054' title='bbox 2184 879 2265 916; x_wconf 79' lang='lat' dir='ltr'>ipsius</span> <span class='ocrx_word' id='word_1_1055' title='bbox 2280 877 2407 908; x_wconf 90' lang='lat' dir='ltr'>Concilii</span> 
     </span>
     <span class='ocr_line' id='line_1_125' title="bbox 1337 914 1605 944; baseline -0.004 0"><span class='ocrx_word' id='word_1_1056' title='bbox 1337 915 1468 944; x_wconf 86' lang='lat' dir='ltr'>notitiam</span> <span class='ocrx_word' id='word_1_1057' title='bbox 1480 914 1605 944; x_wconf 91' lang='lat' dir='ltr'>delaturi.</span> 
     </span>
    </p>

    <p class='ocr_par' dir='ltr' id='par_1_28' title="bbox 1339 951 2412 1101">
     <span class='ocr_line' id='line_1_126' title="bbox 1377 951 2408 993; baseline 0.003 -11"><span class='ocrx_word' id='word_1_1058' title='bbox 1377 951 1415 983; x_wconf 89' lang='lat' dir='ltr'>Et</span> <span class='ocrx_word' id='word_1_1059' title='bbox 1430 962 1482 983; x_wconf 90' lang='lat' dir='ltr'>nos</span> <span class='ocrx_word' id='word_1_1060' title='bbox 1495 953 1698 983; x_wconf 87' lang='lat' dir='ltr'>nichilominus</span> <span class='ocrx_word' id='word_1_1061' title='bbox 1711 953 1791 983; x_wconf 86' lang='lat' dir='ltr'>variis</span> <span class='ocrx_word' id='word_1_1062' title='bbox 1807 953 1917 993; x_wconf 87' lang='lat' dir='ltr'>modis,</span> <span class='ocrx_word' id='word_1_1063' title='bbox 1935 954 1969 984; x_wconf 66' lang='grc' dir='ltr'>ὅ(</span> <span class='ocrx_word' id='word_1_1064' title='bbox 1983 955 2035 984; x_wconf 89' lang='lat' dir='ltr'>viis</span> <span class='ocrx_word' id='word_1_1065' title='bbox 2053 954 2143 985; x_wconf 90' lang='lat' dir='ltr'>sollers</span> <span class='ocrx_word' id='word_1_1066' title='bbox 2160 953 2285 985; x_wconf 89' lang='lat' dir='ltr'>studium</span> <span class='ocrx_word' id='word_1_1067' title='bbox 2299 954 2332 985; x_wconf 67' lang='grc' dir='ltr'>ὅ(</span> <span class='ocrx_word' id='word_1_1068' title='bbox 2344 953 2408 984; x_wconf 87' lang='lat' dir='ltr'>effi-</span> 
     </span>
     <span class='ocr_line' id='line_1_127' title="bbox 1339 991 2410 1031; baseline 0.003 -10"><span class='ocrx_word' id='word_1_1069' title='bbox 1339 1000 1438 1022; x_wconf 90' lang='lat' dir='ltr'>cacem</span> <span class='ocrx_word' id='word_1_1070' title='bbox 1458 1001 1574 1031; x_wconf 89' lang='lat' dir='ltr'>operam</span> <span class='ocrx_word' id='word_1_1071' title='bbox 1595 991 1659 1021; x_wconf 88' lang='lat' dir='ltr'>dare</span> <span class='ocrx_word' id='word_1_1072' title='bbox 1682 992 1888 1031; x_wconf 86' lang='lat' dir='ltr'>proponimus,</span> <span class='ocrx_word' id='word_1_1073' title='bbox 1915 1000 1946 1022; x_wconf 94' lang='lat' dir='ltr'>ut</span> <span class='ocrx_word' id='word_1_1074' title='bbox 1966 993 2062 1023; x_wconf 89' lang='lat' dir='ltr'>omnia</span> <span class='ocrx_word' id='word_1_1075' title='bbox 2079 993 2140 1023; x_wconf 89' lang='lat' dir='ltr'>talia</span> <span class='ocrx_word' id='word_1_1076' title='bbox 2159 995 2189 1024; x_wconf 89' lang='lat' dir='ltr'>in</span> <span class='ocrx_word' id='word_1_1077' title='bbox 2204 1002 2322 1024; x_wconf 87' lang='lat' dir='ltr'>examen</span> <span class='ocrx_word' id='word_1_1078' title='bbox 2341 993 2410 1030; x_wconf 85' lang='lat' dir='ltr'>ejus-</span> 
     </span>
     <span class='ocr_line' id='line_1_128' title="bbox 1340 1029 2412 1073; baseline 0.003 -14"><span class='ocrx_word' id='word_1_1079' title='bbox 1340 1029 1408 1059; x_wconf 91' lang='lat' dir='ltr'>dem</span> <span class='ocrx_word' id='word_1_1080' title='bbox 1420 1029 1543 1061; x_wconf 69' lang='grc'>11000613</span> <span class='ocrx_word' id='word_1_1081' title='bbox 1553 1029 1682 1060; x_wconf 87' lang='lat' dir='ltr'>Concilii</span> <span class='ocrx_word' id='word_1_1082' title='bbox 1693 1030 1902 1061; x_wconf 63' lang='lat' dir='ltr'>correctionem</span> <span class='ocrx_word' id='word_1_1083' title='bbox 1917 1031 1951 1062; x_wconf 88' lang='lat'>&amp;</span> <span class='ocrx_word' id='word_1_1084' title='bbox 1964 1030 2154 1062; x_wconf 66' lang='lat' dir='ltr'>directionem</span> <span class='ocrx_word' id='word_1_1085' title='bbox 2174 1033 2309 1072; x_wconf 81' lang='lat' dir='ltr'>recipiant</span> <span class='ocrx_word' id='word_1_1086' title='bbox 2323 1041 2412 1073; x_wconf 82' lang='lat' dir='ltr'>opor-</span> 
     </span>
     <span class='ocr_line' id='line_1_129' title="bbox 1339 1076 1446 1101; baseline 0.028 -4"><span class='ocrx_word' id='word_1_1087' title='bbox 1339 1076 1446 1101; x_wconf 84' lang='lat' dir='ltr'>tunam.</span> 
     </span>
    </p>

    <p class='ocr_par' dir='ltr' id='par_1_29' title="bbox 1337 1105 2411 1369">
     <span class='ocr_line' id='line_1_130' title="bbox 1376 1105 2407 1147; baseline 0.003 -10"><span class='ocrx_word' id='word_1_1088' title='bbox 1376 1106 1446 1137; x_wconf 90' lang='lat' dir='ltr'>Hoc</span> <span class='ocrx_word' id='word_1_1089' title='bbox 1469 1108 1554 1138; x_wconf 87' lang='lat' dir='ltr'>etiarn</span> <span class='ocrx_word' id='word_1_1090' title='bbox 1576 1107 1606 1136; x_wconf 90' lang='lat' dir='ltr'>in</span> <span class='ocrx_word' id='word_1_1091' title='bbox 1627 1105 1728 1137; x_wconf 90' lang='lat' dir='ltr'>eisdem</span> <span class='ocrx_word' id='word_1_1092' title='bbox 1751 1105 1844 1137; x_wconf 87' lang='lat' dir='ltr'>litteris</span> <span class='ocrx_word' id='word_1_1093' title='bbox 1863 1105 1962 1137; x_wconf 86' lang='lat' dir='ltr'>nostris</span> <span class='ocrx_word' id='word_1_1094' title='bbox 1981 1107 2090 1145; x_wconf 67' lang='lat' dir='ltr'>adjecto</span> <span class='ocrx_word' id='word_1_1095' title='bbox 2105 1131 2115 1146; x_wconf 88' lang='lat'>,</span> <span class='ocrx_word' id='word_1_1096' title='bbox 2131 1116 2164 1138; x_wconf 91' lang='lat' dir='ltr'>ut</span> <span class='ocrx_word' id='word_1_1097' title='bbox 2179 1107 2285 1147; x_wconf 90' lang='lat' dir='ltr'>nullus,</span> <span class='ocrx_word' id='word_1_1098' title='bbox 2307 1110 2407 1140; x_wconf 91' lang='lat' dir='ltr'>inobe—</span> 
     </span>
     <span class='ocr_line' id='line_1_131' title="bbox 1339 1145 2411 1187; baseline 0.003 -12"><span class='ocrx_word' id='word_1_1099' title='bbox 1339 1145 1454 1176; x_wconf 88' lang='lat' dir='ltr'>dientiae</span> <span class='ocrx_word' id='word_1_1100' title='bbox 1469 1155 1584 1184; x_wconf 88' lang='lat' dir='ltr'>notam,</span> <span class='ocrx_word' id='word_1_1101' title='bbox 1601 1146 1636 1177; x_wconf 89' lang='lat'>&amp;</span> <span class='ocrx_word' id='word_1_1102' title='bbox 1652 1145 1800 1176; x_wconf 86' lang='lat' dir='ltr'>canonicae</span> <span class='ocrx_word' id='word_1_1103' title='bbox 1815 1146 1928 1176; x_wconf 89' lang='lat' dir='ltr'>ultionis</span> <span class='ocrx_word' id='word_1_1104' title='bbox 1940 1146 2127 1176; x_wconf 85' lang='lat' dir='ltr'>acrimoniam</span> <span class='ocrx_word' id='word_1_1105' title='bbox 2140 1147 2226 1176; x_wconf 90' lang='lat' dir='ltr'>vitare</span> <span class='ocrx_word' id='word_1_1106' title='bbox 2239 1146 2392 1178; x_wconf 80' lang='lat' dir='ltr'>desiderans</span> <span class='ocrx_word' id='word_1_1107' title='bbox 2401 1171 2411 1187; x_wconf 90' lang='lat'>,</span> 
     </span>
     <span class='ocr_line' id='line_1_132' title="bbox 1338 1183 2408 1223; baseline 0.003 -9"><span class='ocrx_word' id='word_1_1108' title='bbox 1338 1184 1481 1215; x_wconf 89' lang='lat' dir='ltr'>fallacium</span> <span class='ocrx_word' id='word_1_1109' title='bbox 1496 1184 1706 1216; x_wconf 86' lang='lat' dir='ltr'>excusationum</span> <span class='ocrx_word' id='word_1_1110' title='bbox 1718 1184 1879 1214; x_wconf 91' lang='lat' dir='ltr'>velamento</span> <span class='ocrx_word' id='word_1_1111' title='bbox 1894 1183 1913 1203; x_wconf 66' lang='lat'>*²</span> <span class='ocrx_word' id='word_1_1112' title='bbox 1927 1183 1953 1214; x_wconf 91' lang='lat' dir='ltr'>se</span> <span class='ocrx_word' id='word_1_1113' title='bbox 1968 1185 2093 1223; x_wconf 84' lang='lat' dir='ltr'>muniat,</span> <span class='ocrx_word' id='word_1_1114' title='bbox 2111 1185 2157 1216; x_wconf 89' lang='lat' dir='ltr'>vel</span> <span class='ocrx_word' id='word_1_1115' title='bbox 2169 1194 2205 1214; x_wconf 82' lang='lat' dir='ltr'>ex</span> <span class='ocrx_word' id='word_1_1116' title='bbox 2221 1185 2408 1223; x_wconf 84' lang='lat' dir='ltr'>impedimen-</span> 
     </span>
     <span class='ocr_line' id='line_1_133' title="bbox 1341 1222 2408 1264; baseline 0.003 -11"><span class='ocrx_word' id='word_1_1117' title='bbox 1341 1224 1375 1253; x_wconf 90' lang='lat' dir='ltr'>tis</span> <span class='ocrx_word' id='word_1_1118' title='bbox 1395 1224 1528 1254; x_wconf 90' lang='lat' dir='ltr'>itinerum</span> <span class='ocrx_word' id='word_1_1119' title='bbox 1542 1246 1552 1262; x_wconf 93' lang='lat'>,</span> <span class='ocrx_word' id='word_1_1120' title='bbox 1575 1233 1639 1261; x_wconf 86' lang='lat' dir='ltr'>quae</span> <span class='ocrx_word' id='word_1_1121' title='bbox 1652 1246 1662 1262; x_wconf 86' lang='lat'>,</span> <span class='ocrx_word' id='word_1_1122' title='bbox 1686 1222 1820 1253; x_wconf 91' lang='lat' dir='ltr'>Domino</span> <span class='ocrx_word' id='word_1_1123' title='bbox 1834 1233 1916 1261; x_wconf 82' lang='lat' dir='ltr'>prava</span> <span class='ocrx_word' id='word_1_1124' title='bbox 1930 1223 1960 1252; x_wconf 90' lang='grc'>111</span> <span class='ocrx_word' id='word_1_1125' title='bbox 1973 1222 2079 1254; x_wconf 67' lang='lat' dir='ltr'>directa</span> <span class='ocrx_word' id='word_1_1126' title='bbox 2091 1224 2125 1255; x_wconf 91' lang='lat'>&amp;</span> <span class='ocrx_word' id='word_1_1127' title='bbox 2139 1223 2169 1253; x_wconf 87' lang='lat' dir='ltr'>iti</span> <span class='ocrx_word' id='word_1_1128' title='bbox 2183 1224 2241 1253; x_wconf 90' lang='lat' dir='ltr'>vias</span> <span class='ocrx_word' id='word_1_1129' title='bbox 2253 1225 2344 1264; x_wconf 86' lang='lat' dir='ltr'>planas</span> <span class='ocrx_word' id='word_1_1130' title='bbox 2361 1224 2408 1256; x_wconf 62' lang='lat' dir='ltr'>sui</span> 
     </span>
     <span class='ocr_line' id='line_1_134' title="bbox 1338 1261 2407 1302; baseline 0.003 -11"><span class='ocrx_word' id='word_1_1131' title='bbox 1338 1261 1545 1299; x_wconf 73' lang='lat' dir='ltr'>omnipotentia</span> <span class='ocrx_word' id='word_1_1132' title='bbox 1564 1270 1750 1293; x_wconf 87' lang='lat' dir='ltr'>convertente</span> <span class='ocrx_word' id='word_1_1133' title='bbox 1765 1284 1775 1300; x_wconf 87' lang='lat'>‚</span> <span class='ocrx_word' id='word_1_1134' title='bbox 1792 1261 1882 1301; x_wconf 90' lang='lat' dir='ltr'>aspera</span> <span class='ocrx_word' id='word_1_1135' title='bbox 1902 1261 2094 1300; x_wconf 82' lang='lat' dir='ltr'>cessaverunt,</span> <span class='ocrx_word' id='word_1_1136' title='bbox 2108 1261 2218 1293; x_wconf 88' lang='lat' dir='ltr'>frivolae</span> <span class='ocrx_word' id='word_1_1137' title='bbox 2238 1263 2407 1302; x_wconf 85' lang='lat' dir='ltr'>allegationis</span> 
     </span>
     <span class='ocr_line' id='line_1_135' title="bbox 1337 1299 2408 1369; baseline 0.003 -39"><span class='ocrx_word' id='word_1_1138' title='bbox 1337 1302 1516 1369; x_wconf 58' lang='lat' dir='ltr'>cririunimenta</span> <span class='ocrx_word' id='word_1_1139' title='bbox 1538 1299 1705 1340; x_wconf 84' lang='lat' dir='ltr'>confingat,</span> <span class='ocrx_word' id='word_1_1140' title='bbox 1726 1308 1757 1331; x_wconf 93' lang='lat' dir='ltr'>ut</span> <span class='ocrx_word' id='word_1_1141' title='bbox 1775 1301 1791 1331; x_wconf 72' lang='lat' dir='ltr'>a</span> <span class='ocrx_word' id='word_1_1142' title='bbox 1809 1309 1868 1332; x_wconf 88' lang='lat' dir='ltr'>tarn</span> <span class='ocrx_word' id='word_1_1143' title='bbox 1886 1299 1970 1330; x_wconf 70' lang='grc'>[3111511</span> <span class='ocrx_word' id='word_1_1144' title='bbox 1993 1300 2190 1338; x_wconf 86' lang='lat' dir='ltr'>prosecutione</span> <span class='ocrx_word' id='word_1_1145' title='bbox 2205 1302 2295 1340; x_wconf 88' lang='lat' dir='ltr'>operis</span> <span class='ocrx_word' id='word_1_1146' title='bbox 2306 1302 2333 1332; x_wconf 91' lang='lat' dir='ltr'>se</span> <span class='ocrx_word' id='word_1_1147' title='bbox 2343 1302 2408 1333; x_wconf 89' lang='lat' dir='ltr'>sub-</span> 
     </span>
    </p>

    <p class='ocr_par' dir='ltr' id='par_1_30' title="bbox 1358 1348 1430 1369">
     <span class='ocr_line' id='line_1_136' title="bbox 1358 1348 1430 1369; baseline -0.014 0"><span class='ocrx_word' id='word_1_1148' title='bbox 1358 1348 1430 1369; x_wconf 88' lang='lat' dir='ltr'>ucat.</span> 
     </span>
    </p>

    <p class='ocr_par' dir='ltr' id='par_1_31' title="bbox 1338 1375 2410 1570">
     <span class='ocr_line' id='line_1_137' title="bbox 1375 1375 2408 1419; baseline 0.002 -11"><span class='ocrx_word' id='word_1_1149' title='bbox 1375 1377 1423 1408; x_wconf 87' lang='lat' dir='ltr'>Set</span> <span class='ocrx_word' id='word_1_1150' title='bbox 1443 1376 1708 1416; x_wconf 86' lang='lat' dir='ltr'>occurrant-singuli</span> <span class='ocrx_word' id='word_1_1151' title='bbox 1729 1376 1878 1407; x_wconf 88' lang='lat' dir='ltr'>voluntarii</span> <span class='ocrx_word' id='word_1_1152' title='bbox 1897 1375 1932 1407; x_wconf 87' lang='lat' dir='ltr'>ad</span> <span class='ocrx_word' id='word_1_1153' title='bbox 1952 1375 1981 1407; x_wconf 92' lang='lat' dir='ltr'>id</span> <span class='ocrx_word' id='word_1_1154' title='bbox 2002 1377 2080 1415; x_wconf 93' lang='lat' dir='ltr'>quod</span> <span class='ocrx_word' id='word_1_1155' title='bbox 2103 1377 2137 1409; x_wconf 88' lang='lat'>&amp;</span> <span class='ocrx_word' id='word_1_1156' title='bbox 2154 1377 2259 1408; x_wconf 87' lang='lat' dir='ltr'>divinae</span> <span class='ocrx_word' id='word_1_1157' title='bbox 2274 1380 2408 1419; x_wconf 78' lang='lat' dir='ltr'>congruit</span> 
     </span>
     <span class='ocr_line' id='line_1_138' title="bbox 1338 1415 2405 1456; baseline 0.003 -11"><span class='ocrx_word' id='word_1_1158' title='bbox 1338 1415 1500 1455; x_wconf 89' lang='lat' dir='ltr'>voluntati,</span> <span class='ocrx_word' id='word_1_1159' title='bbox 1526 1417 1559 1447; x_wconf 90' lang='lat'>&amp;</span> <span class='ocrx_word' id='word_1_1160' title='bbox 1583 1415 1695 1446; x_wconf 89' lang='lat' dir='ltr'>salutem</span> <span class='ocrx_word' id='word_1_1161' title='bbox 1716 1416 1872 1445; x_wconf 86' lang='lat' dir='ltr'>animarum</span> <span class='ocrx_word' id='word_1_1162' title='bbox 1893 1425 1925 1446; x_wconf 91' lang='grc'>30</span> <span class='ocrx_word' id='word_1_1163' title='bbox 1937 1415 2083 1447; x_wconf 82' lang='lat' dir='ltr'>utilitatem</span> <span class='ocrx_word' id='word_1_1164' title='bbox 2099 1416 2207 1456; x_wconf 89' lang='lat' dir='ltr'>respicit</span> <span class='ocrx_word' id='word_1_1165' title='bbox 2224 1417 2405 1456; x_wconf 85' lang='lat' dir='ltr'>singulorum.</span> 
     </span>
     <span class='ocr_line' id='line_1_139' title="bbox 1339 1453 2409 1495; baseline 0.003 -11"><span class='ocrx_word' id='word_1_1166' title='bbox 1339 1453 1487 1485; x_wconf 82' lang='lat' dir='ltr'>Caeterum</span> <span class='ocrx_word' id='word_1_1167' title='bbox 1508 1456 1573 1493; x_wconf 83' lang='lat' dir='ltr'>quia</span> <span class='ocrx_word' id='word_1_1168' title='bbox 1593 1453 1785 1490; x_wconf 88' lang='lat' dir='ltr'>multipliciter</span> <span class='ocrx_word' id='word_1_1169' title='bbox 1805 1453 1915 1493; x_wconf 82' lang='lat' dir='ltr'>expedit</span> <span class='ocrx_word' id='word_1_1170' title='bbox 1929 1478 1939 1491; x_wconf 89' lang='lat'>,</span> <span class='ocrx_word' id='word_1_1171' title='bbox 1955 1462 1986 1484; x_wconf 93' lang='lat' dir='ltr'>ut</span> <span class='ocrx_word' id='word_1_1172' title='bbox 2000 1462 2058 1485; x_wconf 88' lang='lat' dir='ltr'>tam</span> <span class='ocrx_word' id='word_1_1173' title='bbox 2073 1455 2189 1485; x_wconf 90' lang='lat' dir='ltr'>celebris</span> <span class='ocrx_word' id='word_1_1174' title='bbox 2202 1455 2332 1495; x_wconf 89' lang='lat' dir='ltr'>Synodus</span> <span class='ocrx_word' id='word_1_1175' title='bbox 2345 1455 2409 1494; x_wconf 64' lang='lat' dir='ltr'>tufi,</span> 
     </span>
     <span class='ocr_line' id='line_1_140' title="bbox 1338 1491 2410 1533; baseline 0.002 -10"><span class='ocrx_word' id='word_1_1176' title='bbox 1338 1493 1371 1523; x_wconf 76' lang='grc' dir='ltr'>δε</span> <span class='ocrx_word' id='word_1_1177' title='bbox 1387 1494 1508 1524; x_wconf 87' lang='lat' dir='ltr'>aliorum</span> <span class='ocrx_word' id='word_1_1178' title='bbox 1523 1492 1730 1524; x_wconf 82' lang='lat' dir='ltr'>catholicorum</span> <span class='ocrx_word' id='word_1_1179' title='bbox 1743 1491 1909 1532; x_wconf 89' lang='lat' dir='ltr'>Principum</span> <span class='ocrx_word' id='word_1_1180' title='bbox 1921 1493 2069 1524; x_wconf 88' lang='lat' dir='ltr'>decoretur</span> <span class='ocrx_word' id='word_1_1181' title='bbox 2081 1493 2224 1533; x_wconf 74' lang='lat' dir='ltr'>praesentia</span> <span class='ocrx_word' id='word_1_1182' title='bbox 2231 1516 2242 1533; x_wconf 83' lang='lat'>,</span> <span class='ocrx_word' id='word_1_1183' title='bbox 2260 1494 2294 1526; x_wconf 67' lang='grc' dir='ltr'>ὃ(</span> <span class='ocrx_word' id='word_1_1184' title='bbox 2307 1494 2410 1525; x_wconf 85' lang='lat' dir='ltr'>salubri</span> 
     </span>
     <span class='ocr_line' id='line_1_141' title="bbox 1349 1531 1812 1570; baseline -0.004 -8"><span class='ocrx_word' id='word_1_1185' title='bbox 1349 1532 1484 1570; x_wconf 91' lang='lat' dir='ltr'>consilio,</span> <span class='ocrx_word' id='word_1_1186' title='bbox 1502 1542 1535 1562; x_wconf 92' lang='grc'>30</span> <span class='ocrx_word' id='word_1_1187' title='bbox 1548 1531 1651 1562; x_wconf 88' lang='lat' dir='ltr'>auxilio</span> <span class='ocrx_word' id='word_1_1188' title='bbox 1664 1531 1812 1568; x_wconf 79' lang='lat' dir='ltr'>fulciarur3</span> 
     </span>
    </p>

    <p class='ocr_par' dir='ltr' id='par_1_32' title="bbox 1339 1568 2410 1686">
     <span class='ocr_line' id='line_1_142' title="bbox 1378 1568 2408 1609; baseline 0 -8"><span class='ocrx_word' id='word_1_1189' title='bbox 1378 1570 1562 1601; x_wconf 88' lang='lat' dir='ltr'>Serenitatem</span> <span class='ocrx_word' id='word_1_1190' title='bbox 1576 1571 1679 1608; x_wconf 85' lang='lat' dir='ltr'>regiam</span> <span class='ocrx_word' id='word_1_1191' title='bbox 1689 1578 1821 1608; x_wconf 84' lang='lat' dir='ltr'>rogamus</span> <span class='ocrx_word' id='word_1_1192' title='bbox 1829 1568 1862 1600; x_wconf 87' lang='lat'>&amp;</span> <span class='ocrx_word' id='word_1_1193' title='bbox 1870 1568 2016 1600; x_wconf 87' lang='lat' dir='ltr'>hortamur</span> <span class='ocrx_word' id='word_1_1194' title='bbox 2022 1571 2153 1600; x_wconf 85' lang='lat' dir='ltr'>attentius</span> <span class='ocrx_word' id='word_1_1195' title='bbox 2159 1593 2171 1609; x_wconf 94' lang='lat'>,</span> <span class='ocrx_word' id='word_1_1196' title='bbox 2177 1571 2207 1600; x_wconf 92' lang='lat' dir='ltr'>in</span> <span class='ocrx_word' id='word_1_1197' title='bbox 2215 1570 2408 1601; x_wconf 86' lang='lat' dir='ltr'>remissionem</span> 
     </span>
     <span class='ocr_line' id='line_1_143' title="bbox 1339 1607 2408 1649; baseline 0.002 -11"><span class='ocrx_word' id='word_1_1198' title='bbox 1339 1609 1391 1639; x_wconf 90' lang='lat' dir='ltr'>tibi</span> <span class='ocrx_word' id='word_1_1199' title='bbox 1404 1610 1604 1649; x_wconf 87' lang='lat' dir='ltr'>peccaminum</span> <span class='ocrx_word' id='word_1_1200' title='bbox 1616 1607 1771 1646; x_wconf 79' lang='lat' dir='ltr'>suadentes,</span> <span class='ocrx_word' id='word_1_1201' title='bbox 1789 1608 1915 1647; x_wconf 89' lang='lat' dir='ltr'>quatinus</span> <span class='ocrx_word' id='word_1_1202' title='bbox 1927 1608 2091 1648; x_wconf 82' lang='lat' dir='ltr'>praescripto</span> <span class='ocrx_word' id='word_1_1203' title='bbox 2104 1609 2229 1639; x_wconf 90' lang='lat' dir='ltr'>termino</span> <span class='ocrx_word' id='word_1_1204' title='bbox 2249 1610 2279 1639; x_wconf 90' lang='lat' dir='ltr'>in</span> <span class='ocrx_word' id='word_1_1205' title='bbox 2291 1609 2358 1640; x_wconf 89' lang='lat' dir='ltr'>loco</span> <span class='ocrx_word' id='word_1_1206' title='bbox 2372 1610 2408 1640; x_wconf 90' lang='lat' dir='ltr'>ti-</span> 
     </span>
     <span class='ocr_line' id='line_1_144' title="bbox 1339 1645 2410 1686; baseline 0.002 -10"><span class='ocrx_word' id='word_1_1207' title='bbox 1339 1647 1369 1677; x_wconf 91' lang='lat' dir='ltr'>bi</span> <span class='ocrx_word' id='word_1_1208' title='bbox 1381 1657 1544 1686; x_wconf 88' lang='lat' dir='ltr'>oportuno,</span> <span class='ocrx_word' id='word_1_1209' title='bbox 1563 1656 1693 1684; x_wconf 92' lang='lat' dir='ltr'>tempore</span> <span class='ocrx_word' id='word_1_1210' title='bbox 1707 1645 1776 1676; x_wconf 90' lang='lat' dir='ltr'>Deo</span> <span class='ocrx_word' id='word_1_1211' title='bbox 1788 1647 1912 1686; x_wconf 87' lang='lat' dir='ltr'>propitio</span> <span class='ocrx_word' id='word_1_1212' title='bbox 1926 1647 2125 1686; x_wconf 87' lang='lat' dir='ltr'>exprimendo,</span> <span class='ocrx_word' id='word_1_1213' title='bbox 2140 1646 2282 1678; x_wconf 71' lang='grc'>1110311010</span> <span class='ocrx_word' id='word_1_1214' title='bbox 2298 1648 2410 1686; x_wconf 73' lang='lat' dir='ltr'>synodo</span> 
     </span>
    </p>
   </div>
   <div class='ocr_carea' id='block_1_11' title="bbox 2415 223 2553 259">
    <p class='ocr_par' dir='ltr' id='par_1_33' title="bbox 2415 223 2553 259">
     <span class='ocr_line' id='line_1_145' title="bbox 2415 223 2553 259; baseline 0.007 -1"><span class='ocrx_word' id='word_1_1215' title='bbox 2415 224 2492 258; x_wconf 84' lang='lat' dir='ltr'>Ann.</span> <span class='ocrx_word' id='word_1_1216' title='bbox 2507 223 2553 259; x_wconf 69' lang='lat' dir='ltr'>Di·</span> 
     </span>
    </p>
   </div>
   <div class='ocr_carea' id='block_1_12' title="bbox 2414 274 2522 342">
    <p class='ocr_par' dir='ltr' id='par_1_34' title="bbox 2414 274 2522 342">
     <span class='ocr_line' id='line_1_146' title="bbox 2437 274 2522 304; baseline -0.012 -8"><span class='ocrx_word' id='word_1_1217' title='bbox 2437 274 2522 304; x_wconf 88' lang='lat'>1272.</span> 
     </span>
     <span class='ocr_line' id='line_1_147' title="bbox 2414 310 2522 342; baseline -0.019 -8"><span class='ocrx_word' id='word_1_1218' title='bbox 2414 310 2479 334; x_wconf 75' lang='lat' dir='ltr'>Heu.</span> <span class='ocrx_word' id='word_1_1219' title='bbox 2494 314 2522 342; x_wconf 79' lang='lat'>3.</span> 
     </span>
    </p>
   </div>
   <div class='ocr_carea' id='block_1_13' title="bbox 2420 1192 2555 1232">
    <p class='ocr_par' dir='ltr' id='par_1_35' title="bbox 2420 1192 2555 1232">
     <span class='ocr_line' id='line_1_148' title="bbox 2420 1192 2555 1232; baseline -0.022 -8"><span class='ocrx_word' id='word_1_1220' title='bbox 2420 1194 2436 1211; x_wconf 61' lang='lat'>‘³</span> <span class='ocrx_word' id='word_1_1221' title='bbox 2452 1195 2476 1224; x_wconf 91' lang='lat'>1.</span> <span class='ocrx_word' id='word_1_1222' title='bbox 2488 1192 2555 1232; x_wconf 77' lang='lat'>883.</span> 
     </span>
    </p>
   </div>
   <div class='ocr_carea' id='block_1_14' title="bbox 1339 1685 2445 1731">
    <p class='ocr_par' dir='ltr' id='par_1_36' title="bbox 1339 1685 2445 1731">
     <span class='ocr_line' id='line_1_149' title="bbox 1339 1685 2445 1731; baseline -0.001 -14"><span class='ocrx_word' id='word_1_1223' title='bbox 1339 1686 1449 1731; x_wconf 68' lang='lat' dir='ltr'>caprarii</span> <span class='ocrx_word' id='word_1_1224' title='bbox 1461 1687 1571 1716; x_wconf 89' lang='lat' dir='ltr'>interim</span> <span class='ocrx_word' id='word_1_1225' title='bbox 1587 1685 1621 1716; x_wconf 86' lang='lat' dir='ltr'>ad</span> <span class='ocrx_word' id='word_1_1226' title='bbox 1635 1685 1692 1716; x_wconf 91' lang='lat' dir='ltr'>hoc</span> <span class='ocrx_word' id='word_1_1227' title='bbox 1707 1687 1934 1723; x_wconf 89' lang='lat' dir='ltr'>opportunitate,</span> <span class='ocrx_word' id='word_1_1228' title='bbox 1952 1685 2060 1716; x_wconf 89' lang='lat' dir='ltr'>studeas</span> <span class='ocrx_word' id='word_1_1229' title='bbox 2072 1686 2249 1723; x_wconf 83' lang='lat' dir='ltr'>personaliter</span> <span class='ocrx_word' id='word_1_1230' title='bbox 2261 1686 2407 1724; x_wconf 88' lang='lat' dir='ltr'>interesse,</span> <span class='ocrx_word' id='word_1_1231' title='bbox 2441 1718 2445 1721; x_wconf 59' lang='grc'>,</span> 
     </span>
    </p>
   </div>
   <div class='ocr_carea' id='block_1_15' title="bbox 1336 1723 2412 2035">
    <p class='ocr_par' dir='ltr' id='par_1_37' title="bbox 1336 1723 2412 1910">
     <span class='ocr_line' id='line_1_150' title="bbox 1339 1723 2409 1764; baseline 0 -9"><span class='ocrx_word' id='word_1_1232' title='bbox 1339 1725 1522 1756; x_wconf 84' lang='lat' dir='ltr'>meditatione</span> <span class='ocrx_word' id='word_1_1233' title='bbox 1534 1723 1669 1764; x_wconf 73' lang='lat' dir='ltr'>provida,</span> <span class='ocrx_word' id='word_1_1234' title='bbox 1684 1724 1833 1762; x_wconf 90' lang='lat' dir='ltr'>prudenter</span> <span class='ocrx_word' id='word_1_1235' title='bbox 1847 1724 1990 1755; x_wconf 88' lang='lat' dir='ltr'>attendens</span> <span class='ocrx_word' id='word_1_1236' title='bbox 2031 1724 2108 1763; x_wconf 83' lang='lat' dir='ltr'>quod</span> <span class='ocrx_word' id='word_1_1237' title='bbox 2129 1725 2158 1754; x_wconf 88' lang='lat' dir='ltr'>in</span> <span class='ocrx_word' id='word_1_1238' title='bbox 2172 1724 2230 1754; x_wconf 89' lang='lat' dir='ltr'>hoc</span> <span class='ocrx_word' id='word_1_1239' title='bbox 2244 1734 2305 1754; x_wconf 91' lang='lat' dir='ltr'>non</span> <span class='ocrx_word' id='word_1_1240' title='bbox 2319 1725 2409 1755; x_wconf 84' lang='lat' dir='ltr'>solum</span> 
     </span>
     <span class='ocr_line' id='line_1_151' title="bbox 1339 1746 2412 1802; baseline 0 -8"><span class='ocrx_word' id='word_1_1241' title='bbox 1339 1763 1420 1794; x_wconf 89' lang='lat' dir='ltr'>labor</span> <span class='ocrx_word' id='word_1_1242' title='bbox 1461 1763 1568 1801; x_wconf 85' lang='lat' dir='ltr'>roprius</span> <span class='ocrx_word' id='word_1_1243' title='bbox 1581 1786 1591 1801; x_wconf 93' lang='lat'>,</span> <span class='ocrx_word' id='word_1_1244' title='bbox 1615 1772 1700 1801; x_wconf 90' lang='lat' dir='ltr'>quem</span> <span class='ocrx_word' id='word_1_1245' title='bbox 1720 1762 1755 1793; x_wconf 90' lang='lat' dir='ltr'>ad</span> <span class='ocrx_word' id='word_1_1246' title='bbox 1776 1771 1834 1792; x_wconf 90' lang='lat' dir='ltr'>tam</span> <span class='ocrx_word' id='word_1_1247' title='bbox 1850 1762 1952 1793; x_wconf 68' lang='lat' dir='ltr'>Sancta</span> <span class='ocrx_word' id='word_1_1248' title='bbox 1969 1785 1979 1801; x_wconf 89' lang='lat'>,</span> <span class='ocrx_word' id='word_1_1249' title='bbox 1994 1746 2028 1794; x_wconf 61' lang='lat' dir='ltr'>gc</span> <span class='ocrx_word' id='word_1_1250' title='bbox 2044 1762 2115 1793; x_wconf 87' lang='lat' dir='ltr'>utilis</span> <span class='ocrx_word' id='word_1_1251' title='bbox 2132 1763 2239 1802; x_wconf 78' lang='lat' dir='ltr'>negotii</span> <span class='ocrx_word' id='word_1_1252' title='bbox 2253 1765 2412 1801; x_wconf 85' lang='lat' dir='ltr'>promotio-</span> 
     </span>
     <span class='ocr_line' id='line_1_152' title="bbox 1338 1800 2403 1841; baseline 0 -9"><span class='ocrx_word' id='word_1_1253' title='bbox 1338 1811 1406 1832; x_wconf 88' lang='lat' dir='ltr'>nem</span> <span class='ocrx_word' id='word_1_1254' title='bbox 1423 1808 1449 1832; x_wconf 92' lang='grc'>31</span> <span class='ocrx_word' id='word_1_1255' title='bbox 1463 1812 1556 1840; x_wconf 86' lang='grc'>011105,</span> <span class='ocrx_word' id='word_1_1256' title='bbox 1577 1802 1629 1832; x_wconf 86' lang='lat' dir='ltr'>tibi</span> <span class='ocrx_word' id='word_1_1257' title='bbox 1641 1801 1722 1831; x_wconf 89' lang='lat' dir='ltr'>cedet</span> <span class='ocrx_word' id='word_1_1258' title='bbox 1735 1800 1769 1831; x_wconf 88' lang='lat' dir='ltr'>ad</span> <span class='ocrx_word' id='word_1_1259' title='bbox 1784 1802 1933 1838; x_wconf 90' lang='lat' dir='ltr'>meritum,</span> <span class='ocrx_word' id='word_1_1260' title='bbox 1949 1801 2133 1831; x_wconf 87' lang='lat' dir='ltr'>verumetiam</span> <span class='ocrx_word' id='word_1_1261' title='bbox 2151 1802 2289 1840; x_wconf 87' lang='lat' dir='ltr'>aliorum,</span> <span class='ocrx_word' id='word_1_1262' title='bbox 2306 1802 2354 1841; x_wconf 88' lang='lat' dir='ltr'>qui</span> <span class='ocrx_word' id='word_1_1263' title='bbox 2368 1801 2403 1832; x_wconf 89' lang='lat' dir='ltr'>ad</span> 
     </span>
     <span class='ocr_line' id='line_1_153' title="bbox 1336 1838 2411 1880; baseline 0.002 -10"><span class='ocrx_word' id='word_1_1264' title='bbox 1336 1841 1510 1872; x_wconf 89' lang='lat' dir='ltr'>veniendum</span> <span class='ocrx_word' id='word_1_1265' title='bbox 1530 1840 1564 1871; x_wconf 92' lang='lat' dir='ltr'>ad</span> <span class='ocrx_word' id='word_1_1266' title='bbox 1581 1840 1701 1871; x_wconf 87' lang='lat' dir='ltr'>eandem</span> <span class='ocrx_word' id='word_1_1267' title='bbox 1723 1838 1873 1880; x_wconf 87' lang='lat' dir='ltr'>Synodurn</span> <span class='ocrx_word' id='word_1_1268' title='bbox 1893 1839 2035 1870; x_wconf 84' lang='lat' dir='ltr'>efficacius</span> <span class='ocrx_word' id='word_1_1269' title='bbox 2055 1847 2106 1870; x_wconf 89' lang='lat' dir='ltr'>tuo</span> <span class='ocrx_word' id='word_1_1270' title='bbox 2123 1839 2297 1875; x_wconf 17' lang='lat' dir='ltr'>*inducentur</span> <span class='ocrx_word' id='word_1_1271' title='bbox 2310 1849 2411 1872; x_wconf 70' lang='lat' dir='ltr'>exem—</span> 
     </span>
     <span class='ocr_line' id='line_1_154' title="bbox 1356 1880 1393 1910; baseline -0.054 0"><span class='ocrx_word' id='word_1_1272' title='bbox 1356 1880 1393 1910; x_wconf 94' lang='lat' dir='ltr'>lo.</span> 
     </span>
    </p>

    <p class='ocr_par' dir='ltr' id='par_1_38' title="bbox 1336 1889 2412 2035">
     <span class='ocr_line' id='line_1_155' title="bbox 1336 1889 2412 1956; baseline -0.002 -7"><span class='ocrx_word' id='word_1_1273' title='bbox 1336 1889 1356 1917; x_wconf 75' lang='lat' dir='ltr'>p</span> <span class='ocrx_word' id='word_1_1274' title='bbox 1376 1918 1414 1949; x_wconf 88' lang='lat' dir='ltr'>Et</span> <span class='ocrx_word' id='word_1_1275' title='bbox 1434 1917 1639 1949; x_wconf 88' lang='lat' dir='ltr'>nichilominus</span> <span class='ocrx_word' id='word_1_1276' title='bbox 1660 1925 1727 1948; x_wconf 87' lang='lat' dir='ltr'>vota</span> <span class='ocrx_word' id='word_1_1277' title='bbox 1747 1925 1794 1948; x_wconf 85' lang='lat' dir='ltr'>tua</span> <span class='ocrx_word' id='word_1_1278' title='bbox 1813 1917 1896 1948; x_wconf 92' lang='lat' dir='ltr'>nobis</span> <span class='ocrx_word' id='word_1_1279' title='bbox 1909 1917 2013 1955; x_wconf 80' lang='lat' dir='ltr'>poteris</span> <span class='ocrx_word' id='word_1_1280' title='bbox 2026 1916 2182 1948; x_wconf 81' lang='lat' dir='ltr'>familiarius</span> <span class='ocrx_word' id='word_1_1281' title='bbox 2205 1917 2327 1956; x_wconf 89' lang='lat' dir='ltr'>aperire,</span> <span class='ocrx_word' id='word_1_1282' title='bbox 2346 1925 2412 1954; x_wconf 71' lang='lat' dir='ltr'>quae</span> 
     </span>
     <span class='ocr_line' id='line_1_156' title="bbox 1339 1955 2411 1996; baseline 0 -10"><span class='ocrx_word' id='word_1_1283' title='bbox 1339 1957 1369 1986; x_wconf 89' lang='lat' dir='ltr'>in</span> <span class='ocrx_word' id='word_1_1284' title='bbox 1391 1958 1473 1987; x_wconf 87' lang='lat' dir='ltr'>omni</span> <span class='ocrx_word' id='word_1_1285' title='bbox 1494 1955 1694 1987; x_wconf 56' lang='lat' dir='ltr'>benevolentis</span> <span class='ocrx_word' id='word_1_1286' title='bbox 1714 1956 1832 1986; x_wconf 89' lang='lat' dir='ltr'>libenter</span> <span class='ocrx_word' id='word_1_1287' title='bbox 1847 1955 1882 1987; x_wconf 87' lang='lat' dir='ltr'>ad</span> <span class='ocrx_word' id='word_1_1288' title='bbox 1902 1956 2087 1988; x_wconf 83' lang='lat' dir='ltr'>exauditionis</span> <span class='ocrx_word' id='word_1_1289' title='bbox 2108 1956 2224 1996; x_wconf 85' lang='lat' dir='ltr'>gratiam</span> <span class='ocrx_word' id='word_1_1290' title='bbox 2237 1979 2247 1995; x_wconf 89' lang='lat'>,</span> <span class='ocrx_word' id='word_1_1291' title='bbox 2273 1964 2411 1994; x_wconf 87' lang='lat' dir='ltr'>quantum</span> 
     </span>
     <span class='ocr_line' id='line_1_157' title="bbox 1339 1994 1882 2035; baseline -0.004 -9"><span class='ocrx_word' id='word_1_1292' title='bbox 1339 2005 1409 2027; x_wconf 89' lang='lat' dir='ltr'>curn</span> <span class='ocrx_word' id='word_1_1293' title='bbox 1423 1995 1492 2026; x_wconf 88' lang='lat' dir='ltr'>Deo</span> <span class='ocrx_word' id='word_1_1294' title='bbox 1505 1996 1677 2035; x_wconf 80' lang='lat' dir='ltr'>poterimus,</span> <span class='ocrx_word' id='word_1_1295' title='bbox 1695 1994 1882 2025; x_wconf 86' lang='lat' dir='ltr'>admittemus.</span> 
     </span>
    </p>
   </div>
   <div class='ocr_carea' id='block_1_16' title="bbox 1375 2069 2252 2190">
    <p class='ocr_par' dir='ltr' id='par_1_39' title="bbox 1375 2069 2252 2190">
     <span class='ocr_line' id='line_1_158' title="bbox 1375 2069 2215 2112; baseline 0.001 -10"><span class='ocrx_word' id='word_1_1296' title='bbox 1375 2071 1443 2102; x_wconf 89' lang='lat' dir='ltr'>Dat.</span> <span class='ocrx_word' id='word_1_1297' title='bbox 1459 2071 1587 2103; x_wconf 87' lang='lat' dir='ltr'>Lateran.</span> <span class='ocrx_word' id='word_1_1298' title='bbox 1602 2080 1622 2101; x_wconf 88' lang='lat'>2</span> <span class='ocrx_word' id='word_1_1299' title='bbox 1636 2070 1702 2101; x_wconf 90' lang='lat' dir='ltr'>Kal.</span> <span class='ocrx_word' id='word_1_1300' title='bbox 1717 2070 1786 2111; x_wconf 84' lang='lat' dir='ltr'>Apr.</span> <span class='ocrx_word' id='word_1_1301' title='bbox 1800 2069 1907 2102; x_wconf 81' lang='lat' dir='ltr'>Pontis.</span> <span class='ocrx_word' id='word_1_1302' title='bbox 1922 2071 2010 2102; x_wconf 86' lang='lat' dir='ltr'>nostri</span> <span class='ocrx_word' id='word_1_1303' title='bbox 2023 2080 2100 2103; x_wconf 89' lang='lat' dir='ltr'>anno</span> <span class='ocrx_word' id='word_1_1304' title='bbox 2111 2072 2215 2112; x_wconf 88' lang='lat' dir='ltr'>primo.</span> 
     </span>
     <span class='ocr_line' id='line_1_159' title="bbox 2012 2147 2252 2190; baseline 0.004 -13"><span class='ocrx_word' id='word_1_1305' title='bbox 2012 2147 2067 2178; x_wconf 86' lang='lat' dir='ltr'>Sub</span> <span class='ocrx_word' id='word_1_1306' title='bbox 2071 2147 2127 2190; x_wconf 89' lang='lat' dir='ltr'>filo</span> <span class='ocrx_word' id='word_1_1307' title='bbox 2144 2147 2252 2178; x_wconf 80' lang='lat' dir='ltr'>canabi.</span> 
     </span>
    </p>
   </div>
   <div class='ocr_carea' id='block_1_17' title="bbox 1388 2271 2367 2368">
    <p class='ocr_par' dir='ltr' id='par_1_40' title="bbox 1388 2271 2367 2368">
     <span class='ocr_line' id='line_1_160' title="bbox 1388 2271 2367 2319; baseline 0 -15"><span class='ocrx_word' id='word_1_1308' title='bbox 1388 2274 1508 2305; x_wconf 87' lang='lat' dir='ltr'>Littera</span> <span class='ocrx_word' id='word_1_1309' title='bbox 1532 2271 1665 2318; x_wconf 86' lang='lat' dir='ltr'>Philippo</span> <span class='ocrx_word' id='word_1_1310' title='bbox 1692 2275 1764 2319; x_wconf 84' lang='lat' dir='ltr'>Regi</span> <span class='ocrx_word' id='word_1_1311' title='bbox 1783 2273 1915 2304; x_wconf 80' lang='lat' dir='ltr'>Franciae</span> <span class='ocrx_word' id='word_1_1312' title='bbox 1933 2273 2145 2318; x_wconf 55' lang='lat' dir='ltr'>excusatoria,</span> <span class='ocrx_word' id='word_1_1313' title='bbox 2170 2271 2206 2305; x_wconf 89' lang='lat' dir='ltr'>de</span> <span class='ocrx_word' id='word_1_1314' title='bbox 2227 2284 2284 2304; x_wconf 88' lang='lat' dir='ltr'>non</span> <span class='ocrx_word' id='word_1_1315' title='bbox 2297 2282 2367 2318; x_wconf 88' lang='lat' dir='ltr'>per-</span> 
     </span>
     <span class='ocr_line' id='line_1_161' title="bbox 1470 2319 2282 2368; baseline 0.001 -16"><span class='ocrx_word' id='word_1_1316' title='bbox 1470 2320 1619 2366; x_wconf 77' lang='lat' dir='ltr'>finaliter</span> <span class='ocrx_word' id='word_1_1317' title='bbox 1642 2319 1809 2367; x_wconf 81' lang='lat' dir='ltr'>apparendo</span> <span class='ocrx_word' id='word_1_1318' title='bbox 1827 2319 1871 2353; x_wconf 79' lang='lat' dir='ltr'>ad</span> <span class='ocrx_word' id='word_1_1319' title='bbox 1886 2319 2059 2368; x_wconf 81' lang='lat' dir='ltr'>homagium</span> <span class='ocrx_word' id='word_1_1320' title='bbox 2073 2319 2282 2367; x_wconf 80' lang='lat' dir='ltr'>praestandum.</span> 
     </span>
    </p>
   </div>
   <div class='ocr_carea' id='block_1_18' title="bbox 1342 2404 2420 2912">
    <p class='ocr_par' dir='ltr' id='par_1_41' title="bbox 1342 2404 2413 2484">
     <span class='ocr_line' id='line_1_162' title="bbox 1342 2404 2413 2460; baseline 0 -24"><span class='ocrx_word' id='word_1_1321' title='bbox 1342 2404 1461 2460; x_wconf 81' lang='lat' dir='ltr'>REgi</span> <span class='ocrx_word' id='word_1_1322' title='bbox 1479 2405 1605 2436; x_wconf 89' lang='lat' dir='ltr'>Franciae</span> <span class='ocrx_word' id='word_1_1323' title='bbox 1625 2405 1691 2436; x_wconf 83' lang='lat' dir='ltr'>Rex</span> <span class='ocrx_word' id='word_1_1324' title='bbox 1711 2404 1824 2445; x_wconf 86' lang='lat' dir='ltr'>Angliae</span> <span class='ocrx_word' id='word_1_1325' title='bbox 1845 2405 1977 2445; x_wconf 88' lang='lat' dir='ltr'>salutem,</span> <span class='ocrx_word' id='word_1_1326' title='bbox 1995 2405 2028 2437; x_wconf 91' lang='lat'>&amp;</span> <span class='ocrx_word' id='word_1_1327' title='bbox 2043 2406 2158 2437; x_wconf 88' lang='lat' dir='ltr'>sincerae</span> <span class='ocrx_word' id='word_1_1328' title='bbox 2172 2405 2332 2436; x_wconf 73' lang='grc' dir='ltr'>1111οἃ10015</span> <span class='ocrx_word' id='word_1_1329' title='bbox 2342 2404 2413 2436; x_wconf 84' lang='lat' dir='ltr'>sem·</span> 
     </span>
     <span class='ocr_line' id='line_1_163' title="bbox 1414 2453 1672 2484; baseline -0.004 -10"><span class='ocrx_word' id='word_1_1330' title='bbox 1414 2453 1463 2482; x_wconf 87' lang='lat' dir='ltr'>per</span> <span class='ocrx_word' id='word_1_1331' title='bbox 1475 2453 1672 2484; x_wconf 88' lang='lat' dir='ltr'>augmentum.</span> 
     </span>
    </p>

    <p class='ocr_par' dir='ltr' id='par_1_42' title="bbox 1342 2481 2417 2638">
     <span class='ocr_line' id='line_1_164' title="bbox 1379 2481 2414 2523; baseline 0.002 -11"><span class='ocrx_word' id='word_1_1332' title='bbox 1379 2481 1460 2512; x_wconf 89' lang='lat' dir='ltr'>Cum</span> <span class='ocrx_word' id='word_1_1333' title='bbox 1476 2506 1486 2522; x_wconf 87' lang='lat'>,</span> <span class='ocrx_word' id='word_1_1334' title='bbox 1504 2492 1618 2523; x_wconf 90' lang='lat' dir='ltr'>propter</span> <span class='ocrx_word' id='word_1_1335' title='bbox 1638 2492 1753 2523; x_wconf 86' lang='lat' dir='ltr'>gravem</span> <span class='ocrx_word' id='word_1_1336' title='bbox 1773 2481 1963 2514; x_wconf 85' lang='lat' dir='ltr'>infirmitatem</span> <span class='ocrx_word' id='word_1_1337' title='bbox 1978 2506 1989 2522; x_wconf 87' lang='lat'>,</span> <span class='ocrx_word' id='word_1_1338' title='bbox 2007 2493 2062 2522; x_wconf 91' lang='lat' dir='ltr'>qua</span> <span class='ocrx_word' id='word_1_1339' title='bbox 2083 2484 2139 2522; x_wconf 86' lang='lat' dir='ltr'>jam</span> <span class='ocrx_word' id='word_1_1340' title='bbox 2160 2482 2208 2514; x_wconf 89' lang='lat' dir='ltr'>diu</span> <span class='ocrx_word' id='word_1_1341' title='bbox 2222 2481 2414 2514; x_wconf 72' lang='grc' dir='ltr'>0111311013νί-</span> 
     </span>
     <span class='ocr_line' id='line_1_165' title="bbox 1343 2521 2414 2562; baseline 0.002 -11"><span class='ocrx_word' id='word_1_1342' title='bbox 1343 2531 1424 2559; x_wconf 78' lang='lat' dir='ltr'>muS,</span> <span class='ocrx_word' id='word_1_1343' title='bbox 1442 2521 1476 2551; x_wconf 92' lang='lat'>&amp;</span> <span class='ocrx_word' id='word_1_1344' title='bbox 1489 2522 1582 2553; x_wconf 89' lang='lat' dir='ltr'>adhuc</span> <span class='ocrx_word' id='word_1_1345' title='bbox 1598 2522 1775 2560; x_wconf 85' lang='lat' dir='ltr'>laboramus,</span> <span class='ocrx_word' id='word_1_1346' title='bbox 1794 2532 1965 2562; x_wconf 86' lang='lat' dir='ltr'>nequeamus</span> <span class='ocrx_word' id='word_1_1347' title='bbox 1980 2522 2031 2552; x_wconf 89' lang='lat' dir='ltr'>hiis</span> <span class='ocrx_word' id='word_1_1348' title='bbox 2045 2522 2142 2553; x_wconf 87' lang='lat' dir='ltr'>diebus</span> <span class='ocrx_word' id='word_1_1349' title='bbox 2155 2522 2191 2555; x_wconf 90' lang='lat' dir='ltr'>ad</span> <span class='ocrx_word' id='word_1_1350' title='bbox 2209 2530 2298 2561; x_wconf 89' lang='lat' dir='ltr'>partes</span> <span class='ocrx_word' id='word_1_1351' title='bbox 2312 2521 2414 2553; x_wconf 90' lang='lat' dir='ltr'>vestras</span> 
     </span>
     <span class='ocr_line' id='line_1_166' title="bbox 1342 2559 2417 2602; baseline 0.003 -13"><span class='ocrx_word' id='word_1_1352' title='bbox 1342 2559 1443 2599; x_wconf 89' lang='lat' dir='ltr'>absque</span> <span class='ocrx_word' id='word_1_1353' title='bbox 1455 2562 1554 2592; x_wconf 88' lang='lat' dir='ltr'>mortis</span> <span class='ocrx_word' id='word_1_1354' title='bbox 1569 2561 1698 2599; x_wconf 88' lang='lat' dir='ltr'>periculo</span> <span class='ocrx_word' id='word_1_1355' title='bbox 1710 2571 1762 2591; x_wconf 92' lang='lat' dir='ltr'>nos</span> <span class='ocrx_word' id='word_1_1356' title='bbox 1775 2561 1918 2592; x_wconf 85' lang='lat' dir='ltr'>transferre</span> <span class='ocrx_word' id='word_1_1357' title='bbox 1931 2561 1966 2592; x_wconf 87' lang='lat' dir='ltr'>ad</span> <span class='ocrx_word' id='word_1_1358' title='bbox 1979 2560 2150 2602; x_wconf 81' lang='lat' dir='ltr'>homagium</span> <span class='ocrx_word' id='word_1_1359' title='bbox 2163 2563 2294 2592; x_wconf 83' lang='lat' dir='ltr'>nostrum</span> <span class='ocrx_word' id='word_1_1360' title='bbox 2303 2583 2314 2600; x_wconf 88' lang='lat'>,</span> <span class='ocrx_word' id='word_1_1361' title='bbox 2330 2570 2361 2592; x_wconf 91' lang='lat' dir='ltr'>ut</span> <span class='ocrx_word' id='word_1_1362' title='bbox 2375 2569 2417 2592; x_wconf 89' lang='lat' dir='ltr'>te-</span> 
     </span>
     <span class='ocr_line' id='line_1_167' title="bbox 1342 2599 1662 2638; baseline 0.006 -10"><span class='ocrx_word' id='word_1_1363' title='bbox 1342 2608 1463 2637; x_wconf 86' lang='lat' dir='ltr'>nemur,</span> <span class='ocrx_word' id='word_1_1364' title='bbox 1482 2599 1662 2638; x_wconf 77' lang='lat' dir='ltr'>faciendumz,</span> 
     </span>
    </p>

    <p class='ocr_par' dir='ltr' id='par_1_43' title="bbox 1343 2636 2420 2912">
     <span class='ocr_line' id='line_1_168' title="bbox 1378 2636 2419 2677; baseline 0.003 -11"><span class='ocrx_word' id='word_1_1365' title='bbox 1378 2636 1529 2668; x_wconf 73' lang='lat' dir='ltr'>Dilec‘tum</span> <span class='ocrx_word' id='word_1_1366' title='bbox 1543 2639 1576 2669; x_wconf 92' lang='lat'>&amp;</span> <span class='ocrx_word' id='word_1_1367' title='bbox 1591 2638 1705 2669; x_wconf 84' lang='lat' dir='ltr'>fidelem</span> <span class='ocrx_word' id='word_1_1368' title='bbox 1721 2637 1850 2669; x_wconf 87' lang='lat' dir='ltr'>nostrum</span> <span class='ocrx_word' id='word_1_1369' title='bbox 1860 2638 2026 2676; x_wconf 88' lang='lat' dir='ltr'>Johannem</span> <span class='ocrx_word' id='word_1_1370' title='bbox 2040 2638 2077 2669; x_wconf 90' lang='lat' dir='ltr'>de</span> <span class='ocrx_word' id='word_1_1371' title='bbox 2091 2638 2116 2669; x_wconf 90' lang='lat' dir='ltr'>la</span> <span class='ocrx_word' id='word_1_1372' title='bbox 2136 2637 2248 2677; x_wconf 90' lang='lat' dir='ltr'>Linde,</span> <span class='ocrx_word' id='word_1_1373' title='bbox 2267 2638 2419 2669; x_wconf 87' lang='lat' dir='ltr'>voluntatis</span> 
     </span>
     <span class='ocr_line' id='line_1_169' title="bbox 1343 2673 2420 2717; baseline 0.005 -14"><span class='ocrx_word' id='word_1_1374' title='bbox 1343 2673 1449 2705; x_wconf 87' lang='lat' dir='ltr'>nostrae</span> <span class='ocrx_word' id='word_1_1375' title='bbox 1471 2676 1635 2716; x_wconf 88' lang='lat' dir='ltr'>conscium,</span> <span class='ocrx_word' id='word_1_1376' title='bbox 1654 2677 1689 2708; x_wconf 85' lang='lat' dir='ltr'>ad</span> <span class='ocrx_word' id='word_1_1377' title='bbox 1709 2677 1910 2717; x_wconf 90' lang='lat' dir='ltr'>impotentiam</span> <span class='ocrx_word' id='word_1_1378' title='bbox 1923 2676 2052 2707; x_wconf 85' lang='lat' dir='ltr'>nostram</span> <span class='ocrx_word' id='word_1_1379' title='bbox 2064 2678 2148 2707; x_wconf 88' lang='lat' dir='ltr'>vobis</span> <span class='ocrx_word' id='word_1_1380' title='bbox 2162 2677 2192 2706; x_wconf 92' lang='lat' dir='ltr'>in</span> <span class='ocrx_word' id='word_1_1381' title='bbox 2207 2676 2259 2707; x_wconf 89' lang='lat' dir='ltr'>hac</span> <span class='ocrx_word' id='word_1_1382' title='bbox 2271 2686 2348 2716; x_wconf 88' lang='lat' dir='ltr'>parte</span> <span class='ocrx_word' id='word_1_1383' title='bbox 2363 2687 2420 2708; x_wconf 93' lang='lat' dir='ltr'>vo-</span> 
     </span>
     <span class='ocr_line' id='line_1_170' title="bbox 1344 2712 2416 2754; baseline 0.005 -13"><span class='ocrx_word' id='word_1_1384' title='bbox 1344 2712 1387 2742; x_wconf 91' lang='lat' dir='ltr'>bis</span> <span class='ocrx_word' id='word_1_1385' title='bbox 1403 2713 1512 2753; x_wconf 89' lang='lat' dir='ltr'>plenius</span> <span class='ocrx_word' id='word_1_1386' title='bbox 1532 2724 1565 2744; x_wconf 87' lang='lat' dir='ltr'>ex</span> <span class='ocrx_word' id='word_1_1387' title='bbox 1607 2716 1734 2746; x_wconf 86' lang='lat' dir='ltr'>nendum</span> <span class='ocrx_word' id='word_1_1388' title='bbox 1749 2738 1758 2753; x_wconf 94' lang='lat'>,</span> <span class='ocrx_word' id='word_1_1389' title='bbox 1777 2716 1811 2746; x_wconf 90' lang='lat'>&amp;</span> <span class='ocrx_word' id='word_1_1390' title='bbox 1824 2714 1857 2744; x_wconf 90' lang='lat' dir='ltr'>ad</span> <span class='ocrx_word' id='word_1_1391' title='bbox 1880 2725 1932 2744; x_wconf 91' lang='lat' dir='ltr'>nos</span> <span class='ocrx_word' id='word_1_1392' title='bbox 1952 2724 2015 2754; x_wconf 85' lang='lat' dir='ltr'>erga</span> <span class='ocrx_word' id='word_1_1393' title='bbox 2029 2715 2258 2745; x_wconf 90' lang='lat' dir='ltr'>dominationem</span> <span class='ocrx_word' id='word_1_1394' title='bbox 2272 2715 2416 2753; x_wconf 86' lang='lat' dir='ltr'>vestram,</span> 
     </span>
     <span class='ocr_line' id='line_1_171' title="bbox 1345 2752 2417 2793; baseline 0.005 -13"><span class='ocrx_word' id='word_1_1395' title='bbox 1345 2759 1379 2780; x_wconf 86' lang='lat' dir='ltr'>ex</span> <span class='ocrx_word' id='word_1_1396' title='bbox 1394 2752 1472 2782; x_wconf 90' lang='lat' dir='ltr'>causa</span> <span class='ocrx_word' id='word_1_1397' title='bbox 1492 2762 1525 2793; x_wconf 92' lang='lat' dir='ltr'>pr</span> <span class='ocrx_word' id='word_1_1398' title='bbox 1571 2753 1646 2791; x_wconf 71' lang='grc'>1013,</span> <span class='ocrx_word' id='word_1_1399' title='bbox 1670 2763 1747 2783; x_wconf 86' lang='grc'>110110</span> <span class='ocrx_word' id='word_1_1400' title='bbox 1765 2774 1775 2790; x_wconf 84' lang='grc'>,</span> <span class='ocrx_word' id='word_1_1401' title='bbox 1797 2760 1829 2782; x_wconf 92' lang='lat' dir='ltr'>ut</span> <span class='ocrx_word' id='word_1_1402' title='bbox 1851 2752 1947 2790; x_wconf 84' lang='lat' dir='ltr'>saepius</span> <span class='ocrx_word' id='word_1_1403' title='bbox 1962 2775 1972 2790; x_wconf 92' lang='grc'>,</span> <span class='ocrx_word' id='word_1_1404' title='bbox 1990 2762 2039 2791; x_wconf 87' lang='lat' dir='ltr'>per</span> <span class='ocrx_word' id='word_1_1405' title='bbox 2053 2752 2138 2782; x_wconf 90' lang='lat' dir='ltr'>solem</span> <span class='ocrx_word' id='word_1_1406' title='bbox 2160 2762 2210 2782; x_wconf 89' lang='lat' dir='ltr'>nes</span> <span class='ocrx_word' id='word_1_1407' title='bbox 2227 2752 2363 2784; x_wconf 89' lang='lat' dir='ltr'>Nuncios</span> <span class='ocrx_word' id='word_1_1408' title='bbox 2382 2755 2417 2785; x_wconf 88' lang='lat'>&amp;</span> 
     </span>
     <span class='ocr_line' id='line_1_172' title="bbox 1345 2787 2418 2830; baseline 0.004 -12"><span class='ocrx_word' id='word_1_1409' title='bbox 1345 2787 1544 2821; x_wconf 71' lang='lat' dir='ltr'>Procuratores</span> <span class='ocrx_word' id='word_1_1410' title='bbox 1560 2790 1671 2822; x_wconf 86' lang='lat' dir='ltr'>nostros</span> <span class='ocrx_word' id='word_1_1411' title='bbox 1688 2791 2022 2829; x_wconf 83' lang='lat' dir='ltr'>fecimus‚excusandum</span> <span class='ocrx_word' id='word_1_1412' title='bbox 2033 2813 2042 2829; x_wconf 93' lang='lat'>,</span> <span class='ocrx_word' id='word_1_1413' title='bbox 2057 2790 2091 2820; x_wconf 93' lang='lat' dir='ltr'>ad</span> <span class='ocrx_word' id='word_1_1414' title='bbox 2106 2800 2142 2820; x_wconf 90' lang='lat' dir='ltr'>ve</span> <span class='ocrx_word' id='word_1_1415' title='bbox 2181 2798 2226 2820; x_wconf 90' lang='lat' dir='ltr'>am</span> <span class='ocrx_word' id='word_1_1416' title='bbox 2239 2791 2418 2830; x_wconf 87' lang='lat' dir='ltr'>praesentiam</span> 
     </span>
     <span class='ocr_line' id='line_1_173' title="bbox 1345 2827 2418 2869; baseline 0.002 -11"><span class='ocrx_word' id='word_1_1417' title='bbox 1345 2827 1495 2866; x_wconf 90' lang='lat' dir='ltr'>specialiter</span> <span class='ocrx_word' id='word_1_1418' title='bbox 1509 2829 1694 2868; x_wconf 88' lang='lat' dir='ltr'>destinamus,</span> <span class='ocrx_word' id='word_1_1419' title='bbox 1712 2829 1815 2859; x_wconf 91' lang='lat' dir='ltr'>devote</span> <span class='ocrx_word' id='word_1_1420' title='bbox 1831 2829 1865 2859; x_wconf 90' lang='lat'>&amp;</span> <span class='ocrx_word' id='word_1_1421' title='bbox 1874 2828 2018 2859; x_wconf 88' lang='lat' dir='ltr'>humiliter</span> <span class='ocrx_word' id='word_1_1422' title='bbox 2030 2828 2212 2869; x_wconf 88' lang='lat' dir='ltr'>supplicantes</span> <span class='ocrx_word' id='word_1_1423' title='bbox 2226 2830 2354 2867; x_wconf 87' lang='lat' dir='ltr'>quatinus</span> <span class='ocrx_word' id='word_1_1424' title='bbox 2368 2839 2418 2860; x_wconf 87' lang='lat' dir='ltr'>ex-</span> 
     </span>
     <span class='ocr_line' id='line_1_174' title="bbox 1343 2866 2417 2912; baseline 0.002 -14"><span class='ocrx_word' id='word_1_1425' title='bbox 1343 2867 1515 2912; x_wconf 83' lang='lat' dir='ltr'>cusationem</span> <span class='ocrx_word' id='word_1_1426' title='bbox 1536 2868 1611 2898; x_wconf 83' lang='lat' dir='ltr'>illam</span> <span class='ocrx_word' id='word_1_1427' title='bbox 1623 2890 1634 2907; x_wconf 87' lang='lat'>,</span> <span class='ocrx_word' id='word_1_1428' title='bbox 1658 2867 1679 2898; x_wconf 89' lang='lat' dir='ltr'>fi</span> <span class='ocrx_word' id='word_1_1429' title='bbox 1700 2867 1792 2906; x_wconf 88' lang='lat' dir='ltr'>placet</span> <span class='ocrx_word' id='word_1_1430' title='bbox 1805 2890 1816 2907; x_wconf 92' lang='lat'>,</span> <span class='ocrx_word' id='word_1_1431' title='bbox 1839 2866 1986 2898; x_wconf 89' lang='lat' dir='ltr'>admittere</span> <span class='ocrx_word' id='word_1_1432' title='bbox 2004 2867 2095 2899; x_wconf 89' lang='lat' dir='ltr'>velitis</span> <span class='ocrx_word' id='word_1_1433' title='bbox 2117 2867 2304 2900; x_wconf 80' lang='lat' dir='ltr'>favorabiliter</span> <span class='ocrx_word' id='word_1_1434' title='bbox 2317 2868 2352 2900; x_wconf 70' lang='grc' dir='ltr'>ὃ(</span> <span class='ocrx_word' id='word_1_1435' title='bbox 2365 2869 2417 2900; x_wconf 85' lang='lat' dir='ltr'>be-</span> 
     </span>
    </p>
   </div>
   <div class='ocr_carea' id='block_1_19' title="bbox 1347 2915 2055 3024">
    <p class='ocr_par' dir='ltr' id='par_1_44' title="bbox 1347 2915 2055 3024">
     <span class='ocr_line' id='line_1_175' title="bbox 1347 2915 1441 2947; baseline -0.021 -10"><span class='ocrx_word' id='word_1_1436' title='bbox 1347 2915 1441 2947; x_wconf 87' lang='lat' dir='ltr'>nigne.</span> 
     </span>
     <span class='ocr_line' id='line_1_176' title="bbox 1380 2955 2055 3024; baseline -0.001 -10"><span class='ocrx_word' id='word_1_1437' title='bbox 1380 2955 1477 3015; x_wconf 21' lang='lat' dir='ltr'>Teste*</span> <span class='ocrx_word' id='word_1_1438' title='bbox 1485 2982 1568 3024; x_wconf 85' lang='lat' dir='ltr'>Rege</span> <span class='ocrx_word' id='word_1_1439' title='bbox 1581 2983 1655 3024; x_wconf 89' lang='lat' dir='ltr'>apud</span> <span class='ocrx_word' id='word_1_1440' title='bbox 1668 2981 1835 3015; x_wconf 88' lang='lat' dir='ltr'>Westmon.</span> <span class='ocrx_word' id='word_1_1441' title='bbox 1855 2992 1895 3014; x_wconf 92' lang='lat'>20</span> <span class='ocrx_word' id='word_1_1442' title='bbox 1913 2982 1960 3014; x_wconf 89' lang='lat' dir='ltr'>die</span> <span class='ocrx_word' id='word_1_1443' title='bbox 1973 2981 2055 3015; x_wconf 91' lang='lat' dir='ltr'>Maii.</span> 
     </span>
    </p>
   </div>
   <div class='ocr_carea' id='block_1_20' title="bbox 1369 3106 2394 3205">
    <p class='ocr_par' dir='ltr' id='par_1_45' title="bbox 1369 3106 2394 3205">
     <span class='ocr_line' id='line_1_177' title="bbox 1369 3106 2394 3159; baseline -0.003 -13"><span class='ocrx_word' id='word_1_1444' title='bbox 1369 3111 1460 3146; x_wconf 83' lang='lat' dir='ltr'>Bulla</span> <span class='ocrx_word' id='word_1_1445' title='bbox 1476 3114 1614 3159; x_wconf 84' lang='lat' dir='ltr'>Gregorii</span> <span class='ocrx_word' id='word_1_1446' title='bbox 1633 3110 1670 3144; x_wconf 83' lang='lat' dir='ltr'>de</span> <span class='ocrx_word' id='word_1_1447' title='bbox 1688 3110 1906 3155; x_wconf 82' lang='lat' dir='ltr'>confirmatione</span> <span class='ocrx_word' id='word_1_1448' title='bbox 1919 3109 2151 3156; x_wconf 83' lang='lat' dir='ltr'>privilegiorum</span> <span class='ocrx_word' id='word_1_1449' title='bbox 2162 3111 2200 3148; x_wconf 57' lang='grc' dir='ltr'>ῤ’</span> <span class='ocrx_word' id='word_1_1450' title='bbox 2216 3106 2394 3144; x_wconf 74' lang='lat' dir='ltr'>libertatum</span> 
     </span>
     <span class='ocr_line' id='line_1_178' title="bbox 1644 3158 2122 3205; baseline -0.002 -12"><span class='ocrx_word' id='word_1_1451' title='bbox 1644 3160 1768 3194; x_wconf 66' lang='lat' dir='ltr'>Militia</span> <span class='ocrx_word' id='word_1_1452' title='bbox 1783 3159 1899 3205; x_wconf 87' lang='lat' dir='ltr'>Templi</span> <span class='ocrx_word' id='word_1_1453' title='bbox 1916 3158 2122 3204; x_wconf 77' lang='lat' dir='ltr'>conccffizrmn.</span> 
     </span>
    </p>
   </div>
   <div class='ocr_carea' id='block_1_21' title="bbox 1348 3242 2410 3361">
    <p class='ocr_par' dir='ltr' id='par_1_46' title="bbox 1348 3242 2410 3361">
     <span class='ocr_line' id='line_1_179' title="bbox 1350 3242 2354 3310; baseline -0.003 -33"><span class='ocrx_word' id='word_1_1454' title='bbox 1350 3246 1562 3310; x_wconf 83' lang='lat' dir='ltr'>GRegorius</span> <span class='ocrx_word' id='word_1_1455' title='bbox 1575 3244 1747 3290; x_wconf 79' lang='lat' dir='ltr'>Episcopus,</span> <span class='ocrx_word' id='word_1_1456' title='bbox 1766 3244 1856 3276; x_wconf 85' lang='lat' dir='ltr'>servus</span> <span class='ocrx_word' id='word_1_1457' title='bbox 1870 3243 2104 3291; x_wconf 28' lang='lat' dir='ltr'>servorum‘Dess</span> <span class='ocrx_word' id='word_1_1458' title='bbox 2121 3242 2229 3289; x_wconf 61' lang='lat' dir='ltr'>dileti‘cis</span> <span class='ocrx_word' id='word_1_1459' title='bbox 2241 3243 2314 3288; x_wconf 35' lang='lat' dir='ltr'>filiis.</span> <span class='ocrx_word' id='word_1_1460' title='bbox 2349 3284 2354 3290; x_wconf 34' lang='grc' dir='ltr'><em>Π</em></span> 
     </span>
     <span class='ocr_line' id='line_1_180' title="bbox 1438 3282 2410 3325; baseline -0.002 -10"><span class='ocrx_word' id='word_1_1461' title='bbox 1438 3284 1577 3325; x_wconf 86' lang='lat' dir='ltr'>Magistro</span> <span class='ocrx_word' id='word_1_1462' title='bbox 1591 3284 1625 3314; x_wconf 89' lang='lat'>&amp;</span> <span class='ocrx_word' id='word_1_1463' title='bbox 1641 3283 1778 3315; x_wconf 89' lang='lat' dir='ltr'>Fratribus</span> <span class='ocrx_word' id='word_1_1464' title='bbox 1798 3283 1915 3314; x_wconf 89' lang='lat' dir='ltr'>Domus</span> <span class='ocrx_word' id='word_1_1465' title='bbox 1935 3283 2050 3315; x_wconf 88' lang='lat' dir='ltr'>Mihtiae</span> <span class='ocrx_word' id='word_1_1466' title='bbox 2069 3282 2410 3323; x_wconf 85' lang='lat' dir='ltr'>TemphJerusolimitan.</span> 
     </span>
     <span class='ocr_line' id='line_1_181' title="bbox 1348 3322 1973 3361; baseline -0.008 -5"><span class='ocrx_word' id='word_1_1467' title='bbox 1348 3325 1462 3357; x_wconf 87' lang='lat' dir='ltr'>salutem</span> <span class='ocrx_word' id='word_1_1468' title='bbox 1475 3325 1509 3355; x_wconf 90' lang='lat'>&amp;</span> <span class='ocrx_word' id='word_1_1469' title='bbox 1522 3322 1720 3361; x_wconf 87' lang='lat' dir='ltr'>Apostolicam</span> <span class='ocrx_word' id='word_1_1470' title='bbox 1731 3322 1973 3353; x_wconf 70' lang='lat' dir='ltr'>benedictionem.</span> 
     </span>
    </p>
   </div>
   <div class='ocr_carea' id='block_1_22' title="bbox 2429 2401 2564 2665">
    <p class='ocr_par' dir='ltr' id='par_1_47' title="bbox 2430 2401 2564 2479">
     <span class='ocr_line' id='line_1_182' title="bbox 2430 2401 2564 2434; baseline 0 -1"><span class='ocrx_word' id='word_1_1471' title='bbox 2430 2401 2506 2433; x_wconf 84' lang='lat' dir='ltr'>Ann.</span> <span class='ocrx_word' id='word_1_1472' title='bbox 2523 2402 2564 2434; x_wconf 91' lang='lat' dir='ltr'>D.</span> 
     </span>
     <span class='ocr_line' id='line_1_183' title="bbox 2456 2451 2541 2479; baseline 0.012 -8"><span class='ocrx_word' id='word_1_1473' title='bbox 2456 2451 2541 2479; x_wconf 83' lang='lat'>1272.</span> 
     </span>
    </p>

    <p class='ocr_par' dir='ltr' id='par_1_48' title="bbox 2429 2483 2542 2518">
     <span class='ocr_line' id='line_1_184' title="bbox 2429 2483 2542 2518; baseline 0.009 -10"><span class='ocrx_word' id='word_1_1474' title='bbox 2429 2484 2480 2508; x_wconf 82' lang='lat' dir='ltr'>An.</span> <span class='ocrx_word' id='word_1_1475' title='bbox 2494 2483 2542 2518; x_wconf 83' lang='lat'>56.</span> 
     </span>
    </p>

    <p class='ocr_par' dir='ltr' id='par_1_49' title="bbox 2430 2524 2501 2556">
     <span class='ocr_line' id='line_1_185' title="bbox 2430 2524 2501 2556; baseline 0 -10"><span class='ocrx_word' id='word_1_1476' title='bbox 2430 2524 2464 2547; x_wconf 89' lang='lat' dir='ltr'>H.</span> <span class='ocrx_word' id='word_1_1477' title='bbox 2476 2529 2501 2556; x_wconf 82' lang='lat'>3.</span> 
     </span>
    </p>

    <p class='ocr_par' dir='ltr' id='par_1_50' title="bbox 2434 2559 2546 2594">
     <span class='ocr_line' id='line_1_186' title="bbox 2434 2559 2546 2594; baseline 0.009 -8"><span class='ocrx_word' id='word_1_1478' title='bbox 2434 2562 2489 2586; x_wconf 78' lang='lat' dir='ltr'>Pat.</span> <span class='ocrx_word' id='word_1_1479' title='bbox 2499 2559 2546 2594; x_wconf 87' lang='lat'>56.</span> 
     </span>
    </p>

    <p class='ocr_par' dir='ltr' id='par_1_51' title="bbox 2434 2601 2507 2633">
     <span class='ocr_line' id='line_1_187' title="bbox 2434 2601 2507 2633; baseline -0.014 -9"><span class='ocrx_word' id='word_1_1480' title='bbox 2434 2601 2467 2624; x_wconf 87' lang='lat' dir='ltr'>H.</span> <span class='ocrx_word' id='word_1_1481' title='bbox 2481 2606 2507 2633; x_wconf 86' lang='lat'>3.</span> 
     </span>
    </p>

    <p class='ocr_par' dir='ltr' id='par_1_52' title="bbox 2436 2634 2525 2665">
     <span class='ocr_line' id='line_1_188' title="bbox 2436 2634 2525 2665; baseline -0.011 -1"><span class='ocrx_word' id='word_1_1482' title='bbox 2436 2646 2462 2665; x_wconf 77' lang='lat' dir='ltr'>n.</span> <span class='ocrx_word' id='word_1_1483' title='bbox 2482 2634 2525 2663; x_wconf 83' lang='lat'>18.</span> 
     </span>
    </p>
   </div>
   <div class='ocr_carea' id='block_1_23' title="bbox 2430 3244 2566 3324">
    <p class='ocr_par' dir='ltr' id='par_1_53' title="bbox 2430 3244 2566 3324">
     <span class='ocr_line' id='line_1_189' title="bbox 2430 3244 2566 3279; baseline 0.015 -2"><span class='ocrx_word' id='word_1_1484' title='bbox 2430 3244 2507 3277; x_wconf 89' lang='lat' dir='ltr'>Ann.</span> <span class='ocrx_word' id='word_1_1485' title='bbox 2521 3247 2566 3279; x_wconf 68' lang='lat' dir='ltr'>DJ</span> 
     </span>
     <span class='ocr_line' id='line_1_190' title="bbox 2451 3295 2534 3324; baseline 0.048 -11"><span class='ocrx_word' id='word_1_1486' title='bbox 2451 3295 2534 3324; x_wconf 81' lang='lat'>1272.</span> 
     </span>
    </p>
   </div>
   <div class='ocr_carea' id='block_1_24' title="bbox 2429 3327 2543 3361">
    <p class='ocr_par' dir='ltr' id='par_1_54' title="bbox 2429 3327 2543 3361">
     <span class='ocr_line' id='line_1_191' title="bbox 2429 3327 2543 3361; baseline 0.018 -10"><span class='ocrx_word' id='word_1_1487' title='bbox 2429 3328 2481 3351; x_wconf 81' lang='lat' dir='ltr'>An.</span> <span class='ocrx_word' id='word_1_1488' title='bbox 2498 3327 2543 3361; x_wconf 81' lang='lat'>56.</span> 
     </span>
    </p>
   </div>
   <div class='ocr_carea' id='block_1_25' title="bbox 1349 3359 2538 3441">
    <p class='ocr_par' dir='ltr' id='par_1_55' title="bbox 1349 3359 2538 3441">
     <span class='ocr_line' id='line_1_192' title="bbox 1385 3359 2506 3403; baseline -0.002 -10"><span class='ocrx_word' id='word_1_1489' title='bbox 1385 3362 1465 3393; x_wconf 90' lang='lat' dir='ltr'>Cum</span> <span class='ocrx_word' id='word_1_1490' title='bbox 1485 3364 1500 3392; x_wconf 80' lang='lat' dir='ltr'>a</span> <span class='ocrx_word' id='word_1_1491' title='bbox 1522 3362 1606 3391; x_wconf 85' lang='lat' dir='ltr'>nobis</span> <span class='ocrx_word' id='word_1_1492' title='bbox 1624 3363 1726 3401; x_wconf 90' lang='lat' dir='ltr'>petitur</span> <span class='ocrx_word' id='word_1_1493' title='bbox 1739 3384 1750 3401; x_wconf 82' lang='grc'>,</span> <span class='ocrx_word' id='word_1_1494' title='bbox 1767 3361 1844 3401; x_wconf 90' lang='lat' dir='ltr'>quod</span> <span class='ocrx_word' id='word_1_1495' title='bbox 1857 3360 1964 3399; x_wconf 84' lang='lat' dir='ltr'>justum</span> <span class='ocrx_word' id='word_1_1496' title='bbox 1975 3359 2016 3391; x_wconf 88' lang='lat' dir='ltr'>est</span> <span class='ocrx_word' id='word_1_1497' title='bbox 2029 3360 2062 3391; x_wconf 91' lang='lat'>&amp;</span> <span class='ocrx_word' id='word_1_1498' title='bbox 2075 3359 2246 3403; x_wconf 83' lang='lat' dir='ltr'>honestum,</span> <span class='ocrx_word' id='word_1_1499' title='bbox 2261 3360 2320 3390; x_wconf 63' lang='lat' dir='ltr'>vitm</span> <span class='ocrx_word' id='word_1_1500' title='bbox 2332 3361 2360 3390; x_wconf 95' lang='lat' dir='ltr'>v&#39;</span> <span class='ocrx_word' id='word_1_1501' title='bbox 2379 3368 2413 3402; x_wconf 81' lang='lat' dir='ltr'>or</span> <span class='ocrx_word' id='word_1_1502' title='bbox 2427 3367 2462 3389; x_wconf 86' lang='lat' dir='ltr'>H.</span> <span class='ocrx_word' id='word_1_1503' title='bbox 2482 3373 2506 3400; x_wconf 90' lang='lat'>3.</span> 
     </span>
     <span class='ocr_line' id='line_1_193' title="bbox 1349 3398 2538 3441; baseline -0.003 -7"><span class='ocrx_word' id='word_1_1504' title='bbox 1349 3401 1502 3441; x_wconf 82' lang='lat' dir='ltr'>aequitatis,</span> <span class='ocrx_word' id='word_1_1505' title='bbox 1539 3401 1603 3430; x_wconf 74' lang='lat' dir='ltr'>uam</span> <span class='ocrx_word' id='word_1_1506' title='bbox 1616 3400 1688 3430; x_wconf 91' lang='lat' dir='ltr'>ordo</span> <span class='ocrx_word' id='word_1_1507' title='bbox 1703 3402 1788 3440; x_wconf 81' lang='lat' dir='ltr'>exigit</span> <span class='ocrx_word' id='word_1_1508' title='bbox 1802 3400 1913 3431; x_wconf 85' lang='lat' dir='ltr'>rationis</span> <span class='ocrx_word' id='word_1_1509' title='bbox 1927 3407 1957 3430; x_wconf 86' lang='lat' dir='ltr'>ut</span> <span class='ocrx_word' id='word_1_1510' title='bbox 1970 3399 1997 3429; x_wconf 93' lang='lat' dir='ltr'>id</span> <span class='ocrx_word' id='word_1_1511' title='bbox 2006 3422 2016 3438; x_wconf 87' lang='lat'>,</span> <span class='ocrx_word' id='word_1_1512' title='bbox 2033 3408 2083 3439; x_wconf 89' lang='lat' dir='ltr'>per</span> <span class='ocrx_word' id='word_1_1513' title='bbox 2093 3398 2311 3430; x_wconf 79' lang='lat' dir='ltr'>sollicitudinem</span> <span class='ocrx_word' id='word_1_1514' title='bbox 2322 3408 2342 3429; x_wconf 94' lang='lat' dir='ltr'>o</span> <span class='ocrx_word' id='word_1_1515' title='bbox 2375 3398 2411 3428; x_wconf 87' lang='grc'>011</span> <span class='ocrx_word' id='word_1_1516' title='bbox 2428 3405 2467 3428; x_wconf 78' lang='lat' dir='ltr'>Ex</span> <span class='ocrx_word' id='word_1_1517' title='bbox 2479 3405 2538 3430; x_wconf 85' lang='lat' dir='ltr'>Au—</span> 
     </span>
    </p>
   </div>
   <div class='ocr_carea' id='block_1_26' title="bbox 1350 3437 2419 3864">
    <p class='ocr_par' dir='ltr' id='par_1_56' title="bbox 1350 3437 2419 3864">
     <span class='ocr_line' id='line_1_194' title="bbox 1350 3437 2375 3480; baseline -0.003 -9"><span class='ocrx_word' id='word_1_1518' title='bbox 1350 3440 1458 3479; x_wconf 80' lang='lat' dir='ltr'>nostri,</span> <span class='ocrx_word' id='word_1_1519' title='bbox 1543 3438 1650 3468; x_wconf 90' lang='lat' dir='ltr'>ebitum</span> <span class='ocrx_word' id='word_1_1520' title='bbox 1665 3440 1831 3477; x_wconf 89' lang='lat' dir='ltr'>perducatur</span> <span class='ocrx_word' id='word_1_1521' title='bbox 1845 3437 1997 3469; x_wconf 54' lang='lat' dir='ltr'>effessum:</span> <span class='ocrx_word' id='word_1_1522' title='bbox 2369 3474 2375 3480; x_wconf 48' lang='lat'>·</span> 
     </span>
     <span class='ocr_line' id='line_1_195' title="bbox 1388 3475 2412 3545; baseline -0.007 -35"><span class='ocrx_word' id='word_1_1523' title='bbox 1388 3479 1430 3510; x_wconf 89' lang='lat' dir='ltr'>Ea</span> <span class='ocrx_word' id='word_1_1524' title='bbox 1442 3476 1672 3520; x_wconf 71' lang='lat' dir='ltr'>propter,dile6⁷ti</span> <span class='ocrx_word' id='word_1_1525' title='bbox 1685 3478 1714 3507; x_wconf 92' lang='lat' dir='ltr'>in</span> <span class='ocrx_word' id='word_1_1526' title='bbox 1728 3477 1848 3521; x_wconf 80' lang='lat' dir='ltr'>domino</span> <span class='ocrx_word' id='word_1_1527' title='bbox 1861 3476 2026 3515; x_wconf 80' lang='lat' dir='ltr'>filii‚vestris</span> <span class='ocrx_word' id='word_1_1528' title='bbox 2034 3475 2353 3545; x_wconf 49' lang='lat' dir='ltr'>J&#39;us’ffngstfflatifflfibus</span> <span class='ocrx_word' id='word_1_1529' title='bbox 2367 3483 2412 3517; x_wconf 75' lang='grc'>111-</span> 
     </span>
     <span class='ocr_line' id='line_1_196' title="bbox 1351 3511 2414 3557; baseline -0.007 -8"><span class='ocrx_word' id='word_1_1530' title='bbox 1351 3518 1460 3554; x_wconf 84' lang='lat' dir='ltr'>clinati,</span> <span class='ocrx_word' id='word_1_1531' title='bbox 1477 3525 1577 3546; x_wconf 73' lang='grc'>01111105</span> <span class='ocrx_word' id='word_1_1532' title='bbox 1596 3515 1732 3546; x_wconf 87' lang='lat' dir='ltr'>libertates</span> <span class='ocrx_word' id='word_1_1533' title='bbox 1751 3517 1785 3548; x_wconf 93' lang='lat'>&amp;</span> <span class='ocrx_word' id='word_1_1534' title='bbox 1799 3517 1989 3546; x_wconf 88' lang='lat' dir='ltr'>immunitates</span> <span class='ocrx_word' id='word_1_1535' title='bbox 2000 3538 2011 3554; x_wconf 82' lang='lat'>,</span> <span class='ocrx_word' id='word_1_1536' title='bbox 2026 3515 2043 3544; x_wconf 72' lang='lat' dir='ltr'>a</span> <span class='ocrx_word' id='word_1_1537' title='bbox 2057 3523 2076 3554; x_wconf 92' lang='lat' dir='ltr'>p</span> <span class='ocrx_word' id='word_1_1538' title='bbox 2135 3514 2302 3545; x_wconf 76' lang='lat' dir='ltr'>ecessoribus</span> <span class='ocrx_word' id='word_1_1539' title='bbox 2313 3511 2414 3557; x_wconf 74' lang='lat' dir='ltr'>nostris</span> 
     </span>
     <span class='ocr_line' id='line_1_197' title="bbox 1351 3550 2414 3623; baseline -0.008 -35"><span class='ocrx_word' id='word_1_1540' title='bbox 1351 3555 1491 3588; x_wconf 87' lang='lat' dir='ltr'>Romanis</span> <span class='ocrx_word' id='word_1_1541' title='bbox 1510 3553 1697 3584; x_wconf 87' lang='lat' dir='ltr'>Pontificibus</span> <span class='ocrx_word' id='word_1_1542' title='bbox 1720 3565 1768 3593; x_wconf 87' lang='lat' dir='ltr'>per</span> <span class='ocrx_word' id='word_1_1543' title='bbox 1795 3554 1939 3623; x_wconf 43' lang='lat' dir='ltr'>ffivnegst</span> <span class='ocrx_word' id='word_1_1544' title='bbox 1958 3554 1992 3584; x_wconf 91' lang='lat'>&amp;</span> <span class='ocrx_word' id='word_1_1545' title='bbox 2012 3553 2075 3583; x_wconf 90' lang='lat' dir='ltr'>alias</span> <span class='ocrx_word' id='word_1_1546' title='bbox 2092 3550 2414 3597; x_wconf 33' lang='lat' dir='ltr'>‘indulgentia-§Domui</span> 
     </span>
     <span class='ocr_line' id='line_1_198' title="bbox 1351 3590 2416 3631; baseline -0.007 -5"><span class='ocrx_word' id='word_1_1547' title='bbox 1351 3595 1453 3626; x_wconf 76' lang='lat' dir='ltr'>vestrae</span> <span class='ocrx_word' id='word_1_1548' title='bbox 1467 3592 1626 3631; x_wconf 88' lang='lat' dir='ltr'>concessas,</span> <span class='ocrx_word' id='word_1_1549' title='bbox 1643 3603 1757 3624; x_wconf 91' lang='lat' dir='ltr'>necnon</span> <span class='ocrx_word' id='word_1_1550' title='bbox 1777 3593 1795 3623; x_wconf 93' lang='lat' dir='ltr'>li</span> <span class='ocrx_word' id='word_1_1551' title='bbox 1833 3601 1913 3623; x_wconf 90' lang='lat' dir='ltr'>rtates</span> <span class='ocrx_word' id='word_1_1552' title='bbox 1928 3594 1962 3624; x_wconf 90' lang='lat'>&amp;</span> <span class='ocrx_word' id='word_1_1553' title='bbox 1976 3598 2168 3629; x_wconf 70' lang='lat' dir='ltr'>exemptiones</span> <span class='ocrx_word' id='word_1_1554' title='bbox 2187 3590 2348 3631; x_wconf 72' lang='lat' dir='ltr'>secularium</span> <span class='ocrx_word' id='word_1_1555' title='bbox 2366 3598 2416 3619; x_wconf 85' lang='lat' dir='ltr'>ex-</span> 
     </span>
     <span class='ocr_line' id='line_1_199' title="bbox 1352 3626 2416 3675; baseline -0.008 -10"><span class='ocrx_word' id='word_1_1556' title='bbox 1352 3634 1498 3665; x_wconf 64' lang='lat' dir='ltr'>actionum</span> <span class='ocrx_word' id='word_1_1557' title='bbox 1513 3653 1523 3668; x_wconf 87' lang='lat'>,</span> <span class='ocrx_word' id='word_1_1558' title='bbox 1548 3631 1564 3661; x_wconf 74' lang='lat' dir='ltr'>a</span> <span class='ocrx_word' id='word_1_1559' title='bbox 1586 3630 1713 3675; x_wconf 80' lang='lat' dir='ltr'>Regibus</span> <span class='ocrx_word' id='word_1_1560' title='bbox 1725 3656 1735 3672; x_wconf 98' lang='lat'>,</span> <span class='ocrx_word' id='word_1_1561' title='bbox 1753 3633 1787 3664; x_wconf 75' lang='grc' dir='ltr'>δε</span> <span class='ocrx_word' id='word_1_1562' title='bbox 1806 3631 1984 3669; x_wconf 87' lang='lat' dir='ltr'>Principibus</span> <span class='ocrx_word' id='word_1_1563' title='bbox 1997 3652 2008 3669; x_wconf 94' lang='lat'>,</span> <span class='ocrx_word' id='word_1_1564' title='bbox 2025 3639 2059 3660; x_wconf 91' lang='grc'>30</span> <span class='ocrx_word' id='word_1_1565' title='bbox 2080 3630 2137 3660; x_wconf 86' lang='lat' dir='ltr'>aliis</span> <span class='ocrx_word' id='word_1_1566' title='bbox 2152 3628 2258 3660; x_wconf 89' lang='lat' dir='ltr'>Christi</span> <span class='ocrx_word' id='word_1_1567' title='bbox 2272 3626 2416 3671; x_wconf 80' lang='lat' dir='ltr'>fidehbus,</span> 
     </span>
     <span class='ocr_line' id='line_1_200' title="bbox 1353 3665 2416 3711; baseline -0.008 -8"><span class='ocrx_word' id='word_1_1568' title='bbox 1353 3670 1551 3703; x_wconf 82' lang='lat' dir='ltr'>rationabiliter</span> <span class='ocrx_word' id='word_1_1569' title='bbox 1572 3670 1653 3700; x_wconf 81' lang='lat' dir='ltr'>vobls</span> <span class='ocrx_word' id='word_1_1570' title='bbox 1674 3672 1791 3702; x_wconf 87' lang='lat' dir='ltr'>indultas</span> <span class='ocrx_word' id='word_1_1571' title='bbox 1804 3694 1813 3710; x_wconf 83' lang='lat'>,</span> <span class='ocrx_word' id='word_1_1572' title='bbox 1831 3671 1933 3701; x_wconf 90' lang='lat' dir='ltr'>Terras</span> <span class='ocrx_word' id='word_1_1573' title='bbox 1953 3678 2084 3707; x_wconf 86' lang='lat' dir='ltr'>quoque,</span> <span class='ocrx_word' id='word_1_1574' title='bbox 2103 3666 2299 3711; x_wconf 69' lang='lat' dir='ltr'>posseffipneS‚</span> <span class='ocrx_word' id='word_1_1575' title='bbox 2317 3665 2350 3695; x_wconf 89' lang='lat'>&amp;</span> <span class='ocrx_word' id='word_1_1576' title='bbox 2366 3666 2416 3696; x_wconf 87' lang='lat' dir='ltr'>alia</span> 
     </span>
     <span class='ocr_line' id='line_1_201' title="bbox 1353 3703 2417 3747; baseline -0.006 -6"><span class='ocrx_word' id='word_1_1577' title='bbox 1353 3712 1430 3741; x_wconf 90' lang='lat' dir='ltr'>bona</span> <span class='ocrx_word' id='word_1_1578' title='bbox 1449 3707 1539 3739; x_wconf 88' lang='lat' dir='ltr'>vestra</span> <span class='ocrx_word' id='word_1_1579' title='bbox 1551 3730 1560 3744; x_wconf 91' lang='lat'>,</span> <span class='ocrx_word' id='word_1_1580' title='bbox 1578 3709 1647 3739; x_wconf 90' lang='lat' dir='ltr'>sicut</span> <span class='ocrx_word' id='word_1_1581' title='bbox 1667 3719 1697 3740; x_wconf 89' lang='lat' dir='ltr'>ea</span> <span class='ocrx_word' id='word_1_1582' title='bbox 1719 3711 1817 3741; x_wconf 91' lang='lat' dir='ltr'>omnia</span> <span class='ocrx_word' id='word_1_1583' title='bbox 1838 3708 1908 3747; x_wconf 81' lang='lat' dir='ltr'>juste</span> <span class='ocrx_word' id='word_1_1584' title='bbox 1927 3717 1960 3738; x_wconf 90' lang='lat' dir='ltr'>ac</span> <span class='ocrx_word' id='word_1_1585' title='bbox 2008 3707 2088 3738; x_wconf 84' lang='lat' dir='ltr'>cifice</span> <span class='ocrx_word' id='word_1_1586' title='bbox 2101 3707 2248 3742; x_wconf 87' lang='lat' dir='ltr'>obtinetis,</span> <span class='ocrx_word' id='word_1_1587' title='bbox 2267 3703 2366 3741; x_wconf 85' lang='lat' dir='ltr'>vobis,</span> <span class='ocrx_word' id='word_1_1588' title='bbox 2382 3704 2417 3735; x_wconf 90' lang='lat'>&amp;</span> 
     </span>
     <span class='ocr_line' id='line_1_202' title="bbox 1354 3741 2419 3818; baseline 0 -40"><span class='ocrx_word' id='word_1_1589' title='bbox 1354 3759 1404 3818; x_wconf 75' lang='lat' dir='ltr'>per</span> <span class='ocrx_word' id='word_1_1590' title='bbox 1415 3756 1493 3815; x_wconf 54' lang='lat' dir='ltr'>yps,</span> <span class='ocrx_word' id='word_1_1591' title='bbox 1503 3747 1720 3816; x_wconf 55' lang='lat' dir='ltr'>‹itidemtrDomui</span> <span class='ocrx_word' id='word_1_1592' title='bbox 1735 3749 1898 3792; x_wconf 61' lang='lat' dir='ltr'>auetoritate</span> <span class='ocrx_word' id='word_1_1593' title='bbox 1910 3756 1965 3785; x_wconf 86' lang='lat' dir='ltr'>apo</span> <span class='ocrx_word' id='word_1_1594' title='bbox 1992 3745 2066 3779; x_wconf 74' lang='lat' dir='ltr'>olica</span> <span class='ocrx_word' id='word_1_1595' title='bbox 2079 3743 2278 3777; x_wconf 68' lang='lat' dir='ltr'>confirmamus</span> <span class='ocrx_word' id='word_1_1596' title='bbox 2298 3741 2331 3773; x_wconf 90' lang='lat'>&amp;</span> <span class='ocrx_word' id='word_1_1597' title='bbox 2346 3751 2419 3783; x_wconf 80' lang='lat' dir='ltr'>prae-</span> 
     </span>
     <span class='ocr_line' id='line_1_203' title="bbox 1424 3795 1942 3816; baseline 0.002 -1"><span class='ocrx_word' id='word_1_1598' title='bbox 1424 3796 1434 3815; x_wconf 90' lang='lat' dir='ltr'>s</span> <span class='ocrx_word' id='word_1_1599' title='bbox 1455 3795 1494 3815; x_wconf 86' lang='lat' dir='ltr'>cri</span> <span class='ocrx_word' id='word_1_1600' title='bbox 1527 3795 1536 3815; x_wconf 93' lang='lat'>1</span> <span class='ocrx_word' id='word_1_1601' title='bbox 1571 3795 1584 3815; x_wconf 91' lang='lat' dir='ltr'>a</span> <span class='ocrx_word' id='word_1_1602' title='bbox 1610 3796 1630 3816; x_wconf 92' lang='grc'>0</span> <span class='ocrx_word' id='word_1_1603' title='bbox 1649 3797 1677 3816; x_wconf 84' lang='grc'>111</span> <span class='ocrx_word' id='word_1_1604' title='bbox 1862 3796 1871 3816; x_wconf 90' lang='grc'>1</span> <span class='ocrx_word' id='word_1_1605' title='bbox 1903 3796 1942 3816; x_wconf 87' lang='grc'>05.</span> 
     </span>
     <span class='ocr_line' id='line_1_204' title="bbox 1365 3795 1902 3864; baseline -0.002 -46"><span class='ocrx_word' id='word_1_1606' title='bbox 1365 3795 1481 3856; x_wconf 33' lang='lat' dir='ltr'>enItxiIulli</span> <span class='ocrx_word' id='word_1_1607' title='bbox 1496 3795 1583 3864; x_wconf 58' lang='lat' dir='ltr'>{rgg&#39;</span> <span class='ocrx_word' id='word_1_1608' title='bbox 1601 3797 1664 3856; x_wconf 41' lang='grc' dir='ltr'>δεῖ.</span> <span class='ocrx_word' id='word_1_1609' title='bbox 1680 3797 1708 3817; x_wconf 88' lang='lat' dir='ltr'>io</span> <span class='ocrx_word' id='word_1_1610' title='bbox 1720 3796 1902 3819; x_wconf 88' lang='lat' dir='ltr'>communm</span> 
     </span>
    </p>
   </div>
   <div class='ocr_carea' id='block_1_27' title="bbox 1398 3894 2338 3941">
    <p class='ocr_par' dir='ltr' id='par_1_57' title="bbox 1398 3894 2338 3941">
     <span class='ocr_line' id='line_1_205' title="bbox 1398 3894 2338 3941; baseline -0.006 -8"><span class='ocrx_word' id='word_1_1611' title='bbox 1398 3900 1468 3933; x_wconf 87' lang='lat' dir='ltr'>Dat.</span> <span class='ocrx_word' id='word_1_1612' title='bbox 1484 3900 1611 3933; x_wconf 87' lang='lat' dir='ltr'>Lateran.</span> <span class='ocrx_word' id='word_1_1613' title='bbox 1626 3911 1644 3934; x_wconf 89' lang='lat'>2</span> <span class='ocrx_word' id='word_1_1614' title='bbox 1661 3902 1729 3936; x_wconf 84' lang='lat' dir='ltr'>Kal.</span> <span class='ocrx_word' id='word_1_1615' title='bbox 1736 3901 1816 3941; x_wconf 78' lang='lat' dir='ltr'>junii</span> <span class='ocrx_word' id='word_1_1616' title='bbox 1821 3925 1832 3941; x_wconf 87' lang='lat'>,</span> <span class='ocrx_word' id='word_1_1617' title='bbox 1846 3896 2032 3933; x_wconf 80' lang='lat' dir='ltr'>Pontificati&#39;is</span> <span class='ocrx_word' id='word_1_1618' title='bbox 2044 3894 2133 3927; x_wconf 87' lang='lat' dir='ltr'>nostri</span> <span class='ocrx_word' id='word_1_1619' title='bbox 2145 3904 2221 3926; x_wconf 86' lang='lat' dir='ltr'>anno</span> <span class='ocrx_word' id='word_1_1620' title='bbox 2233 3895 2338 3936; x_wconf 89' lang='lat' dir='ltr'>primo.</span> 
     </span>
    </p>
   </div>
   <div class='ocr_carea' id='block_1_28' title="bbox 1898 3969 2314 4052">
    <p class='ocr_par' dir='ltr' id='par_1_58' title="bbox 1898 3969 2314 4052">
     <span class='ocr_line' id='line_1_206' title="bbox 1898 3969 2314 4014; baseline -0.014 -11"><span class='ocrx_word' id='word_1_1621' title='bbox 1898 3971 2020 4014; x_wconf 76' lang='lat' dir='ltr'>Subfilis</span> <span class='ocrx_word' id='word_1_1622' title='bbox 2027 3969 2123 4010; x_wconf 60' lang='lat' dir='ltr'>siricis</span> <span class='ocrx_word' id='word_1_1623' title='bbox 2130 3971 2210 4010; x_wconf 72' lang='lat' dir='ltr'>flavi</span> <span class='ocrx_word' id='word_1_1624' title='bbox 2223 3972 2314 4003; x_wconf 67' lang='lat' dir='ltr'>rubei..</span> 
     </span>
     <span class='ocr_line' id='line_1_207' title="bbox 1939 4009 2100 4052; baseline -0.012 -11"><span class='ocrx_word' id='word_1_1625' title='bbox 1939 4020 1989 4052; x_wconf 73' lang='lat' dir='ltr'>que</span> <span class='ocrx_word' id='word_1_1626' title='bbox 2002 4009 2100 4040; x_wconf 81' lang='lat' dir='ltr'>coloris.</span> 
     </span>
    </p>
   </div>
   <div class='ocr_carea' id='block_1_29' title="bbox 2425 3445 2489 3477">
    <p class='ocr_par' dir='ltr' id='par_1_59' title="bbox 2425 3445 2489 3477">
     <span class='ocr_line' id='line_1_208' title="bbox 2425 3445 2489 3477; baseline 0 -10"><span class='ocrx_word' id='word_1_1627' title='bbox 2425 3445 2489 3477; x_wconf 76' lang='lat' dir='ltr'>togr.</span> 
     </span>
    </p>
   </div>
  </div>
 </body>
</html>
