2570 4261
269 150 348 184 100

126 228 200 260 Ann.
211 224 254 258 D.
308 225 344 258 Et
363 225 463 265 adjecit
473 224 503 255 se
518 220 635 261 vidisse,
656 221 732 260 quod
752 220 866 260 quidam
879 219 1003 264 'Nobilis
1021 221 1051 250 in
1066 217 1210 257 praesentia
1227 216 1334 248 ducen—

148 273 235 304 1307.
268 274 362 297 toruni
379 266 519 300 fratrum,
535 262 579 292 vel
611 261 714 291 lurium
727 260 797 291 dicti
811 259 1023 297 Ordmis,inter
1038 268 1107 301 quos
1117 265 1192 287 erant
1206 256 1333 286 Centum

121 306 188 332 Edi.
209 314 235 331 2.
271 304 397 341 Milites,
412 303 454 333 vel
472 302 544 332 circa
578 308 645 330 utra
661 300 816 336 mare,viz.
832 298 861 331 in
876 298 983 333 Regno
998 296 1104 337 Cypri,
1126 305 1175 333 per
1183 294 1334 338 praefatum

270 341 446 375 Magistrum
460 339 529 370 dieti
543 323 658 368 Ordinis
673 338 702 367 in
716 336 848 375 Capitulo
860 336 909 367 suo
924 337 953 366 in
974 334 1088 366 fratrem
1108 333 1227 372 Templi
1239 341 1338 370 recep-

267 379 401 447 nisgpiitgi
410 416 456 454 ,in
467 414 612 445 dffiorum
624 412 805 450 Magistri&
821 411 937 444 fratrum
952 410 1196 454 praesentia,idem
1210 407 1328 439 Nobilis

270 454 304 485 ad
318 453 480 485 mandatum
494 453 572 490 ipsius
588 451 847 491 Magistri,di6tum
859 451 967 482 facinus
978 452 1008 481 in
1018 449 1065 481 sua
1078 458 1241 488 receptione
1253 457 1338 485 com-

270 493 350 523 misit.

309 530 352 561 Ex
369 530 466 568 quibus
475 553 484 568 ‚
498 529 518 560 si
531 530 561 559 in
576 539 645 566 agro
658 528 829 567 plantationis
844 527 914 558 dieti
928 527 1064 566 Ordinis,
1077 527 1127 565 qui
1144 536 1210 564 ager
1224 525 1339 563 putaba-

267 577 312 599 tur
328 569 384 599 esse
397 570 532 598 virtutum
542 590 551 606 ,
568 569 601 599 &
620 567 733 608 grandis
749 566 919 597 sublimitatis
930 566 1043 604 speculo
1056 565 1228 603 praelucebat
1243 586 1253 603 ,
1278 564 1336 595 dia-

270 607 363 637 bolica
371 630 382 646 ,
395 606 472 645 quod
487 607 570 646 absit,
585 608 637 638 sint
650 606 754 637 semina
768 605 915 644 seminata,
936 605 1016 642 gravi
1030 604 1122 635 nostra
1137 603 1241 635 viscera
1254 614 1338 635 com-

270 646 397 676 motione
411 646 560 676 turbantur.

310 684 381 722 Sed,
395 684 413 713 si
432 682 568 722 praemissa
581 684 695 713 veritate
709 693 768 713 non
780 683 900 713 nitantur
909 680 959 719 ‚ea
974 680 1137 719 compertfi,
1151 680 1266 711 cessabit
1276 689 1338 724 ,tur-

272 723 363 761 batio,
376 723 409 753 &
421 721 573 753 secundum
587 721 683 752 Deum
703 721 860 760 jocunditas
878 722 996 758 orietur,
1012 720 1087 750 unde
1107 720 1141 750 ad
1165 719 1338 757 investigan-

271 761 342 791 dum
366 763 510 791 veritatem
532 759 687 798 hujusmodi
710 759 766 790 fine
789 758 871 790 mors
898 759 1082 799 proponimus
1113 758 1336 796 intendere,&,

270 808 405 837 quantum
421 799 498 829 Deus
512 799 634 837 dederit,
652 797 804 829 efficaciter
816 797 942 835 vigilare.

310 838 350 868 Ea
362 846 491 876 propter,
511 839 588 875 quia,
606 837 674 866 ficut
692 836 871 866 insinuatione
893 835 1048 866 multorum
1064 836 1245 874 accepimus,
1257 834 1335 872 super

270 877 411 913 prietaffis
429 876 593 906 criminibus
606 883 702 905 contra
714 874 890 912 Templarios
904 873 976 912 ipsos
990 873 1065 904 fama
1074 897 1084 913 ,
1096 873 1140 904 seu
1156 874 1248 905 verius
1265 873 1336 903 infa-

271 915 327 944 mia
341 914 414 952 quasi
427 916 564 945 continuo
578 913 688 951 suscipit
699 915 905 943 incrementum
915 936 924 951 ,
937 913 969 944 &
982 914 1022 943 ob
1036 913 1093 943 hoc
1107 921 1189 950 urget
1203 922 1255 942 nos
1264 922 1336 942 con-

270 952 384 983 scientia
393 975 402 991 ,
417 961 447 983 ut
460 954 490 982 in
504 953 557 983 hiis
570 952 674 982 Officii
689 952 775 982 nostri
789 952 918 982 debitum
932 961 1120 990 exequamur,

310 991 539 1030 Magnitudinem
552 992 659 1028 regiam
674 992 839 1029 requirimus
847 1013 856 1028 ,
867 999 1001 1027 rogamus
1014 991 1046 1021 ὃ(
1059 990 1203 1021 hortamur
1214 989 1316 1019 attente
1325 1011 1335 1027 ,

270 1031 415 1068 quatinus,
429 1040 513 1068 quarn
534 1031 634 1068 citius,
653 1029 715 1066 post
736 1029 925 1066 receptionem
947 1028 1124 1066 praesentium
1140 1051 1150 1067 ,
1177 1027 1335 1059 commode

271 1069 390 1108 poteris,
404 1068 545 1106 praediffis
557 1068 690 1098 omnibus
704 1068 809 1098 intents,
826 1067 1005 1098 meditatione
1023 1067 1152 1106 pensatis,
1160 1067 1197 1098 sic
1216 1066 1336 1105 pruden-

269 1107 373 1145 ter,sic
392 1108 491 1146 caute,
504 1107 541 1137 sic
559 1105 722 1144 secrete,de
739 1105 891 1144 sapientum
909 1105 1125 1137 Secretariorum
1139 1114 1249 1136 tuorum
1265 1115 1336 1136 cori-

272 1145 347 1184 silio,
362 1145 467 1176 studeas
487 1145 627 1184 ordinare,
645 1145 723 1183 quod
741 1154 841 1175 omnes
858 1146 891 1176 δε
906 1145 1027 1183 singulos
1041 1144 1218 1183 Templarios
1238 1143 1336 1181 Regni

271 1192 328 1222 tui,
347 1185 380 1215 ὃς
397 1184 481 1222 alios,
497 1185 546 1222 qui
562 1185 731 1222 reperientur
747 1185 777 1213 in
794 1184 889 1222 eo,&
902 1193 1001 1214 eorum
1015 1184 1090 1214 bona
1104 1183 1220 1213 mobilia
1235 1183 1268 1213 &
1282 1183 1336 1212 im—

273 1223 390 1253 mobilia
412 1233 459 1261 per
473 1223 559 1253 bonas
577 1222 718 1261 personas,
734 1222 832 1260 omni,
849 1223 971 1252 maxime
985 1231 1042 1260 quo
1056 1221 1090 1252 ad
1107 1222 1182 1252 bona
1195 1220 1265 1259 ipsa,
1284 1221 1338 1252 suss

269 1263 384 1330 §.wione
398 1271 533 1300 carentes,
547 1261 660 1292 meliori
678 1260 769 1291 modo
781 1283 791 1300 ,
812 1270 870 1299 quo
884 1259 943 1291 fieri
962 1261 1079 1299 poterit,
1100 1262 1163 1299 capi
1185 1259 1269 1290 facias
1281 1270 1337 1291 uno

291 1311 330 1330 ie:

309 1338 543 1369 Pcrsonaseorum
556 1338 660 1369 faciens
682 1337 774 1368 donec
789 1345 844 1369 tuae
854 1336 1077 1375 Magnificentiae
1091 1337 1242 1368 scribamus
1253 1337 1338 1377 aliud,

271 1377 386 1445 3911ἑοῖ
404 1377 446 1421 &¹
455 1377 534 1407 Sedis
553 1361 725 1416 Apostoficae
739 1378 874 1416 nomine,
888 1377 918 1406 in
931 1377 1000 1408 locis
1014 1377 1077 1408 tutis
1091 1375 1141 1407 sub
1162 1375 1219 1408 fida
1241 1376 1335 1407 custo-

291 1427 318 1446 ia
351 1424 458 1446 etineri.

310 1454 387 1484 Bona
406 1464 475 1484 vero
493 1453 618 1492 ipsorum
635 1453 752 1484 mobilia
770 1454 805 1485 δε
821 1453 979 1484 immobilia
995 1453 1129 1492 aliquibus
1150 1454 1232 1484 bonis
1245 1454 1336 1493 perso—

272 1494 327 1530 nis,
347 1492 384 1523 de
399 1493 497 1530 quibus
513 1502 572 1522 non
590 1492 620 1523 sit
639 1492 786 1523 verisimile
803 1492 879 1531 quod
897 1493 926 1522 in
944 1493 1010 1530 hiis,
1032 1492 1078 1523 vel
1095 1494 1124 1522 in
1140 1492 1272 1524 similibus
1288 1504 1338 1524 ve-

271 1531 322 1561 lint
342 1530 467 1561 fraudem
491 1531 614 1569 aliquam
638 1531 771 1561 adhibere
792 1554 802 1570 ,
835 1531 919 1562 facias
949 1530 1144 1562 commendari
1165 1530 1261 1562 nostro
1284 1542 1338 1562 no-

119 1586 138 1606 *
150 1588 251 1624 11132·
273 1571 350 1600 mine
368 1571 386 1588 ³¹*
406 1569 519 1600 fideliter
536 1569 739 1609 conservanda,
757 1570 898 1609 quousque
916 1580 963 1608 per
978 1580 1029 1600 nos
1044 1569 1117 1600 aliud
1131 1569 1212 1602 fuerit
1225 1570 1337 1602 ordina—

268 1618 341 1640 tum.

309 1647 386 1686 Qiae
402 1646 518 1686 quidem
555 1646 659 1677 ersonae
671 1646 707 1676 de
719 1646 801 1677 dietis
815 1647 895 1677 bonis
906 1648 1039 1677 omnibus
1051 1647 1084 1678 &
1101 1647 1212 1683 singulis
1225 1656 1337 1679 tenean-

272 1695 315 1717 tur
331 1688 359 1716 in
382 1685 521 1723 praesentia
551 1695 655 1716 ratrum
672 1686 861 1724 quorumlibet
881 1685 1034 1715 domorum
1049 1685 1118 1716 dieti
1139 1686 1256 1717 Ordinis
1270 1710 1280 1725 ,
1303 1688 1336 1718 &

272 1725 388 1755 aliarum
407 1725 527 1762 plurium
542 1725 681 1755 bonarum
699 1723 895 1762 Personarum,
911 1724 944 1755 ὃ(
963 1725 1085 1754 maxime
1102 1725 1183 1756 dietis
1202 1725 1337 1756 domibus

274 1765 448 1801 vicinarum,
467 1764 618 1793 inventaria
636 1762 742 1800 facere,
758 1763 791 1794 &
806 1785 815 1801 ,
841 1772 909 1793 cum
927 1771 1036 1800 tempus
1053 1762 1154 1803 fuerit,
1171 1763 1282 1802 plenam
1300 1765 1336 1796 de

272 1802 336 1840 ipsis
349 1802 462 1832 reddere
475 1802 620 1832 rationem.

308 1841 438 1879 Qiarum
458 1840 632 1878 personarum
645 1838 884 1877 depositariarum,
900 1848 1014 1877 propter
1028 1840 1168 1872 honorem
1189 1851 1284 1880 tuum,
1306 1850 1336 1873 ut

273 1880 371 1909 melius
392 1880 535 1918 negotium
552 1879 606 1908 sine
619 1880 758 1909 bonorum
774 1878 936 1915 direptionis
952 1878 984 1908 &
1003 1878 1183 1916 dissipationis
1205 1880 1336 1918 suspicio-

272 1927 308 1947 ne
325 1918 471 1955 procedat,
485 1917 566 1947 nullae
580 1917 629 1947 sint
645 1917 680 1947 de
693 1918 744 1947 tuis
759 1915 938 1947 Officialibus
955 1917 1132 1949 servientibus
1138 1919 1200 1957 ,vel
1213 1919 1270 1950 aliis
1282 1919 1334 1950 ser-

268 1956 402 1986 vitoribus
414 1955 645 1994 quibuscumque.

309 1993 467 2024 provisurus
482 1995 558 2033 quod
575 1995 595 2024 ’1
606 2004 690 2033 errae,
706 2003 740 2024 ac
759 1993 859 2023 Vineae
881 1992 1110 2032 Templariorum
1131 1995 1269 2035 ipsorum,
1286 2007 1335 2028 eo-

271 2040 333 2063 rum
353 2033 490 2073 expensis,
506 2043 586 2064 more
593 2032 688 2072 solito,
706 2032 882 2069 excolantur,
893 2040 923 2063 ut
941 2033 1014 2063 bona
1032 2032 1087 2071 ipsa
1103 2033 1187 2065 dietis
1199 2035 1335 2073 Templa-

271 2071 369 2114 riisxsi
388 2073 553 2109 reperiantur
570 2074 732 2103 innocentes
746 2094 757 2110 ,
780 2070 903 2110 alioquin
928 2080 981 2110 pro
996 2071 1087 2103 Tertii
1104 2071 1208 2105 Sandffi
1224 2075 1334 2112 integre

270 2114 476 2141 conserventur.

304 2148 409 2179 Taliter
427 2157 453 2178 te
471 2148 547 2186 super
565 2149 616 2178 hiis
634 2148 776 2179 habiturus
790 2172 800 2188 ,
823 2147 899 2187 quod
916 2149 1015 2180 exinde
1031 2173 1041 2188 ,
1076 2158 1175 2188 praeter
1202 2151 1332 2183 human-,2

266 2185 352 2216 laudis
370 2188 564 2226 praeconium,
583 2186 656 2224 apud
674 2186 790 2224 Deum,
806 2189 882 2224 qu'us
900 2188 929 2217 in
947 2188 998 2218 hac
1016 2196 1092 2226 parte
1109 2190 1258 2225 negotium
1273 2192 1335 2227 agi-

267 2232 324 2262 tur,
346 2226 441 2262 gratiae
458 2226 509 2255 tibi
528 2226 670 2262 proveniat
692 2226 896 2256 incrementum
915 2236 921 2254 t
949 2225 985 2257 Et
1009 2227 1208 2259 nichilominus
1225 2238 1259 2260 ex
1276 2229 1333 2260 hoc

269 2263 412 2301 nostram,
430 2264 462 2294 ὃ(
480 2263 652 2301 Apostolicae
670 2263 748 2294 Sedis
766 2265 883 2300 gratiam
901 2264 1009 2302 plenius
1029 2267 1166 2297 merentis.

306 2302 453 2341 Quicquid
472 2310 564 2332 autem
582 2301 660 2340 super
675 2301 820 2339 praemissis
837 2301 894 2332 fieri
909 2303 1033 2342 jusseris,
1046 2305 1080 2335 ὃ(
1098 2305 1233 2343 quicquid
1252 2305 1333 2337 fuerit

267 2342 425 2384 executioni
443 2340 622 2379 mandatum,
647 2341 746 2380 nobis,
773 2350 831 2380 quo
848 2341 962 2372 celerius
980 2341 1037 2372 fieri
1056 2342 1156 2382 poffit,
1180 2345 1233 2376 tuis
1249 2344 1332 2376 literis

265 2387 394 2410 intimare
411 2389 549 2417 procures

303 2453 370 2487 Dat.
389 2454 530 2495 pictavis,
551 2466 595 2487 ιο.
616 2454 679 2487 Kal.
699 2455 771 2487 Dec·
791 2455 922 2488 Pontific.
936 2457 1023 2488 nostri
1037 2457 1123 2489 Anno
1136 2460 1226 2491 tertio.

346 2584 396 2615 De
413 2583 507 2615 Nave
521 2581 565 2615 ad
575 2582 741 2629 paviliones
757 2584 845 2630 Regis
861 2586 892 2615 in
913 2585 1078 2616 franciam
1096 2583 1252 2620 ducendos.

109 2672 184 2703 Am,
203 2670 243 2703 D,
262 2665 390 2722 REX
418 2667 523 2707 Majori
540 2669 573 2700 δε
592 2667 816 2699 vicecomitibus
830 2667 961 2699 London.
979 2669 1100 2700 salutem.

137 2719 221 2751 ¹307-
353 2705 534 2745 Praecipimus
551 2708 632 2738 vobis
650 2707 742 2746 quod,
762 2707 818 2737 sine
835 2707 966 2737 dilatione
985 2708 1089 2746 aliqui,
1107 2708 1209 2739 habere
1225 2708 1330 2741 faciatis

109 2754 163 2777 An.
182 2760 204 2776 ι.
261 2744 368 2775 (111εᾶ0
386 2745 514 2776 servienti
536 2745 632 2776 nostro
647 2769 657 2784 ,
685 2745 818 2776 Galfrido
837 2745 863 2775 le
880 2746 988 2776 Taillur
1001 2769 1010 2784 ,
1040 2746 1194 2785 sumptibus
1217 2748 1314 2779 nostris

109 2792 139 2816 f..
159 2798 185 2815 2.
281 2784 397 2814 uandam
415 2785 520 2815 bonam
538 2784 671 2822 Navem,
688 2785 775 2815 attilio
795 2785 867 2814 bene
885 2784 918 2815 &
933 2783 1100 2815 sufficienter
1117 2787 1274 2826 munitam,
1294 2772 1331 2818 ad

109 2826 196 2863 Claus.
215 2838 238 2855 ι.
286 2822 418 2853 aviliones
438 2823 471 2854 ὃς
488 2823 627 2853 Tentoria
644 2822 738 2853 nostra
755 2821 902 2860 ducenda,
917 2831 1000 2860 prout
1017 2823 1112 2853 eidem
1130 2823 1278 2864 Galfrido,
1295 2836 1329 2857 ex

110 2869 138 2892 Ε.
151 2874 220 2894 ιη).
260 2869 335 2898 parte
351 2860 462 2899 nostrc'i,
477 2862 584 2899 plenius
603 2860 643 2892 est
662 2862 830 2901 injundmm.

113 2906 156 2930 16.
297 2899 349 2937 Et,
360 2901 427 2930 sicut
445 2901 670 2937 indignationem
689 2899 811 2930 nostram
828 2901 934 2938 vitare,
955 2900 988 2931 &
1006 2910 1057 2932 vos
1074 2900 1240 2940 indempnes
1257 2913 1328 2936 con-

260 2937 364 2969 servare
382 2938 540 2978 volueritis,
553 2939 703 2970 nullatenus
721 2939 863 2969 omittatis.

298 3012 385 3045 Teste
402 3015 485 3054 Rege
504 3015 578 3054 apud
596 3015 794 3055 Langele,25.
811 3015 857 3046 die
875 3015 1066 3047 Novembris.

329 3157 378 3198 Dp·
397 3156 536 3190 Pontibus
561 3162 597 3197 0²⁶⁴
624 3160 718 3192 Claiis
734 3170 788 3206 pro
800 3159 928 3207 paffiagio
943 3161 1034 3206 Regis
1050 3157 1255 3205 providendis.

110 3242 183 3272 Ann.
197 3240 237 3273 D.

133 3290 217 3319 1307,

109 3322 159 3347 ‘³‘¹·
188 3330 209 3349 ¹·
261 3339 299 3360 tes
315 3329 348 3360 &
367 3329 475 3367 Claias,
493 3340 546 3368 pro
562 3329 670 3360 instanti
688 3332 812 3368 passagio
838 3332 935 3362 nostro
960 3333 994 3362 ad
1013 3340 1100 3370 partes
1123 3330 1329 3372 transmarinas,

108 3360 140 3402 f:
159 3367 183 3386 ²·
261 3376 330 3406 quot
346 3368 379 3399 &
397 3368 487 3407 quales
506 3368 623 3399 dilectus
640 3369 673 3399 &
698 3368 783 3399 fidelis
808 3371 902 3400 noster
916 3394 926 3408 ,
958 3370 1099 3401 Robertus
1122 3369 1159 3399 de
1186 3369 1329 3410 Kendale,

108 3397 195 3432 c‘'ws-
218 3406 240 3424 ¹·
262 3406 488 3438 Constabularius
507 3406 599 3437 Castri
617 3407 706 3437 nostri
720 3407 830 3438 Devor.
848 3409 893 3438 vel
910 3410 965 3446 ejus
984 3409 1081 3439 locum
1098 3417 1210 3445 tenenS,
1226 3417 1271 3439 aut
1285 3409 1328 3440 di-

108 3435 138 3459 Ε·
153 3443 223 3462 ²·m·
260 3444 346 3475 lesbus
365 3444 492 3476 Clericus
509 3445 620 3483 noster,
635 3445 788 3483 Stephanus
806 3446 841 3476 de
858 3446 961 3485 Wylm
981 3456 1051 3478 nton
1068 3447 1119 3477 tibi
1137 3455 1170 3476 ex
1188 3455 1262 3483 parte
1275 3458 1328 3478 no-

120 3478 162 3505 ¹4‘
261 3482 315 3513 stra
333 3483 400 3513 scire
419 3483 519 3522 faciet,
537 3486 567 3514 in
585 3483 688 3515 Balliva
706 3485 771 3523 tufi,
790 3485 851 3515 tam
870 3486 943 3516 infra
971 3486 1114 3525 ibertates,
1132 3485 1216 3524 quam
1235 3494 1328 3525 extra,

259 3521 315 3551 sine
331 3521 463 3552 dilatione
480 3521 554 3561 fieri,

295 3558 330 3602 Et
346 3570 393 3590 eos
415 3570 483 3590 cum
497 3562 578 3591 omni
593 3560 767 3592 festinatione
777 3584 786 3599 ‚
801 3561 858 3599 qus
875 3562 1085 3601 poteris,usque
1105 3561 1213 3592 Devor.
1227 3563 1326 3592 cariati

256 3595 355 3635 facias,
374 3599 510 3637 praefatis,
533 3598 766 3638 Constabulario,
780 3601 825 3630 vel
839 3600 896 3638 ejus
916 3599 1013 3630 locum
1031 3601 1135 3632 tenenti
1149 3623 1159 3639 ,
1181 3607 1227 3629 aut
1242 3600 1323 3630 dieto

256 3634 414 3675 Stephano,
431 3637 475 3668 vel
493 3639 541 3667 uni
558 3648 656 3668 eorum
675 3638 839 3669 liberandos.
849 3638 884 3668 Et
898 3638 954 3669 hoc
988 3639 1056 3670 sicut
1070 3648 1155 3676 grave
1169 3637 1326 3675 dampnum

257 3680 338 3703 tuum
356 3676 440 3717 vitare
459 3675 594 3714 volueris,
611 3677 688 3707 nullo
705 3676 796 3707 modo
813 3678 935 3707 omittas.
950 3661 985 3707 Iit
1009 3677 1117 3716 custus,
1132 3686 1203 3716 quos
1217 3676 1252 3707 ad
1266 3677 1325 3707 hoc

258 3711 411 3749 apposueris
419 3736 428 3752 ,
440 3713 531 3744 dietus
544 3714 697 3753 Stephanus
717 3714 786 3746 solvi
800 3714 885 3746 faciet
899 3715 1021 3746 indilate.

260 3252 315 3306 R
321 3251 346 3282 E
354 3250 386 3282 X
410 3252 587 3297 Vicecomiti
599 3252 719 3298 'Kantiaz
728 3277 737 3293 ,
749 3254 872 3286 salutem.

354 3290 538 3329 Praecipimus
555 3292 623 3330 tibi,
641 3292 756 3336 firmiter
774 3296 960 3338 injungenteS,
978 3293 1054 3331 quod
1071 3300 1114 3323 tot
1131 3293 1164 3324 &
1182 3292 1244 3323 tales
1257 3304 1328 3331 pon-

294 3795 381 3829 Teste
404 3797 487 3838 Rege
501 3800 573 3839 apud
589 3799 732 3840 Langele,
749 3808 795 3839 25.
813 3799 859 3832 die
875 3799 1066 3833 Novembris.

712 128 1521 178 CONVENTIONES,

1577 127 1965 178 LITERAE,

2458 246 2536 279 AnnL
2548 235 2570 280 f.

1374 299 1433 334 Ad
1449 301 1650 346 Semfiallum
1666 302 1851 349 Agenenfim
1870 329 1879 345 ‚
1903 300 1947 334 ad
1969 300 2195 345 informandum
2222 304 2332 350 Regem
2349 303 2440 350 fhper
2461 292 2570 354 ΕΞΞΟΞ·

1720 349 1806 394 statu
1825 350 2078 396 Templariorum.
2309 358 2311 361 ’
2391 361 2393 364 “
2459 366 2511 391 An.
2523 373 2547 391 i.
2564 348 2570 355 ⁸

2460 402 2489 428 E.
2509 411 2541 429 2.-

1375 432 1503 488 REX
1526 434 1631 466 dilee‘to
1648 436 1681 467 &
1700 435 1773 467 fideli
1791 435 1840 467 suo
1853 435 2017 468 willielmo
2032 435 2069 467 de
2087 435 2171 467 Dene
2182 459 2194 476 ,
2218 435 2374 470 Senescallo
2393 438 2448 470 suo·
2461 443 2570 477 Rotfflafi

1415 472 1890 551 Liccigtlixzsegeslaedsig’saelilrigigr'iorum
1909 488 1998 551 aliqua
2022 514 2103 543 nobis
2125 512 2177 544 scri
2197 513 2278 545 seritis
2327 526 2385 547 non
2402 516 2443 547 est
2461 487 2490 544 :n
2500 482 2570 544 1362,

1376 548 1442 588 diu,
1456 550 1581 595 volentes
1592 560 1689 597 tamen
1699 551 1870 596 'superfacto
1883 552 1931 582 illo
1948 553 1982 583 δε
1999 551 2068 583 statu
2083 560 2161 582 terrae
2177 524 2282 584 iiostrae
2292 538 2442 592 ’praedictae
2490 539 2497 546 .
2548 536 2556 545 ⁸

1377 589 1943 673 pezgtgsisprlggiggggffiisciqqffiipzegqibqs
1957 628 2220 674 aliis-praetemiiffis
2233 653 2243 668 ,
2263 629 2316 661 fitis
2335 631 2370 662 ad
2389 610 2443 663 nos

1376 665 1448 709 apud
1466 664 1624 696 Bononiam
1651 665 1730 710 supra
1749 677 1824 697 mare
1839 690 1849 706 ,
1873 677 1902 697 in
1920 667 2030 698 instanti
2047 667 2119 699 festo
2136 668 2228 699 natalis
2244 668 2386 709 Domini,
2407 671 2443 702 ad

1376 704 1587 749 informandum
1603 705 1636 736 &
1652 705 1844 736 instruendum
1862 716 1913 736 nos
1930 706 1964 737 ad
1982 706 2115 746 plenum,
2132 706 2211 745 super
2225 707 2391 748 praemiffis,
2408 710 2442 741 &
2473 716 2477 720 ·

1377 744 1852 813 eassssnfigssnffiiiaffiffssussnffii'sf

2549 702 2570 724 il

1410 856 1499 888 Teste
1519 857 1603 896 Rege
1620 858 1694 896 apud
1713 858 1854 899 Langele,
1871 859 2006 892 vicefimo
2019 859 2093 892 sexto
2108 860 2159 892 die.
2170 861 2354 895 Novembris.

1512 982 1532 1001 ⁶*
1545 981 1604 1016 Ad
1619 985 1770 1019 Armenia
1790 986 1896 1032 Regem
1907 995 1962 1032 pro
1978 985 2116 1033 Epifivpo
2132 985 2278 1031 Lidderfi.
2459 1004 2570 1043 *11137

1377 1067 1584 1137 MAgnisj'ico
1602 1068 1747 1109 Principi,
1764 1069 1798 1101 &
1817 1070 1926 1101 Amico
1947 1070 1996 1101 suo
2017 1069 2159 1102 karissimo
2174 1095 2184 1110 ,
2211 1071 2362 1112 Domino,
2383 1073 2440 1106 Dei
2457 1079 2532 1111 Am,
2547 1079 2570 1112 Ε

1388 1145 1393 1150 ’
1467 1106 1575 1146 gratis,
1584 1107 1662 1146 Regi
1677 1109 1824 1140 Armeniae
1835 1107 1935 1140 Illustri
1944 1132 1954 1148 ,
1965 1108 2134 1149 Edwardus,
2147 1111 2208 1142 &c.
2225 1110 2337 1143 salutem
2351 1113 2384 1144 &
2400 1113 2441 1144 fe·
2478 1128 2564 1159 1307.

1374 1143 1441 1175 lices
1453 1146 1487 1176 ad
1503 1155 1568 1177 vota
1582 1146 1729 1178 successus.
2384 1180 2387 1181 γ
2403 1182 2406 1184 ,
2458 1161 2509 1187 An.
2529 1168 2537 1185 ι

1398 1183 1526 1228 ’Summi
1543 1184 1634 1223 Regis
1653 1187 1722 1217 mira
1737 1185 1991 1226 benignitas,quus
2005 1185 2132 1224 Imperio
2146 1186 2249 1226 Regna
2265 1189 2442 1229 regi,dispo-
2458 1201 2486 1223 ε.
2502 1206 2528 1226 2.
2543 1181 2551 1188 ’

1376 1232 1424 1266 ηιγ,
1437 1232 1471 1253 ac
1486 1223 1573 1261 dirigi
1585 1224 1782 1264 dinoscuntur,
1797 1235 1873 1256 nunc
1886 1226 1942 1264 ipfi
1955 1224 2083 1264 exaltari,
2096 1236 2174 1257 nunc
2196 1227 2317 1266 deprimi
2331 1252 2341 1267 ,
2364 1239 2440 1260 nunc
2455 1239 2525 1263 Rom.
2545 1244 2566 1264 r.

1377 1269 1461 1304 etiam
1477 1263 1613 1299 permittit
1625 1264 1714 1303 erigi,
1725 1274 1801 1294 nunc
1813 1264 1930 1304 calcari,
1944 1264 2015 1294 'uxta
2028 1263 2083 1294 suae
2095 1265 2270 1304 beneplacita
2284 1267 2442 1307 voluntatis,
2456 1277 2484 1300 Ε.
2509 1283 2536 1300 2.

1376 1308 1406 1330 ut
1425 1303 1461 1330 lic
1480 1301 1627 1332 credantur
1639 1312 1697 1332 non
1710 1302 1745 1333 ab
1760 1302 1923 1333 hominibus
1954 1303 2034 1340 irigi,
2048 1302 2086 1333 set
2103 1314 2117 1334 a
2135 1302 2211 1335 Deo.

1415 1337 1493 1369 Hinc
1510 1339 1551 1369 est
1568 1340 1647 1378 quod
1660 1341 1756 1371 audior
1776 1343 1909 1372 omnium
1925 1341 1958 1372 &
1977 1341 2136 1380 prospector
2160 1351 2262 1374 terram
2291 1343 2442 1384 Sanctam,

1376 1376 1575 1421 gloriosissimo
1592 1378 1641 1408 filii
1655 1378 1694 1410 sui
1712 1379 1841 1418 sanguine
1858 1380 2044 1418 rubricatam,
2057 1380 2148 1412 adhuc
2167 1382 2219 1413 hiis
2235 1382 2350 1422 diebus,
2373 1394 2442 1422 pec-

1376 1424 1443 1446 catis
1460 1416 1560 1447 nostris
1577 1418 1766 1456 exigentibus,
1783 1419 1919 1456 permittit
1940 1417 1989 1448 sub
2013 1419 2141 1449 manibus
2161 1420 2286 1452 hostium
2305 1421 2443 1462 detineri,

1376 1454 1469 1493 sicque
1484 1455 1528 1498 illa
1549 1457 1658 1494 captiva
1672 1456 1820 1495 Jerusalem
1829 1479 1839 1496 ,
1855 1455 1950 1488 Mater
1965 1456 2072 1495 nostra,
2087 1457 2137 1488 sub
2158 1458 2273 1490 sordidis
2290 1460 2442 1492 Saraceno-

1376 1502 1439 1523 rum
1458 1493 1575 1531 pedibus
1588 1494 1640 1524 stat
1657 1495 1796 1532 prostrata.

1412 1531 1474 1562 Vos
1490 1533 1593 1571 igitur,
1607 1542 1801 1578 convertentes
1813 1534 1841 1563 in
1855 1533 1947 1564 hostes
1964 1535 2056 1565 crucis
2072 1543 2173 1579 omnes
2186 1534 2318 1580 *strepitus
2340 1537 2442 1569 milita·
2487 1562 2489 1564 -

1374 1570 2029 1649 {assessis3⁰5¹,zssffss'320ffl33e5's02
2046 1572 2441 1652 2e{?⁶{‚e{¹¹n¹ii{{¹e‘¹s³en’t)⁸{ef²r¹¹2'3

1371 1647 1476 1717 ἔείὶτέε
1488 1657 1590 1718 ἕοῐέἰῖιέιν
1605 1650 1758 1687 potentiam
1775 1650 1809 1681 ὃς
1827 1649 2027 1680 fraudulentam
2044 1649 2181 1682 malitiam
2199 1652 2354 1690 eorundem
2373 1655 2441 1686 viri-‘

1392 1694 1434 1717 tei·
1471 1698 1487 1718 e
1499 1697 1534 1718 en
1554 1695 1611 1718 atis.
2276 1700 2277 1703 ¹
2344 1693 2348 1697 ⁴

1409 1724 1445 1756 Et
1462 1727 1525 1765 quia
1546 1726 1640 1757 Mater
1656 1726 1777 1757 Ecclesia
1792 1726 1860 1757 nulli
1874 1735 1959 1765 negat
1975 1726 2064 1758 salutis
2080 1727 2251 1760 beneficium
2262 1752 2274 1768 ,
2298 1730 2367 1768 quin
2386 1740 2440 1769 po-

1373 1765 1425 1795 tius
1442 1764 1535 1803 patulo
1553 1765 1672 1796 admittit
1687 1767 1800 1803 gremio
1816 1774 2000 1796 revertentem
2013 1789 2023 1805 ,
2047 1776 2102 1796 nec
2119 1767 2221 1806 etiam,
2245 1776 2276 1798 ut
2294 1777 2383 1799 mater
2400 1769 2440 1799 al-

1374 1812 1437 1841 ma,
1454 1803 1489 1834 ad
1507 1804 1723 1834 conversionem
1742 1804 1806 1835 fidei
1824 1803 1984 1835 Catholicae
2001 1814 2103 1835 vocare
2119 1804 2215 1836 desunt
2238 1804 2360 1837 infideles
2376 1807 2440 1839 reli-.

1373 1841 1445 1878 giosi
1462 1842 1495 1873 &
1512 1841 1621 1872 honesti
1638 1843 1749 1882 viri,ac
1768 1844 1799 1873 in
1816 1842 1925 1873 diversis
1942 1843 2094 1874 litterarum
2109 1842 2230 1874 scientiis
2248 1844 2439 1885 eruditi,qui,

1373 1880 1438 1910 zelo
1454 1880 1570 1911 fervidae
1588 1882 1704 1911 caritatis
1721 1881 1828 1912 accensi
1838 1891 1906 1920 ,pro
1921 1881 1976 1912 fide
1994 1880 2147 1913 Catholicfi
2163 1882 2323 1920 amplianda
2336 1892 2441 1923 corpo-

1373 1928 1436 1949 rum
1453 1919 1543 1950 subire
1561 1919 1681 1957 pericula
1693 1930 1752 1951 non
1766 1929 1903 1951 verentur.

1412 1957 1604 1997 Venerabilis,
1619 1957 1934 1998 scilicet‚Pater,frater
1950 1958 2121 1990 Willielmus
2136 1958 2172 1990 de
2189 1959 2290 1991 ordine
2305 1961 2440 1999 praedica-

1374 2005 1467 2041 torum
1476 2020 1486 2034 ,
1500 1996 1557 2028 Dei
1571 1997 1671 2036 gratia,
1686 1997 1828 2028 Liddensis
1845 1996 1998 2036 Episcopus
2025 1997 2159 2037 multique
2171 1998 2295 2036 ejusdem
2307 1999 2441 2041 Ordinis,

1373 2036 1407 2080 ὃς
1424 2035 1543 2066 aliorum
1561 2035 1673 2074 fratres,
1690 2035 1783 2067 secum
1800 2036 1834 2067 ad
1853 2045 1940 2074 partes
1956 2021 2057 2067 vestras
2074 2036 2101 2066 se
2117 2037 2280 2068 transferunt
2309 2038 2343 2068 ad
2356 2049 2441 2077 expe-

1374 2074 1506 2105 riendum
1523 2075 1557 2105 &
1574 2075 1769 2112 temptandum
1786 2075 1806 2105 si
1819 2098 1829 2114 ,
1875 2085 1903 2105 er
1943 2074 2156 2106 raedicationem
2180 2076 2262 2106 verbi
2284 2060 2341 2106 bei
2356 2099 2367 2116 ,
2394 2077 2440 2108 vel

1373 2113 1429 2143 alio
1444 2115 1543 2151 quovis
1559 2113 1667 2152 modo,
1685 2113 1719 2144 ad
1736 2113 1824 2144 fidem
1871 2113 1911 2143 hr'
1940 2114 1947 2143 i
1971 2113 2103 2144 reducere
2119 2113 2223 2152 possint
2241 2114 2376 2153 populum
2395 2116 2440 2146 in-

1372 2150 1484 2182 fidelem
1505 2152 1606 2189 (decet
1622 2153 1699 2182 enim
1716 2161 1745 2182 ut
1770 2152 1910 2190 praecedat
1934 2151 2077 2190 spiritualis
2105 2152 2211 2190 gladius
2234 2154 2435 2191 temporalem)

1372 2200 1457 2229 quem
1476 2191 1591 2228 quidem
1609 2189 1797 2229 Episcopum,
1815 2201 1885 2221 cum
1903 2191 2040 2222 comitiva
2056 2190 2102 2221 susi
2118 2190 2281 2230 tota,vobis
2297 2191 2381 2230 pleno
2395 2202 2438 2223 re-

1371 2229 1736 2312 ςὲῧῖἑῗὶῖἓὲῐῗῐέἕῗεέἰῖξῑᾶἔυιῆ
1751 2266 1875 2312 Regiam
1889 2268 2014 2298 attentius
2027 2267 2210 2312 requirentes,
2233 2269 2359 2312 quatinus
2370 2279 2439 2309 vos,

1372 2306 1495 2345 eisdem,
1514 2307 1554 2337 ob
1572 2306 1698 2337 favorem
1717 2306 1948 2345 fidei,benignos
1964 2306 1998 2336 &
2013 2305 2177 2336 favorabiles
2191 2307 2439 2346 exhibentes,ipsis

1371 2345 1537 2382 subsidium,
1554 2355 1621 2375 cum
1637 2345 1824 2383 indiguerint,
1842 2343 2007 2382 impendere
2024 2344 2130 2382 velitis,
2144 2345 2242 2375 intuitu
2260 2347 2436 2384 caritatis3&

1370 2387 1409 2414 eo
1427 2383 1557 2414 libentius
1574 2384 1606 2414 ὅ(
1623 2384 1781 2422 gratiosius,
1799 2384 1818 2414 si
1838 2383 2029 2421 placet,qu0d
2048 2393 2100 2421 pro
2118 2384 2157 2413 eis
2173 2384 2360 2415 interveniunt
2373 2394 2437 2422 pre-

1371 2432 1418 2453 ces
1437 2421 1553 2459 nostrae,
1576 2422 1694 2460 praefato
1710 2421 1854 2460 Episcopo
1875 2423 1904 2452 in
1922 2421 1990 2459 hiis,
2008 2431 2072 2460 quae
2088 2421 2188 2460 vobis,
2210 2432 2262 2460 pro
2277 2431 2437 2462 augmenta-

1368 2462 1445 2530 gone
1463 2460 1527 2491 fidei
1546 2460 1705 2492 Catholicae
1721 2484 1732 2500 ,
1763 2460 1870 2492 duxerit
1887 2460 2049 2499 exponenda
2063 2483 2073 2498 ,
2103 2459 2190 2491 fidem
2204 2460 2346 2492 credulam
2359 2461 2439 2492 adhi-

1389 2510 1442 2531 ere.

1392 2576 1474 2647 ,Βὲἓ
1491 2575 1565 2615 apud
1584 2576 1726 2616 Langele,
1741 2576 1843 2608 ultimo
1856 2576 1903 2607 die
1917 2575 2024 2607 Mensis
2040 2575 2233 2610 Novembris,
2254 2575 2342 2608 Anno
2356 2575 2437 2616 Reg-

1369 2626 1399 2646 ni
1408 2638 1418 2654 ,
1467 2625 1495 2646 c.

2457 1321 2545 1339 m.11.

1627 2740 1686 2775 Ad
1701 2745 1817 2788 Papam
1830 2751 1886 2788 pro
1897 2740 2019 2787 praefato
2035 2741 2183 2787 Epifiopo.

1369 2826 1577 2885 SAnfflssirno
1592 2828 1622 2858 in
1646 2825 1762 2857 Christo
1781 2825 1873 2865 Patri,
1895 2824 2027 2856 Domino
2043 2824 2080 2856 C.
2103 2825 2216 2857 Divina
2235 2825 2436 2867 Providentia,
2453 2829 2529 2861 Ann.
2542 2828 2570 2862 D

1422 2865 1609 2897 Sacrosanerae
1623 2864 1763 2896 Romanae
1777 2874 1811 2895 ac
1825 2863 1994 2896 universalis
2007 2863 2141 2895 Ecclesiae
2154 2864 2268 2896 summo
2289 2864 2435 2905 Pontifici,
2471 2878 2558 2909 1307,

1367 2903 1539 2944 Edwardus,
1552 2905 1615 2936 &c.
1630 2904 1733 2935 devota
1747 2903 1852 2942 pedum
1867 2902 1957 2946 oscula
1977 2903 2130 2934 beatorum.
2488 2919 2512 2937 η,
2523 2918 2547 2939 r,

1406 2942 1488 2982 Illos,
1505 2944 1553 2982 qui
1567 2953 1619 2982 pro
1632 2951 1788 2981 augmento
1805 2942 1838 2973 &
1853 2941 2016 2972 exaltatione
2031 2940 2095 2972 fidei
2110 2941 2268 2973 Catholicae
2281 2941 2309 2972 se
2321 2944 2433 2981 pericu-
2452 2951 2480 2977 Ε,
2500 2956 2525 2976 2.

1367 2981 1400 3012 lis
1412 2991 1551 3021 exponere
1565 2992 1624 3013 non
1642 2989 1787 3019 verentur,
1808 2981 1911 3011 merito
1934 2979 2016 3011 decet
2037 2980 2071 3012 &
2092 2981 2227 3012 convenit
2245 2980 2377 3022 suffragiis
2397 2983 2432 3014 &
2451 2989 2521 3013 Rom.
2540 2994 2565 3013 i.

1367 3020 1510 3051 favoribus
1524 3020 1652 3060 prosequi
1667 3019 1796 3058 gratiosis.
2450 3027 2481 3051 Ε.
2491 3033 2517 3051 2.
2530 3033 2568 3052 m.

1407 3058 1541 3099 Cumque
1555 3059 1717 3090 venerabilis
1730 3057 1826 3096 Pater,
1838 3057 1871 3088 &
1886 3058 1967 3088 nobis
1985 3058 2014 3088 in
2030 3056 2146 3088 Christo
2160 3056 2344 3096 carus,frater
2355 3058 2433 3088 Wil-
2456 3071 2497 3090 io.

1366 3097 1477 3128 lielmus
1493 3098 1635 3129 Liddensis
1648 3096 1817 3135 Episcopus,
1830 3096 1882 3126 Vir
1899 3097 1994 3135 utique
2013 3096 2142 3127 discretus
2155 3119 2166 3134 ,
2187 3096 2222 3127 &
2242 3096 2301 3126 aliis
2322 3096 2435 3128 diversis

1367 3138 1502 3168 virtutum
1517 3138 1622 3168 meritis
1636 3136 1795 3172 insignitus,
1811 3134 1846 3164 ad
1864 3143 1950 3173 partes
1960 3133 2162 3172 ultramarinas,
2175 3143 2244 3165 cum
2258 3134 2316 3164 aliis
2329 3134 2433 3166 littera-

1369 3176 1403 3206 tis
1421 3175 1454 3207 &
1472 3175 1622 3213 Religiosis
1638 3175 1723 3211 viris,
1742 3174 1772 3203 in
1790 3173 1967 3204 multitudine
1980 3172 2111 3212 copiosa,
2131 3173 2166 3203 ad
2178 3172 2375 3210 temptandum
2397 3175 2431 3205 &

1369 3210 2438 3288 ἓξκὲἰῖἓὲἚρῖἶίῡὲἕῖεῗῇῗῗέῇὲἓὲἙεέῗἘέἒεῖἓὲἵξέῗέἓιέἳᾞέιᾜῖ.

1370 3275 1467 3329 pui'um
1482 3290 1640 3326 infidelem,
1655 3273 1854 3328 transferre‚⁹iit
1875 3289 2051 3327 accepimus,
2070 3287 2098 3318 se
2119 3296 2273 3326 proponat,
2288 3287 2434 3319 San&stari

1368 3329 1469 3361 vestrae
1482 3328 1605 3359 eundem
1627 3327 1798 3366 Episcopum
1822 3327 1907 3365 pleno
1929 3325 2196 3357 recommendamus
2215 3325 2328 3357 affe&u.

1403 3367 1593 3406 Supplicantes
1609 3375 1709 3396 attente
1723 3389 1733 3404 ,
1762 3369 1886 3405 quatinus
1910 3365 2000 3403 ipsum
2023 3365 2056 3396 &
2082 3364 2304 3403 prosecutionem
2325 3365 2433 3402 negotii

1368 3406 1496 3446 praedicii
1510 3406 1641 3435 habentes
1651 3405 1714 3435 zelo
1732 3404 1796 3435 fidei
1811 3403 1953 3443 specialius
1965 3402 2300 3441 commendatos,eidem
2315 3402 2432 3441 Episco-

1367 3456 1406 3483 po
1422 3444 1551 3475 exhibere
1568 3454 1617 3474 vos
1634 3443 1794 3481 dignemini
1845 3442 1922 3480 super
1941 3441 2020 3481 justis
2035 3442 2069 3473 ὃς
2087 3441 2210 3472 honestis
2229 3441 2280 3472 suis
2292 3441 2431 3480 petitioni-

1366 3486 1417 3517 bus
1451 3484 1480 3513 in
1497 3483 1550 3512 hac
1569 3491 1662 3520 parte,
1682 3465 1844 3526 favorabiles
1861 3481 1894 3512 &
1912 3481 2062 3525 benignos.

1404 3506 1556 3552 Oonservet
1572 3531 1624 3551 vos
1643 3520 1797 3551 Altiffimus
1812 3520 1847 3552 ad
1867 3519 2013 3558 Regimen
2033 3518 2167 3550 Ecclefiae
2185 3517 2242 3550 suae
2254 3517 2363 3550 Sand'tae
2383 3526 2431 3557 per

1368 3569 1495 3599 tempora
1512 3559 1628 3590 feliciter
1646 3559 1780 3599 longiora.

1402 3636 1468 3668 Dat.
1487 3635 1558 3674 apud
1575 3636 1716 3675 Langele,
1729 3637 1825 3668 ultima
1840 3635 1887 3666 die
1903 3633 2008 3666 Mensis
2027 3633 2212 3666 Novembris.
2548 3592 2570 3623 ἃ

2546 3682 2570 3737 Ξ

1366 3772 1394 3799 θέ
1418 3770 1478 3806 Ad
1495 3773 1711 3817 Imperatorem
1725 3772 1929 3805 Tartarorum
1945 3768 1981 3802 de
1997 3767 2112 3813 Haenfi
2131 3763 2354 3802 Mahometana
2376 3775 2430 3798 ex·
2446 3788 2570 3832 *111343

1821 3817 1974 3865 tirpanda.

2446 3859 2524 3891 Ann.
2535 3856 2570 3889 D.

1364 3904 1575 3975 SErenissimo
1590 3904 1716 3943 Principi
1726 3927 1736 3943 ,
1749 3904 1883 3935 Domino
1897 3902 2079 3945 Tartarorum
2094 3897 2259 3943 Imperatori
2273 3896 2426 3938 potentiffi-
2467 3905 2552 3938 1307.

1424 3953 1490 3981 mc,
1511 3942 1680 3982 Edwardus,
1693 3945 1753 3974 &c.
1770 3942 1884 3973 felicem
1899 3939 2033 3978 regnandi
2049 3937 2187 3982 gloriam,
2200 3948 2270 3969 cum
2283 3937 2371 3982 salute.
2445 3941 2498 3964 An.
2518 3945 2543 3964 ι.

1398 3980 1496 4018 Reges
1512 3982 1546 4012 ὃ(
1566 3981 1708 4021 Principes
1723 3982 1824 4012 terreni
1841 3988 1917 4011 tanto
1937 3977 2028 4013 magis
2042 3976 2223 4007 dinoscuntur
2244 3976 2324 4013 Regi
2341 3973 2424 4006 caele·
2447 3979 2476 4003 Ε.
2495 3983 2522 4002 2.

1365 4017 1411 4049 stis
1431 4019 1532 4057 gloriae
1551 4020 1731 4059 complacere
1744 4041 1755 4057 ‚
1777 4026 1882 4058 quanto
1905 4014 2041 4054 simplices
2063 4012 2276 4070 Christi-fideles
2290 4012 2429 4082 ardentciligs
2448 4013 2570 4079 {07:¹³5
