2570 4261
5 1092 137 1127 Α1111.]).

26 1142 111 1172 1274.

4 1178 58 1201 An.
72 1184 99 1200 2.

8 1233 49 1277 E·x
63 1234 134 1285 orig.

4 1290 31 1315 in
39 1290 122 1316 Turri.

14 3044 84 3074 «ΙΙ.
99 3050 150 3079 40.

721 215 837 259 ET
919 214 1189 258 ACTA

111 396 118 403 ⁴
132 434 140 441 ·
184 392 205 411 *
224 394 275 426 De
292 389 512 425 Pardonatione
525 399 580 434 pro
595 387 722 422 Wzltero
740 386 775 419 de
793 386 977 429 Baskfrville
987 389 1078 434 fhper
1087 388 1195 420 Morte

505 439 605 470 Henr.
624 435 660 469 de
676 439 711 470 A
714 436 856 468 lemania.

155 523 242 581 RE
251 522 434 567 Xomnibus
446 521 573 558 Ballivis,
587 521 650 565 ¹&o
668 521 789 551 salutern.
983 560 988 565 ἡ
1146 560 1152 565 0

247 561 344 592 Sciatis
358 561 435 601 quod
444 560 657 598 pardonaVimus
671 560 800 590 Waltero
813 558 849 589 de
864 559 1026 590 Baskerville
1041 558 1219 598 utlagariam,

98 618 105 624 -
155 597 185 627 in
200 599 291 637 ipsum
305 600 508 638 promulgatam
521 608 572 635 pro
581 607 673 628 morte
687 597 806 628 Henrici
821 597 857 627 de
873 597 1053 634 Alemannis,
1070 597 1146 628 unde
1157 607 1219 627 rec-

156 643 227 667 tatus
240 637 299 676 est,
318 639 352 670 &
365 638 475 668 firmam
490 646 591 676 pacem
606 636 729 667 nostram
745 637 770 666 ei
786 636 849 666 inde
862 636 1061 672 concedimus;

191 676 233 707 Ita
245 686 340 707 tamen
355 675 433 716 quod
449 674 502 706 stet
514 674 611 706 Recio
625 676 654 706 in
668 674 756 706 Curia
768 673 882 713 nostra,
899 675 979 715 siquis
991 674 1083 705 versus
1096 683 1162 704 eum
1175 675 1219 704 in-

154 714 191 745 de
204 715 284 753 loqui
296 716 423 746 voluerit.

191 752 226 784 In
240 755 335 792 cujus,
354 754 415 784 &c.

193 829 284 860 Teste
299 830 382 869 Rege
396 829 468 869 apud
479 828 615 869 Wyndes.
635 838 679 858 12.
692 827 736 859 die
749 826 927 878 Septembris.

178 968 269 1001 Bulla
291 971 364 1016 Regi
375 979 429 1014 pro
448 965 672 1013 Archiepiftopo
695 967 864 1014 Caffiakxsi,
890 970 943 1013 qui
959 993 969 1009 ‚
985 966 1068 1013 signo
1093 968 1197 998 Crucis

254 1017 394 1063 assumpto
409 1043 418 1059 ,
444 1015 489 1049 ad
499 1013 666 1061 subsidium
685 1017 780 1049 Terra
797 1015 907 1048 SanHae
916 1015 951 1061 fi
969 1017 1108 1061 accingit.

159 1102 225 1165 G
234 1102 374 1147 Regorius
388 1101 560 1171 Episcopus,
576 1100 666 1145 servus
678 1100 821 1146 servorum
835 1100 909 1138 Dei,
922 1098 1118 1143 charissimoin
1126 1097 1224 1128 Chris-

161 1181 226 1213 11εῶ
228 1150 286 1210 &niz
287 1140 401 1210 ᾹΞΕΙΞΕ.
447 1150 492 1181 egi
505 1139 617 1179 Angliae
631 1139 746 1180 illustri,
762 1140 892 1177 salutern,
910 1139 944 1170 ὅτ,
959 1137 1156 1176 Apostolicam
1174 1138 1224 1167 be-

197 1219 313 1250 Honori
335 1218 431 1258 Regio
450 1218 511 1248 satis
529 1217 657 1255 adjicitur
670 1239 680 1254 ,
698 1215 718 1245 si
732 1238 742 1254 ,
759 1215 799 1244 ob
812 1215 995 1245 reverentiam
1010 1214 1122 1244 Summi
1137 1212 1225 1257 Regis

162 1259 229 1297 (qui
251 1257 322 1287 solus
342 1257 446 1287 habens
467 1258 496 1286 in
517 1256 626 1294 Regnis
640 1255 791 1284 homiuum
813 1253 997 1292 potestatem,
1014 1253 1085 1282 solus
1098 1251 1224 1291 Regibus

159 1298 205 1328 dat
227 1296 340 1326 salutern
357 1295 366 1333 )
382 1294 515 1325 Ecclesiae
535 1303 568 1323 ac
590 1302 686 1323 earum
710 1290 837 1321 Ministri
857 1300 1033 1322 terrenorum
1055 1290 1170 1329 Regum
1191 1300 1224 1321 ac

157 1335 325 1372 Principum
346 1333 480 1378 potentiae
502 1331 647 1370 oportunis
666 1338 845 1368 protegantur
862 1329 967 1360 auxiliis
981 1352 990 1368 ,
1007 1330 1041 1360 δε
1055 1330 1174 1368 congrui
1185 1329 1226 1360 fa-

157 1375 233 1406 voris
247 1372 374 1414 praesidio
389 1372 544 1401 foveantur.
899 1407 904 1412 Ι
945 1406 949 1412 Ι
1218 1406 1223 1412 1

196 1413 269 1444 Sane
281 1409 444 1442 venerabilis
458 1409 539 1438 frater
553 1406 649 1437 noster
662 1405 800 1436 Caffaien.
817 1404 1069 1446 Archiepiscopus,
1082 1406 1146 1436 zelo
1163 1405 1226 1436 fider

156 1459 190 1480 ac
212 1450 371 1481 devotionis
392 1447 522 1477 accensus
537 1469 547 1483 ,
565 1445 713 1475 miserabili
734 1444 814 1474 statui
828 1453 909 1475 terrae
925 1445 1026 1475 sanffle
1037 1446 1225 1487 compatiens,

158 1489 237 1527 signo
257 1487 380 1518 vivificae
395 1485 497 1515 Crucis
508 1484 650 1522 assumpto
666 1506 675 1522 ,
691 1482 725 1514 ad
742 1483 821 1520 ipsius
836 1491 915 1513 terrae
929 1482 1076 1513 subsidium
1090 1486 1115 1513 le
1129 1484 1225 1514 accin-
1252 1492 1255 1493 ⁷

156 1528 221 1565 git,
240 1534 353 1564 propter
374 1524 452 1564 quod
472 1523 528 1562 ipse
546 1525 652 1560 (quem
674 1523 708 1553 &
723 1521 878 1552 Ecclesiam
893 1520 1029 1552 Caffaien.
1045 1531 1114 1552 cum
1131 1524 1226 1552 omni-

158 1566 209 1596 bus
223 1565 304 1594 bonis
318 1564 369 1594 suis
377 1586 386 1601 ,
398 1573 461 1601 quae
474 1561 722 1601 impraesentiarum
735 1561 862 1597 obtinet,
873 1559 925 1591 sub
938 1561 1012 1590 beati
1026 1559 1102 1590 Petri
1114 1561 1148 1591 &
1161 1571 1227 1591 nos-

157 1612 198 1633 tra
218 1603 396 1640 protectione
419 1600 609 1640 suscepimus)
629 1598 703 1639 apud
725 1606 752 1629 te
765 1599 905 1629 credimus
920 1600 1100 1637 promoveri,
1119 1607 1148 1629 ut
1167 1607 1225 1629 tam

156 1642 229 1681 ipse,
247 1643 333 1680 quam
344 1640 443 1671 eadem
458 1639 597 1676 Ecclesia,
614 1637 810 1668 favorabilibus
823 1637 908 1675 adjuti
921 1638 1043 1668 subsidiis
1053 1661 1062 1676 ‚
1083 1638 1116 1668 δε
1132 1638 1227 1678 Rega-

155 1680 187 1710 lis
201 1681 297 1719 gratiae
314 1679 422 1710 subnixi
434 1678 593 1714 favoribus,
610 1675 798 1706 abstrahantur
811 1677 847 1706 ab
862 1675 1086 1716 oppressionibus
1106 1677 1227 1707 malivo-

155 1718 250 1748 lorum
265 1718 475 1756 quorurnlibet,
492 1717 525 1747 ὅτ,
539 1715 574 1746 ad
590 1716 757 1745 votivorum
769 1715 980 1754 prosperitatem
993 1714 1168 1746 successuum
1185 1716 1228 1745 di-

159 1767 183 1787 n
203 1764 291 1786 antur.

184 1766 382 1824 gConfidenter
395 1793 481 1832 igitur
493 1791 694 1822 Celfitudinem
708 1791 829 1831 Regiam
842 1792 1034 1832 requirendam
1049 1793 1179 1823 duximus
1194 1793 1228 1824 &

154 1832 309 1864 affe&uose
330 1831 484 1871 rogandam
497 1854 506 1869 ,
526 1831 655 1869 quatinus
675 1830 777 1860 eisdem
799 1830 1020 1871 Archiepiscopo
1033 1832 1065 1862 ὃς
1077 1830 1228 1869 Ecclesiae,

157 1882 210 1912 pro
224 1871 320 1903 divini
335 1871 369 1902 δε
384 1869 479 1900 11011τέ
494 1868 665 1908 reverentis,
684 1870 721 1899 fic
736 1877 764 1899 te
775 1868 870 1900 reddas
884 1870 989 1901 affeetu
1003 1870 1175 1900 benevolum
1194 1872 1226 1900 &

157 1921 244 1951 opere
268 1909 419 1950 gratiosum
434 1931 445 1947 ,
461 1917 492 1939 ut
507 1908 584 1939 idern
597 1908 847 1947 Archiepiscopus,
867 1917 917 1939 tuo
929 1908 1013 1939 fretus
1027 1909 1144 1946 auxilio,
1164 1917 1229 1938 tuo-

184 1960 218 1980 ue
240 1949 338 1979 favore
359 1947 484 1978 suffiiltus
497 1970 508 1985 ,
526 1947 613 1977 libere
633 1946 716 1984 poffit
738 1946 871 1986 perficere
886 1947 996 1978 Votum
1012 1947 1106 1986 suurn,
1125 1948 1158 1978 &
1175 1948 1183 1977 i
1204 1947 1229 1977 sa

160 1960 287 2018 {eclesia
303 1987 407 2017 nullam
426 1987 548 2016 incurrat
563 1985 663 2016 exinde
675 1987 705 2015 in
718 1985 768 2015 suis
778 1985 892 2024 Juribus
904 1986 1048 2016 laesionem
1064 2009 1073 2024 ,
1091 1986 1135 2016 sed
1150 1987 1190 2015 ob
1200 1997 1229 2016 a-

158 2028 193 2056 tis
214 2027 305 2063 potius
327 2025 454 2064 proficiat
475 2025 674 2054 incrementis:
702 2023 739 2054 Et
761 2031 792 2053 tu
807 2047 816 2062 ,
835 2034 884 2061 per
907 2025 988 2063 liaec,
1003 2025 1037 2056 &
1051 2025 1101 2056 alia
1117 2034 1182 2063 quae
1199 2025 1229 2055 in

160 2066 239 2096 terris
254 2065 382 2105 gesseris,
399 2071 513 2094 aetetnae
527 2063 594 2094 vitae
607 2062 704 2102 gaudia
717 2063 853 2092 merearis.

152 2151 155 2154 ·
192 2141 262 2173 Dat.
275 2141 409 2180 Lugduni
418 2140 505 2171 Non.
513 2139 666 2179 Octobris,
678 2139 865 2171 Pontificatus
879 2138 966 2170 nostri
977 2149 1053 2170 anno
1064 2140 1154 2171 tertio.

224 2284 275 2316 De
297 2281 484 2329 Diftordiis,
509 2281 553 2315 ad
571 2279 745 2325 instantiam
763 2283 906 2325 Comitis,
932 2294 1003 2316 cum
1022 2282 1171 2330 Comitiffa
1226 2276 1231 2281 ’

550 2330 702 2364 Flandriae
709 2329 834 2377 fidatis.

140 2429 146 2435 ·
164 2416 250 2474 RE
260 2416 292 2448 X
312 2416 419 2447 dilectis
431 2417 466 2447 &
480 2416 608 2447 fidelibus
626 2415 677 2446 suis
699 2414 821 2446 Fulconi
837 2415 930 2447 Lovel
947 2415 1158 2447 Archidiacono
1171 2416 1234 2447 Co-

237 2456 372 2486 lecestriae
385 2455 555 2493 &johanni
568 2454 644 2492 Bek,
659 2454 780 2484 salutem.

201 2494 296 2532 Quia,
313 2494 408 2524 sedatis
421 2493 603 2523 amicabiliter
618 2493 652 2523 &
667 2493 695 2522 in
709 2492 783 2522 certa
797 2491 905 2530 forma,
923 2491 956 2522 ad
971 2492 1131 2523 instantiam
1145 2494 1230 2523 nobi-

164 2530 197 2561 lis
219 2533 292 2570 viri,
312 2532 464 2575 Guydonis
482 2530 606 2561 Comitis
626 2530 779 2568 Flandriae,
797 2532 1028 2562 contentionibus
1041 2532 1074 2562 &
1090 2531 1235 2562 discordiis

101 2581 106 2588 ·
163 2570 268 2607 jamdiu
287 2571 386 2601 habitis
405 2579 477 2599 inter
497 2570 662 2605 Dominum
683 2568 843 2598 Henricum
856 2568 967 2608 Regem
983 2570 1235 2605 patremnostrum

164 2610 199 2639 &
212 2619 264 2639 nos
279 2619 312 2638 ex
326 2619 380 2639 una
394 2615 486 2648 parte,
504 2609 538 2638 ὃς
553 2607 740 2647 Margaretam
759 2606 940 2637 Comitissam
961 2608 984 2637 F
985 2609 1100 2639 landriae
1114 2618 1232 2640 matrem

162 2647 292 2688 praediffi
306 2646 431 2677 Comitis
444 2655 478 2676 ex
491 2647 572 2677 altera
581 2670 590 2686 ,

201 2686 259 2716 Pro
277 2687 378 2724 quibus
403 2684 577 2715 Mercatores
598 2683 687 2715 nostri
709 2682 839 2723 Angli-ae,
858 2682 1005 2715 Hiberniae
1043 2685 1076 2716 &
1091 2685 1232 2716 Marchiae

161 2724 207 2754 W
209 2725 281 2755 alliae
290 2747 299 2762 ,
317 2726 346 2754 in
361 2724 484 2761 partibus
497 2723 520 2753 F
521 2723 634 2754 landriae
642 2746 657 2761 „
669 2724 702 2754 &
716 2722 796 2763 super
811 2733 888 2752 mare
903 2746 913 2762 ,
931 2725 964 2754 &
981 2708 1157 2755 Mercatores
1172 2725 1235 2755 dic-

164 2769 203 2807 tae
216 2762 377 2807 Comitiffie
392 2762 420 2792 in
434 2761 538 2802 Anglia
550 2762 672 2799 dampna
689 2761 795 2793 diversa
810 2762 843 2793 δε
851 2761 971 2799 Ῐαᾶυτεε
985 2763 1166 2795 multimodas
1178 2764 1234 2795 sus-

166 2808 309 2832 tinuerint.
435 2816 447 2821 ·<

199 2839 238 2870 Et·
251 2839 327 2871 idern
341 2838 451 2870 Cernes
464 2839 601 2879 promisit
615 2839 649 2870 &
664 2839 843 2878 manucepit‚
861 2848 959 2870 coram
973 2840 1069 2879 nobis,
1087 2849 1140 2878 pro
1157 2839 1185 2870 se
1201 2841 1233 2871 &

164 2879 280 2918 praefata
307 2878 460 2909 Comitissa
487 2886 575 2908 matre
592 2878 636 2908 sua
649 2895 660 2916 5
686 2877 893 2908 Mercatoribus
918 2879 1018 2909 nostris
1042 2879 1180 2917 praedictis
1199 2879 1236 2910 de

165 2917 294 2957 dampnis
321 2918 355 2948 &
379 2917 490 2957 jad’curis
517 2917 568 2947 suis
591 2916 731 2957 praedic'tis
759 2916 883 2947 debitam
901 2917 993 2951 facere
1012 2918 1234 2956 restitutionem,

164 2965 279 2996 propter
297 2955 374 2996 quod
393 2955 525 2985 volumus
542 2956 621 2994 quodi
641 2954 850 2986 Mercatoribus
863 2955 1008 2994 praedffitae
1022 2955 1183 2987 Comitiffae
1198 2957 1234 2987 de

164 2994 293 3034 dampnis
322 2994 355 3024 &
371 2994 486 3032 jacturis
505 2994 557 3024 suis
578 2994 719 3034 praedictis
741 2993 788 3029 fiat
811 2993 948 3025 restitutio
961 2995 997 3025 de
1011 2997 1096 3038 gratia
1113 2995 1233 3033 nostra;

164 3041 249 3070 prout
264 3034 295 3062 in
310 3032 405 3062 forma
415 3033 505 3072 pacis,
522 3033 594 3063 inter
607 3035 658 3063 nos
672 3034 705 3064 δε
719 3033 888 3074 ρωεάίᾶωῑι
901 3032 1053 3064 Comitem
1068 3035 1087 3055 2*
1104 3033 1169 3065 inde
1180 3035 1234 3064 ini-

167 3080 206 3102 tae
218 3071 252 3102 &
266 3070 384 3101 firmatae
393 3093 402 3109 ,
421 3070 529 3110 plenius
541 3072 709 3102 continetur.
1056 3104 1058 3106 ,

202 3108 410 3148 Affignavimus
431 3118 483 3139 vos
502 3108 536 3138 ad
559 3110 756 3148 inquirendum
777 3120 826 3148 per
845 3109 1058 3142 Sacramentum
1072 3135 1082 3150 ,
1108 3112 1166 3143 &c.
1187 3121 1235 3152 pei·

187 3158 255 3186 uos,
273 3149 334 3179 &c.
357 3149 386 3178 in
407 3146 549 3185 praesentia
568 3156 686 3185 quatuor
701 3150 857 3188 proborum
875 3150 908 3180 &
925 3150 1053 3190 legalium
1070 3151 1236 3188 hominum,

166 3158 205 3218 de
226 3187 349 3225 partibus
369 3186 506 3217 Flandriae
517 3208 527 3224 ,
544 3186 701 3218 eleetorum
720 3197 754 3218 ex
772 3197 848 3227 parte
866 3188 1062 3219 Mercatorum
1074 3189 1235 3219 nostrorum

169 3225 390 3265 praedia-orum,
406 3224 441 3254 ad
461 3223 631 3255 audiendum
652 3225 837 3265 inquisitiones
851 3228 884 3259 &
895 3227 1074 3267 probationes
1088 3227 1123 3258 de
1136 3228 1236 3266 damp-

171 3265 216 3294 nis
231 3265 265 3296 &
278 3264 392 3302 jadturis
407 3264 457 3294 suis
472 3263 610 3301 praedictis
622 3263 770 3294 faciendas:

211 3301 248 3332 Et
269 3302 299 3332 in
319 3303 463 3342 praesentia
483 3311 601 3339 quatuor
621 3303 778 3339 proborum
799 3304 834 3335 ὃς
855 3304 983 3345 legalium
1006 3304 1157 3335 hominum
1171 3328 1180 3343 ,
1199 3304 1234 3335 de

169 3341 278 3379 Regno
297 3336 397 3371 nostro
411 3363 420 3377 ,
439 3340 595 3370 electorum
617 3349 650 3370 ex
672 3349 749 3378 parte
762 3340 957 3374 Mercatorum
976 3344 1119 3381 praedidtae
1134 3343 1237 3373 Comi-

167 3380 255 3418 tissae,
273 3378 307 3409 ad
321 3379 494 3410 audiendum
508 3378 700 3416 inquisitiones
715 3380 749 3410 &
763 3381 937 3417 probationes
949 3382 985 3413 de
996 3383 1125 3420 dampnis
1140 3383 1236 3421 &jac-

172 3420 238 3450 turis
255 3418 307 3449 suis
325 3417 482 3456 praeditfitis3
499 3427 564 3456 quie
576 3416 696 3458 dampna
711 3417 744 3448 &
758 3428 823 3456 quas
835 3420 950 3457 jacturas
969 3421 1074 3459 praefati
1091 3421 1236 3451 Mei-cato-

170 3468 213 3488 res
227 3480 237 3496 ,
261 3457 410 3486 occasione
428 3456 647 3486 contentionum
663 3456 697 3486 &
716 3455 914 3488 discordiarum
929 3459 1126 3498 praedi-starum
1139 3484 1148 3497 ,
1167 3460 1236 3489 hinc

170 3496 238 3527 inde
258 3494 455 3526 sustinuerint:
485 3493 520 3523 Et
540 3503 605 3531 quae
630 3494 706 3524 bona
724 3494 770 3525 vel
793 3497 974 3528 mercimonia
995 3498 1039 3528 sua
1053 3521 1062 3537 ,
1086 3498 1237 3528 occasione

174 3535 325 3575 praedidia,
343 3535 372 3564 in
388 3532 528 3571 praedictis
541 3533 617 3575 terris
631 3532 664 3563 ὃς
676 3533 745 3575 mari
758 3543 839 3572 capta
850 3535 925 3574 sunt,
942 3536 1054 3567 arestata
1065 3537 1099 3567 δε
1110 3536 1237 3575 detenta,

173 3575 207 3605 &
226 3582 361 3614 quantum
381 3572 457 3602 bona
472 3572 504 3602 &
517 3571 703 3600 mercimonia
715 3571 758 3600 illa
771 3573 910 3613 valerent,
926 3575 959 3605 ὃς
973 3585 1022 3612 per
1034 3585 1103 3614 quos
1116 3575 1237 3611 dampna

174 3612 333 3651 hujusmodi
353 3610 531 3641 sustinuerint
573 3611 606 3641 &
625 3609 660 3639 ad
691 3618 792 3639 uorum
804 3621 903 3643 manus
912 3612 989 3644 bona
1004 3615 1038 3645 ὅ(
1052 3614 1238 3649 mercimonia

171 3651 321 3690 praedida,
341 3650 376 3680 sic
391 3658 471 3690 capta
483 3650 517 3680 &
532 3632 656 3686 d'etenta,
695 3657 860 3681 evenerunt:

215 3689 253 3719 Et
267 3689 331 3720 ideo
349 3689 432 3720 vobis
451 3687 616 3718 mandamus
630 3686 707 3725 quod
721 3685 756 3716 ad
766 3696 861 3729 ‘certos
874 3711 886 3726 ,
900 3690 959 3721 &c.
979 3690 1170 3728 inquisitiones
1183 3689 1239 3720 illas

178 3729 301 3767 faciatis,
318 3729 351 3759 &
366 3727 544 3765 probationes
558 3725 703 3764 praedidtas
716 3726 851 3764 recipiatis
863 3727 893 3757 in
907 3728 1050 3765 praesentia
1062 3729 1133 3760 osto
1146 3730 1239 3759 homi-

176 3776 248 3797 num
262 3766 474 3806 praedidtorum.

216 3804 270 3842 Et,
288 3815 356 3836 cum
369 3805 557 3843 inquisitiones
569 3803 626 3833 illas
643 3802 762 3833 feceritis
775 3802 836 3840 7&
850 3803 1027 3840 probationes
1043 3806 1186 3843 praedictas
1199 3817 1241 3837 re-

177 3845 305 3880 ceperitis
320 3866 330 3882 ,
345 3844 428 3874 nobis
448 3844 484 3873 de
499 3843 612 3873 summis
630 3842 820 3879 dampnorum
835 3841 869 3871 &
879 3842 1047 3879 jasturaruin
1063 3854 1242 3883 utrarumque

179 3882 301 3918 partium
315 3905 326 3920 ,
342 3883 375 3913 δε
396 3883 432 3913 de
450 3882 557 3921 singulis
569 3880 733 3911 earumdem
747 3881 906 3918 separatim,
921 3881 954 3912 &
967 3882 1109 3913 bonorum
1123 3885 1156 3915 &
1169 3895 1242 3914 mer-

180 3920 374 3951 cimoniorum
394 3921 507 3952 suorum
527 3928 674 3959 captorum
695 3919 728 3950 &
749 3918 930 3949 detentorum
945 3943 954 3958 ,
975 3921 1008 3950 &
1028 3921 1064 3951 de
1079 3923 1242 3953 nominibus

181 3966 282 3987 eorum
300 3960 351 3997 qui
367 3959 490 3999 dampna
512 3958 644 3997 prredicta
664 3956 839 3987 sustinuerint
854 3980 863 3993 7
881 3967 912 3988 ut
926 3959 1094 3995 praedidtum
1108 3959 1149 3990 est
1163 3984 1172 3998 ,
1190 3961 1244 3991 dis-

181 3995 271 4026 1111616
289 3997 323 4026 &
343 4007 358 4026 a
377 4007 435 4028 erte
455 3997 575 4028 constari
598 3997 699 4027 faciatis
740 4004 769 4026 ut
785 3995 901 4033 praefatis
922 3995 1130 4028 Mercatoribus
1143 4000 1173 4029 in
1189 3999 1250 4030 hac,

180 4042 257 4073 parte
275 4033 333 4063 fieri
373 4037 479 4067 ciamus
493 4036 571 4075 quod
584 4059 592 4068 ,
608 4037 685 4073 juxta
705 4019 829 4066 sormam
842 4035 917 4072 pacis
929 4034 1087 4075 praedidtae,
1103 4036 1141 4068 de
1159 4036 1244 4069 Con-

182 4072 250 4104 cilio
263 4071 361 4105 nostro
372 4074 521 4107 viderimus
535 4073 704 4107 faciendum.

1271 209 1754 256 PUBLICA.
2246 230 2321 273 143

1295 295 1497 330 Mandat-imus
1509 300 1586 331 enim
1600 301 1730 332 universis
1742 301 1777 333 ὃ(
1788 301 1899 342 singulis
1909 300 2136 334 vicecomitibus
2148 298 2241 343 Regni
2254 313 2319 334 nos-
2336 300 2412 331 Ann.
2428 300 2470 332 D,

1263 336 1297 365 tri
1333 336 1411 379 quod
1424 337 1458 367 ad
1475 348 1582 378 certos,
1599 340 1658 370 δίς.
1679 349 1721 370 tot
1737 341 1770 372 ὃς
1783 342 1863 378 tales,
1881 341 1941 373 &c.
1955 351 2004 381 per
2017 351 2104 380 quos,
2119 341 2180 372 &c.
2356 346 2440 378 1274.

1312 383 1330 402 n
1345 383 1438 413 cuius,
1457 376 1516 407 &c.
2338 380 2405 407 Edv.
2422 389 2445 406 1.

1301 448 1389 482 Teste
1403 451 1487 491 Rege
1498 452 1572 490 apud
1587 452 1754 483 Westmon.
1771 453 1806 483 16
1810 477 1815 482 .
1828 454 1873 485 die
1886 454 2031 486 Ottobris.

1508 577 1558 608 De
1576 576 1713 623 Tallagio
1734 574 1913 622 Judaeorum
1934 577 2070 612 levando.

1333 659 1358 689 E
1367 657 1399 689 X
1418 659 1523 690 dileffls
1535 660 1569 691 &
1584 659 1708 691 fidelibus
1721 661 1774 691 suis
1786 661 1860 692 fratri
1875 661 2019 702 Stephano
2033 663 2068 693 de
2082 662 2224 694 Foleburn
2234 661 2323 702 ‚Adae
2341 664 2418 697 Ami.
2433 663 2476 701 D⁴

1343 698 1379 728 de
1394 698 1536 738 Stratton,
1553 701 1587 730 δε
1602 700 1761 730 willielmo
1776 700 1811 730 de
1827 699 1998 730 Middleton.
2363 714 2448 743 1274.

1301 734 1399 766 Sciatis
1418 737 1493 774 quod
1513 737 1707 776 assignavimus
1728 748 1779 768 vos
1800 738 1834 768 ad
1855 740 1952 769 omnia
1973 741 2101 779 arreragia
2113 740 2228 779 tallagii,
2247 739 2272 770 su
2295 750 2324 770 er
2341 748 2395 771 Aa.
2413 754 2439 772 2.

1259 772 1374 811 Judaeos
1396 775 1506 805 nostros
1528 776 1638 815 Angliae
1659 777 1760 807 ultimo
1782 776 1868 806 assessi
1883 800 1893 816 ,
1911 777 1945 807 ad
1959 787 2030 817 opus
2045 778 2173 809 nostrum
2188 781 2268 810 levan
2287 790 2303 809 a
2315 802 2324 817 ‚
2341 787 2370 809 Ε.
2395 792 2419 809 i.

1263 821 1346 848 prout
1361 813 1441 843 citius
1456 815 1489 844 &
1502 815 1683 845 commodius
1697 814 1817 845 videritis
1829 824 1862 845 ex
1884 815 1974 854 edire,
2341 825 2400 847 Par.
2412 829 2440 846 2.

1301 850 1409 880 Dantes
1422 851 1501 882 vobis
1515 853 1680 891 potestatem
1694 854 1825 892 arreragia
1839 853 1859 882 il
1869 864 1884 883 a
1896 854 1932 884 de
1945 855 2044 893 bonis,
2061 854 2162 885 catallis
2175 855 2208 886 δε
2221 855 2321 886 debitis
2340 862 2369 886 F..
2390 867 2413 885 i.

1260 886 1447 932 Judaeorum,
1464 900 1533 927 quos
1545 891 1688 921 dicitomm
1707 901 1792 921 arrera
1814 892 1903 921 iorum
1923 894 2080 923 inveneritis
2094 893 2267 932 detentores,
2284 893 2323 923 le-
2342 906 2379 925 m.
2395 904 2424 931 5-

1262 926 1345 969 yandi
1364 929 1398 959 &
1420 928 1518 958 nostro
1538 931 1655 959 nomine
1671 929 1828 967 adjurandi,
1847 941 1961 960 necnon
1975 932 2009 962 ὃ(
2023 930 2115 961 dit-‘tos
2126 931 2258 970 Judaeos,
2277 933 2327 970 qui

1264 974 1294 1008 111
1316 964 1367 995 hac
1388 975 1463 1005 parte
1483 967 1596 997 rebelles
1617 968 1718 997 fuerint
1733 968 1778 998 vel
1793 970 2028 1008 contradictores,
2043 979 2091 1008 per
2105 971 2217 1000 exilium
2233 971 2266 1000 &
2281 970 2330 1000 ab-

1261 1004 1432 1041 jurationem
1446 1004 1541 1043 Regni
1553 1005 1659 1044 nostri,
1678 1006 1696 1035 fi
1709 1005 1819 1035 neceffe
1833 1006 1933 1044 fuerit,
1951 1007 2141 1046 compellendi
2152 1008 2186 1037 ad
2199 1008 2274 1038 dic'ta
2285 1019 2329 1037 at-

1267 1043 1369 1080 reragia
1381 1064 1390 1079 ,
1409 1044 1634 1079 proportionibus
1651 1044 1724 1080 ipsos
1735 1043 1802 1073 inde
1820 1045 2048 1084 contingentibus
2061 1068 2070 1084 ,
2089 1046 2188 1084 nobis,
2207 1046 2264 1076 sine
2277 1044 2332 1076 dif-

1267 1080 1390 1110 ficultate
1404 1081 1543 1119 qualibet,
1560 1081 1704 1111 solvenda:

1309 1118 1347 1148 Et
1360 1119 1425 1148 ideo
1439 1119 1520 1150 vobis
1532 1118 1696 1149 mandamus
1711 1119 1787 1156 quod
1799 1119 1936 1156 praemissa
1949 1120 2052 1150 faciatis
2067 1121 2096 1150 in
2110 1121 2200 1152 forma
2234 1122 2334 1153 raedic-

1267 1165 1317 1195 ta·‚
1335 1158 1369 1188 &
1385 1180 1395 1194 ,
1413 1157 1433 1187 fi
1454 1157 1527 1187 forte
1545 1168 1597 1188 vos
1614 1166 1668 1187 tres
1688 1157 1721 1187 ad
1740 1157 1797 1188 hoc
1813 1158 1956 1188 intendere
1971 1168 2029 1201 non
2044 1161 2183 1198 poteritis,
2221 1171 2259 1191 uo
2273 1171 2334 1192 ves*

1269 1194 1345 1264 ttsilrxr}
1362 1195 1517 1265 p‘aemisgac’
1535 1196 1604 1226 sicut
1615 1196 1783 1236 praedicitum
1796 1195 1856 1235 est,
1875 1196 2074 1227 nichilominus
2088 1207 2263 1237 exequantur.

1357 1244 1452 1272 cuius,
1505 1244 1531 1264 c.

1307 1309 1396 1341 Teste
1412 1310 1494 1351 Rege
1509 1310 1582 1349 apud
1596 1310 1763 1342 Westmon.
1776 1320 1824 1341 20.
1837 1311 1883 1344 die
1898 1310 2044 1342 Oti'tobris.

1408 1451 1458 1483 De
1476 1449 1605 1496 Capitali
1623 1448 1802 1500 Justiciario
1819 1452 1851 1482 in
1870 1449 2022 1484 Hibernia
2039 1450 2201 1494 constituto.

1272 1533 1366 1608 RE
1376 1532 1407 1565 X
1423 1534 1650 1603 archiepiscopis
1662 1557 1673 1574 ,
1691 1535 1751 1567 &c.
1770 1535 1803 1566 &
1817 1536 1950 1566 omnibus
1964 1536 2019 1566 aliis
2033 1535 2068 1567 de
2084 1545 2154 1568 terra
2168 1537 2213 1568 sua
2226 1537 2334 1568 Hiber·
2354 1535 2428 1567 Ann.
2447 1535 2490 1568 D.

1352 1583 1407 1604 niae
1433 1581 1543 1604 autem¹
2373 1584 2426 1606 12-
2454 1595 2459 1604 ,

1307 1610 1406 1642 Sciatis
1444 1611 1501 1642 uod
1521 1611 1717 1643 constituimus
1740 1612 1875 1643 dilec'tum
1898 1614 1931 1643 &
1949 1613 2060 1644 fidelem
2074 1613 2204 1645 nostrum
2216 1615 2332 1646 Rober-
2352 1582 2449 1642 Amsj:

1275 1656 1337 1679 rum
1351 1650 1427 1689 Bago
1467 1650 1623 1689 Capitalem
1639 1650 1831 1690 Justician‘um
1850 1650 1978 1682 nostrum
1993 1675 2003 1691 ,
2023 1652 2056 1682 ad
2072 1652 2171 1691 placita
2191 1653 2285 1684 nostra
2303 1655 2332 1684 in
2354 1659 2382 1680 E-
2403 1662 2427 1680 1·

1272 1687 1369 1718 Banco
1391 1688 1488 1719 nostro
1508 1689 1631 1720 Dublin.
1647 1689 1765 1720 tenenda
1780 1713 1791 1729 ,
1813 1690 1847 1721 &
1865 1689 1898 1719 ad
1911 1691 2098 1721 itinerandum
2119 1691 2153 1721 ad
2168 1694 2334 1723 communia
2354 1692 2457 1719 Ibidem.

1271 1727 1369 1766 placita
1385 1729 1412 1757 in
1425 1736 1495 1758 terra
1509 1728 1602 1758 nostra
1637 1728 1765 1765 raediei-a,
1784 1728 1918 1766 quamdiu
1938 1729 2019 1759 nobis
2033 1729 2183 1770 placuerit,
2201 1731 2235 1762 &
2250 1740 2333 1770 prout
2356 1739 2392 1757 m·
2410 1736 2429 1765 5
2435 1747 2439 1755 ·

1271 1767 1445 1805 temporibus
1459 1767 1600 1797 retroactis
1631 1767 1671 1796 eri
1682 1767 1842 1797 consuevit:

1307 1803 1345 1834 Et
1360 1804 1425 1834 ideo
1439 1806 1522 1835 vobis
1534 1805 1699 1836 mandamus
1712 1805 1790 1843 quod
1803 1805 1895 1835 eidem
1909 1804 2058 1843 Roberto,
2076 1812 2207 1846 tanquam
2221 1806 2341 1848 Capitali

1269 1842 1431 1880 Justiciario
1452 1842 1550 1873 nostro
1571 1843 1608 1873 de
1628 1843 1726 1873 Banco
1744 1843 1880 1880 praedic‘to
1892 1866 1902 1882 ,
1920 1844 1954 1874 &
1966 1844 2001 1875 ad
2015 1847 2181 1875 communia
2195 1845 2294 1883 placita
2310 1848 2340 1876 in

1274 1881 1432 1917 hujusmodi
1452 1882 1592 1912 itineribus
1611 1881 1716 1911 ibidem
1734 1882 1854 1913 tenenda
1874 1882 2023 1922 affignat0‚
2044 1883 2221 1914 intendentes
2238 1885 2292 1915 sitis
2307 1886 2341 1916 &

1275 1920 1490 1959 respondentes,
1509 1921 1576 1950 sicut
1590 1920 1758 1960 praediCtum
1771 1920 1821 1951 est.

1311 1958 1345 1988 ln
1364 1960 1459 1998 cujus,
1479 1960 1540 1990 &c.

1312 2034 1401 2066 Teste
1415 2035 1497 2075 Rege
1511 2033 1584 2073 apud
1598 2033 1764 2065 Westmon.
1784 2044 1832 2065 21.
1847 2035 1893 2066 die
1904 2035 2048 2067 Otstobris.

1312 2111 1427 2142 Eodem
1445 2111 1537 2142 modo
1559 2110 1722 2155 mandatum
1743 2111 1784 2142 est
1797 2112 1958 2151 Justiciaiio
1972 2112 2140 2152 Hiberniae,
2156 2113 2233 2154 quod
2254 2113 2344 2155 ipsum

1275 2149 1438 2182 Robertum
1452 2151 1487 2182 ad
1500 2149 1644 2181 Officium
1659 2150 1727 2181 illud
1738 2150 1864 2182 admittat
1879 2152 1909 2182 in
1922 2151 2013 2182 forma
2027 2152 2169 2192 praedicta.

1371 2273 1398 2300 ’k
1411 2277 1460 2308 De
1478 2272 1614 2322 homagio
1625 2285 1681 2321 per
1697 2277 1865 2321 Principem
1885 2275 1995 2310 Wzlliae
2014 2277 2088 2322 Regi
2094 2273 2247 2320 faciendo.
2364 2286 2381 2304 ι*
2398 2286 2436 2315 11,
2450 2295 2498 2322 41,

1275 2360 1352 2422 M
1361 2358 1506 2390 Andatum
1518 2359 1559 2390 est
1575 2359 1738 2398 Lewelino‚
1756 2359 1818 2407 filio
1830 2359 1966 2404 Griffini,
1979 2359 2105 2404 Brincipi
2120 2359 2251 2404 Walliae,
2265 2360 2342 2405 quod
2364 2351 2439 2382 Ann-
2456 2352 2497 2382 D·

1371 2398 1486 2429 accedat
1505 2398 1538 2428 ad
1559 2398 1672 2438 Regem
1694 2399 1779 2436 usque
1799 2399 1950 2436 sallopiam
1971 2398 2018 2429 die
2036 2397 2194 2429 Dominica
2215 2408 2342 2438 proxima
2383 2400 2466 2432 1274.

1275 2435 1339 2473 post
1358 2437 1474 2466 Festum
1491 2437 1587 2467 Sancti
1608 2437 1730 2468 Andreae
1754 2436 1884 2474 Apostoli
1899 2460 1908 2475 ,
1937 2437 2058 2467 fatiturus
2079 2435 2156 2476 Regi
2176 2436 2343 2477 homagium
2362 2433 2420 2457 ΛΠ·
2435 2441 2460 2459 ²·

1276 2474 1356 2504 suurn
1366 2498 1376 2513 ,
1395 2476 1428 2506 &
1441 2475 1491 2505 alia
1504 2485 1568 2514 quae
1583 2476 1632 2506 fibi
1647 2475 1739 2505 facere
1752 2475 1845 2506 debet.
2361 2473 2446 2544 gasts
2471 2516 2485 2535 ²

1311 2550 1400 2580 Teste
1414 2550 1496 2590 Rege
1507 2550 1580 2590 apud
1595 2550 1782 2591 Northampt.
1803 2561 1829 2591 3.
1848 2551 1894 2581 die
1907 2550 2093 2583 Novembris.
2362 2523 2391 2611 Ξ
2410 2554 2432 2621 ¹3-
2442 2530 2471 2612 'd
2490 2529 2495 2536 Ε

1540 2691 1598 2722 Pro
1614 2686 1777 2722 Edmundo
1790 2688 1903 2719 Comite
1919 2683 2079 2720 Cornubiae.

1348 2772 1412 2806 EX
1430 2773 1595 2812 Universis,
1614 2773 1675 2804 &c.
1692 2772 1814 2803 salutem.
2364 2778 2440 2810 Ann-
2457 2777 2499 2811 D-

1396 2812 1546 2844 Noveritis
1559 2822 1610 2842 nos
1625 2821 1727 2842 mutuo
1741 2809 1874 2851 recepisse
1893 2810 1907 2840 a
1921 2809 2028 2840 (111εὲ10
2040 2807 2259 2847 Consanguineo
2277 2818 2344 2843 nos·
2382 2826 2465 2857 1274,

1277 2858 1324 2882 tro
1344 2850 1499 2882 Edmundo
1520 2850 1639 2881 Comite
1658 2850 1815 2881 Cornubiae
1834 2849 1893 2879 duo
1912 2849 1987 2878 milia
2001 2847 2183 2885 Marcarum,
2203 2847 2345 2887 Magistro
2363 2860 2415 2885 An.
2433 2867 2459 2885 ,η

1277 2890 1404 2921 Thomae
1419 2889 1493 2928 Bek,
1507 2888 1630 2919 Custodi
1644 2889 1822 2919 Garderobae
1837 2887 1956 2925 nostrae,
1971 2886 2016 2916 die
2027 2885 2129 2916 Martis
2143 2887 2271 2923 proxima
2278 2886 2343 2924 post
2366 2901 2393 2923 13.
2412 2906 2434 2925 1,

1278 2927 1394 2960 Festum
1416 2928 1559 2958 Omnium
1580 2927 1750 2958 Sanetorum
1764 2950 1773 2965 ,
1796 2936 1872 2956 anno
1893 2926 1987 2964 Regni
2010 2923 2097 2954 nostri
2110 2923 2252 2963 secundo,
2269 2925 2343 2965 apud
2364 2937 2419 2962 Pat.
2438 2941 2463 2961 2,

1277 2967 1493 3004 Northamton,
1511 2977 1560 3007 per
1574 2976 1671 2996 rnanus
1685 2965 1778 3005 Egidii
1792 2964 1828 2994 de
1842 2963 2012 2994 Audenardo
2025 2963 2216 3006 liberatarum:
2365 2976 2392 3001 Ε,
2416 2980 2439 2999 ,,

1314 3007 1414 3045 Qiam
1427 3006 1576 3045 pecuniam
1589 3005 1682 3035 eidem
1693 3002 1864 3040 Edmundo,
1884 3003 1928 3033 vel
1942 3003 1992 3032 suis
2005 3001 2224 3040 Executoribus,
2239 3002 2268 3032 in
2281 3002 2304 3032 F
2305 3012 2346 3033 es·
2365 3020 2400 3038 ψ,
2422 3018 2449 3048 3,

1258 3075 1260 3077 ,
1276 3052 1308 3075 to
1321 3045 1452 3082 Paschae,
1468 3045 1501 3075 ὃς
1514 3045 1543 3074 111
1552 3042 1636 3074 Festo
1651 3043 1747 3074 Sancti
1756 3041 1905 3072 Michaelis
1915 3042 2044 3079 proximo
2057 3041 2252 3080 sequentibus,
2266 3041 2346 3071 vide·-

1278 3084 1346 3115 licet
1361 3107 1370 3123 ,
1393 3085 1424 3113 in
1442 3082 1526 3114 Festo
1541 3081 1655 3112 Paschae
1669 3081 1806 3122 praeditsto
1820 3080 1895 3110 mille
1909 3079 2021 3110 Marcas
2034 3102 2044 3117 ‚
2063 3080 2095 3110 &
2107 3080 2143 3123 111·
2153 3078 2239 3109 Festo
2252 3079 2348 3110 Sancti

1281 3123 1431 3154 Michaelis
1447 3121 1523 3152 mille
1543 3119 1673 3158 Marcas,
1690 3121 1796 3150 solvere
1809 3128 1958 3157 tenemur,
1971 3119 2004 3149 &
2017 3119 2208 3156 promittimus
2226 3118 2300 3148 bona
2314 3117 2348 3147 fi-

1279 3162 1315 3192 de
1326 3185 1334 3200 ,
1353 3161 1507 3200 obligantes
1521 3168 1590 3197 1103,
1606 3159 1728 3189 haeredes
1743 3158 1853 3188 nostros
1867 3181 1876 3195 ,
1897 3158 1929 3188 &
1951 3156 2123 3187 Executores
2135 3155 2169 3186 ad
2184 3156 2348 3196 praedictam

1279 3200 1446 3231 solutionem
1469 3197 1606 3236 praedisto
1626 3197 1780 3227 Edmundo
1795 3220 1804 3235 ,
1822 3196 2030 3236 prenominatis
2049 3195 2192 3233 terminis,
2210 3195 2266 3225 sine
2278 3194 2350 3226 dila-

1280 3240 1358 3276 tione
1372 3239 1512 3275 ulteriori,
1530 3236 1649 3274 plenarie
1661 3236 1827 3267 faciendam.

1317 3277 1352 3308 In
1366 3277 1459 3316 cujus,
1477 3276 1537 3307 &c.

1315 3352 1404 3383 Teste
1416 3353 1497 3392 Rege
1511 3349 1583 3392 apud
1598 3348 1807 3382 Northamton.

1323 3481 1384 3512 Pro
1403 3475 1534 3523 Philippo
1553 3478 1666 3509 Comite
1683 3473 1859 3515 Sabaudiae‚
1887 3477 1940 3519 qui
1958 3471 2130 3518 homagium
2149 3467 2307 3502 Edwardo

1706 3526 1782 3570 Regi
1791 3523 1919 3567 fecerat.

1356 3609 1421 3641 EX
1440 3608 1589 3647 omnibus,
1608 3609 1668 3640 &e
1682 3606 1803 3638 salutern.
2043 3642 2049 3648 .
2293 3640 2298 3648 .
2368 3601 2446 3648 Ann.
2459 3602 2499 3635 D,

1282 3618 1345 3681 R
1386 3649 1482 3687 Cum,
1500 3649 1605 3678 inclitae
1618 3646 1781 3684 memoriae,
1800 3644 1945 3676 Dominus
1958 3642 2115 3687 HenricuS,
2128 3639 2200 3686 *Rex
2213 3639 2344 3681 Anghae,
2393 3651 2479 3682 1274,

1283 3698 1358 3728 pater
1379 3688 1473 3718 noster
1487 3710 1496 3724 ,
1515 3686 1623 3717 dudum
1646 3684 1821 3716 concessisset
1841 3684 1930 3713 nobili
1945 3692 2006 3713 vrro
2042 3681 2175 3711 Domino
2189 3680 2317 3711 Amadeo
2330 3704 2340 3719 ,
2363 3685 2415 3709 Aa.
2432 3691 2460 3710 2.

1283 3727 1426 3765 quondam
1447 3724 1558 3756 Comiti
1582 3723 1726 3754 Sabaudiae
1738 3745 1748 3761 ,
1772 3723 1805 3753 &
1824 3721 1979 3751 haeredibus
1998 3704 2048 3750 suis
2067 3720 2198 3763 ducentas
2211 3718 2340 3757 Marcas,
2362 3724 2391 3747 Ε.
2417 3729 2441 3746 1.

1283 3766 1392 3804 singulis
1405 3765 1481 3795 annis
1496 3787 1505 3802 ,
1523 3764 1552 3793 in
1566 3763 1688 3792 termino
1702 3761 1798 3791 Samniti
1814 3759 1982 3797 Michaelis,
1996 3758 2031 3789 ad
2049 3757 2227 3789 Scaccarium
2241 3757 2339 3788 West-
2362 3761 2420 3786 Pae.
2436 3766 2462 3784 ι.

1283 3803 1496 3834 monasteriense
1509 3802 1625 3831 nomine
1638 3799 1713 3830 feodi
1730 3822 1739 3837 ,
1757 3801 1964 3836 imperpetuum
1978 3796 2167 3837 percipiendas
2181 3806 2232 3837 pro
2245 3797 2343 3840 homa—
2368 3799 2396 3822 Ε.
2417 3803 2440 3822 1.

1302 3843 1330 3872 io
1336 3867 1345 3882 ‚
1363 3841 1439 3880 quod
1453 3842 1544 3871 dicius
1557 3838 1664 3869 Comes
1679 3837 1771 3868 eidem
1786 3837 1854 3875 patri
1862 3835 1960 3866 nostro
1967 3837 2068 3866 fecerat
2098 3846 2131 3866 ro
2145 3834 2250 3865 Castro
2264 3834 2343 3877 Avil-
2364 3843 2401 3861 m.
2422 3839 2447 3859 2.

1294 3892 1334 3912 aii.
1354 3881 1387 3911 &
1410 3879 1482 3909 Villa
1503 3878 1588 3909 Secus
1630 3886 1698 3907 cum
1719 3875 1824 3906 Palatio
1843 3875 1876 3905 &
1891 3874 1994 3905 Castro
2014 3874 2050 3905 de
2091 3873 2182 3905 ardolf
2193 3896 2202 3912 ,
2220 3874 2253 3904 &
2273 3871 2347 3902 Villa

1287 3920 1380 3951 Sanc‘ti
1398 3917 1521 3948 Mauritii
1533 3919 1562 3947 in
1575 3900 1721 3955 Cliablay3
1734 3923 1798 3954 quae
1811 3913 1925 3954 quidem
1940 3912 2039 3943 Castra
2057 3913 2090 3944 &
2103 3912 2188 3957 villas
2201 3910 2346 3951 praedictas

1286 3968 1354 3990 cum
1368 3956 1473 3987 Palatio
1487 3956 1564 3985 idem
1578 3953 1686 3984 Comes
1700 3954 1715 3983 a
1728 3953 1807 3983 dieto
1821 3961 1898 3990 patre
1912 3951 2011 3982 nostro
2023 3960 2128 3989 recepit
2142 3961 2171 3980 in
2185 3949 2316 3992 feodum:

1324 3996 1392 4027 Nos
1408 4020 1417 4032 ,
1436 3993 1648 4024 concessionem
1668 3992 1743 4022 illam
1758 3999 1933 4031 acceptantes
1945 4014 1955 4029 ‚
1971 3990 2102 4022 volumus
2115 3991 2148 4020 δε
2162 3987 2345 4018 concedimus

1289 4034 1366 4073 quod
1382 4034 1539 4072 Philippus,
1558 4041 1634 4062 nunc
1650 4029 1756 4060 Comes
1771 4029 1933 4074 Sabaudiae,
1949 4029 2028 4068 cujus
2039 4028 2203 4065 homagium
2221 4034 2255 4056 ce
2276 4027 2347 4055 imus

1290 4075 1326 4106 de
1339 4072 1442 4104 Castris
1459 4072 1492 4102 δε
1509 4070 1588 4102 Villis
1599 4069 1740 4108 praedictis
1756 4077 1824 4100 cum
1842 4067 1967 4106 Palatio,
1983 4069 2018 4100 &
2032 4065 2154 4098 haeredes
2167 4064 2224 4102 sui,
2263 4065 2269 4074 “
2291 4063 2348 4131 ηέζ
