2570 4261
745 188 855 229 ET
937 186 1206 249 ACTA

23 269 99 301 Ann-
115 269 155 300 D·
172 274 206 304 ad
221 284 250 305 re
270 275 361 305 ‘minis
375 275 464 305 nostri
480 274 658 312 gubernanda
675 274 823 304 molimina
839 273 930 303 viriles
941 273 1048 302 animos
1064 271 1164 302 habere
1178 279 1231 300 nos

43 316 125 346 ¹254·
174 283 286 350 expeciit
302 336 312 351 ,
336 323 412 344 nunc
433 313 466 343 ad
480 313 682 352 deplorandum
698 312 787 342 fratris
807 311 895 342 nostri
914 311 1058 343 decessum
1079 310 1228 340 mollitiem

20 350 82 378 Hm·
103 356 128 384 3-
172 352 245 390 quasi
259 351 411 382 subivimus
425 352 599 381 muliebrem.

209 390 303 429 Qiia,
321 389 390 419 dum
405 392 461 427 ejus
471 391 529 427 jam
544 389 612 419 esset
629 396 694 419 aetas
709 387 844 426 provedta
858 388 1021 426 virtutibus,
1039 388 1069 417 in
1085 386 1161 424 cujus
1174 385 1227 415 hu-

170 436 251 458 meris
262 437 337 458 curas
352 427 456 457 nostras
474 427 651 457 confidenter
664 426 821 464 appendere
840 434 998 464 poteramus
1012 449 1021 464 ,
1047 425 1176 456 metentis
1187 433 1226 453 ae-

169 466 284 504 qualiter
298 466 393 495 omnia
413 467 510 495 mortis
525 465 661 495 austeritas
673 487 683 501 ,
707 464 776 494 flore
792 465 944 501 juventutis
967 464 1039 501 suae,
1058 461 1227 501 praematura

170 504 252 533 nimis
268 503 338 545 falce
357 504 501 540 praesecuit
515 526 525 541 ,
548 505 581 534 &
595 503 667 542 quasi
687 503 826 539 praedonis
839 502 981 540 sagacitate
993 502 1141 540 subrepens
1156 524 1166 540 ,
1188 501 1224 531 lic

169 542 334 579 improvise,
352 542 389 572 fic
402 542 495 572 subito
508 550 611 572 naturae
625 551 670 570 ma
691 540 764 570 istras
779 551 876 570 manus
890 540 976 571 elusit.

209 579 333 618 Verum,
352 590 420 611 cum
431 581 464 610 ad
478 581 540 610 haec
553 590 666 617 reparari
688 590 702 609 a
714 578 868 608 discrimina
880 588 950 609 artes
965 579 998 609 ὃς
1012 589 1079 616 opes
1091 579 1225 609 humanae

168 617 315 656 deficiant,
334 628 396 655 quae
411 619 501 658 potius
513 617 693 657 dispositionis
708 619 830 654 supernae
845 618 966 654 provisio
978 640 988 655 ,
1014 618 1047 648 ὅς
1059 617 1126 647 faeti
1141 627 1225 656 gene-

170 656 230 686 ralis
243 657 383 694 aequalitas
394 657 570 694 consolatur,
585 656 688 686 doloris
701 655 824 693 ejusdem
838 678 848 694 ,
872 665 888 685 c
903 656 948 693 ·jus
962 657 1006 685 vix
1022 656 1057 685 de
1070 655 1158 686 corde
1172 665 1225 685 no-

169 693 228 725 stro
241 696 377 726 cicatricis
393 695 524 725 occiduae
546 695 618 733 signa
636 694 789 724 transibunt
803 716 813 732 ,
834 694 915 723 vobis
930 693 1050 732 sblamen
1071 693 1225 724 affectuose

169 733 348 770 providimus
362 733 580 773 porrigendum,
598 742 652 763 nec
665 733 759 762 credat
772 742 897 771 unquam
911 732 1024 762 dileetio
1039 731 1130 762 vestra
1147 731 1223 770 quod

170 771 308 802 affinitatis
321 772 424 802 nostrae
439 781 486 809 per
499 771 556 801 hoc
569 771 706 801 debilitata
719 771 771 801 sint
788 771 895 801 foedera
908 793 917 808 ,
941 781 1005 809 quae
1017 771 1046 800 in
1062 780 1098 800 eo
1111 793 1121 808 ,
1143 771 1225 800 nobis

169 811 341 840 convivente
356 832 364 847 ,
391 812 556 840 memoriter
575 810 764 839 remanserunt
777 831 786 845 ,
810 809 842 839 &
863 810 891 839 in
912 808 958 838 M.
980 808 1114 838 carissima
1130 808 1223 838 sorore

168 847 262 878 nostra
273 848 431 887 superstite,
450 850 576 879 consorte
588 848 688 878 nobilis
700 848 752 876 viri
768 846 946 878 Marchionis
967 846 1162 884 Meffanenlis,
1182 845 1224 875 so-

163 886 249 954 }idata
260 886 456 926 perspicimus,
472 888 505 918 &
526 888 555 917 in
574 886 731 917 haeredibus
745 886 803 923 ejus
821 894 900 924 partu
919 885 1047 925 gratifico
1066 893 1224 922 perpetuata

175 932 305 954 entimus.

162 980 166 985 ·
204 962 351 1001 Qiocirca
365 973 423 992 non
440 964 549 1000 minus,
565 963 652 1001 quam
669 963 752 992 fi‘atre
765 960 862 992 nostro
876 962 1006 1000 vivente,
1022 961 1058 991 de
1072 961 1154 990 nobis
1171 970 1223 997 pu*

164 1010 198 1030 ro
212 1001 300 1030 corde
316 1001 468 1039 confidite,
488 1002 538 1039 &,
557 1002 628 1040 siqua
641 1001 701 1031 sunt
716 1002 744 1030 in
757 1000 864 1038 Regnis
883 1001 997 1038 nostris,
1016 1009 1080 1037 quae
1094 999 1223 1028 serenita-

164 1039 198 1069 tis
212 1038 310 1069 vestrae
323 1049 398 1078 grata
412 1041 463 1070 sint
477 1041 568 1070 usibus
584 1063 593 1078 ,
615 1040 658 1070 vel
672 1038 786 1069 affectui
806 1038 979 1069 blandiantur
992 1061 1001 1075 ,
1024 1038 1105 1067 nobis
1123 1036 1223 1067 exinde

161 1084 230 1146 1vxpta
245 1076 335 1121 vestra
351 1101 360 1115 ,
379 1078 592 1122 'exauditionem
608 1077 812 1108 omnimodam
828 1077 944 1108 relatura
955 1100 966 1115 ‚
990 1085 1039 1114 per
1058 1076 1158 1106 litteras
1175 1075 1222 1107 vel

199 1126 297 1147 uncios
312 1125 424 1157 aperite.

9 1241 26 1259 ⁶
42 1242 66 1269 I·
81 1246 147 1278 5¹5·
166 1239 193 1265 *ἑ
213 1239 311 1286 Quod
331 1243 396 1273 Rex
415 1238 547 1273 cohibeat
566 1251 672 1272 manus
682 1240 758 1283 sitas
775 1237 814 1271 ab
832 1240 955 1285 expensis
971 1252 1028 1271 non
1044 1239 1223 1284 necefficriis,

293 1299 327 1321 ut
343 1290 449 1321 utilius
464 1289 600 1335 prosbqui
610 1287 691 1334 poffit
706 1291 855 1333 negotium
874 1290 966 1334 Regni
983 1288 1097 1320 Siciliae.

12 1371 88 1402 Ann.
104 1370 144 1401 D.

34 1418 118 1448 1254.

11 1452 64 1475 An.
82 1450 124 1486 38.

12 1491 48 1514 H.
67 1497 92 1523 3.

12 1530 54 1552 Ετ
69 1529 103 1553 Α]
115 1542 125 1547 -

10 1570 76 1600 sagr.

165 1373 386 1433 INnocentius
400 1373 568 1411 Episcopus,
587 1372 677 1402 servus
690 1371 833 1402 servorum
846 1371 920 1409 Dei,
941 1371 1083 1403 carissimo
1095 1374 1124 1403 iri
1139 1373 1224 1405 Chri-

204 1411 248 1441 sto
262 1411 320 1442 silio
424 1411 499 1450 Regi
514 1411 623 1451 Angliae
638 1409 734 1442 illustri
749 1433 759 1450 ‚
780 1410 896 1441 salutern
911 1411 944 1441 ὃς
960 1410 1160 1448 Apostolicam
1175 1414 1224 1444 be-

168 1449 368 1480 nedicstionem.

202 1486 282 1518 Cum
294 1488 327 1518 ad
344 1489 508 1527 negotium,
524 1487 601 1527 quod
617 1487 645 1518 in
662 1487 777 1525 persona
794 1486 924 1518 carissimi
936 1487 965 1516 in
978 1486 1094 1518 Christo
1108 1488 1155 1519 filii
1169 1500 1222 1520 no-

166 1524 213 1555 stri
318 1526 408 1564 Regis
421 1527 522 1557 Siciliae
535 1526 659 1563 illustris,
674 1528 732 1557 nati
745 1527 801 1564 tui,
815 1525 985 1564 assumpsisse
996 1526 1146 1558 dinosceris
1159 1538 1222 1566 pro-

162 1564 336 1602 sequendum
353 1573 480 1603 potenter
496 1566 528 1596 &
549 1565 663 1596 viriliter
677 1588 686 1603 ,
713 1573 795 1603 prout
810 1565 892 1595 decet
914 1573 1024 1595 tantum
1043 1565 1224 1605 Principem,

165 1603 253 1633 multa
270 1604 300 1634 sit
314 1605 431 1641 pecunia
445 1612 602 1642 oportuna,
621 1602 828 1634 Celiitudinem
841 1612 920 1634 tuam
933 1613 966 1633 ro
986 1613 1064 1633 amus
1076 1627 1085 1642 ,
1109 1605 1142 1635 ὃ(
1156 1605 1224 1635 hor-

163 1648 256 1671 tamur
270 1644 375 1673 attente
389 1666 399 1680 ,
424 1644 454 1673 in
474 1641 667 1672 remiffionem
684 1642 734 1672 tibi
748 1643 950 1681 peccaminum
987 1641 1114 1672 istriCtius
1127 1643 1222 1682 impo-

161 1688 276 1717 nenteS,
294 1682 421 1718 quatinus
438 1681 473 1710 ab
487 1680 621 1710 omnibus
637 1680 776 1720 expensis,
795 1681 856 1711 tam
871 1681 922 1718 piis
946 1681 955 1717 (
965 1690 1035 1711 cum
1055 1681 1134 1718 ipsius
1154 1693 1223 1723 pro-

161 1718 269 1749 secutio
288 1720 391 1758 negotii
410 1719 515 1757 superet
536 1719 634 1749 omnia
651 1729 736 1758 opera
757 1719 879 1758 pietatis)
903 1719 989 1756 quam
1007 1719 1064 1749 aliis
1084 1722 1093 1757 (
1103 1722 1223 1761 exceptis

161 1756 306 1787 dumtaxat
321 1756 493 1796 necessariis,
512 1767 575 1796 quae
588 1767 704 1797 quoquo
721 1758 812 1788 modo
827 1758 906 1788 vitari
929 1767 989 1787 non
1004 1758 1128 1796 possunt)
1143 1760 1224 1790 cohi-

162 1795 227 1827 beas
238 1795 273 1826 de
288 1804 395 1827 caetero
409 1797 516 1835 penitus
535 1805 633 1826 manus
650 1804 724 1832 tuaS,

202 1833 326 1865 Sciturus
339 1844 390 1874 pro
406 1842 484 1865 certo
504 1834 583 1872 quod
596 1857 605 1871 ,
629 1834 679 1864 nisi
699 1835 735 1864 ab
755 1833 805 1863 hiis
826 1832 1014 1864 refraenaveris
1030 1842 1058 1864 te
1071 1857 1080 1873 ,
1101 1838 1226 1867 omnino

164 1872 278 1940 credere
292 1883 352 1943 ngp
367 1872 514 1912 poffumus
533 1872 611 1912 quod
628 1872 727 1904 habeas
742 1873 872 1903 animum
891 1873 1061 1911 praedistutn
1075 1876 1224 1913 negotium

163 1921 216 1949 pro
225 1921 315 1951 equen
346 1935 353 1941 .

164 2025 184 2057 d
201 1987 271 2032 Dat.
285 1988 380 2027 Asisii,
398 1988 556 2020 undecimo
575 1986 638 2019 Kal.
650 1987 730 2027 Junii
741 2010 751 2027 ‚
772 1986 956 2019 Pontificatr'is
977 1987 1065 2018 nostri
1084 1998 1159 2019 anno
1174 2000 1226 2020 un-

185 2036 289 2058 ecimo.

865 2095 918 2125 Sub
928 2094 981 2137 filo
996 2095 1119 2126 canabeo.

166 2220 298 2253 Dominae
322 2222 435 2267 Regina
453 2246 462 2260 ,
496 2219 577 2265 quod
601 2218 724 2252 inducat
748 2222 855 2264 Regem
882 2218 964 2265 quod
981 2230 1091 2253 caveat
1105 2220 1166 2265 fibi
1191 2220 1227 2255 de

201 2267 360 2314 fitperfluis
380 2268 523 2315 expensis,
550 2268 638 2315 idque
649 2277 769 2315 propter
786 2271 936 2314 negotium
953 2269 1058 2302 Sicilia
1080 2270 1160 2316 qnod
1177 2283 1226 2303 as-

204 2316 337 2362 firmpfit·

167 2401 389 2462 INnocentius
402 2400 573 2442 Episcopus,
591 2400 680 2432 servus
695 2400 841 2432 servorum
849 2401 906 2432 Dei
915 2425 924 2440 ,
940 2402 1087 2433 cariffimae
1100 2404 1129 2434 in
1142 2402 1227 2434 Chri-

206 2440 249 2470 sto
263 2440 327 2470 filiae
432 2440 553 2479 Reginae
572 2439 683 2477 Angliae
702 2440 797 2470 illustri
813 2463 822 2478 ‚
848 2440 964 2471 salutem
983 2443 1016 2472 δε
1031 2441 1229 2479 Apostolicam

168 2478 407 2508 benediffionem.

204 2515 284 2546 Cum
296 2516 329 2546 ad
345 2517 510 2554 negotium,
530 2515 606 2554 quod
622 2514 774 2546 carissimus
788 2516 816 2546 in
830 2515 944 2547 Christo
957 2515 1026 2548 filius
1041 2517 1136 2549 noster

169 2553 234 2584 Rex
252 2554 365 2591 Angliae
377 2554 503 2592 illustris,
521 2556 549 2584 in
565 2553 678 2591 persona
691 2555 825 2584 cariffimi
838 2556 866 2584 in
875 2554 991 2585 Christo
1003 2555 1050 2585 filii
1065 2557 1152 2587 nostri
1168 2555 1228 2587 Ed—

170 2592 270 2623 mundi
286 2591 376 2630 Regis
390 2593 493 2623 Sicilioe
510 2593 618 2622 illustris
631 2615 640 2630 ,
666 2594 707 2623 tui
721 2593 754 2622 δε
767 2594 822 2630 ejus
836 2594 908 2631 nati,
922 2594 1091 2632 assumpsisse
1108 2595 1229 2626 dinosci-

170 2639 232 2669 tur,
248 2631 475 2672 prosequendum
489 2639 615 2671 potenter
627 2632 660 2662 &
673 2632 801 2670 viriliter,
819 2640 902 2672 prout
920 2632 1004 2663 decet
1022 2641 1133 2664 tantum
1147 2633 1229 2665 Prin-

169 2670 265 2710 cipem
273 2693 282 2708 ,
299 2669 386 2699 multa
400 2670 432 2700 sit
445 2670 560 2708 pecunia
576 2677 734 2708 oportuna,

207 2708 339 2738 Eundem
361 2707 476 2747 Regem
501 2707 609 2747 Angliae
632 2708 790 2747 rogandum
807 2706 937 2739 duximus
957 2709 1086 2740 attentius
1106 2711 1139 2742 &
1163 2711 1230 2741 lior-

172 2746 291 2777 tandum
304 2769 313 2784 ,
339 2748 367 2776 in
383 2745 577 2776 remissionem
598 2747 623 2776 ei
647 2747 848 2783 peccaminum
869 2746 1018 2778 districtius
1033 2749 1230 2788 imponentes,

172 2793 202 2815 ut
215 2785 250 2815 ab
265 2786 399 2815 omnibus
412 2785 551 2824 expensis,
569 2785 627 2815 tam
640 2786 690 2822 piis
707 2785 789 2822 (cum
801 2785 879 2823 ipsius
895 2787 1001 2825 negotii
1015 2789 1176 2825 prosecutio
1188 2788 1232 2819 su-

171 2832 250 2862 peret
261 2825 360 2854 omnia
374 2833 459 2864 opera
473 2824 589 2862 pietatis)
611 2825 697 2861 quani
716 2823 774 2853 aliis
796 2824 806 2861 (
816 2825 937 2862 exceptis
949 2824 1092 2856 dumtaxat
1109 2827 1233 2858 necessa-

172 2863 235 2900 riis,
251 2872 314 2900 quae
327 2872 442 2901 quoquo
458 2862 547 2893 modo
560 2863 639 2894 vitari
653 2872 713 2893 non
726 2861 849 2900 possunt)
863 2863 993 2894 cohibeat
1010 2864 1045 2894 de
1060 2873 1167 2896 caetero
1181 2875 1232 2903 pe-

172 2901 245 2931 nitus
261 2910 359 2930 manus
373 2900 442 2930 suas:

211 2939 401 2976 Scitiiruspio
419 2947 498 2969 certo
519 2938 598 2978 quod
613 2962 623 2976 ,
648 2939 697 2970 nifi
712 2939 748 2970 ab
764 2938 816 2970 hiis
835 2939 1022 2971 refraenaverit
1035 2941 1062 2972 se
1074 2965 1084 2979 ,
1109 2942 1233 2974 omnino

175 2977 291 3043 credere
303 2987 360 3044 negiu
375 2976 518 3014 possumus
537 2977 615 3018 quod
633 2978 735 3009 habeat
749 2978 879 3009 animum
901 2979 1069 3017 praedkstum
1084 2982 1233 3021 negotium

174 3025 226 3053 pro
238 3024 326 3052 equen
348 3025 365 3044 i.

212 3052 576 3096 roircaCelfitudinem
590 3062 668 3085 tuam
683 3064 829 3094 rogamus,
850 3063 1015 3095 monemus,
1033 3057 1066 3088 &
1086 3057 1233 3088 hortamur

173 3092 278 3120 attente
297 3100 424 3129 quatinus
443 3092 475 3122 ὃς
497 3100 526 3121 tu
545 3092 580 3122 ab
602 3093 652 3122 hiis
676 3093 790 3128 teipsam
812 3094 963 3124 coherceas
976 3117 985 3132 ,
1010 3096 1044 3127 ὃς
1063 3096 1232 3134 Ρῑεεάἰᾶιιω

175 3127 290 3168 Regem
302 3129 333 3159 ad
349 3129 377 3160 id
390 3129 462 3169 saepe
475 3129 572 3167 saepius
584 3130 703 3161 sollicitis
716 3131 966 3170 exhortationibus,
985 3142 1019 3163 ex
1032 3143 1108 3172 parte
1119 3134 1234 3175 nostra,

173 3169 303 3206 quotiens
315 3167 444 3206 expedire
458 3168 573 3208 videris,
591 3178 706 3200 moneas
722 3170 850 3201 attentius
862 3171 895 3202 δε
910 3171 1030 3202 inducas.

18 2396 95 2428 Ann.
107 2395 147 2426 D.

40 2444 124 2473 1254.

20 2478 70 2502 An.
84 2476 126 2509 33.

19 2517 55 2540 H.
78 2522 101 2548 3.

20 2555 60 2578 Ex
75 2553 101 2576 A
121 2567 132 2572 -

18 2595 83 2625 ιαμ.

177 3242 292 3313 &aaz
304 3243 398 3284 Asisii,
416 3245 571 3277 undecimo
590 3242 653 3276 Kal.
664 3244 742 3284 Junii
754 3269 765 3286 ,
790 3246 974 3279 Pontificatfis
991 3249 1080 3280 nostri
1093 3260 1168 3281 anno
1181 3260 1235 3282 un-

231 3293 239 3312 l
294 3305 301 3311 .

537 3351 662 3382 Plumbeo
675 3352 765 3392 Sigillo
773 3356 905 3394 pendente
917 3368 935 3385 a
939 3356 993 3399 filo
1007 3355 1129 3387 canabeo.

179 3481 308 3513 Domino
334 3481 419 3511 Petro
444 3476 481 3510 de
496 3475 672 3521 Sabaudia,
699 3479 780 3526 quod
799 3488 915 3515 moneat
930 3485 966 3521 οἱ*
987 3482 1112 3516 inducat
1129 3486 1237 3531 Regem

303 3537 338 3560 ut
350 3536 459 3573 parcat
467 3524 656 3572 sitmptibus,
677 3537 732 3573 pro
751 3534 861 3576 negotio
879 3533 973 3564 Terrae
992 3533 1105 3566 sicilie.

31 3612 107 3644 Ann.
123 3612 166 3644 D.
180 3613 396 3672 INnocentius
410 3611 583 3650 Episcopus,
597 3612 689 3642 servus
701 3612 845 3645 servorum
861 3615 933 3654 Dei,
952 3617 1059 3648 dileeto
1072 3616 1130 3648 filio
1146 3617 1235 3647 nobili

58 3659 142 3690 1254.
215 3653 278 3681 viro
292 3651 377 3681 Petro
389 3651 426 3681 de
438 3651 588 3687 Sabaudia,
605 3650 720 3680 salutem
734 3652 767 3682 &
782 3652 979 3690 Apostolicam
994 3657 1235 3686 benediifitioriem.

31 3694 84 3717 An.
101 3693 144 3725 38.
218 3689 299 3720 Cum
312 3690 345 3720 ad
412 3690 522 3728 otium,
538 3689 615 3727 quod
632 3688 785 3719 carissimus
799 3691 829 3719 in
843 3691 959 3723 Christo
973 3693 1042 3725 silius
1056 3694 1152 3725 noster

31 3732 66 3755 H·
85 3736 110 3763 3-
182 3727 247 3758 Rex
261 3728 370 3767 Angliae
384 3729 401 3758 il
413 3727 508 3766 ustris,
527 3728 556 3757 in
570 3727 686 3768 persona
699 3726 830 3757 cariffimi
845 3730 874 3758 in
889 3729 1006 3762 Christo
1019 3733 1067 3763 filii
1079 3733 1166 3762 nostri
1180 3732 1240 3762 Ed-

31 3770 71 3793 Ex
87 3768 140 3793 Aic-
181 3767 281 3797 mundi
296 3767 386 3803 Regis
405 3766 507 3797 Siciliae
521 3766 644 3805 illustris,
662 3766 720 3796 nati
732 3767 805 3804 ejus,
820 3769 929 3804 nepotis
942 3771 997 3808 tui,
1013 3771 1182 3809 assumpiiffe
1195 3771 1238 3801 di-

28 3811 94 3840 togr.
180 3805 306 3848 noscitur
324 3804 546 3844 prosequendum
564 3810 694 3843 potenter
713 3804 747 3834 &
766 3804 880 3835 viriliter
895 3828 904 3843 ,
929 3817 1012 3846 prout
1034 3809 1115 3840 decet
1129 3819 1238 3840 tantum

177 3840 358 3881 Principem,
375 3845 461 3874 multa
480 3844 512 3874 sit
525 3844 640 3882 pecunia
658 3850 798 3880 oportuna
809 3865 818 3879 ,
843 3844 966 3875 eundem
987 3846 1101 3886 Regem
1124 3846 1235 3887 Angliae

178 3882 336 3919 rogandum
351 3881 481 3912 duximus
493 3881 622 3912 attentius
633 3881 667 3912 &
681 3880 848 3911 hortandum
857 3904 866 3919 ,
882 3882 910 3911 in
924 3885 1114 3916 remissionem
1130 3888 1156 3916 ei
1172 3896 1239 3923 pec-

180 3920 323 3950 caminum
339 3920 486 3950 distrie'tius
511 3921 689 3959 imponentes
703 3926 734 3949 ut
749 3920 785 3949 ab
805 3920 938 3950 omnibus
953 3925 1073 3962 expensis
1087 3949 1097 3961 ,
1118 3925 1176 3954 tarn
1189 3925 1239 3962 piis

35 3956 51 3974 ”
62 3957 85 3985 1.
99 3956 165 3992 5¹6.
182 3955 262 3999 (curn
275 3959 291 3975 ¹*
307 3958 387 3994 ipsius
397 3960 506 3998 negotii
520 3958 680 3996 prosecutio
694 3958 801 3998 superet
813 3959 909 3988 omnia
923 3968 1008 3997 opera
1020 3962 1137 3999 pietatis)
1153 3964 1237 4000 quam

182 3993 238 4023 alus
254 3994 386 4035 (exceptis
398 3996 540 4027 dumtaxat
553 3996 706 4026 necessariis
719 4018 728 4033 ‚
753 4005 816 4033 quae
833 4006 949 4036 quoquo
967 4001 1056 4029 modo
1077 4000 1157 4030 vitari
1175 4011 1235 4031 nori

175 4031 298 4075 possunt)
317 4033 446 4064 cohibeat
462 4035 498 4066 de
511 4043 617 4065 caetero
631 4035 739 4072 penitus
757 4044 856 4064 manus
869 4034 938 4065 suas:

218 4069 340 4103 Saturus
354 4081 406 4110 pro
419 4081 499 4105 certo
506 4073 584 4113 quod
597 4074 649 4106 nisi
663 4073 698 4104 ab
709 4072 761 4105 hiis
773 4073 963 4107 refraenaverit
973 4074 1017 4114 st,
1035 4076 1156 4108 omnino
1170 4087 1235 4109 cre-

1289 181 1751 230 PUBLICA.
2263 190 2336 243 183

1268 268 1335 337 {icere
1351 280 1410 338 rign
1425 271 1569 312 possumus
1581 274 1658 313 quod
1670 274 1770 305 habeat
1783 274 1909 305 animum
1921 273 2088 313 praedietum
2101 273 2246 312 negotium
2260 284 2326 313 pro:
2353 270 2421 300 ‘iuu-
2438 266 2476 303 D.

1315 318 1367 338 ueri
1390 320 1406 338 i.
2366 318 2447 339 121¹-

1295 318 1640 390 qQuocirca-nobilitatem
1651 357 1729 380 tuam
1744 350 1873 381 duxImus
1885 358 1987 382 attente
2000 350 2152 387 rozandam
2161 372 2171 388 ,
2188 358 2235 387 per
2247 347 2323 386 Apo*
2344 324 2413 374 Hm.)
2425 333 2450 383 i·

1267 383 1364 428 stolica
1381 386 1546 430 tibi'icripm
1562 389 1721 418 mandantes
1742 391 1868 427 qaatinus
1889 390 2010 420 eundem
2032 383 2144 428 Regem
2159 388 2193 418 ad
2208 389 2234 417 id
2258 392 2327 426 iaepe

1268 423 1364 462 saepius
1383 424 1503 454 sollicitis
1517 427 1736 456 exortationibus
1751 449 1760 463 ,
1786 427 1940 458 secundum
1964 429 2057 458 datam
2078 427 2129 458 tibi
2143 437 2158 457 a
2178 425 2246 456 Deo
2261 435 2327 463 pru-

1267 461 1407 501 dentiam,
1426 472 1459 492 ex
1475 472 1551 501 parte
1566 463 1677 502 nostra,
1695 473 1809 495 moneas
1821 467 1948 496 attentius
1962 467 1994 497 &
2007 466 2128 497 inducas.

1266 576 1285 607 d
1304 538 1373 582 Dat.
1391 538 1483 577 Asisii‚
1501 538 1656 571 undecimo
1670 539 1732 571 Kal.
1743 539 1823 578 Junii
1836 564 1848 580 ,
1873 540 2055 573 Pontificatsis
2074 542 2162 572 nostri
2181 549 2258 572 anno
2272 548 2326 571 un⁴

1287 587 1390 608 ecimo.

1266 701 1314 733 De
1333 698 1377 732 bis
1394 704 1612 746 qninquaginta
1639 702 1715 733 mill.
1739 699 1905 734 Librarum
1930 703 2041 735 Turon.
2070 705 2142 748 Regi
2158 697 2318 748 affignand.

1311 751 1342 778 in
1375 746 1519 790 absidiam
1531 750 1738 795 prostrationis
1756 753 1863 798 negotis¹
1884 751 1987 784 Sicilie
1999 762 2054 797 per
2077 753 2244 784 Dominum
2261 753 2322 783 Pa-

1304 805 1379 841 pam
1398 798 1613 832 Innocentium.

1262 879 1485 939 INnocentius
1498 882 1667 922 Episcopus,
1686 883 1777 913 servus
1791 883 1931 914 servorum
1948 882 2022 921 Dei,
2040 882 2181 914 carissimo
2196 884 2224 913 in
2234 882 2321 913 Chri·
2340 882 2414 913 Ann.
2432 880 2472 915 Di

1302 918 1433 962 st'ro'filio
1536 920 1614 960 Regi
1628 921 1739 960 Angliae
1754 921 1865 960 illustri,
1883 922 1995 953 salutem
2010 923 2042 952 δε
2058 921 2252 961 Apostolicam
2269 922 2318 951 be-
2361 931 2393 951 12
2399 930 2443 960 54.

1264 956 1467 987 nedietionem.
2339 964 2379 988 Aa
2410 962 2454 996 38.

1300 994 1379 1024 Cum
1395 1005 1583 1033 proponamus
1601 1004 1628 1026 te
1643 1006 1676 1026 ac
1698 1005 1777 1035 tuos,
1796 999 1888 1028 modis
1905 997 2126 1036 quibuscumque
2147 998 2317 1035 poterimus,
2338 1003 2371 1026 Η.
2397 1008 2422 1034 3.

1260 1032 1375 1062 exaltare
1388 1055 1397 1070 ,
1422 1033 1573 1071 gaudemus
1593 1035 1745 1072 plurimum
1768 1035 1848 1072 quod
1869 1037 1896 1065 in
1918 1035 2111 1065 exaltationem
2133 1033 2263 1065 carissimi
2288 1037 2317 1064 in
2341 1042 2378 1063 Ex
2394 1038 2454 1062 Au-

1259 1070 1377 1114 Christo
1391 1070 1439 1100 filii
1451 1072 1538 1102 nostri
1551 1072 1697 1102 Edmundi
1710 1073 1817 1103 illustris
1832 1072 1919 1112 Regis
1938 1073 2039 1103 Siciliae
2052 1096 2062 1111 ‚
2086 1074 2144 1103 nati
2158 1074 2197 1103 tui
2211 1096 2221 1111 ,
2244 1082 2315 1104 voto
2336 1082 2403 1111 togr.

1263 1119 1324 1140 non
1339 1108 1434 1146 dispari
1447 1111 1663 1140 concordamus
1721 1145 1724 1148 ,

1301 1147 1377 1186 Qia
1392 1157 1460 1178 vero
1473 1157 1520 1179 tua
1534 1150 1568 1180 &
1581 1149 1662 1186 ipsius
1677 1147 1764 1188 Regis
1778 1149 1952 1186 permaxime
1966 1148 2107 1186 interesse,
2125 1156 2155 1179 ut
2169 1149 2265 1188 Regni
2276 1149 2322 1179 81-

1261 1185 1335 1216 ciliae
1350 1187 1514 1224 negotium,
1534 1186 1611 1225 quod
1623 1186 1792 1224 assumpsisse
1807 1187 1956 1217 noscimini
1970 1209 1979 1223 ,
2004 1187 2124 1216 celerem
2142 1188 2175 1217 &
2189 1197 2319 1226 optatum

1261 1223 1413 1262 effectum,
1433 1233 1467 1255 ex
1479 1235 1538 1264 quo
1560 1226 1640 1256 vobis
1661 1226 1747 1255 multa
1761 1248 1771 1263 ,
1798 1235 1896 1264 magna
1910 1226 1942 1256 &
1957 1225 2131 1254 honorabilia
2145 1225 2317 1263 commoda,

1263 1262 1298 1306 de
1310 1264 1409 1301 quibus
1422 1272 1476 1294 nec
1489 1263 1584 1294 aetum
1593 1286 1603 1302 ‚
1620 1273 1673 1294 nec
1687 1264 1844 1303 cogitatum
1856 1263 1913 1301 est,
1932 1265 2080 1303 provenire
2099 1272 2247 1301 poterunt,
2262 1263 2320 1293 sor-

1266 1309 1362 1331 tratur:

1301 1339 1504 1371 Celiitudinem
1515 1348 1593 1371 tuam
1605 1349 1733 1379 rogamus
1745 1340 1872 1370 attentius
1885 1341 1918 1371 ἃς
1930 1340 2092 1377 hortamur,
2108 1339 2235 1377 quatinus
2247 1348 2324 1369 matr-

1265 1377 1405 1419 nificentia
1418 1379 1499 1417 regali
1512 1379 1686 1409 considerans
1698 1378 1776 1418 quod
1789 1402 1800 1416 ,
1825 1377 1929 1408 eodem
1951 1379 2066 1417 negotio
2086 1378 2234 1415 expedito,
2253 1364 2322 1408 faeli-

1265 1418 1334 1447 citer
1348 1426 1463 1455 caetera,
1480 1426 1731 1456 quantumcunque
1744 1417 1844 1454 ardua,
1861 1416 2054 1447 difficultatem
2068 1417 2186 1454 aliquam
2207 1426 2266 1446 non
2278 1417 2327 1446 ha-

1265 1455 1390 1494 bebunt,
1405 1456 1438 1486 ad
1453 1455 1526 1485 idem
1540 1457 1702 1496 negotium,
1722 1457 1749 1485 in
1766 1465 1852 1486 manu
1866 1455 1934 1485 forti
1954 1455 2068 1485 viriliter
2084 1454 2327 1492 prosequendum,

1263 1494 1301 1524 fic
1319 1502 1345 1523 te
1364 1504 1396 1524 ac
1418 1494 1588 1532 praedidtum
1609 1494 1722 1534 Regem
1737 1495 1766 1524 in
1785 1494 1902 1533 pecunia
1916 1516 1926 1531 ‚
1951 1494 1984 1524 ὃ(
1998 1494 2054 1523 aliis
2070 1515 2080 1530 ,
2104 1502 2168 1531 quae
2182 1499 2321 1530 oportuna

1262 1532 1380 1570 fuerint,
1398 1541 1549 1571 praeparare
1562 1532 1666 1563 studeas
1680 1531 1855 1570 festinanter,
1874 1540 1922 1570 ut,
1942 1541 2008 1562 cum
2023 1541 2056 1561 ex
2071 1531 2205 1570 insperato
2218 1531 2322 1560 adven-

1261 1579 1303 1601 tus
1316 1569 1407 1601 vester
1422 1571 1526 1602 validus
1540 1572 1569 1601 in
1589 1572 1640 1601 hiis
1655 1571 1775 1611 partibus
1796 1571 1950 1600 intonuerit
1963 1593 1972 1608 ,
1997 1571 2080 1599 veluti
2099 1579 2155 1599 vox
2175 1569 2209 1599 de
2225 1570 2320 1608 coelo,

1260 1609 1358 1640 devoti
1377 1610 1519 1641 audaciam
1538 1610 1648 1640 sumant
1660 1633 1670 1648 ,
1693 1611 1726 1640 δε
1742 1608 1884 1640 adversarii
1906 1609 2005 1639 exinde
2026 1616 2201 1646 terreantur,
2220 1608 2320 1647 -ficque

1263 1648 1341 1686 quod
1355 1649 1508 1679 intenditur
1521 1648 1628 1679 facilius
1641 1648 1831 1686 compleatur:

1301 1686 1358 1717 Pro
1371 1696 1451 1717 certo
1469 1686 1583 1718 sciturus
1595 1687 1674 1727 quod
1688 1687 1763 1717 idem
1782 1686 1863 1724 Rex,
1878 1685 1898 1716 fi
1915 1686 2022 1716 bonam
2037 1684 2132 1715 secum
2149 1684 2234 1715 ducat
2248 1684 2323 1714 mili-

1265 1725 1350 1763 tiam,
1368 1725 1545 1756 resistentiam
1561 1726 1680 1765 aliquam
1693 1735 1752 1755 non
1767 1725 1888 1755 habebit.

1305 1763 1372 1794 Nos
1387 1765 1462 1794 enim
1477 1765 1675 1804 quinquaginta
1694 1763 1779 1794 millia
1794 1763 1925 1793 librarum
1939 1762 2088 1793 Turonen.
2108 1762 2240 1792 faciemus
2253 1760 2327 1799 apud

1266 1802 1439 1841 Lugdunum
1451 1802 1575 1833 Nunciis
1590 1804 1641 1832 tuis
1653 1825 1662 1841 ,
1688 1803 1895 1841 quamprimum
1911 1799 1939 1830 id
1960 1801 2041 1831 nobis
2055 1800 2244 1839 significaveris
2256 1823 2266 1839 ,
2291 1799 2326 1830 ad

1265 1842 1487 1880 prosecutionem
1502 1841 1631 1882 praedidii
1645 1842 1749 1880 negotii
1764 1841 1819 1870 line
1833 1841 1924 1878 aliqua
1935 1838 2065 1869 dilatione
2083 1839 2208 1877 persolvi.

1303 1879 1421 1919 Reliqua
1441 1891 1510 1910 vero
1533 1881 1729 1919 quinquaginta
1753 1879 1838 1908 millia
1861 1878 1966 1908 ibidem
1988 1878 2032 1907 vel
2053 1877 2141 1915 alibi,
2167 1877 2328 1915 ubicunque

1266 1919 1401 1955 volueris,
1418 1919 1485 1956 tibi,
1501 1919 1544 1948 vel
1558 1920 1603 1949 cui
1618 1917 1805 1955 mandaveris,
1822 1916 1872 1946 nisi
1886 1925 1939 1956 pro
1953 1914 2113 1946 defensione
2126 1924 2207 1946 terrae
2222 1914 2327 1945 nostrae.

1266 1958 1349 1986 nobis
1364 1958 1450 1987 client
1466 1958 1586 1987 multum
1606 1955 1775 1993 necessaria,
1813 1956 1918 1985 rotinus
1938 1953 1972 1984 ad
1993 1953 2021 1984 id
2036 1953 2262 1992 prosequendum
2278 1963 2328 1983 ne*

1266 1996 1376 2063 {otium
1393 1995 1597 2033 persolvemus,
1615 1995 1777 2033 diffitumque
1826 2003 1910 2031 egem
1927 1993 1986 2022 tam
2000 1994 2029 2022 in
2046 1993 2181 2031 pecunia,
2199 1993 2283 2030 quam
2297 1993 2327 2021 in

1288 2035 1448 2071 ominibus,
1464 2035 1496 2065 &
1514 2034 1589 2071 aliis,
1604 2043 1668 2073 quae
1683 2041 1823 2071 oportuna
1840 2033 1944 2063 fuerint
1957 2054 1967 2069 ,
1987 2031 2077 2062 multo
2095 2031 2155 2071 plus
2169 2031 2330 2070 juvabimus

1266 2075 1351 2112 quani
1367 2073 1453 2103 valeas
1468 2074 1609 2103 eXtirnare.

1286 2149 1373 2194 'Dan
1390 2149 1486 2189 Asisii,
1502 2149 1617 2180 decimo
1633 2147 1698 2180 Kal.
1713 2147 1791 2187 Junii
1806 2171 1817 2187 ,
1840 2145 2022 2178 pontificatus
2041 2146 2130 2178 nostri
2149 2156 2226 2177 anno
2243 2144 2332 2176 unde-

1265 2198 1354 2219 cuno.

1975 2253 2066 2293 Sigillo
2081 2251 2184 2294 avuffiJ.

1272 2384 1362 2416 Bulla
1382 2383 1473 2430 fhper
1500 2388 1677 2417 incremento
1701 2380 1812 2415 biennii
1832 2382 1916 2415 ultra
1939 2383 2100 2414 triennium
2119 2408 2129 2422 ,
2163 2378 2198 2413 de
2218 2376 2334 2412 decima

1512 2432 1635 2478 conceffiz
1649 2443 1703 2478 pro
1717 2429 1846 2476 fidqfidio
1865 2431 1960 2464 Terrae
1971 2430 2087 2475 sares-bae.

1271 2517 1492 2578 INnocentius
1501 2516 1676 2555 Episcopus,
1693 2516 1786 2546 servus
1798 2516 1942 2546 servorum
1957 2514 2030 2552 Dei,
2049 2513 2231 2556 cariffimoin
2247 2511 2332 2543 Chri·
2346 2514 2422 2548 Arm.
2438 2512 2478 2546 D,

1310 2555 1354 2586 sto
1367 2557 1424 2586 filio
1530 2555 1626 2585 illustri
1642 2555 1716 2593 Regi
1737 2554 1863 2594 Angliae,
1882 2553 1994 2584 salutem
2010 2554 2043 2584 ὃ(
2065 2551 2260 2593 Apostolicam
2281 2551 2331 2581 be·
2367 2563 2451 2594 1254.

1271 2595 1474 2624 nediitionem.
2345 2599 2397 2622 An.
2416 2595 2461 2632 38.

1308 2632 1386 2663 Cum
1399 2632 1468 2662 olim
1480 2631 1622 2663 decimam
1634 2630 1768 2662 omniurn
1783 2629 2041 2661 Ecclefiasticorum
2056 2636 2243 2669 proventuum
2252 2628 2330 2667 Reg-
2345 2637 2379 2661 Η.
2401 2643 2425 2669 3.

1271 2673 1298 2701 ni
1315 2671 1443 2710 Angliie,
1463 2681 1579 2701 necnon
1600 2671 1633 2700 &
1651 2678 1784 2700 terrarum
1802 2670 1915 2699 aliarum
1930 2669 1979 2699 sub
2000 2677 2050 2698 tuo
2071 2668 2216 2698 Dominio
2237 2669 2331 2698 conii-
2347 2676 2386 2698 Ex
2400 2674 2458 2698 Aue

1271 2705 1402 2740 stentium
1413 2733 1422 2748 ,
1438 2708 1539 2749 Regiae
1552 2708 1730 2747 Cellitudini‚
1747 2717 1800 2749 pro
1814 2707 1914 2738 Terrae
1928 2707 2030 2738 sanstae
2044 2706 2163 2738 subsidio
2175 2706 2333 2736 duxerimus
2348 2718 2413 2746 togr.

1273 2758 1320 2788 per
1334 2748 1485 2779 triennium
1499 2747 1728 2785 concedendam,

1311 2787 1443 2818 Volentes
1464 2786 1557 2817 adhuc
1577 2786 1627 2816 tibi
1643 2809 1652 2823 ,
1677 2785 1710 2816 ad
1732 2784 1894 2815 celeriorem
1917 2785 1949 2815 &
1968 2783 2159 2814 efficaciorem
2176 2782 2337 2852 promotio-

1272 2835 1342 2856 nem
1356 2826 1479 2866 negotii,
1494 2825 1695 2855 habundantius
1708 2823 1872 2861 subvenire,
1890 2822 2082 2861 Magnitudini
2100 2830 2156 2852 tuae
2197 2821 2336 2859 ujusmodi

1273 2865 1415 2896 decimam
1430 2874 1478 2902 per
1497 2864 1642 2893 biennium
1656 2886 1666 2901 ,
1690 2862 1760 2893 ultra
1782 2862 1873 2900 ipsum
1895 2862 2064 2899 triennium,
2082 2869 2133 2900 pro
2149 2860 2251 2890 eodem
2271 2866 2336 2890 exe-

1273 2903 1389 2943 quendo
1401 2903 1517 2942 negotio
1531 2902 1686 2940 elargimur.

1311 2941 1348 2972 Et
1369 2952 1437 2972 ecce
1459 2940 1659 2971 venerabilibus
1679 2938 1803 2970 fratribus
1822 2937 1924 2969 nostris

1273 2979 1402 3011 cestrensi
1416 2979 1576 3018 Episcopis,
1593 2987 1625 3008 ac
1637 2976 1743 3009 dilecto
1755 2977 1813 3008 silio
1886 2976 1989 3006 Abbati
2005 2975 2251 3006 Westmonasterii
2266 2976 2339 3005 litte-
2387 3011 2389 3013 Υ

1274 3021 1309 3050 ris
1322 3019 1423 3049 nostris
1438 3019 1608 3056 injungimus
1624 3038 1633 3055 ,
1654 3025 1685 3048 ut
1703 3016 1845 3047 decimam
1862 3014 1881 3034 ’¹‘
1895 3014 2064 3047 eorumdem
2086 3022 2277 3052 proventuum
2294 3015 2337 3051 ip·
2351 3013 2366 3030 ⁹*
2381 3015 2403 3041 Ι.
2419 3017 2486 3049 5¹7³

1274 3058 1326 3088 sius
1340 3058 1445 3088 biennii
1481 3066 1510 3086 er
1521 3056 1565 3094 se,
1582 3055 1626 3086 vel
1641 3055 1707 3085 alios
1719 3054 1834 3084 fideliter
1856 3054 1919 3083 coll'
1941 3062 2016 3083 entes
2030 3076 2040 3091 ,
2064 3062 2126 3083 eam
2143 3054 2172 3082 in
2187 3053 2252 3083 tutis
2268 3053 2337 3082 locis

1271 3096 1434 3134 deponant,
1499 3094 1600 3125 faciant
1615 3102 1681 3124 curn
1701 3093 1839 3132 diligentia
1856 3101 1913 3122 con
1925 3092 2027 3129 ervari,
2046 3099 2077 3122 ut
2088 3091 2124 3121 de
2140 3092 2193 3132 ipsa
2205 3090 2337 3129 postmo⁴

1273 3135 1343 3166 dum
1357 3135 1532 3174 disponamus
1542 3133 1656 3172 qualiter
1669 3141 1722 3172 pro
1735 3131 1838 3161 eodem
1852 3132 1972 3168 negotio
1986 3131 2165 3168 expendatur.

1312 3172 1542 3204 Contradietores
1554 3181 1603 3209 per
1618 3171 1760 3201 censuram
1768 3169 2008 3207 Ecclefiasticam‚
2024 3168 2206 3209 appellatione
2218 3167 2340 3206 postpo«

1274 3212 1339 3250 sita,
1358 3210 1589 3248 compescendo;
1939 3244 1944 3251 .

1312 3250 1388 3281 Non
1404 3248 1578 3279 obstantibus
1593 3246 1818 3286 quibuscumque
1836 3244 1958 3276 Praelatis
1979 3243 2166 3275 Ecclefiarum
2182 3267 2192 3282 ,
2216 3243 2260 3274 seu
2276 3252 2340 3282 pera

1274 3289 1347 3320 sonis
1359 3288 1432 3326 aliis,
1449 3297 1465 3316 a
1478 3287 1540 3317 sede
1554 3284 1720 3324 Apostolica
1735 3285 1766 3315 sit
1780 3285 1920 3315 indultum
1941 3285 2018 3324 quod
2035 3282 2179 3320 interdici,
2197 3281 2339 3321 suspendi,

1276 3328 1321 3358 vel
1334 3325 1574 3357 excommunicari
1589 3334 1647 3354 non
1667 3322 1771 3363 poffir'it
1792 3334 1840 3361 per
1862 3324 1962 3353 litteras
1977 3321 2152 3361 Apostolicas
2165 3343 2174 3357 ,
2199 3321 2227 3350 in
2241 3320 2341 3360 quibus

1275 3367 1357 3405 plena
1374 3366 1407 3396 &
1428 3363 1551 3401 expressa
1566 3362 1601 3393 de
1622 3363 1732 3393 indulto
1750 3361 1911 3400 hujusmodi
1932 3362 2040 3390 mentio
2060 3369 2119 3389 non
2140 3359 2279 3397 habetur,
2304 3359 2338 3390 <Se

1274 3403 1443 3445 quibussibet
1455 3403 1512 3433 aliis
1531 3400 1707 3440 indulgentiis
1722 3401 1755 3431 &
1773 3401 1865 3431 litteris
1880 3398 2052 3436 Apostolicis
2066 3422 2075 3434 ,
2100 3406 2148 3435 per
2183 3407 2228 3426 uas
2243 3396 2339 3435 hujus-

1276 3442 1356 3473 modi
1377 3441 1523 3472 subventio
1538 3462 1547 3478 ,
1571 3441 1615 3469 vel
1634 3439 1782 3469 subsidium
1799 3437 1927 3475 impediri
1949 3437 2038 3474 posset
2056 3445 2166 3474 quomo
2186 3435 2275 3466 olibet
2292 3433 2338 3466 vel

1275 3481 1396 3518 differri,
1415 3481 1447 3510 ὃς
1462 3479 1497 3509 de
1511 3477 1626 3516 quibus,
1641 3479 1674 3508 ὃς
1688 3486 1807 3517 quarum
1823 3485 1920 3506 tenore
1934 3476 1969 3505 de
1984 3475 2074 3504 verbo
2094 3473 2128 3504 ad
2143 3473 2262 3504 verbum
2278 3473 2338 3513 spe*

1275 3520 1376 3551 cialem
1391 3518 1449 3549 fieri
1461 3525 1603 3556 oporteret
1616 3518 1645 3546 in
1659 3515 1835 3554 praesentibus
1857 3515 2056 3550 mentionem,
2081 3513 2114 3542 ὅ(
2134 3511 2336 3543 constitutione

1275 3558 1310 3589 de
1323 3558 1425 3588 duabus
1439 3555 1518 3586 dietis
1530 3555 1602 3585 edita
1615 3553 1644 3584 in
1659 3553 1795 3584 Concilio
1805 3552 1934 3592 generali.

2027 2937 2214 2967 Norwicensi
2232 2936 2265 2968 ὃς
2284 2932 2338 2966 Gi·-

1314 3635 1381 3665 Dat.
1399 3632 1477 3664 Asisii
1489 3655 1498 3671 ,
1522 3631 1637 3662 decimo
1659 3629 1722 3661 Kal.
1735 3628 1829 3669 Junii,
1849 3623 2035 3659 Pontificatsis
2053 3625 2144 3657 nostri
2160 3634 2236 3658 anno
2249 3624 2337 3658 unde*

1277 3683 1366 3704 cimo.

1981 3730 2071 3772 Sigillo
2086 3731 2189 3774 avulsit.

1278 3866 1367 3900 Bulla
1390 3864 1426 3898 de
1449 3864 1586 3907 vicestma
1611 3865 1641 3895 in
1663 3866 1758 3909 Regno
1783 3862 1881 3894 Scotiae
1903 3861 1977 3906 Regi
2001 3860 2118 3906 Angliae
2135 3857 2278 3905 concefflz,
2303 3859 2335 3890 in
2351 3883 2427 3916 Annl
2441 3880 2483 3915 Da,

1601 3909 1767 3956 sitbfidium
1786 3910 1881 3943 Ti’rrae
1890 3908 2007 3954 fhnfsae.

1276 3997 1496 4058 INnocentius
1511 3996 1614 4039 Episco
1634 4006 1684 4038 us«,
1711 3994 1802 4025 servus
1818 3994 1962 4024 servorum
1981 3990 2176 4035 Dei„di1e6to
2193 3987 2251 4020 filio
2266 3986 2333 4033 Ma-
2352 4004 2383 4025 H.
2425 4018 2431 4025 ,
2455 4037 2459 4044 .

1314 4036 1400 4074 gistro
1410 4035 1533 4073 Johanni
1547 4034 1583 4064 de
1620 4036 1748 4071 rusinon,
1766 4031 1922 4070 Capellano
1939 4030 2037 4060 nostro
2057 4039 2085 4060 in
2107 4029 2213 4069 Regno
2229 4028 2332 4059 Sconae
2348 4042 2386 4065 g„
2400 4038 2459 4069 Aug

1274 4075 1487 4113 commoranti,
1504 4073 1618 4106 (alutem
1632 4073 1666 4105 &
1679 4071 1877 4112 Apostolicam
1890 4069 2128 4102 benedictionem·
2257 4101 2336 4141 (ΕΜ
2347 4082 2412 4110 mgr.
