2570 4261
184 114 262 166 138

36 183 114 217 Arm.
129 182 171 214 D.

39 231 151 290 51ιῖοῩ

382 289 430 320 De
451 285 554 318 Terris
575 282 816 328 Templariorum
838 278 1038 314 extendendis.

41 401 118 433 Ann-
132 400 172 431 D.
191 371 272 427 RE
281 369 523 446 {uiihfisssssslssssi
531 366 858 446 &Goiffissbsflfaesrmie‘lg
871 366 986 435 ῗῗέῖἓῗῖ
994 362 1257 433 Ῑὲξῖῃῖῗῖιΐῗῳῇεξη-

62 448 147 480 1309·
190 456 251 477 rum
269 449 302 478 ὅ(
324 447 569 476 Tenementorum
591 443 725 481 Magistri
742 445 775 474 ὃ(
795 444 918 474 Fratrum
946 441 1060 485 Militiae
1083 438 1202 477 Templi
1228 439 1256 467 in

39 482 94 506 ³¹⁷¹-
113 488 138 504 2·
192 483 314 524 Anglia,
341 496 404 524 quae
422 495 527 522 nuper,
544 485 623 515 certis
641 483 678 513 de
696 483 793 521 causis,
807 483 870 522 capi
884 480 1004 511 fecimus
1022 489 1050 509 m
1070 488 1188 509 manum
1204 486 1258 507 uo-

38 520 70 543 E.
93 525 106 541 2
113 535 119 541 .
194 520 277 553 stram
288 536 297 561 ἦ

38 553 128 591 Claus·
149 563 174 579 ²·
234 562 325 592 Yobis
345 561 506 592 mandamus
522 559 599 598 quod
624 558 730 598 aliquos
749 557 967 596 circumspe&os
992 556 1025 587 &
1049 554 1140 600 fideles
1165 555 1260 585 homi-

38 596 137 658 ᾆῖη.
195 610 241 630 nes
256 624 265 638 ,
294 600 330 630 de
353 609 473 638 quorum
492 598 621 629 fidelitate
638 598 770 628 fiduciam
788 597 918 638 optinens
934 618 943 633 ,
970 594 1025 624 fine
1044 593 1175 624 dilatione
1197 593 1259 624 assi-

194 640 302 677 gnetis,
321 638 355 668 ad
374 648 473 668 omnes
490 637 590 668 Terras
606 638 639 668 &
656 637 834 667 Tenementa
851 634 984 673 praedieta
1000 632 1150 676 diligenter
1163 642 1259 676 exteri-

193 677 298 707 denda:
319 677 466 715 Quantum
481 698 491 714 ,
515 675 672 728 videlicet,
695 674 801 705 valeant
815 684 865 715 per
884 681 1006 713 annum,
1026 680 1056 702 ut
1073 681 1102 715 iri
1121 669 1258 715 Dor-nim-

193 717 249 754 cis,
267 716 389 746 Servitiis
400 738 409 753 ,
428 714 597 745 Redditibus
609 737 620 752 ,
644 714 663 744 Σ
674 713 808 750 illenagiis
823 736 832 750 ,
857 712 890 743 &
907 710 1037 741 ominbus
1058 709 1118 740 aliis
1141 710 1258 740 exitibus

192 755 310 792 Terrae,
324 755 399 792 juxta
414 763 511 784 verum
528 751 654 783 valorem
674 751 845 782 eorundem:
1039 787 1044 792 ι
1147 787 1152 791 ⁴
1181 788 1185 791 ι

230 792 269 823 Ita
283 792 357 832 quod
371 792 438 830 ipsi,
457 801 526 830 quos
543 790 576 821 ad
595 791 651 822 hoc
670 789 882 827 affignaveritis,
899 794 1021 831 extentas
1037 786 1108 824 illas,
1125 785 1257 817 distinffle

191 831 225 862 &
243 842 301 869 aper
308 832 334 861 te
351 830 454 868 fastas,
470 827 625 867 vobis,sub
643 829 744 866 Sigillis
763 828 830 866 suis,
848 827 880 858 &
893 825 998 863 Sigillis
1011 835 1110 862 eorum
1126 835 1175 863 per
1189 835 1258 864 quos

192 869 276 906 fasta:
295 869 413 906 fuerint,
430 870 538 898 mittant
551 868 584 898 ad
598 868 779 898 Scaccarium
794 866 975 897 antedietum.
1161 892 1163 894 ,

227 906 278 946 Et,
298 913 363 937 cum
377 915 493 937 extentae
514 905 567 936 illae
580 908 660 937 vobis
674 906 711 936 sic
725 905 834 935 fuerunt
848 912 994 934 retornatae
1003 925 1012 941 ,
1029 901 1137 946 easdem
1154 902 1257 932 Terras

190 946 225 976 &
240 947 417 976 Tenementa
436 946 518 975 certis
536 946 600 975 viris
615 968 625 984 ,
650 944 686 975 de
704 944 907 974 discretioribus
929 943 961 972 &
985 941 1163 978 legalioribus
1187 951 1256 979 quos

191 985 317 1014 invenire
328 985 465 1023 poteritis,
483 984 531 1021 qui
546 985 628 1014 nobis
641 983 677 1013 de
691 983 805 1013 extentis
821 981 871 1012 illis
886 979 1081 1024 respondeant,
1098 988 1180 1020 prout
1188 989 1256 1018 ,ma-

191 1025 235 1061 gis
248 1023 283 1053 ad
296 1023 440 1053 utilitatem
453 1022 576 1054 nostram
590 1022 717 1060 expedire
731 1021 870 1059 videritis,
889 1027 1081 1051 committatis

226 1099 314 1130 Teste
332 1099 415 1137 Rege
434 1098 505 1137 apud
523 1097 647 1129 XVcstm.
661 1108 689 1138 4,
705 1098 752 1129 die
763 1097 871 1128 Martii.

215 1226 274 1257 Pro
293 1222 436 1270 Johanne
454 1226 567 1257 Comite
586 1221 821 1265 Richemundiae‚
844 1221 889 1255 ad
898 1232 1001 1269 partes
1014 1221 1234 1268 transmarinas

603 1271 811 1318 proficifiente.

41 1352 117 1396 Αἠη,
134 1362 176 1394 Ι),
193 1357 464 1414 REKOmffibffi
480 1357 588 1387 Amicis
605 1357 678 1402 suis,
694 1357 728 1387 ad
743 1366 835 1399 quos,
848 1356 907 1400 ἃς.
925 1355 1049 1386 salutem.

284 1397 363 1426 Cum
382 1395 498 1426 dilectus
518 1396 748 1433 Consanguineus
767 1396 799 1426 ὃ(
819 1395 907 1425 ridelis
924 1394 1015 1425 noster
1032 1418 1041 1433 ,
1063 1394 1205 1433 johannes
1222 1394 1257 1425 dc

62 1412 119 1433 1²0
142 1427 148 1433 .

41 1425 96 1469 Aa?
111 1412 139 1469 29,
193 1434 328 1465 Britannia
364 1433 470 1465 Comes
488 1434 708 1464 Richemundiae
735 1436 766 1464 in
792 1433 945 1464 Nuncium
965 1432 1109 1471 nostrum,
1127 1443 1181 1472 pro
1197 1434 1259 1471 qui-

40 1485 70 1507 E.
90 1490 115 1506 2.
193 1472 305 1504 busdam
329 1457 462 1516 Negotiis
481 1483 532 1515 nos
547 1473 580 1504 &
594 1472 732 1511 Regnum
748 1472 876 1503 nostrum
888 1472 1066 1510 tangentibus
1081 1495 1091 1511 ,
1118 1471 1151 1501 ad
1169 1481 1258 1513 partes

41 1522 98 1547 Pae.
115 1528 141 1545 2.
192 1512 380 1543 transmarinas
398 1514 428 1542 lit
445 1512 631 1550 proiecturus,

41 1561 73 1584 Ε.
90 1566 115 1583 2.
229 1550 255 1580 V
257 1561 287 1581 os
306 1551 469 1589 requirimus
486 1550 519 1580 ὃς
538 1559 669 1587 rogamus
687 1574 697 1588 ,
721 1551 847 1589 quatinus
862 1549 953 1590 ipsum
972 1548 1122 1580 Comitem
1138 1572 1159 1591 ,ι
1173 1548 1258 1580 nostri

40 1602 67 1633 p.
89 1604 112 1622 1.-
134 1605 172 1623 m.
191 1590 450 1630 contemplatione,
475 1588 739 1619 recommendatum
763 1589 909 1627 habentes,
938 1588 1049 1626 eidem,
1073 1597 1116 1619 aut
1144 1588 1260 1618 familia:

47 1642 56 1660 1
67 1642 89 1660 x.
191 1627 262 1667 suae,
282 1630 310 1658 in
325 1627 445 1666 personis
451 1650 461 1665 ,
478 1635 523 1658 aut
539 1628 619 1658 rebus
634 1626 699 1665 suis,
715 1637 782 1657 cum
799 1626 870 1665 ipsos
884 1636 933 1666 per
946 1636 1032 1665 partes
1044 1626 1146 1657 vestras
1160 1627 1259 1657 tranli-

195 1674 257 1697 tum
273 1666 363 1698 facere
376 1667 545 1704 contigerit,
564 1665 675 1705 eund0,
697 1666 854 1703 morando,
872 1667 905 1696 &
924 1664 1066 1695 redeundo
1079 1689 1089 1704 ,
1105 1675 1168 1695 non
1189 1665 1259 1696 infe-

60 1709 76 1724 ·
97 1709 152 1736 111.
192 1706 271 1744 ratis,
288 1706 333 1737 seu
345 1707 381 1736 ab
395 1705 468 1743 aliis,
484 1712 618 1744 quantum
632 1705 661 1734 in
675 1704 757 1734 vobis
769 1703 808 1734 est
818 1704 930 1743 ,inferri
945 1705 1108 1742 permittatis
1121 1704 1261 1744 injuriam,

45 1754 106 1784 ¹3¹·
195 1743 215 1762 *²
234 1744 392 1775 molestiam
409 1767 418 1782 ,
437 1743 595 1781 dampnum
610 1766 620 1780 ,
643 1742 881 1781 impedimentum
899 1742 1009 1781 aliquod
1026 1742 1070 1773 seu
1089 1752 1258 1781 gravamen,

193 1781 231 1813 set
248 1784 274 1813 ei
291 1785 382 1823 potius
397 1781 501 1813 salvum
519 1783 551 1813 δε
568 1781 696 1812 securum
714 1781 907 1819 conduimm,
925 1781 1087 1811 nostrorum
1106 1783 1261 1812 interventu

191 1823 394 1860 rogaminum,
412 1822 512 1852 habere
525 1821 628 1851 faciatis
641 1821 768 1859 quotiens
785 1830 819 1850 ex
833 1829 907 1858 parte
923 1819 1015 1851 nostra
1032 1819 1110 1858 super
1127 1820 1184 1851 hoc
1199 1820 1261 1851 fue-

191 1861 249 1893 ritis
266 1871 294 1890 re
315 1861 392 1890 uisiti.

230 1899 262 1929 ln
282 1872 373 1938 ciiijuS,
390 1899 450 1930 &c.
470 1897 569 1936 Usque
596 1896 631 1928 ad
649 1896 761 1927 Festum
781 1896 877 1927 Sanffl
896 1896 1049 1928 Michaelis
1064 1898 1198 1937 proximo
1217 1897 1262 1929 fu-

193 1946 245 1969 tur.
264 1937 326 1968 dur.

230 2014 316 2046 Teste
333 2013 418 2052 Rege
433 2013 506 2052 apud
520 2011 646 2044 Westm.
665 2022 694 2053 4.
713 2012 757 2043 die
776 2011 883 2044 Martii.

195 2144 244 2177 De
267 2139 428 2174 ordinando
445 2139 535 2186 fhper
556 2139 761 2182 Controveifiis
785 2142 863 2171 inter
879 2142 966 2173 Ci‘ves
987 2142 1099 2174 Baionae
1121 2144 1158 2180 ὠ·
1183 2143 1263 2175 Gen-

567 2198 608 2221 tes
631 2191 718 2234 Regis
744 2185 878 2231 castelle.

45 2282 120 2315 Ann.
135 2281 177 2317 D.
194 2278 329 2335 REX,
347 2277 455 2309 dilectis
473 2279 506 2310 &
525 2277 649 2309 fidelibus
665 2277 734 2315 suis,
752 2277 903 2308 venerabili
920 2279 950 2308 in
970 2277 1082 2309 Christo
1097 2278 1192 2318 Patri,
1207 2279 1261 2311 W.

64 2332 149 2362 1309,
264 2317 411 2355 VVygorn.
430 2317 533 2355 Episco
554 2327 591 2355 o,
608 2316 790 2347 Thesaurario
806 2316 911 2354 su0,ac
925 2317 1047 2355 Johaiini
1066 2317 1101 2348 de
1122 2317 1262 2349 Britannia

44 2365 132 2389 An.2.
191 2353 427 2394 Richernundiae,
444 2357 477 2388 ὅ(
497 2356 521 2386 Α
541 2365 641 2386 omaro
656 2354 692 2385 de
706 2354 831 2385 Valentia
844 2354 1068 2394 Pernbrochiae,
1087 2356 1260 2397 Cornitibus,

44 2403 75 2427 E.
86 2409 112 2426 2.
197 2392 423 2432 Consanguineis
436 2395 486 2426 suis
499 2393 658 2432 cariffimis,
674 2393 796 2424 salutem.

42 2437 109 2474 Vasa.
120 2447 134 2464 2
229 2431 278 2463 De
293 2433 385 2464 vestris
399 2433 528 2464 circums
558 2433 691 2463 stione&
701 2431 829 2462 industria
846 2432 959 2470 plenam
975 2431 1110 2464 fiduciam
1127 2435 1260 2472 optinen-

43 2479 75 2502 Ε.
91 2486 116 2505 2.
134 2486 172 2505 m.
191 2478 247 2509 tes,
264 2471 297 2502 ad
314 2471 500 2503 ordinandum
540 2482 549 2489 θ
565 2471 725 2502 faciendum
740 2471 816 2509 quod
833 2471 938 2501 nostrae
958 2472 1066 2502 utilitati
1088 2473 1260 2503 conveniens

48 2522 58 2539 i
65 2522 90 2550 3.
192 2508 273 2541 fuerit
288 2511 320 2542 ὃς
332 2511 450 2549 honori,
468 2511 545 2550 super
558 2509 763 2540 Controversiis
777 2510 810 2540 &
826 2509 1000 2548 Discordiis,
1019 2511 1091 2540 inter
1106 2510 1193 2542 Cives
1207 2521 1261 2542 no-

192 2547 262 2579 stros
274 2548 388 2579 Baionae
402 2550 435 2580 &
449 2559 545 2587 gentes
561 2547 714 2592 Magnifici
727 2547 872 2592 principis
894 2547 983 2585 Regis
1004 2548 1131 2579 Castellae
1149 2573 1158 2588 ,
1176 2549 1259 2581 Con-

192 2588 334 2624 sanguinei
348 2587 436 2618 nostri
452 2589 600 2626 can'ffimi,
618 2587 763 2626 suscitatis,
779 2597 814 2618 ac
829 2587 886 2617 aliis
903 2586 1112 2626 quibuscunque
1127 2590 1263 2628 negotiis,

193 2625 303 2657 dierum
321 2625 466 2657 Ducatum
488 2628 522 2658 &
544 2627 674 2657 homines
693 2625 803 2656 nostros
817 2625 938 2664 ejusdem
953 2627 1147 2665 tangentibus,
1164 2629 1261 2667 vobis,

192 2665 226 2695 &
240 2664 349 2695 duobus
362 2664 487 2695 vestrum
508 2666 625 2703 (vocatis
638 2664 672 2695 ad
686 2665 749 2695 haec
766 2664 920 2694 senescallo
937 2664 1034 2695 nostro
1049 2664 1179 2696 Ducatfis
1196 2667 1258 2705 ipsi-

192 2712 240 2741 uS,
258 2704 290 2734 &
304 2703 360 2734 aliis
373 2705 421 2741 qui
443 2703 542 2735 fuerint
564 2703 711 2741 evocandi)
732 2703 845 2742 plenam
865 2703 899 2734 &
917 2703 1053 2742 liberam,
1071 2712 1170 2736 tenore
1187 2715 1260 2747 prae—

191 2740 325 2780 sentium,
340 2742 522 2774 concedimus
537 2741 711 2785 potestatem.

230 2779 265 2810 In
284 2782 379 2820 cujus,
395 2781 457 2812 &c.

229 2855 296 2888 Dat.
312 2857 385 2899 apud
400 2857 540 2897 Langele,
564 2858 609 2888 16.
630 2857 678 2889 die
693 2857 801 2889 Martii.

192 2984 248 3015 Aa
276 2985 419 3016 Comitem
450 2984 687 3030 Namurcenfim
707 2983 743 3017 de
763 2982 922 3016 Credentia
944 2993 1046 3015 contra
1064 2981 1254 3031 Esterlingos.

46 3067 121 3097 Ann.
135 3064 174 3096 D.
195 3066 313 3125 REX
331 3068 433 3098 Nobili
452 3069 530 3108 viro,
549 3069 683 3099 Domino
699 3069 724 3108 J.
743 3068 853 3100 Comiti
867 3068 1074 3106 Namurcensi,
1093 3068 1199 3100 Amico
1211 3069 1260 3101 suo

67 3114 152 3144 1309.
268 3105 424 3144 cariffimo,
440 3106 569 3146 salutem,
586 3109 618 3139 δε
637 3108 749 3138 sincerae
767 3108 925 3138 dilectionis
942 3110 1157 3138 incrementum.

46 3149 100 3171 Aa.
231 3144 363 3176 Vestram
378 3146 531 3176 amicitiam
549 3146 702 3176 affectuose
720 3147 885 3185 requirimus
901 3147 934 3177 &
953 3156 1087 3181 rogamus
1101 3168 1110 3184 ‚
1138 3147 1261 3184 quatinus

44 3185 74 3208 Ε.
91 3191 118 3209 2.
133 3165 139 3171 ⁶
193 3183 299 3214 dilecto
316 3183 436 3213 Valletto
453 3184 566 3222 nostro,
584 3184 690 3222 Egidio
703 3185 738 3215 de
754 3185 780 3215 la
796 3185 896 3222 More,
914 3186 942 3214 in
963 3185 1032 3222 hiis,
1050 3194 1111 3222 quae
1129 3185 1210 3214 vobis
1225 3196 1259 3216 ex

48 3224 118 3248 Rom.
132 3230 159 3249 2.
193 3232 268 3259 parte
279 3221 387 3260 nostra,
403 3220 481 3259 super
499 3223 661 3260 quibusdam
674 3223 804 3261 dampnis
821 3224 854 3254 &
873 3224 1094 3262 gravaminibus,
1112 3233 1161 3260 per
1177 3224 1258 3261 quos-

47 3260 78 3283 Ε·
91 3267 115 3287 2.
130 3269 165 3285 71³·
195 3261 261 3290 dam
276 3269 385 3299 mut-15,
405 3261 454 3298 qui
472 3259 601 3291 dicuntur
620 3261 804 3299 Esterlinges,
822 3263 854 3292 &
875 3262 957 3300 alios,
976 3263 1022 3300 qui
1044 3271 1110 3291 cum
1130 3261 1260 3293 Navibus

46 3303 64 3330 5
68 3318 74 3324 ·
88 3297 105 3323 *l
197 3300 247 3330 suis
265 3299 402 3338 Cogges,
420 3298 569 3337 videlicet,
586 3301 615 3328 in
634 3299 717 3329 Portu
731 3300 767 3329 de
780 3300 865 3339 Swyn
885 3301 943 3343 jam
959 3300 1093 3337 existunt,
1111 3308 1140 3329 ut
1156 3300 1261 3331 intelle-

200 3339 305 3376 ximus,
321 3339 381 3368 tam
394 3347 444 3378 per
460 3337 555 3375 Mare,
576 3338 660 3376 quam
683 3347 729 3376 per
742 3339 862 3368 Terram
873 3361 881 3375 ,
897 3349 926 3368 in
943 3338 1040 3369 Scotia
1058 3340 1091 3369 &
1107 3338 1190 3375 alibi,
1208 3349 1262 3369 no-

198 3377 241 3406 bis
260 3376 343 3415 datis,
359 3376 465 3406 duxerit
485 3376 648 3414 exponenda
662 3399 671 3414 ,
688 3376 773 3405 fidem
792 3377 941 3414 plenariam
960 3378 1108 3415 adhibere,
1127 3377 1159 3407 &
1180 3377 1262 3408 relata

200 3424 250 3452 per
266 3415 372 3452 ipsum,
390 3425 508 3452 precum
525 3414 681 3445 nostrarum
697 3414 842 3453 instantia,
861 3425 945 3453 opere
958 3415 1109 3454 adimplere
1122 3414 1220 3446 velitis.

238 3489 304 3520 Dat.
322 3490 395 3528 apud
416 3490 531 3528 Langel.
552 3501 590 3531 29
605 3491 649 3522 die
662 3491 768 3522 Martii.

200 3563 357 3627 Eodem
370 3567 459 3597 modo
472 3567 598 3598 scribitur
613 3567 774 3606 Mag-istria,
793 3567 937 3606 Scabinis,
957 3567 1142 3608 Consulibus,
1163 3578 1198 3599 ac
1219 3576 1263 3599 to-

279 3606 299 3634 ti
311 3604 521 3648 Communitati
535 3606 617 3636 Vinae
640 3608 676 3637 de
694 3607 815 3645 Bruges,
839 3606 918 3647 usque
936 3606 989 3645 ibi,
1009 3606 1096 3646 fidem
1111 3607 1264 3646 plenariam

202 3642 347 3680 adhibere,
366 3650 424 3677 &a
443 3644 522 3674 relata
534 3655 582 3682 per
597 3645 686 3682 ipsum
700 3647 798 3675 votivo
812 3645 926 3675 effectui
948 3647 1157 3684 mancipentur,
1176 3655 1263 3683 opem

205 3681 239 3711 ὃς
254 3691 389 3719 operam,
408 3692 524 3719 precum
542 3683 628 3722 Regis
645 3683 790 3721 instantia,
816 3685 938 3721 praebere
960 3684 1064 3723 velint,
1079 3694 1132 3722 pro
1151 3694 1208 3722 quo
1225 3685 1264 3714 eis

205 3719 240 3748 ad
263 3719 553 3762 speciales-gratiarum
574 3722 698 3751 aeffiones
713 3723 819 3756 teneri,
846 3722 880 3752 ὃς
896 3723 925 3751 in
947 3723 1016 3760 hiis,
1035 3733 1100 3762 quae
1119 3732 1185 3761 erga
1204 3721 1265 3753 Re-

208 3765 277 3793 gem
291 3758 435 3788 habuerint
450 3759 594 3799 facienda,
611 3759 688 3791 effici
704 3759 766 3791 Rex
781 3759 839 3791 vult
853 3762 1023 3800 promptior.

242 3829 310 3863 Dat.
323 3842 354 3864 ut
371 3833 458 3873 supra.

705 61 1503 165 CONVENTIONES,
1557 94 1948 147 LITERAE,

2357 179 2359 182 ⁴
2379 180 2457 213 Ami.
2469 178 2513 214 Da'

2401 228 2488 260 1309.

1297 267 1356 303 Ad
1379 270 1523 302 Comitem
1548 266 1696 302 Flandriae
1717 267 1755 302 de
1769 267 1929 303 Credentia
1946 276 2050 300 contra
2067 265 2159 301 distas
2177 265 2366 316 Esterlingos.
2380 262 2449 288 Edv.
2466 269 2494 289 ²·
2538 295 2541 298 >

1297 352 1417 409 REX
1437 354 1540 385 Nobili
1555 356 1635 394 vino,
1653 354 1789 385 Domino
1804 353 1843 385 R.
1856 352 1972 384 Comiti
1987 352 2141 391 Flandriae,
2156 353 2307 385 amicosuo
2319 365 2367 387 m·
2380 365 2435 390 An.
2453 371 2479 391 2,v

1373 391 1500 431 riffimo,
1516 392 1647 431 salutem,
1664 394 1698 424 &
1712 394 1825 424 sincerae
1843 392 2002 423 dilectionis
2010 390 2157 422 affeetum.
2381 405 2410 430 Ε,
2429 410 2457 429 2,
2504 402 2508 407 ·

1337 429 1460 461 Grandis
1471 430 1590 470 fiducia,
1609 441 1693 470 quam
1706 441 1740 462 ex
1752 430 1842 462 vestra
1855 430 1968 469 experti
1986 430 2154 468 gratitudine
2168 431 2365 470 gerimus,ef-
2380 443 2450 468 Rom,
2460 448 2488 468 2,

1299 462 1359 499 ficit
1373 479 1402 499 ut
1416 471 1446 499 in
1459 470 1511 500 hiis
1547 481 1611 508 quae
1621 480 1672 500 nos
1687 480 1721 501 ac
1735 469 1846 500 nostros
1857 478 1972 506 tangere
1987 468 2154 508 noscuntur,
2166 471 2176 500 i
2224 480 2254 500 m
2266 469 2364 509 saepius
2381 481 2410 507 E.
2437 487 2462 507 2,

1299 508 1461 538 excitemus.
1498 492 1578 538 dum
1594 510 1681 545 igitur
1694 509 1807 547 quidam
1828 517 1919 538 nautae
1931 530 1942 546 ,
1964 508 2012 545 qui
2028 507 2158 538 dicuntur
2229 508 2366 548 erlingoe,
2381 525 2418 544 m.
2427 524 2456 552 5,
2468 515 2497 544 A.

1300 543 1333 573 &
1345 545 1391 575 alii
1410 547 1543 585 (quorum
1555 546 1768 585 praesumpwosa
1778 548 1933 585 temeritas,
1950 547 2010 576 tam
2032 555 2080 583 per
2095 544 2197 585 Mare,
2212 548 2299 586 quam
2313 558 2365 587 per

1300 582 1440 623 Terram,
1457 587 1539 616 nobis
1554 587 1587 617 &
1603 585 1702 616 nostris
1719 587 1747 616 in
1763 585 1858 616 Scotia
1875 586 1909 616 ὃ(
1929 583 1995 615 alibi
2015 584 2139 622 dampna
2157 585 2364 623 quamplurima

1301 622 1446 661 irrogavit)
1467 626 1496 655 in
1513 623 1599 654 Portu
1615 623 1708 654 vestro
1721 624 1756 654 de
1769 624 1815 654 Sw
1836 634 1870 662 n,
1889 633 1956 654 cum
1968 622 2175 662 Navibussuis,
2191 623 2303 664 Coges,
2319 626 2365 657 vi-

1301 659 1420 701 delicet,
1436 671 1466 693 ut
1479 662 1678 699 intelleximus,
1694 663 1752 701 jam
1766 663 1821 693 exii
1835 672 1896 701 ant,

1338 700 1468 741 Vestram
1491 702 1644 732 amicitiam
1663 700 1814 739 speci-aliter
1836 701 2001 739 requirimus
2022 700 2056 732 &
2072 709 2220 740 rogamus,
2239 703 2368 740 quatinus

1300 737 1406 781 dilecto
1421 739 1542 770 Valletto
1557 739 1669 778 nostro,
1688 739 1793 775 Egidio
1809 739 1847 770 de
1865 739 1891 770 la
1905 739 1990 770 More
2007 740 2104 778 (quem
2116 739 2153 770 ad
2167 749 2219 771 vos
2239 751 2291 779 pro
2311 741 2365 772 hu-

1296 777 1419 814 Juimodi
1432 779 1551 816 negotio
1557 778 1735 815 destinamus)
1756 779 1785 808 iri
1799 778 1868 816 hiis,
1885 788 1948 816 quae
1963 777 1997 808 ad
2008 787 2101 808 nautas
2110 779 2282 818 praedictos,
2301 789 2365 818 quae

1300 816 1381 845 vobis
1399 826 1433 846 ex
1447 826 1523 855 parte
1537 817 1632 847 nostrii
1645 816 1751 846 duxerit
1763 816 1922 854 referenda,
1939 815 2027 846 fidem
2040 817 2129 847 velitis
2141 817 2291 857 plenariam
2312 819 2366 849 ad-

1298 853 1414 892 hibere,
1431 865 1464 885 ac
1478 855 1557 885 relata
1572 865 1622 893 per
1635 854 1776 893 eundem,
1793 855 1861 886 sicut
1883 864 1935 893 pro
1956 856 2052 893 vobis,
2071 856 2102 884 in
2122 856 2185 886 casu
2206 857 2364 896 consimili,

1297 893 1331 923 ad
1346 892 1432 923 vestri
1444 903 1589 934 rogatum,
1607 893 1710 924 velletis
1726 903 1776 924 nos
1791 893 1900 933 facere,
1917 901 2004 935 opere
2016 893 2178 932 adimplere.

1335 969 1403 1002 Dat.
1422 970 1496 1008 apud
1516 970 1641 1010 Langel,
1659 980 1708 1009 29.
1725 970 1774 1003 die
1791 970 1898 1002 Martii.

1785 1050 1839 1078 Per
1856 1047 1940 1079 breve
1957 1048 1989 1078 de
1999 1051 2116 1086 privato
2133 1047 2234 1086 sigillo.

1301 1172 1328 1198 *ἓ
1355 1175 1403 1207 De
1428 1175 1504 1219 Rege
1527 1175 1678 1215 Francia,
1702 1183 1857 1206 rancorem
1883 1184 1955 1220 erga
1977 1175 2103 1206 Petrum
2127 1171 2164 1206 de
2187 1173 2339 1219 Gavaston
2383 1173 2403 1194 ¹*
2421 1176 2477 1204 ΙΙΙ-

1748 1221 1911 1269 remiffuro.
2387 1223 2450 1251 ¹3²·

1299 1307 1498 1376 VEnerabili
1514 1308 1542 1337 in
1551 1306 1667 1339 Christo
1681 1306 1773 1346 Patri,
1791 1307 1924 1339 Domino
1936 1307 1973 1338 R.
1981 1307 2040 1338 Dei
2054 1308 2143 1346 gratia
2176 1307 2288 1340 saneiae
2296 1308 2364 1341 Ma-
2384 1305 2460 1336 Ann-
2472 1304 2514 1337 D·

1377 1348 1425 1377 riae
1440 1346 1538 1377 Novae
1552 1346 1689 1378 Diacono
1707 1345 1867 1385 Cardinali,
1882 1348 1979 1378 amico
1999 1347 2048 1377 suo
2071 1331 2230 1387 kariisuno,
2248 1347 2366 1380 Edwar—
2407 1353 2496 1385 1309.
2550 1364 2555 1368 ·

1299 1385 1367 1422 dus,
1384 1387 1446 1417 &c.
1463 1385 1574 1416 salutem
1590 1386 1624 1417 δε
1638 1385 1754 1416 sincerae
1765 1385 1926 1416 dilectionis
1936 1383 2080 1416 affezstum.

1338 1423 1386 1454 De
1393 1424 1617 1455 sollicitudine&
1625 1423 1768 1461 diligentia
1777 1424 1926 1463 pervigili,
1944 1434 2010 1463 quas
2021 1422 2363 1462 ergaExcellentiffimum
2384 1425 2413 1449 Ε·
2434 1431 2461 1449 2·

1301 1461 1464 1501 Principem
1486 1462 1651 1493 Dominum
1670 1480 1683 1485 -
1699 1480 1713 1486 -
1727 1479 1741 1485 —
1756 1462 1875 1500 Regem
1888 1463 2061 1494 Francorum
2081 1462 2232 1502 illustrem,
2249 1463 2362 1495 Patrem
2382 1464 2454 1488 Rom·
2471 1469 2498 1489 2-

1301 1500 1430 1533 nostrum
1441 1500 1633 1540 karissimum,
1649 1509 1679 1532 ut
1693 1510 1855 1541 rancorem,
1869 1511 1954 1540 quem
1969 1511 2037 1538 erga
2054 1501 2191 1532 diledmm
2205 1503 2239 1534 &
2252 1502 2364 1533 fidelem
2382 1503 2414 1527 E·
2432 1508 2460 1527 ²·
2477 1507 2517 1528 η’·

1302 1539 1429 1570 nostrum
1452 1540 1568 1571 Petrum
1583 1539 1619 1570 de
1634 1539 1798 1578 Gavaston,
1816 1538 1967 1572 Comitem
1990 1539 2164 1579 Comubiae,
2182 1549 2366 1582 conceperat,
2384 1547 2413 1574 5·
2426 1538 2453 1566 ‘¹-

1301 1577 2046 1648 “151⁸'th'lfdhibergstcmggituvzstmdgffiiffimda
2063 1578 2268 1648 cgrmmspssta
2287 1579 2368 1619 (sicut

1302 1655 1332 1699 lo
1341 1627 1422 1687 ῖίνιξε
1434 1626 1836 1695 νέεῗεῖυἱέίὶταξϊΡετὲηῗιξωῗῗ
1853 1664 1942 1696 grates
1964 1627 2119 1695 ὅὲφεῖἓῐιεξ
2129 1617 2368 1696 Ἥῐιιξιὲηίὲἓί

1299 1694 1470 1765 cmlffis'cram
1485 1734 1639 1765 amicitiam
1652 1735 1822 1772 requirentes
1831 1741 1952 1773 attente,
1969 1734 2095 1772 quatinus
2111 1733 2188 1773 quod
2207 1727 2300 1766 vestra
2319 1735 2370 1764 be-

1302 1774 1459 1803 nevolentia
1474 1781 1609 1810 gratanter
1625 1773 1786 1811 inchoavit,
1809 1771 1940 1804 instanter
1960 1774 2123 1804 continuare
2141 1771 2209 1804 velit
2227 1772 2320 1804 modis
2335 1773 2369 1806 δε

1303 1811 1374 1850 viis,
1390 1812 1489 1850 quibus
1503 1811 1601 1842 melius
1613 1811 1712 1842 viderit
1726 1809 1866 1850 expedire.

1340 1887 1408 1919 Dat.
1426 1888 1500 1927 apud
1518 1888 1544 1920 la
1560 1887 1677 1928 Grave,
1698 1897 1744 1930 13.
1757 1888 1803 1920 die
1818 1887 1929 1928 Aprilis.

2385 1388 2428 1411 Aa
2451 1393 2477 1412 2.

1281 2007 1283 2010 Α
1302 2015 1361 2052 Ad
1381 2018 1510 2064 Regem,
1534 2028 1556 2050 a
1578 2019 1656 2064 Rege
1679 2015 1804 2060 Castellae
1816 2043 1828 2061 ‚
1852 2016 1945 2064 staper
1966 2014 2121 2062 dise'mrdiis
2141 2018 2219 2051 inter
2231 2013 2369 2062 fhbditos

1685 2067 1842 2113 utriusque
1865 2068 1963 2112 Rege's.

1377 2150 1513 2189 Agnifico
1527 2152 1559 2183 &
1575 2151 1685 2183 Potenti
1702 2150 1847 2190 Principi,
1864 2150 1999 2182 Domino
2018 2150 2167 2190 Edvardo,
2185 2150 2244 2182 Dei
2266 2151 2370 2191 gratia,
2386 2159 2462 2192 Am,
2475 2159 2518 2191 D*

1303 2157 1373 2221 M
1395 2190 1493 2221 Illustri
1506 2190 1584 2228 Regi
1599 2191 1714 2228 Angliae
1745 2190 1878 2221 Domino
1893 2189 2056 2229 Hiberniae,
2074 2200 2107 2221 ac
2125 2191 2285 2229 Aquitaniae
2303 2190 2368 2222 Du·
2411 2208 2497 2240 1309,
2508 2183 2518 2195 ¹⁸
2566 2190 2567 2195 ¹

1302 2229 1349 2297 {2²
1367 2227 1683 2298 ξὲθθ-ωέθιωωέἔθ
1701 2213 2076 2298 ωθεὲἔξξωθξθξέξθω
2094 2229 2203 2297 ἔξωθε
2222 2228 2365 2298 (θ’θὲἔξωε
2381 2241 2435 2267 ω·
2453 2248 2481 2267 2·

1302 2276 1365 2343 naeg,
1379 2278 1652 2350 &glklg'ai'biilReQ
1670 2277 1896 2337 accutffionliitatiaiaes'
1904 2278 2028 2349 Molintale
2034 2277 2221 2350 aefiomitirifisf
2228 2290 2299 2336 ³cum
2312 2278 2364 2337 ἒξ·
2383 2280 2424 2342 ξχ
2436 2287 2517 2352 κόνι-ς,
2566 2299 2567 2302 “

1301 2353 1375 2388 cera}
1387 2344 1544 2375 diledhonis
1558 2343 1679 2384 affectu,
1696 2344 1808 2375 salutem
1817 2367 1828 2383 ,
1844 2345 1878 2376 &
1894 2352 1977 2376 totius
1994 2343 2101 2382 semper
2114 2344 2231 2375 honoris
2244 2345 2278 2376 &
2290 2344 2366 2376 Glo-
2383 2355 2409 2382 in
2424 2356 2499 2382 Turr.

1300 2392 1348 2412 riae
1359 2392 1537 2415 incrementa.

1339 2420 1416 2452 Sicut
1436 2432 1524 2461 nuper
1539 2421 1684 2453 Amlcitiae
1706 2421 1822 2460 vestrae,
1841 2431 1889 2459 per
1908 2420 1972 2453 alias
1985 2419 2089 2452 nostras
2103 2421 2221 2460 litteras,
2237 2421 2367 2454 duximus

1304 2460 1512 2500 intimandum,
1529 2459 1646 2491 libenter
1659 2462 1834 2498 cogitamus,
1851 2460 1884 2491 &
1898 2469 2016 2498 operam
2035 2459 2101 2490 dare
2121 2459 2228 2499 smper
2243 2461 2368 2492 intendi-

1303 2508 1366 2529 mus
1387 2499 1502 2539 qualiter
1522 2500 1594 2530 inter
1617 2499 1722 2530 vestros
1739 2499 1878 2537 subjectos
1897 2498 1931 2530 δε
1953 2498 2062 2530 nostros
2075 2498 2221 2538 constans,
2237 2498 2312 2530 bona
2328 2500 2364 2532 &

1302 2546 1434 2577 perpetua
1445 2540 1538 2579 vigeat
1552 2548 1605 2577 pax
1619 2539 1653 2569 &
1671 2548 1772 2577 amor;
1789 2537 1829 2568 Ita
1865 2537 1938 2576 uod,
1955 2537 2024 2568 sicut
2045 2547 2098 2567 nos
2119 2547 2208 2568 unum
2229 2537 2263 2569 &
2283 2537 2362 2569 idern

1301 2578 1407 2615 sumus,
1432 2578 1466 2608 &
1489 2579 1580 2615 magis
1598 2577 1705 2615 semper
1724 2579 1825 2608 erimus
1900 2577 1981 2606 mino
2001 2575 2195 2615 concedente,
2210 2576 2249 2607 fic
2269 2585 2299 2607 ut
2316 2577 2367 2616 ipsi

1303 2614 1436 2655 existant,
1451 2616 1484 2647 &
1500 2626 1559 2646 non
1571 2615 1660 2647 solum
1682 2616 1718 2646 ab
1737 2616 1841 2654 injuriis
1859 2614 2013 2646 abstineant
2032 2615 2100 2646 hinc
2116 2615 2150 2646 &
2167 2615 2234 2646 inde
2269 2614 2314 2646 sed
2330 2616 2367 2648 ad

1303 2655 1449 2693 invicem,
1467 2655 1565 2686 mutua
1578 2655 1611 2686 &
1630 2654 1748 2686 fraterna
1768 2653 1957 2684 viciffitudine
1992 2663 2060 2684 cum
2080 2653 2208 2693 expedit,
2225 2638 2277 2685 11³bi
2294 2664 2368 2694 prae·

1303 2692 1376 2723 stent
1389 2701 1561 2731 oportunum
1575 2693 1721 2724 confilium
1730 2717 1740 2732 ,
1759 2692 1891 2722 auxilium
1905 2693 1938 2722 &
1953 2676 2087 2736 favorem.
2243 2731 2249 2736 ⁸

1341 2731 1421 2762 Hinc
1443 2732 1484 2762 est
1506 2732 1581 2771 quod
1602 2732 1679 2770 super
1701 2731 1778 2764 facto
1797 2738 1985 2762 contentionis
2005 2731 2038 2761 &
2058 2729 2223 2770 discordiae,
2236 2741 2298 2769 Jarn
2319 2732 2369 2762 ali-

1304 2770 1438 2809 quamdiu
1452 2771 1553 2802 habitae
1561 2793 1571 2810 ,
1583 2770 1699 2801 diabolo
1713 2770 1881 2808 instigante,
1898 2769 1967 2799 inter
1979 2768 2084 2813 vestros
2089 2769 2221 2800 homines
2232 2769 2269 2800 de
2276 2768 2314 2800 Ba
2333 2781 2367 2801 0-

1304 2819 1341 2839 na
1355 2809 1388 2840 &
1403 2809 1536 2847 quosdam
1557 2809 1624 2840 alios
1637 2809 1674 2839 de
1688 2818 1756 2840 terra
1771 2807 1909 2839 Dominii
1924 2806 2008 2837 vestri
2021 2816 2056 2837 ex
2166 2808 2241 2846 una,
2257 2808 2291 2839 &
2332 2819 2366 2840 0-

1306 2848 1395 2877 mines
1417 2847 1526 2879 nostros
1546 2847 1582 2879 de
1597 2847 1700 2879 Castro
1719 2848 1756 2878 de
1777 2846 1884 2878 Saneto
1906 2844 2047 2889 Emeterio
2072 2847 2105 2877 ὃ(
2123 2845 2159 2877 de
2175 2845 2312 2886 LareniO,
2331 2847 2365 2880 &

1303 2885 1439 2924 quosdam
1455 2887 1522 2917 alios
1534 2886 1570 2918 de
1578 2886 1686 2924 Regnis
1701 2885 1802 2916 nostris
1838 2884 1968 2915 discretos
1983 2894 2077 2923 Viros,
2088 2883 2249 2923 Johannem
2258 2884 2365 2918 Didaci

1305 2927 1340 2955 de
1362 2924 1564 2965 Guadalfajaria
1587 2925 1714 2956 Militem
1739 2925 1772 2956 &
1798 2908 1950 2955 &affluum
1968 2921 2111 2967 nosftrum,
2135 2933 2169 2954 ac
2190 2923 2365 2969 Fernandum

1305 2963 1444 2995 Gonlalvi
1456 2964 1492 2994 de
1507 2964 1579 2995 Frias
1590 2964 1759 2995 familiarem
1772 2961 1897 2993 nostrum
1905 2984 1914 3000 ,
1932 2962 2100 2992 exhibitores
2109 2962 2300 3002 praesentium,
2315 2974 2369 2994 vo-

1304 3002 1413 3033 luntatis
1426 3002 1530 3034 nostrae
1545 3003 1690 3043 conscios,
1707 3004 1738 3033 in
1752 3002 1804 3032 hac
1819 3009 1894 3039 parte
1928 3009 1998 3031 curn
2011 3000 2097 3038 pleno
2111 3000 2242 3032 mandato
2257 3001 2368 3041 nostro,

1305 3041 1339 3072 ad
1354 3041 1536 3072 Serenitatem
1551 3041 1671 3073 vestram
1691 3041 1819 3084 duximus
1834 3023 2070 3084 traiisrriittendos3
2086 3040 2186 3078 quibus
2204 3050 2252 3079 per
2265 3040 2366 3071 Excel-

1303 3079 1420 3111 lentiam
1433 3080 1557 3111 vestram
1570 3090 1704 3117 rogamus
1717 3080 1750 3111 &
1763 3086 1883 3116 petimus
1903 3088 1932 3107 in
1950 3078 2019 3116 hus,
2058 3088 2102 3108 uae
2121 3077 2200 3116 super
2221 3079 2367 3116 praemiffis

1304 3128 1434 3189 eghpggte
1454 3118 1548 3150 nostra
1569 3118 1711 3150 referenda
1724 3117 1869 3156 duxerint,
1885 3115 1973 3147 fidem
1996 3126 2028 3148 cr
2063 3117 2138 3148 ulam
2158 3117 2192 3148 &
2211 3117 2365 3156 plenariam

1303 3167 1318 3188 a
1406 3168 1440 3188 ri.

1342 3225 1409 3265 Dat.
1423 3233 1537 3273 Toleti,
1557 3234 1603 3264 die
1619 3241 1651 3272 15
1666 3231 1785 3272 Aprilis,
1801 3232 1887 3263 Anno
1901 3231 2029 3264 Domini
2047 3240 2132 3272 1309.

1341 3310 1477 3352 blagister
1506 3315 1663 3341 Armannus
1684 3310 1716 3341 de
1744 3313 1874 3341 Cremona
1887 3332 1898 3350 ,
1923 3309 1955 3340 de
1977 3309 2106 3340 mandato
2127 3311 2241 3340 Domini
2265 3311 2366 3348 Regis,

1367 3350 1481 3392 [ενι-ψ.

1587 3482 1645 3512 Pro
1667 3475 1815 3525 Johanne
1839 3475 1876 3510 de
1895 3478 2070 3511 Britannia.

1305 3564 1425 3624 REX
1441 3550 1548 3595 <ineas
1563 3564 1596 3595 ει
1611 3562 1685 3593 fideli
1699 3563 1764 3602 suo,
1781 3561 2000 3606 Robenorffio
2013 3561 2143 3600 κομιεῖ,
2156 3560 2282 3592 salutem.
2375 3563 2451 3595 Ann.
2467 3563 2509 3596 D.

1397 3603 1493 3641 Cum,
1511 3601 1626 3633 celebris
1650 3603 1798 3633 memoriae
1831 3600 1978 3632 Dominus
1995 3600 2030 3632 E.
2046 3600 2192 3639 quondam
2213 3599 2279 3630 Rex
2301 3596 2362 3641 An-
2405 3612 2490 3642 1209.

1306 3642 1389 3679 gliae,
1407 3641 1486 3672 Pater
1497 3640 1604 3684 noster,
1624 3650 1710 3684 nuper
1743 3651 1771 3671 er
1787 3623 1901 3670 datram
1915 3639 1992 3670 suam
2011 3638 2118 3683 dederit
2132 3639 2166 3670 δε
2181 3635 2363 3679 concessenr,
2377 3638 2437 3669 Aa?
2453 3652 2480 3671 2.

1326 3691 1357 3711 ro
1370 3681 1397 3710 se
1411 3681 1445 3712 δε
1459 3678 1616 3723 haeredibus
1630 3679 1699 3723 sius,
1737 3679 1822 3723 '11er
1834 3678 1992 3723 Nepoti&
2004 3675 2317 3722 fidelinostroJollianni
2325 3673 2361 3705 de
2374 3685 2406 3709 Ε.
2427 3689 2454 3708 2.

1304 3692 1463 3787 &inicii-mila&
1480 3716 1848 3788 l(230mitidRicglge{iiitinlqlioae,
1864 3712 2362 3786 QfflmmmssRssgsssssumgaegmffi
2375 3723 2434 3784 gat.
2449 3727 2476 3746 2.
2497 3760 2502 3766 ²

2401 3779 2406 3785 .
2427 3766 2453 3785 2.
2489 3778 2496 3786 ο

1305 3767 1484 3827 Τέηεξηεηῑξι
1502 3766 1588 3832 egit&
1603 3766 1700 3825 fuerunla
1701 3803 1712 3825 t
1721 3765 2031 3837 Jeohmlriiiz'quontiiain
2045 3792 2136 3835 Ducis
2147 3774 2313 3834 Britanniae,
2327 3791 2359 3820 in
2378 3805 2400 3824 i.
2414 3804 2452 3825 m.
2467 3762 2496 3830 ξ

1306 3833 1426 3902 ssnglia,
1443 3816 1585 3901 dgsiigcti,
1601 3843 1665 3872 quae
1680 3843 1728 3872 per
1741 3841 1866 3864 mortem
1881 3832 2009 3871 praedieti
2019 3830 2111 3862 Ducis
2125 3827 2160 3859 ad
2175 3837 2272 3859 manus
2285 3828 2357 3859 dieti

1331 3881 1393 3902 atris
1406 3882 1446 3902 no
1484 3881 1493 3901 r
1527 3880 1676 3902 evenerunt

1344 3911 1364 3930 *³
1389 3909 1592 3940 HABENDA
1628 3894 1692 3940 ET,
1717 3917 1916 3940 *ram-:Noa
1947 3904 2229 3949 eideinjohanni2&
2242 3904 2361 3937 haeredi·
2402 3899 2486 3928 *111-

1306 3947 1359 3992 bus
1377 3948 1446 3987 suis,
1457 3948 1492 3978 de
1505 3948 1565 3992 ipso
1578 3947 1658 3979 Patre
1671 3948 1785 3992 nostro,
1798 3947 1832 3978 &
1846 3945 2000 3989 haeredibus
2018 3944 2069 3975 suis
2082 3942 2278 3980 (Coi-tutatum
2292 3953 2362 3983 prae-
2418 3947 2480 3976 ¹33·

1306 3984 1434 4025 dietum,
1444 3996 1563 4019 nomine
1576 3984 1711 4018 Connus:
1728 3985 1842 4024 Castra,
1861 3986 1896 4018 &
1915 3993 2011 4017 omnm
2024 3981 2124 4014 Terras
2137 3982 2172 4015 ὃς
2185 3982 2365 4014 Tenemenm

2294 4030 2366 4059 1²¹²·
