2570 4261
195 207 271 247 142

45 276 122 308 Ann.
132 277 171 309 D.
190 278 318 309 conclavi
332 302 341 316 ,
363 276 436 316 apud
461 276 596 306 Castrum
613 275 741 306 Novum
755 298 764 312 ,
790 273 909 304 Civitati
928 273 1128 311 Neapolitanae
1147 274 1241 303 conti-

74 326 156 355 1295.
186 327 275 356 guum
286 316 345 353 (ubi
363 325 429 346 tunc
447 315 524 345 idem
540 315 622 344 frater
640 323 708 344 cum
727 313 771 343 sua
787 312 920 342 residebat
934 312 1047 349 familia)
1063 312 1241 348 incluserunt,

43 360 112 385 Edu.
133 366 156 383 i.
191 365 236 392 ut,
256 365 303 392 per
322 356 411 384 mutui
429 353 665 383 commoditatem
683 351 836 389 colloquii,
861 350 997 380 Eccleliae
1015 351 1158 388 praeditssrae
1176 360 1243 387 pro-

192 395 278 430 vino,
295 393 410 429 superna
429 400 600 428 cooperante
617 392 734 427 virtute,
752 389 869 419 celerius
886 390 1056 429 proveniret.

233 430 291 460 Die
314 440 381 460 vero
407 429 523 459 Veneris
536 453 545 467 ,
577 428 740 459 immediate
757 427 887 465 sequente
900 450 909 464 ,
939 427 1045 465 praefati
1062 425 1222 456 Cardiiiales
1237 447 1247 463 ‚

194 471 296 499 mentis
312 468 400 498 oculis
418 468 516 497 erectis
534 466 568 496 ad
586 467 771 504 Dominum,
805 467 850 503 pia
864 465 994 495 desideria
1012 466 1159 507 benignius
1178 474 1246 501 pro-

193 507 368 544 sequentem,
387 507 415 535 in
433 505 586 535 Electionis
604 506 739 542 negotio,
757 513 806 542 per
825 506 900 534 viam
918 503 1056 540 scrutinii,
1072 503 1244 534 serventibus

194 545 304 582 studiis,
324 553 353 574 ut
369 544 501 582 praedicfm
517 546 669 575 vitarentur
687 541 841 572 incomoda
875 541 1072 578 procedentes:

230 582 267 613 Et
286 582 416 620 tandem,
441 592 509 612 curri
527 582 622 612 divina
640 581 814 618 Clementia,
866 580 974 610 ccleliae
992 580 1141 617 praelibatae
1161 587 1244 607 com-

192 622 313 658 patiens,
332 631 393 649 oem
409 621 496 651 nollet
509 621 647 651 ulterioris
658 620 807 651 vacationis
820 618 946 657 periculis
961 618 1114 656 subjacere,
1133 616 1167 646 ad
1183 626 1245 652 per-

191 659 290 689 son-ani
307 658 433 689 nostram
449 682 458 697 ,
480 659 548 690 licet
563 660 751 695 immeritam,
776 658 915 687 intentum
934 658 1063 686 animum
1079 656 1245 693 dirigentes,

191 707 363 735 quamquam
388 699 460 727 inter
483 708 532 728 eos
551 697 728 736 quamplures
746 697 834 732 magis
852 695 955 734 ydonei
970 719 979 732 ,
1009 696 1041 725 &
1057 694 1197 733 digniores
1214 702 1245 721 e-

188 738 256 766 tiam
274 736 455 774 haberentur,

234 774 303 805 Nos
317 798 326 813 ,
355 784 424 805 tunc
450 783 480 805 tt.
506 774 603 804 Sanffi
630 772 749 803 Martini
767 771 964 812 Presbyterum
984 769 1161 800 Cardinalem
1177 792 1186 807 ,
1217 769 1246 797 in

190 813 333 844 summum
355 812 525 844 Pontificem
544 812 682 842 canonice
700 811 843 849 elegerunt
857 834 867 848 ,
894 810 983 849 gravis
1001 811 1093 839 oneris
1109 809 1245 838 sarcinam

189 851 291 882 nostris
308 851 447 882 debilibus
466 852 588 881 humeris
608 850 798 888 imponendo:
1141 886 1145 890 ι

227 890 294 920 Nos
312 900 423 926 autem,
461 889 582 920 rofunda
598 890 631 919 ὃς
649 888 740 919 sedula
759 886 941 917 meditatione
957 885 1101 925 pensantes
1118 883 1243 915 difficul-

188 936 272 959 tatem
291 928 381 958 officii
399 938 432 965 pa
458 928 537 957 oralis
551 952 560 965 ,
588 928 717 958 continui
734 926 835 967 laboris
853 924 986 965 angustias
1001 947 1009 961 ,
1036 925 1054 942 ²*
1075 925 1112 967 &⁴
1127 922 1243 967 praecel-

186 967 300 998 lentiam
327 967 504 1004 Apostolicae
527 966 680 1003 Dignitatis
707 966 788 1003 (quae
815 968 884 994 sicut
909 964 1026 994 honoris
1044 963 1126 993 titulis
1143 962 1245 992 altioris

185 1006 286 1037 attollit
301 1028 310 1043 ,
340 1005 377 1034 sic
397 1005 588 1044 magnitudine
606 1004 737 1042 ponderis
752 1003 884 1040 deprimit
901 1002 1054 1041 gravioris)
1071 1001 1244 1031 attendentes

189 1045 298 1082 insuper
317 1044 422 1074 nostrae
441 1044 600 1081 multiplicis
616 1042 835 1081 imperfec‘tionis
854 1038 1240 1083 histantiam,expavimus&

184 1083 369 1114 hastitavinius
389 1083 588 1120 vehementer,
606 1083 751 1119 nimioque
769 1080 939 1110 concussum
958 1080 1047 1109 eittitit
1061 1079 1175 1116 stupore
1189 1086 1241 1107 cor

183 1121 320 1152 nostrum.

221 1160 302 1190 Nam
337 1169 405 1190 cum
419 1159 453 1189 ad
467 1158 620 1190 tolerandas
634 1156 807 1196 particulares
821 1156 943 1196 vigilias,
961 1157 1009 1186 vix
1020 1156 1101 1185 nobis
1124 1153 1239 1192 poss'ibi-

180 1197 241 1228 litas
261 1185 355 1229 iiositra
377 1197 508 1236 sufficiat,
528 1198 562 1228 ad
582 1196 739 1227 universalis
760 1195 877 1233 speculae
897 1193 1103 1225 solicitudinem
1116 1193 1239 1236 vocaba-

181 1247 264 1275 mur,
281 1239 314 1268 ὃ(
335 1237 506 1267 intolerabile
525 1235 685 1274 Apostolici
706 1233 852 1265 ministerii
867 1234 967 1272 jugum
989 1232 1238 1275 inferebaturQin-

183 1275 286 1305 stanter
300 1275 445 1305 delibitatis
460 1275 563 1306 nostrie
577 1274 682 1305 cervici
693 1273 798 1311 jugiter
811 1270 1048 1310 supportandum,
1066 1281 1098 1301 ac
1122 1278 1237 1313 merito-

182 1323 244 1343 rum
265 1324 323 1344 non
344 1313 447 1344 suffulti
469 1313 612 1352 praelidio,
628 1312 662 1342 ad
683 1311 860 1349 suscipiendas
876 1309 1083 1347 Apostolorum
1098 1308 1237 1352 PrinCipis

181 1351 258 1383 Petri
272 1353 380 1390 claves,
400 1354 433 1383 &
445 1353 606 1389 gerendum
622 1351 700 1389 super
710 1359 810 1380 omnes
823 1349 925 1389 ligandi
938 1350 971 1380 &
992 1347 1116 1378 solvendi
1137 1347 1238 1378 Ponti-

179 1390 277 1421 ficinm
293 1391 471 1430 angebamur.
1212 1424 1217 1429 .

219 1429 425 1459 Verumtamen
440 1440 476 1460 ne
490 1429 595 1460 divinae
611 1427 796 1465 providentiae
810 1436 880 1464 opus
895 1425 1031 1463 impedire
1051 1424 1166 1455 forsitan
1189 1435 1234 1454 νι-

180 1467 310 1497 derernur
327 1490 336 1505 ,
369 1477 415 1498 aut
435 1468 511 1498 nolle
532 1466 636 1497 nostrae
658 1466 806 1496 voluntatis
825 1465 969 1495 arbitrium
989 1464 1038 1494 suo
1057 1463 1235 1501 beneplacito

182 1507 380 1544 confo:mare,
397 1516 429 1536 ac
450 1508 533 1536 etiarn
553 1507 589 1535 ne
608 1506 693 1535 corda
707 1505 864 1534 elecstorum
879 1503 1051 1540 concordia,
1069 1513 1117 1543 per
1131 1501 1234 1532 nostrae

179 1545 351 1575 dissentionis
364 1545 529 1582 objectum,
547 1544 581 1573 ad
597 1543 762 1574 discordiam
776 1541 1160 1580 verteremus,voluntatibus
1175 1549 1235 1571 tan-

177 1583 245 1613 dein
266 1584 456 1621 acquievimus
472 1581 642 1613 eorumdem
655 1606 664 1620 ,
696 1581 730 1612 ad
751 1580 926 1611 subeundum
946 1581 1044 1619 jugum
1072 1579 1232 1618 hujusmodi

177 1621 290 1652 nostros
312 1623 479 1660 impotentes
500 1622 635 1651 humeros
657 1619 848 1650 submittendo
866 1629 871 1648 z
905 1629 964 1648 non
988 1617 1066 1656 quod
1089 1618 1125 1648 de
1145 1617 1233 1656 aliqua

176 1661 279 1690 nostrae
293 1661 438 1698 probitatis
457 1661 559 1690 virtute
581 1658 711 1688 fiduciam
732 1658 900 1695 habeamus,
919 1657 964 1687 sed
980 1658 1045 1695 quia
1058 1658 1087 1686 in
1102 1657 1158 1695 ejus
1172 1656 1232 1694 spe-

178 1709 268 1729 ramus
288 1698 452 1729 Clementia
472 1699 519 1736 qui
540 1696 714 1728 confidentes
735 1697 762 1726 in
776 1696 802 1727 se
816 1706 875 1726 nori
888 1695 999 1733 deserit,
1018 1695 1064 1725 sed
1079 1696 1116 1724 eis
1135 1696 1232 1733 propi-

176 1738 227 1768 tius
243 1738 390 1775 oportunis
404 1737 509 1768 auxiliis
523 1736 631 1774 semper
645 1735 739 1772 adest,
758 1736 861 1773 quique
876 1759 885 1771 ,
909 1734 944 1764 de
964 1734 1072 1764 sublimi
1094 1734 1229 1771 polorum

175 1776 262 1814 solio,
281 1775 437 1806 Ecclesiam
449 1775 576 1814 sponsam
592 1774 668 1804 suani
692 1776 814 1804 intuetur
836 1772 1048 1803 misericorditer
1067 1773 1100 1803 &
1122 1780 1233 1810 tuetur,

176 1813 288 1851 suaeque
303 1814 377 1845 illam
392 1814 509 1844 exaltare
522 1823 581 1843 non
595 1813 692 1843 desinit
705 1812 826 1849 copiosis
841 1811 982 1841 beneficiis
994 1812 1107 1849 pietatis.

212 1852 339 1891 Ideoque
357 1852 559 1882 Celsitudiriem
580 1851 697 1889 Regiam
719 1859 861 1889 rogamus,
887 1851 919 1881 ὃς
941 1850 1087 1879 hortamur
1109 1858 1230 1886 attente,

173 1901 207 1921 ac
231 1892 410 1922 obsecramus
429 1892 456 1921 in
480 1891 613 1921 Domino
629 1889 704 1927 Jeliu
720 1888 852 1926 Christo,
872 1889 1014 1926 quatinus,
1029 1888 1155 1927 diligenti
1169 1897 1230 1917 me-

173 1929 306 1959 ditatione
326 1928 500 1960 considerans
524 1930 602 1967 quod
623 1928 756 1959 iudicium
780 1927 870 1963 diligit
892 1927 978 1966 Regis
998 1928 1091 1957 honor
1107 1951 1116 1964 ,
1143 1935 1230 1956 metas

39 926 55 944 ⁶
64 929 169 964 11.669.

169 1968 285 2006 justiti-ie
304 1968 424 1998 curiosus
438 1968 581 2003 observes,
605 1963 736 2004 illamque
756 1966 862 1995 sincere
875 1965 989 2005 diligere
1002 1965 1124 2002 studens,
1141 1965 1243 2002 aequi-v

174 2015 259 2037 tatem
271 2016 329 2036 non
348 2007 490 2045 deserens,
509 2005 702 2036 Clementiam
723 2014 783 2034 non
803 2005 953 2042 omittens,
971 2012 1001 2034 ut
1021 2003 1156 2042 subjec'ius
1179 2004 1231 2033 tibi

173 2045 296 2113 populu}
305 2044 433 2083 copiosus
448 2047 477 2075 in
490 2045 565 2083 pacis
578 2043 766 2082 pulcritudine
780 2042 884 2081 sedeat,
899 2042 932 2074 &
949 2043 977 2073 in
993 2044 1089 2081 requie
1111 2041 1230 2080 opulen-

171 2091 201 2114 ta
237 2095 280 2113 uie
291 2093 343 2114 cat.

210 2094 364 2152 ssccleiimi
379 2121 502 2160 insuper,
520 2129 639 2152 matrem
654 2129 749 2159 tuam,
763 2121 796 2152 &
811 2119 891 2158 ipsius
905 2119 1057 2162 Praelatos,
1070 2118 1158 2150 nostri
1173 2120 1228 2150 uti-

172 2170 229 2198 que
250 2161 386 2191 salvatoris
408 2160 565 2199 ministros,
591 2159 758 2196 caeterasque
779 2158 904 2196 personas
922 2157 1144 2195 Ecclesiasticas,
1170 2159 1228 2196 ejus

174 2199 313 2236 obsequiis
327 2199 482 2237 dedicatas,
500 2200 567 2236 quin
580 2200 673 2236 potius
687 2199 714 2226 iri
730 2197 780 2227 illis
797 2196 909 2226 Reoem
930 2196 1085 2227 Coe'iorum
1107 2198 1140 2228 &
1162 2196 1228 2226 Do-

172 2237 303 2275 minum,
319 2247 367 2274 per
383 2246 469 2274 quem
486 2246 582 2275 regnas
596 2238 629 2267 &
644 2236 760 2275 regeris,
778 2223 943 2266 incessanter
957 2235 1115 2266 &solerter
1133 2235 1228 2265 hono-

172 2285 249 2314 rans,
265 2276 337 2313 ipsos
354 2274 438 2314 Regii
453 2275 553 2305 favoris
567 2285 623 2313 ope
639 2274 809 2312 confoveas,
828 2275 861 2304 ὃς
877 2275 906 2303 in
928 2273 1099 2312 plenitudine
1119 2273 1229 2304 liberta-

172 2322 251 2351 tum,
269 2314 444 2351 aliorumque
465 2314 584 2344 suorum
601 2314 702 2350 jurium
725 2311 878 2342 efficaciter
900 2321 1047 2351 protegere
1067 2311 1174 2343 studeas
1194 2313 1228 2343 &

171 2353 256 2382 tueri:
277 2352 369 2389 sicque
391 2353 421 2382 in
444 2351 512 2389 biis,
536 2361 668 2389 tanquam
687 2350 756 2380 filius
778 2351 982 2380 benedidtionis
1003 2352 1036 2381 δε
1058 2352 1175 2389 gratiae,
1200 2360 1230 2382 te

169 2399 245 2430 geras
265 2391 297 2420 ὃς
319 2390 420 2428 dirigas
455 2390 549 2427 quod,
567 2390 650 2420 clarae
673 2390 840 2428 memoriae,
859 2388 1056 2428 Progenitores
1079 2398 1157 2428 tuos,
1176 2391 1226 2426 qui

171 2438 234 2468 erga
257 2428 399 2468 praefatam
447 2428 575 2458 cclesiam
596 2428 714 2458 summae
726 2427 886 2458 devotionis
899 2428 932 2458 &
948 2428 1111 2458 reverentiae
1125 2428 1226 2467 titulis,

170 2466 239 2497 dum
259 2468 401 2505 viverent,
419 2467 593 2504 claruerunt,
610 2476 670 2496 non
693 2465 784 2496 solum
805 2467 906 2496 imitari
926 2466 1059 2502 sollicite,
1077 2466 1121 2496 sed
1141 2468 1226 2496 etiam

169 2505 313 2536 evidenter
333 2504 467 2536 excedere
485 2505 652 2543 dinoscaris,
670 2503 704 2534 ad
721 2503 832 2534 laudem
853 2505 887 2535 &
905 2504 1022 2542 gloriam
1045 2504 1102 2534 Dei
1121 2504 1225 2543 Patris,

169 2545 202 2576 &
216 2544 342 2582 celebre,
358 2543 550 2583 magnumque
562 2545 601 2574 tui
615 2545 731 2574 honoris
747 2544 780 2574 ὃς
796 2543 921 2573 nominis
935 2544 1152 2574 incrementum.

208 2581 257 2613 De
275 2584 355 2613 nobis
376 2592 470 2613 autem
487 2604 496 2620 ‚
522 2591 622 2620 utpote
645 2581 727 2611 Patre
747 2581 883 2612 benivolo
906 2582 940 2612 &
959 2581 1084 2620 sincer0,
1111 2583 1158 2620 qui
1181 2590 1227 2621 te,

173 2630 257 2659 prout
270 2620 474 2652 Celsitudinem
492 2621 612 2662 Regiam
626 2620 710 2650 latere
724 2630 783 2650 nori
802 2619 960 2658 credimus,
979 2622 1008 2650 in
1022 2622 1127 2650 minori
1141 2621 1227 2651 etiam

170 2658 271 2689 officio
285 2659 447 2696 constituti,
466 2658 620 2690 affectuose
634 2658 780 2688 dileximus
801 2659 835 2689 &
856 2658 973 2695 diligere
994 2669 1053 2689 non
1073 2658 1226 2697 cessamus,

171 2697 249 2735 spem
264 2707 368 2728 certam
382 2699 415 2728 ὃς
431 2698 562 2728 fiduciam
577 2697 687 2727 firmam
701 2705 816 2734 gerens,
835 2698 863 2726 in
878 2698 930 2727 tuis
941 2698 975 2728 &
992 2696 1114 2735 ejusdem
1130 2696 1224 2737 Regni

171 2737 289 2804 ῃεῇοῑϋε
302 2737 334 2767 &
347 2736 598 2774 oportunitatibuS,
617 2744 681 2773 quae
694 2743 862 2773 occurrent,
881 2734 914 2764 ad
928 2745 981 2766 nos
1001 2745 1146 2766 recurrere
1166 2745 1226 2766 non

169 2783 209 2812 po
236 2784 328 2811 ponas.

208 2812 290 2842 Nam
304 2814 332 2842 in
347 2812 416 2851 hiis,
432 2813 510 2851 super
525 2813 644 2850 quibus,
663 2820 696 2842 ex
711 2819 788 2849 parte
802 2811 913 2849 Regia,
931 2811 1067 2842 fuerimus
1088 2811 1227 2850 requisiti,

170 2850 304 2888 libenter,
323 2861 460 2889 quantum
474 2861 541 2882 cum
564 2850 633 2880 Deo
656 2852 828 2888 poterimus,
845 2850 918 2880 votis
938 2849 1035 2888 Regiis
1053 2859 1226 2888 annuemus,

169 2897 245 2919 tuam
259 2891 292 2920 ὃς
307 2890 428 2928 ejusdem
438 2889 531 2928 Regni
548 2888 758 2927 prosperitatem
772 2888 970 2918 omnimodam
980 2898 1057 2926 ,non
1071 2889 1163 2919 solum
1171 2888 1229 2918 stu-

169 2926 393 2994 diisdconservare
403 2928 539 2966 sollicitis,
558 2926 603 2957 sed
618 2928 703 2957 etiarn
718 2927 806 2965 plenis
817 2936 995 2966 augmentare
1017 2926 1160 2958 favoribus
1182 2928 1227 2956 in-

170 2974 217 2996 ten
238 2976 322 2996 entes.

205 3040 275 3085 Dat.
301 3041 427 3073 Lateran.
453 3052 533 3074 nono
555 3042 620 3074 Kal.
647 3042 812 3081 Februarii,
835 3041 1020 3074 pontificatus
1041 3041 1131 3073 nostri
1151 3051 1227 3072 anno

170 3089 274 3119 primo.

810 3142 865 3172 Sub
875 3141 927 3184 filo
945 3141 1069 3172 canabeo.

220 3265 309 3297 Bulla
331 3264 368 3297 de
388 3267 517 3298 A'unciis
535 3265 578 3298 ad
593 3268 720 3311 Regem,
757 3278 827 3311 uper
843 3278 916 3313 pace
935 3270 1013 3299 inter
1031 3266 1124 3313 ipsitm
1141 3269 1178 3304 6·-

360 3317 492 3347 Franciae
513 3317 620 3360 Regem
635 3314 827 3358 reformanda
842 3342 851 3357 ,
876 3314 1038 3358 destinatis.

27 3420 54 3450 Α
112 3418 143 3449 D
173 3397 378 3458 BOnifacius
393 3397 417 3428 E
440 3398 564 3436 iscopus,
581 3397 672 3428 servus
688 3398 831 3429 servorum
845 3399 1066 3438 Dei,carissimo
1081 3398 1110 3427 in
1126 3397 1225 3428 Chris-

56 3429 103 3450 ΠΗ·
147 3443 153 3449 ·
242 3446 274 3467 to
288 3437 362 3475 silio,
426 3437 514 3468 vardo
528 3436 606 3473 Regi
625 3436 735 3474 Angliae
753 3437 868 3476 illustri,
885 3439 999 3469 salutem
1024 3439 1058 3469 δε
1078 3436 1226 3474 Apostoli-

26 3466 136 3524 A¹²95·
174 3475 485 3505 cambenedictionem.

28 3506 138 3561 13⁷¹·¹²3·
212 3511 314 3543 Movet
328 3515 469 3551 animum,
488 3521 672 3550 mentemque
687 3513 827 3551 sollicitat,
845 3513 882 3543 sili
897 3514 1035 3544 carissime
1071 3513 1173 3543 sincera
1190 3514 1224 3544 &

27 3555 58 3597 1¹·
82 3574 109 3599 A
174 3547 323 3580 affectuosa
335 3552 468 3590 dileffio,
487 3561 572 3589 quam
586 3552 622 3581 ab
635 3551 704 3581 olim
715 3576 722 3588 ,
741 3552 812 3581 dum
826 3562 891 3581 cura
908 3554 990 3583 nobis
1002 3563 1022 3583 o
1056 3552 1092 3582 cii
1107 3553 1226 3582 minoris

27 3582 68 3635 ’χ
107 3581 139 3598 ¹⁴*
175 3587 350 3619 incumberet
365 3614 374 3628 ,
407 3589 442 3620 ad
469 3591 616 3628 personam
635 3589 754 3628 Regiam
774 3599 913 3628 tuumque
935 3591 1071 3630 Regnum
1093 3590 1224 3620 inclitum

41 3619 91 3645 Ψ·
176 3622 321 3663 gessimus,
338 3629 369 3669 {st
384 3629 553 3658 continuatis
565 3628 702 3658 benivolis
720 3627 814 3657 studiis
828 3637 922 3667 gerere
937 3639 996 3660 non
1011 3627 1164 3665 cessamus,

212 3661 260 3704 Ut
279 3662 480 3704 Celsitudinem
502 3666 621 3705 Regiam
655 3667 732 3704 cujus
754 3666 947 3697 exaltationem
967 3668 1001 3698 &
1019 3667 1135 3707 gloriam
1150 3666 1226 3696 sum-

178 3707 232 3728 mis
252 3698 384 3732 desideriis
404 3704 582 3742 affec‘tamus,
601 3714 615 3733 a
654 3714 685 3733 ea
707 3704 870 3735 inducamus
886 3705 1020 3745 sollicite,
1039 3715 1087 3743 per
1098 3714 1178 3742 quae,
1196 3706 1226 3733 in

177 3736 329 3779 conspecstu
349 3740 434 3778 Regis
455 3742 590 3780 altiffimi,
607 3752 655 3780 per
677 3752 762 3780 quem
778 3742 872 3781 Reges
883 3753 1016 3782 regnant,
1035 3745 1068 3775 &
1081 3742 1225 3779 Principes

178 3774 373 3818 dominantur,
391 3772 425 3808 de
439 3781 518 3810 bono
532 3781 639 3818 semper
655 3782 684 3810 in
697 3781 795 3810 melitis
808 3781 926 3811 reddaris
943 3784 1105 3819 acceptior,
1122 3790 1226 3811 occur-

178 3821 219 3841 ras
241 3821 358 3856 gratior,
383 3818 471 3846 carior
491 3819 628 3856 habearis,
653 3829 685 3848 ac
707 3819 736 3847 in
758 3818 865 3855 Regno
886 3820 986 3850 mundi
1006 3820 1086 3851 claris
1101 3820 1226 3849 nominis

179 3849 263 3888 Regii
276 3853 420 3889 copiosum
434 3858 575 3891 proveniat
592 3858 810 3886 incrementum.

215 3889 234 3907 ³¹²
253 3888 325 3918 Sane
338 3912 346 3925 ,
361 3891 404 3931 ‚ab
422 3893 482 3927 ipsis
504 3895 607 3924 nostrae
629 3895 817 3931 promotionis
835 3895 958 3932 auspiciis
974 3919 984 3934 ,
1007 3895 1042 3925 ad
1062 3895 1223 3932 generalem

177 3925 280 3971 statum
295 3925 419 3971 fidelium
433 3933 532 3960 meritis
547 3934 635 3962 aciem
652 3932 843 3970 extendenteS,
859 3935 892 3964 ὃς
906 3934 1112 3964 considerantes
1133 3941 1224 3963 atten-

177 3972 230 3993 tius
245 3973 359 4007 gravem
370 3987 379 4002 ,
394 3975 485 3997 immo
495 3970 678 4003 gravissimam
687 3972 737 4007 ,&
752 3972 874 4001 omnino
886 3974 1053 4002 contrariam
1068 3973 1142 4002 votis
1155 3981 1223 4001 nos-

177 4009 223 4030 tris
244 4011 314 4031 inter
335 4012 378 4040 te,
395 4004 427 4033 ὃς
448 4005 616 4048 carissimum
639 4010 667 4037 in
682 4008 799 4038 Christo
814 4008 901 4038 filium
917 4010 1044 4040 nostrum
1059 4009 1222 4047 Philippum

176 4038 292 4082 Regem
314 4040 487 4070 Francorum
508 4043 655 4086 illustrem,
674 4048 801 4082 proxima
821 4047 871 4076 tibi
893 4049 1131 4087 consanguinitate
1151 4056 1224 4076 con-

169 4078 317 4116 Junettim,
343 4088 509 4116 procurante
529 4091 604 4119 pacis
621 4084 743 4122 aemulo,
768 4085 915 4116 incentore
935 4087 1095 4125 malorum,
1117 4084 1224 4116 discor-

28 3911 157 3947 ⁶11.670.

644 167 1887 235 CONVENTIONES,L1TERAE‚

1281 269 1357 312 diam
1371 269 1539 313 suscitatam,
1557 272 1637 304 firma
1652 274 1685 304 &
1699 272 1788 304 stabili
1800 271 1980 311 dispositione
1997 271 2190 310 decrevimus,
2206 279 2239 302 ut
2258 270 2339 313 super
2351 273 2426 305 Ann.
2438 269 2483 304 D.

1282 307 1442 351 hujusmodi
1461 313 1595 350 negotio,
1614 311 1695 342 cordi
1713 311 1812 342 nostro
1830 310 1971 352 potissime
1991 310 2142 349 insidente,
2160 310 2286 341 solean&
2307 310 2342 340 ad
2373 319 2457 351 1295.

1284 347 1457 383 praesentiam
1472 348 1592 388 Regiam
1606 350 1742 381 Nuncios
1755 351 1788 379 ὃς
1801 350 1901 380 litteras
1916 351 2100 379 mitteremus.
2353 354 2421 381 Edv.
2445 361 2468 378 ι.

1322 385 1377 414 Sed
1399 394 1514 422 proprer
1535 387 1665 418 nostrum
1680 389 1715 418 de
1729 387 1851 418 Civitate
1865 387 2097 425 Neapolitanensi
2109 386 2276 424 discessum,
2293 386 2344 416 ubi

1283 430 1353 453 tunc
1373 422 1506 466 Romana
1523 425 1610 457 Curia
1631 427 1779 465 relidebat,
1796 426 1982 464 nostrumque
2004 424 2146 456 accessum
2165 426 2200 455 ad
2222 425 2343 463 urbem,

1285 470 1371 503 quem
1392 471 1502 493 viarum
1523 465 1678 502 periculosa
1691 465 1848 495 discrimina
1861 474 1922 495 non
1938 464 2086 495 modicum
2101 464 2290 502 retardarunt,
2308 473 2342 494 ac

1286 508 1370 542 etiarn
1390 500 1431 543 ob
1451 501 1557 532 nostrae
1579 504 1649 533 inibi
1671 504 1809 533 celebrata
1828 503 2044 534 consecrationis
2057 502 2179 533 solennia
2198 502 2342 541 impediti,

1285 546 1465 574 nequivimus
1479 542 1560 571 citius
1571 541 1606 571 N
1609 543 1705 571 uncios
1719 542 1886 580 praemites,
1902 543 1935 572 δε
1950 541 2050 571 litteras
2063 540 2209 572 destinare.

1306 613 1311 618 ᾗ
1325 575 1530 623 Revemgfili,
1547 589 1728 618 nequaquam
1742 580 1835 611 sumus
1849 581 2053 618 immemores,
2071 581 2140 617 quin
2153 581 2244 619 potius
2263 587 2343 610 tena-

1286 622 1312 642 ci
1328 623 1470 658 memoria
1482 619 1649 656 retinemus,
1667 618 1745 656 quod
1762 629 1814 648 nos
1835 619 1988 656 hactenus,
2006 617 2077 647 dum
2097 617 2218 648 essemus
2238 619 2266 647 in
2288 619 2344 648 rni-

1284 661 1348 681 nori
1362 652 1464 695 officio
1476 655 1637 694 constituti,
1653 657 1764 687 sinceris
1784 656 1931 688 affectibus
1949 656 2085 694 dilexisti,
2104 656 2248 694 plenisque
2265 656 2344 687 fuisti

1285 690 1430 720 favoribus
1444 694 1612 729 prosecutus.
1854 721 1857 724 -

1310 727 1451 775 ‘ideo-que
1462 731 1532 762 dum
1545 732 1657 763 solerter
1667 732 1836 763 attendimus
1851 734 2015 772 quantis,&
2030 743 2115 772 quam
2129 732 2257 772 gravibus
2272 741 2346 770 prae-

1287 765 1362 797 dicta
1376 768 1516 801 discordia
1531 771 1655 801 noscitur
1668 771 1769 801 onusta
1785 771 1948 810 dispendiis,
1965 781 2036 809 quot
2049 773 2082 803 δι’
2098 781 2200 810 quanta
2219 771 2343 809 pericula

1286 805 1382 835 secum
1402 809 1501 847 trahit,
1527 810 1613 846 quam
1630 810 1782 847 dampnosa
1802 809 1927 840 fidelibus
1947 810 2084 849 redditur,
2109 811 2196 849 quain
2218 810 2343 849 graviter

1285 845 1378 874 turbat
1389 844 1424 888 ’δε
1441 848 1559 884 impedit
1573 849 1721 887 negotium
1735 849 1836 878 Terre
1848 848 1968 886 sanc'tae,
1987 858 2170 886 quamtumve
2190 857 2338 887 propterea

1284 881 1353 926 Deo
1366 882 1509 927 displicere
1521 886 1688 923 dinoscitur,
1705 888 1847 916 anxiamur
1859 895 1889 916 ut
1901 895 1992 924 pater,
2011 887 2164 918 sauciamur
2178 896 2208 918 ut
2231 895 2338 925 mater,

1284 930 1312 949 m
1330 929 1433 964 intimls
1448 925 1591 954 turbimur
1605 926 1721 954 amarius
1736 933 1765 954 ut
1779 933 1904 962 amator,
1922 935 1975 955 nec
1991 925 2137 962 possumus
2151 927 2251 964 quietis
2260 926 2338 956 refo-

1282 969 1341 1002 veri
1359 959 1523 1004 dulcedine,
1540 961 1633 992 donec
1654 963 1830 1000 praelibatum
1848 964 1998 1000 negotium
2018 973 2148 1001 optatum
2165 965 2198 996 ὃς
2216 963 2337 995 celerem

1285 1006 1407 1036 exitum,
1421 1009 1500 1037 JuXta
1513 1000 1602 1030 nostri
1615 1002 1709 1031 cordis
1721 1001 1905 1039 desiderium,
1922 1001 2057 1032 sortiatur.

1320 1035 1400 1066 Cum
1417 1039 1509 1076 itaque
1529 1039 1700 1069 venerabiles
1721 1040 1816 1070 fratres
1834 1039 1962 1077 nostrOS,
1981 1039 2011 1070 Β.
2030 1040 2233 1079 Albanensern,
2250 1041 2283 1072 &
2304 1040 2335 1071 S.

1281 1073 1522 1120 Penestriiiensem
1544 1076 1718 1116 Episcopos,
1735 1078 1803 1108 sedis
1825 1077 2003 1115 Apostolicae
2024 1078 2176 1117 Nuncios,
2195 1080 2336 1110 exhibito-

1280 1123 1322 1143 res
1343 1117 1539 1153 praesentium,
1558 1118 1632 1146 viros
1656 1118 1752 1154 utique
1772 1116 1906 1154 profundi
1924 1116 2060 1154 Consilii,
2085 1118 2162 1148 viros
2180 1117 2335 1147 litterarum

1278 1152 1388 1182 scientia
1408 1154 1556 1192 praeditos,
1574 1165 1608 1185 ac
1631 1154 1802 1185 diversarum
1820 1156 1959 1186 vvirtutum
1979 1154 2061 1185 titulis
2081 1155 2241 1194 insignitos,
2264 1165 2336 1186 nec-

1280 1201 1341 1221 non
1354 1193 1427 1229 pacis
1441 1194 1474 1224 &
1487 1193 1651 1223 concordiae
1663 1203 1816 1232 amatores,
1833 1193 1867 1223 ad
1880 1203 1924 1232 te,
1941 1193 2053 1224 diist-um
2068 1193 2183 1231 Regem
2206 1193 2338 1234 Anghae,

1279 1239 1414 1298 {anquam
1430 1232 1504 1269 pacis
1516 1232 1647 1272 angelos,
1665 1232 1731 1263 licet
1744 1242 1844 1263 eorum
1859 1233 1942 1263 inviti
1953 1241 2094 1263 careamus
2108 1232 2268 1271 praesentia,
2286 1232 2338 1263 de-

1306 1278 1419 1300 mamus.

1314 1306 1515 1349 Excellentiam
1528 1308 1651 1349 Regiam
1665 1318 1814 1379 rffiamus,
1832 1310 1866 1341 &
1879 1310 2025 1340 hortamur
2037 1310 2184 1348 attentius,
2201 1318 2234 1339 ac
2254 1308 2339 1339 obse-

1279 1356 1388 1376 cramus
1403 1348 1431 1376 in
1448 1348 1582 1378 Domino
1590 1348 1666 1386 Jehu
1710 1347 1815 1386 hristo,
1835 1350 1978 1386 quatinus,
1996 1349 2036 1378 ob
2050 1348 2177 1379 divinam
2193 1348 2226 1378 ὃ(
2242 1347 2336 1385 Apos-

1276 1384 1371 1414 tolicae
1391 1384 1461 1416 sedis
1481 1388 1680 1425 reverentiam,
1705 1397 1878 1417 memoratos
1898 1386 2071 1425 Episcopos,
2096 1396 2209 1425 magnas
2236 1388 2333 1424 utique

1277 1423 1443 1462 columpnas
1465 1423 1617 1463 Ecclesiae,
1635 1427 1732 1464 tuique
1752 1426 1865 1456 honoris
1888 1426 1922 1457 &
1942 1425 2027 1455 famae
2041 1425 2164 1455 fervidos
2179 1425 2334 1463 zelatores,

1275 1470 1408 1504 tanquam
1429 1462 1500 1493 silius
1520 1463 1725 1494 benedictionis
1744 1465 1777 1495 δε
1799 1464 1895 1501 gratiae
1908 1464 2030 1503 benigne
2043 1465 2194 1502 recipiens,
2211 1462 2332 1493 honeste

1276 1505 1460 1543 prosequens,
1479 1502 1512 1532 ὃ(
1526 1501 1742 1533 honorificentia
1757 1502 1899 1533 condona
1913 1502 2096 1540 pertractans,
2114 1511 2216 1532 attente
2231 1501 2335 1541 audias,

1275 1539 1425 1576 diligenter
1445 1539 1594 1578 intelligas,
1613 1542 1646 1572 &
1669 1540 1819 1572 efficaciter
1836 1513 1947 1571 ¹siudeas
1966 1541 2119 1579 adimplere
2133 1551 2198 1578 quae
2212 1540 2279 1578 ipsi,
2298 1542 2333 1572 &

1274 1587 1375 1646 {orum
1388 1578 1504 1617 quilibet
1516 1588 1616 1609 coram
1631 1588 1660 1610 te
1680 1579 1757 1618 super
1771 1579 1874 1611 eodem
1893 1580 2012 1618 negotio
2024 1579 2152 1610 duxerint
2172 1589 2336 1617 proponen-

1296 1626 1325 1646 a:

1312 1654 1359 1685 Sic
1382 1663 1410 1685 te
1431 1657 1460 1685 in
1478 1656 1530 1685 hiis
1551 1655 1656 1688 devote
1670 1666 1703 1688 ac
1718 1658 1868 1695 prompte,
1889 1665 1971 1695 prout
1984 1656 2122 1694 speramus
2136 1656 2169 1688 &
2184 1657 2333 1695 cupimus,

1276 1693 1436 1731 habiturus,
1455 1697 1500 1732 ut,
1518 1693 1689 1726 difficultatis
1711 1696 1744 1726 δε
1764 1696 1879 1735 repulsae
1897 1695 2043 1734 cujussibet
2057 1695 2158 1735 procul
2168 1696 2254 1726 obice
2266 1705 2334 1732 pro-

1275 1732 1390 1769 fligato,
1409 1732 1497 1772 Regis
1512 1732 1671 1764 devotionis
1685 1733 1821 1764 sinceritas
1836 1733 1936 1764 exinde
1954 1733 2054 1764 clarius
2076 1733 2212 1764 elucescat
2225 1756 2235 1772 ,
2260 1731 2333 1764 tua}-

1273 1779 1329 1807 que
1350 1770 1433 1813 famae
1453 1773 1644 1811 praeconium,
1662 1773 1790 1810 quamvis
1810 1772 1938 1810 amplum
1959 1773 1993 1803 &
2013 1771 2162 1810 diffusum,
2188 1773 2216 1802 in
2238 1771 2333 1801 seculo

1275 1812 1438 1846 propensius
1453 1819 1600 1848 augeatur,
1618 1820 1651 1841 ac
1666 1811 1732 1841 sedis
1748 1811 1924 1848 Apostolicae
1936 1812 2070 1851 gratiam,
2085 1820 2149 1849 quae
2163 1811 2238 1842 circa
2257 1809 2333 1840 filios

1273 1847 1395 1878 devotos
1411 1848 1580 1887 exhuberat,
1597 1849 1800 1880 habundantius
1812 1850 1951 1880 merearis.

1306 1922 1376 1967 Dat.
1398 1923 1525 1956 Lateran.
1543 1925 1697 1956 undecimo
1719 1925 1785 1956 Kal.
1804 1924 1918 1959 Martii,
1938 1924 2125 1958 Pontificatfis
2147 1924 2236 1957 nostri
2257 1934 2334 1956 anno

1271 1971 1375 1999 primo.

1931 2041 1985 2073 Sub
1994 2041 2049 2083 filo
2068 2040 2173 2072 canabi.

1298 2175 1346 2207 De
1368 2173 1651 2207 recommendatione
1670 2177 1783 2208 Prioris
1799 2177 1836 2212 ὠ·
1846 2174 1990 2219 fratrum
2011 2174 2178 2221 Hospitalis
2193 2173 2296 2207 Sanfli

1485 2221 1640 2268 Johannis
1661 2222 1920 2268 Hierosblimitani
1941 2227 1972 2255 in
1988 2225 2117 2270 Anglia.

1331 2305 1476 2337 Onifacius
1491 2306 1662 2346 Episcopus,
1680 2307 1773 2338 servus
1787 2307 1932 2338 servorum
1946 2305 2168 2345 Dei,cariffimo
2182 2308 2212 2337 in
2225 2305 2325 2337 Chris·
2339 2309 2415 2340 Ann.
2432 2308 2476 2341 D,

1340 2353 1371 2375 to
1385 2345 1443 2374 filio
1455 2345 1489 2375 E.
1509 2346 1585 2385 Regi
1598 2346 1710 2385 Angliae
1725 2345 1839 2385 illustri,
1852 2347 1965 2377 fiilutem
1981 2347 2015 2377 &
2029 2345 2226 2383 Apostolicarn
2238 2347 2324 2376 bene-
2358 2357 2444 2387 1295.

1269 2383 1436 2413 diffionem.
2337 2391 2390 2416 Aa.
2407 2397 2453 2424 23.

1304 2421 1425 2460 Qanto
1447 2431 1512 2459 erga
1535 2421 1691 2452 Ccelorum
1712 2423 1828 2462 Regem
1851 2423 1884 2453 &
1896 2421 2080 2460 Dominum,
2099 2432 2148 2460 per
2163 2431 2249 2460 quem
2265 2421 2326 2452 Re·
2342 2430 2370 2453 Ε.
2394 2435 2417 2452 i.

1267 2460 1372 2497 galibus
1387 2460 1470 2491 titulis
1486 2463 1651 2500 praemines,
1669 2462 1703 2492 &
1719 2461 1884 2492 Romanam
1903 2460 2062 2492 Ecclesiam
2083 2460 2210 2491 Matrem
2232 2469 2329 2498 tuam,
2343 2468 2382 2491 Ex
2396 2467 2457 2496 Am,

1268 2507 1333 2535 quae
1345 2508 1374 2529 te
1385 2499 1414 2528 in
1427 2499 1578 2530 visceribus
1593 2501 1694 2530 retinet
1709 2501 1842 2538 caritatis,
1861 2499 2016 2530 sincerioris
2029 2499 2190 2531 devotionis
2204 2499 2329 2530 claritate
2341 2510 2407 2539 togr.

1268 2537 1434 2576 praerudlas,
1453 2537 1487 2568 ὅ(
1501 2538 1686 2578 propensioris
1697 2539 1863 2569 reverentiae
1878 2538 1974 2568 zelum
1997 2547 2097 2575 gerere
2114 2536 2328 2575 comprobariS,

1267 2584 1349 2606 tanto
1362 2576 1482 2614 pleniori
1494 2576 1595 2607 fiducia
1609 2576 1774 2607 Celsitudini
1789 2577 1889 2616 Regiae
1903 2586 1956 2614 pro
1988 2578 2090 2607 ersonis
2110 2576 2274 2616 Religiofis,
2293 2576 2327 2606 &

1267 2613 1319 2656 illis
1342 2614 1500 2653 potissime,
1518 2625 1598 2654 quae,
1617 2616 1710 2646 divina
1735 2615 1932 2654 prosequentes
1953 2625 1974 2645 o
1995 2615 2103 2653 sequia‚
2119 2615 2146 2645 se
2169 2617 2202 2647 ὃς
2215 2615 2260 2645 sua
2275 2623 2329 2652 pro

1267 2661 1305 2694 eis
1315 2653 1481 2694 ⁵periculosis
1496 2655 1642 2684 eventibus
1655 2663 1798 2692 exponere
1810 2664 1870 2684 non
1884 2662 2034 2692 verentur,
2053 2655 2213 2691 precamina
2233 2652 2330 2683 nostra

1268 2690 1430 2733 dirigimus,
1449 2691 1494 2729 spe
1513 2691 1593 2722 ducti
1615 2703 1674 2723 non
1697 2693 1781 2723 dubia
1794 2692 1874 2731 qu'od
1889 2702 1920 2722 ea
1933 2692 2068 2730 prompt&
2080 2692 2236 2723 devotione
2256 2691 2330 2722 reci-

1265 2738 1322 2765 pies
1357 2729 1391 2759 &
1406 2728 1514 2760 efficaci
1526 2729 1619 2761 studio
1633 2731 1807 2769 adimplebis.

1309 2752 1389 2797 Cum
1403 2769 1495 2807 itaque
1506 2769 1624 2799 dileetus
1636 2768 1724 2806 filius,
1743 2769 1825 2799 frater
1839 2767 1939 2798 Petrus
1950 2767 1986 2797 de
1999 2767 2155 2805 Hocham,
2174 2766 2256 2797 Prior
2274 2766 2330 2797 do-

1268 2814 1386 2835 morum
1407 2806 1559 2844 Hospitalis
1577 2806 1673 2837 Sane‘ti
1693 2807 1829 2846 Johannis
1844 2805 2061 2844 jerosolimitani
2078 2828 2088 2844 ,
2114 2815 2164 2842 pei·
2187 2805 2327 2844 Regnum

1270 2842 1382 2882 Angliae
1402 2844 1633 2883 consistentium,
1650 2846 1684 2876 &
1705 2845 1786 2882 ipsius
1806 2844 1956 2882 Hospitalis
1967 2843 2078 2881 fratres,
2097 2853 2151 2881 pro
2163 2843 2327 2874 defensione

1268 2882 1416 2913 catholicae
1429 2882 1512 2921 fidei,
1531 2893 1615 2921 quam
1630 2884 1726 2913 nefarii
1739 2884 1796 2922 ejus
1806 2881 1900 2913 hostes
1914 2883 2080 2951 imffiignare
2099 2891 2159 2912 non
2179 2881 2328 2920 desinunt,

1270 2920 1464 2951 constantibus
1477 2922 1577 2951 animis
1591 2921 1772 2959 dimicantes,
1788 2920 1856 2951 dirae
1869 2921 1947 2951 necis
1981 2921 1986 2926 “
1999 2921 2118 2951 crimina
2131 2930 2194 2951 non
2211 2921 2328 2959 evitent,

1271 2959 1304 2989 &
1317 2968 1463 2996 propterea
1477 2959 1549 2998 ipsos
1562 2960 1650 2998 plenis
1665 2960 1806 2990 favoribus
1823 2960 2038 2997 prosequamur,

1308 2998 1327 3016 ²*
1347 2996 1486 3066 Regalem
1499 2998 1737 3035 magnificentiam
1750 3007 1898 3037 rogamus,
1915 2999 1949 3029 &
1962 2997 2109 3029 hortamur
2125 2998 2154 3027 in
2176 2996 2327 3044 Domino,
2342 3016 2396 3044 *11
2408 3015 2424 3042 6
2448 3024 2458 3042 ι

1268 3035 1297 3065 in
1320 3037 1391 3065 remi
1416 3046 1513 3066 ionem
1536 3037 1588 3067 tibi
1610 3038 1809 3075 peccaminum
1824 3036 1983 3074 suadentes,
2001 3037 2148 3074 quatinus,
2165 3045 2217 3074 pro
2231 3035 2329 3067 divina
2400 3035 2405 3042 '
2428 3024 2441 3050 7
2463 3035 2473 3043 '

1270 3074 1304 3104 δε
1321 3073 1496 3111 Apostolicae
1510 3074 1579 3105 sedis
1594 3075 1765 3113 reverentia,
1781 3083 1894 3113 tuaeque
1905 3074 1994 3105 salutis
2015 3083 2191 3113 augmento,
2208 3074 2330 3112 praedic-

1268 3120 1312 3142 tos
1333 3114 1455 3149 priorem
1475 3114 1509 3143 &
1528 3113 1624 3144 fratres
1641 3137 1650 3152 ,
1676 3123 1743 3144 curn
1764 3114 1846 3143 bonis
1865 3113 2003 3151 hospitalis
2025 3112 2147 3151 ejusdem
2191 3113 2262 3143 infra
2281 3113 2324 3142 tui

1271 3149 1368 3190 Regni
1382 3150 1504 3181 confinia
1526 3151 1698 3189 constitutis,
1715 3151 1819 3181 habens
1837 3151 1988 3189 specialiter
2008 3135 2239 3188 commendatos,
2256 3151 2329 3188 ipsos

1267 3190 1414 3226 oportunis
1432 3189 1574 3220 favoribus
1595 3190 1629 3220 &
1648 3190 1753 3220 auxiliis
1775 3190 1962 3228 prosequaris,
1980 3198 2029 3228 ut,
2047 3189 2093 3219 tali
2114 3189 2147 3220 &
2168 3197 2247 3219 tanto
2266 3188 2331 3220 fulti

1266 3226 1398 3266 suffragio
1407 3227 1528 3265 „divina
1537 3251 1546 3265 ,
1561 3228 1661 3265 quibus
1675 3228 2018 3267 immorantur,obsequia
2032 3227 2124 3258 utilius
2137 3227 2171 3257 &
2185 3227 2330 3258 efficacius

1268 3266 1378 3296 valeant
1391 3275 1537 3303 exercere,
1555 3264 1644 3303 tuque
1658 3266 1776 3304 proinde
1789 3267 1825 3296 ab
1838 3268 1971 3297 oninium
1986 3267 2155 3296 retributore
2171 3265 2329 3303 bonorum,

1268 3313 1369 3341 praeter
1386 3303 1470 3334 laudis
1489 3304 1620 3334 humanae
1643 3307 1820 3343 praeconium
1836 3328 1846 3344 ,
1869 3305 2058 3336 retributionis
2075 3312 2189 3335 aeternae
2211 3305 2329 3342 praemia

1267 3343 1403 3380 consequi
1421 3343 1559 3372 merearis.

1303 3417 1370 3450 Dat.
1390 3417 1520 3449 Lateran.
1539 3418 1639 3456 quinto
1653 3417 1718 3449 Kal.
1738 3419 1854 3458 Martii,
1874 3419 2059 3452 Pontificattis
2075 3418 2164 3450 nostri
2177 3427 2253 3450 anno
2271 3418 2328 3456 pri—

1267 3465 1328 3487 mo.

1930 3536 1985 3566 Sub
1994 3534 2048 3578 filo
2062 3536 2168 3567 canabi.

1268 3660 1377 3701 Bulla,
1406 3658 1442 3691 de
1468 3662 1545 3692 Pace
1565 3664 1642 3693 inter
1663 3662 1779 3708 Angliae
1798 3664 1835 3700 (5·-
1853 3663 1984 3694 Francia
2009 3664 2117 3709 Reges,
2142 3658 2320 3693 hortatoria.

1268 3744 1319 3804 B
1329 3743 1475 3774 Onifacius
1488 3743 1659 3782 Episcopus,
1677 3745 1770 3776 servus
1785 3745 1930 3776 servorum
1943 3745 2019 3784 Dei,
2037 3743 2176 3776 carissimo
2189 3743 2216 3772 in
2224 3741 2322 3772 Chris·
2334 3743 2409 3774 Anii.
2423 3743 2466 3776 D.
2499 3769 2503 3771 .

1338 3790 1369 3811 to
1385 3781 1443 3812 filio
1458 3781 1592 3813 Edvardo
1605 3784 1681 3824 Regi
1695 3785 1806 3824 Angli-„e
1820 3784 1932 3823 illustri,
1948 3784 2064 3814 salutem
2077 3782 2111 3812 &
2123 3779 2318 3820 Apostolicam
2353 3791 2436 3821 1295.

1267 3819 1499 3850 benedicCtionem
1509 3843 1518 3857 ,
2331 3825 2383 3849 Aa.
2400 3830 2449 3858 23.

1305 3856 1410 3894 Nuper
1425 3858 1459 3887 ad
1472 3858 1565 3889 sedem
1580 3859 1777 3899 Apostolicam
1790 3859 1956 3889 accedentes
1967 3857 2085 3887 dileetos
2107 3854 2192 3892 filios,
2212 3855 2319 3897 Magis·
2331 3864 2358 3887 E.
2381 3869 2404 3887 i.

1266 3904 1325 3926 tros
1340 3894 1503 3926 Gerardum
1517 3897 1553 3927 de
1566 3897 1706 3937 Wyspens
1722 3897 1943 3928 Richemundiae
1950 3896 2000 3934 ,δε
2009 3894 2168 3932 Johannern
2183 3893 2218 3924 de
2227 3894 2320 3925 Cran-
2332 3902 2370 3924 Εκ
2385 3900 2446 3925 Λιι-

1267 3934 1358 3963 cumb
1374 3932 1568 3973 Estridingiae,
1587 3937 1616 3966 in
1627 3935 1754 3966 Ecclesia
1766 3934 1936 3966 Eboracensi
1961 3931 2199 3970 Archidiaconos,
2218 3932 2319 3974 Regiae
2331 3943 2396 3973 togr.

1267 3969 1445 4001 Cellitudinis
1466 3972 1499 4002 N
1503 3975 1617 4012 uncios,
1640 3975 1760 4004 libenter
1779 3973 1917 4010 vidimus,
1939 3970 1973 4000 &
1991 3968 2144 4000 affedtuose
2164 3973 2322 4009 recepimus

1265 4010 1367 4039 intuitu
1381 4009 1554 4041 destinantis:
1574 4013 1607 4043 &
1622 4021 1679 4042 tam
1694 4021 1759 4049 quae
1775 4020 1874 4041 coram
1887 4009 1986 4044 nobis,
2001 4016 2035 4036 ex
2049 4015 2125 4050 parte
2141 4008 2323 4050 Regia,pro-

1267 4057 1374 4084 ponere
1386 4050 1553 4087 voluerunt,
1572 4050 1659 4088 quam
1675 4058 1738 4087 quae
1751 4050 1781 4078 in
1797 4049 1849 4078 tuis
1865 4045 2036 4076 habebantur
2050 4046 2162 4086 htteris,
2174 4048 2256 4079 nobis
2270 4058 2322 4088 per

1264 4086 1336 4123 ipsos
1351 4087 1497 4126 exhibitis,
1516 4088 1604 4127 pleno
1616 4087 1784 4126 collegimus
1795 4084 1947 4116 intellectu.
2235 4123 2257 4155 S

2257 4133 2327 4162 ane,
