2560 4261
5 279 82 317 ’Anii
98 277 139 310 D.

9 327 91 358 1193.

19 2285 38 2305 ·
51 2286 73 2314 1.
87 2284 132 2322 83.

33 3629 100 3660 Anti
124 3627 163 3659 D.

36 3653 118 3706 1193'.

33 3709 165 3741 αις-λιι.

748 189 858 232 ET
939 188 1204 233 ACTA

201 287 226 317 7.
243 279 351 311 Comes
370 277 483 309 Pei-ticii
506 276 624 307 redditus
645 276 704 307 suos
728 277 758 307 in
778 276 878 315 Anglia
900 277 1005 316 integre
1018 276 1131 307 habebit
1146 298 1155 314 ,
1180 275 1213 306 &

162 315 227 353 Rex
241 319 370 357 Angliae,
389 318 422 347 &
435 317 473 346 sui
486 325 585 354 pacem
599 316 624 345 ei
635 315 777 345 tenebunt.

200 358 225 387 8.
245 357 353 387 Comes
365 355 497 385 Mellenti
513 361 612 383 terram
626 354 702 383 suam
714 353 872 391 rehabebit,
896 363 960 392 quae
973 353 1013 384 est
1026 354 1056 383 in
1068 361 1137 384 terra
1153 351 1214 382 Re-

262 395 331 424 oliae.
394 400 396 402 '

160 395 371 472 gls§.qtfflando
384 430 449 460 Rex
462 428 574 468 Angliae
588 429 723 459 revenerit
740 430 768 459 in
783 438 882 469 pacem
897 429 985 469 Regis
998 429 1140 467 Franciae,
1159 429 1214 466 ipse

159 472 242 502 faciet
256 471 328 508 Regi
344 469 469 498 Franciae
483 468 606 505 servitia,
633 468 665 497 &
681 467 788 506 justitias
801 469 829 497 in
842 468 927 497 Curia
944 469 1028 506 Regis
1040 467 1063 496 F
1065 469 1166 497 1306136
1178 467 1214 497 de

158 509 266 549 singulis
277 507 381 546 feodis,
402 516 465 545 quae
479 507 515 536 ab
536 516 571 536 eo
588 514 680 543 tenet,
695 507 763 536 sicut
778 506 885 544 singulis
898 506 994 535 feodus
1007 512 1140 545 apportat.

198 556 242 577 10.
262 546 413 583 Praeterea,
432 545 495 574 Rex
510 544 621 584 Angliae
635 544 680 574 dat
698 543 772 583 Regi
787 544 914 574 Franciae
926 545 1023 583 viginti
1037 544 1121 573 11111113
1136 542 1215 572 Μ31-

159 595 257 616 carum
276 585 345 614 boni
366 584 497 623 Argenti,
522 584 556 613 ὃ(
577 583 636 621 01111
659 581 692 612 3(1
714 582 822 619 pondus
841 583 1004 620 Tieeeniis,
1026 582 1214 621 persolvendas

159 633 209 665 per
231 623 301 653 duos
324 623 422 653 Annos
442 620 564 658 ibidem,
586 621 626 650 his
646 620 782 650 terminis:
803 620 851 650 Ad
864 621 989 660 primum
1001 620 1149 650 dimidium
1165 631 1214 650 an-

159 671 231 693 num
249 662 262 691 ἒι
285 661 330 691 (116
351 660 518 691 liberationis
532 659 585 689 suae
600 659 635 688 de
649 658 789 697 Captione
805 657 979 697 Imperatoris
991 659 1114 698 quinque
1130 659 1214 688 millia

159 699 341 730 Marcarum:
358 698 396 729 Et
418 699 454 728 ab
477 708 514 728 eo
535 698 656 728 termino
677 697 711 727 ad
735 698 867 734 proximo
893 697 918 727 se
939 707 1051 727 uentem
1064 697 1212 727 dimidium

161 748 272 769 annum»
289 738 411 778 quinque
429 736 514 766 millia
533 735 711 765 Marcarum:
735 735 769 766 Et
789 735 886 766 exinde
905 746 920 765 a
953 737 1085 772 proximo
1098 736 1213 774 sequen-

162 785 223 807 tem
236 775 384 810 dimidium
397 784 503 805 annum
518 775 640 814 quinque
657 774 739 804 millia
752 773 917 804 Marcarum
932 774 1055 813 Argenti.

203 825 246 845 11.
266 815 321 852 Et,
339 824 391 855 pro
402 813 443 843 his
457 813 694 843 conventionibus
712 813 844 842 omnibus
858 812 1049 851 observandis,
1071 812 1136 842 Rex
1152 811 1215 841 An-

182 853 227 884 liae
249 854 338 884 tradet
356 853 430 892 Regi
450 852 575 881 Franciae
587 850 699 881 Luches
715 874 724 889 ,
753 852 785 882 &
801 851 991 881 Castelionem
1006 851 1080 888 supra
1092 849 1216 880 Edriain:

190 901 201 923 t
223 890 440 931 Archiepiscopo
463 889 598 920 Remensi
621 889 792 927 Drieneurt,
817 891 849 921 &
872 889 987 928 Arches.
1023 888 1099 918 Haec
1119 896 1213 918 autem

160 938 277 971 quatuor
297 929 414 960 Castella
438 928 628 959 custodientur
641 927 675 958 ad
690 928 815 965 expensas
830 928 916 967 Regis
931 928 1053 967 Angliae3
1070 927 1106 957 ita
1120 934 1215 956 tamen

185 968 242 999 uod
263 978 315 1007 pro
338 967 466 1005 Laches,
485 967 518 997 ὅ(
532 976 584 1006 pro
597 965 756 996 Castelione
773 966 977 1004 custodiendis,
997 964 1166 995 Willielmus
1178 963 1214 993 de

161 980 310 1045 Rupibus,
327 1015 374 1037 aut
392 1006 453 1043 ille,
493 1006 519 1035 ui
544 1004 626 1035 Loco
649 1006 704 1042 ejus
724 1005 791 1042 erit,
807 1005 894 1035 tradet
918 1004 993 1043 Regi
1013 1002 1036 1032 F
1038 1003 1137 1031 ranciae
1157 1001 1216 1043 duo

162 1046 246 1077 millia
259 1044 407 1075 Librarum
424 1044 470 1074 An
490 1044 594 1083 egaviae
607 1043 714 1082 singulis
728 1044 883 1080 mentibus,
896 1050 1030 1082 quantum
1045 1041 1078 1070 ad
1092 1042 1216 1069 01601610

161 1084 259 1114 contin
280 1092 323 1121 61,
341 1084 374 1113 &
394 1082 500 1120 semper
519 1082 554 1112 de
566 1082 728 1112 vidualibus
742 1090 863 1122 apponet
877 1082 906 1110 in
918 1080 967 1110 illis
981 1079 1090 1109 duobus
1105 1077 1215 1107 Castel-

161 1122 195 1152 lis
206 1121 240 1152 ad
275 1131 324 1152 uos
341 1121 462 1158 menses,
488 1122 516 1150 in
532 1120 642 1150 Luches
656 1120 690 1150 ad
703 1120 834 1150 undecim
851 1119 967 1155 milites,
992 1119 1025 1149 &
1038 1116 1165 1147 Centum
1180 1117 1214 1146 ὅ(

161 1169 280 1200 quatuor
293 1160 408 1198 milites,
427 1160 460 1190 ὃ(
475 1159 600 1189 Centum
616 1159 647 1188 δε
662 1158 836 1197 quadraginta
850 1157 1011 1194 servientes,
1035 1156 1064 1185 in
1079 1154 1216 1186 Castelio-

162 1209 199 1229 ne
214 1199 247 1229 ad
280 1207 356 1229 uator
371 1199 469 1228 milites
485 1199 518 1228 ὅ(
534 1196 708 1236 quadraginta
721 1197 872 1236 servientes.
1086 1232 1092 1237 .
1181 1232 1186 1237 ι

204 1247 247 1267 12.
300 1247 315 1267 e
342 1237 495 1266 Driencurt
515 1237 547 1266 &
561 1236 595 1265 de
611 1234 715 1265 Arches
729 1233 914 1264 Senelchallus
928 1233 1120 1263 Normanmae
1134 1231 1216 1262 faciet

164 1285 218 1313 pro
232 1275 411 1314 victualibus,
430 1276 462 1305 ὅ(
479 1274 619 1310 custodia,
633 1272 666 1302 ad
679 1280 808 1310 grantum
824 1273 857 1303 ὃ(
870 1272 1042 1302 voluntatem
1058 1270 1163 1300 Archie
1183 1271 1218 1299 is-

165 1314 231 1352 copi
250 1314 410 1344 Remensis:
430 1312 561 1343 Similiter
581 1311 707 1340 vidtualia
729 1317 904 1350 apponentur
917 1311 931 1339 {i
943 1308 1119 1339 Seneschallo
1170 1318 1217 1338 or-

166 1353 286 1382 manniae
304 1354 332 1381 in
346 1351 400 1381 istis
414 1350 523 1380 duobus
537 1348 662 1378 Castellis
674 1348 780 1387 semper
793 1347 957 1378 sufficientia
968 1347 1003 1378 ad
1016 1347 1085 1377 duos
1093 1347 1197 1377 menses
1207 1371 1217 1386 ,

165 1390 316 1421 secundum
329 1389 404 1428 quod
418 1386 650 1425 Archiepiscopus
664 1385 809 1416 Remenfis
820 1386 903 1416 dicet.

208 1438 250 1465 13.
271 1429 301 1458 Si
321 1436 420 1457 omnes
441 1424 580 1462 praediclae
594 1424 807 1454 Conventiones
822 1426 937 1454 intevrae
951 1423 1104 1454 observatae
1118 1424 1219 1454 fuerint

166 1465 239 1506 Regi
262 1466 400 1503 Francize,
419 1464 452 1493 &
474 1462 605 1500 quando,
623 1472 656 1492 ex
676 1470 752 1501 parte
773 1462 860 1502 Regis
872 1449 997 1502 Engiiae,
1016 1462 1102 1493 soluta
1115 1463 1216 1494 fuerint

165 1503 240 1543 Regi
263 1504 388 1534 Francize
408 1503 530 1542 quinque
552 1501 636 1531 millia
659 1500 824 1531 Mai-carum
846 1501 979 1542 Argenti,
1005 1501 1070 1531 Rex
1091 1502 1218 1532 Franciae

166 1543 260 1573 reddet
280 1544 306 1572 ei
326 1550 415 1571 unum
430 1540 464 1570 de
480 1539 618 1580 praediffis
632 1548 749 1577 quatuor
763 1539 904 1575 Castellis,
921 1538 997 1579 quod
1011 1539 1075 1570 Rex
1092 1540 1218 1570 Franciae

167 1581 299 1611 voluerit:
320 1579 358 1609 Et
379 1578 479 1609 iterum
498 1578 610 1618 quando
629 1579 753 1617 quinque
766 1578 852 1608 millia
869 1577 1031 1607 Marcarum
1045 1579 1140 1609 solutae
1157 1579 1218 1608 fue-

166 1620 220 1650 rint
234 1619 309 1657 Regi
324 1618 466 1656 Franciae,
481 1627 515 1647 ex
549 1624 604 1646 arte
615 1616 703 1656 Regis
716 1616 844 1655 Angliee,
864 1615 928 1646 Rex
946 1616 1071 1646 Franciae
1084 1617 1179 1648 reddet
1193 1618 1220 1647 ei

167 1668 255 1688 unum
270 1658 304 1687 de
317 1657 368 1686 11113
384 1664 503 1694 quatuor
515 1627 656 1693 (galtelin,
674 1655 749 1695 quod
764 1650 828 1684 Rex
844 1654 969 1695 Franci-ae
982 1655 1110 1685 voluerit.

208 1705 251 1734 14.
272 1696 302 1726 Si
322 1697 392 1726 vero
410 1695 510 1725 decem
530 1693 614 1724 millia
636 1692 798 1723 Marcarum
818 1693 921 1724 reddita
933 1694 1036 1723 fuerint
1051 1694 1128 1724 iimul
1144 1694 1190 1724 Re
1211 1695 1219 1724 i

168 1735 295 1765 Francia:
313 1743 347 1763 ex
368 1742 444 1771 parte
463 1733 550 1772 Regis
572 1731 696 1770 Anglioe,
717 1732 779 1761 Rex
801 1731 925 1762 Franciae
945 1731 1039 1762 reddet
1059 1733 1098 1762 illi
1111 1733 1169 1763 duo
1183 1703 1220 1763 (16

167 1774 218 1805 11113
232 1782 349 1811 quatuor
364 1771 506 1809 Castellis,
525 1780 589 1809 quae
602 1770 666 1800 Rex
680 1770 805 1800 Franciae
820 1770 957 1808 voluerit,
984 1772 1002 1801 si
1017 1773 1086 1801 vero
1101 1772 1219 1810 quinde-

166 1813 227 1842 cim
250 1810 342 1842 Millia
362 1810 525 1841 Marcarum
546 1808 625 1840 simul
643 1808 747 1839 reddita
767 1809 869 1839 fuerint
889 1808 963 1848 Regi
983 1809 1108 1840 Franciae
1123 1833 1132 1849 ,
1155 1810 1219 1840 Rex

170 1850 295 1881 Franciae
308 1849 404 1880 reddet
421 1849 460 1878 1111
475 1849 525 1878 tria
536 1848 572 1878 de
586 1847 636 1877 illis
647 1856 763 1887 quatuor
776 1846 903 1877 Castellis
911 1871 921 1886 ,
938 1857 1002 1885 quoe
1016 1848 1081 1878 Rex
1096 1848 1219 1878 Franciae

169 1889 305 1926 voluerit,
319 1888 364 1918 sed
382 1888 402 1918 si
423 1887 503 1917 simul
518 1887 617 1926 viginti
637 1887 720 1916 millia
736 1885 899 1916 Marcarum
914 1886 1016 1916 reddita
1028 1887 1129 1917 fuerint
1144 1887 1220 1927 Regi

169 1927 194 1958 F
195 1929 312 1963 ranciae,
331 1924 462 1964 praedieta
494 1933 574 1956 uator
587 1923 704 1954 Castella
717 1924 864 1955 reddentur
878 1925 952 1964 Regi
966 1924 1083 1963 Angliae.

208 1975 251 2005 15.
272 1965 336 1995 Rex
356 1972 448 1994 autern
497 1963 593 1993 ranciae
605 1962 713 1992 nullum
725 1962 760 1992 de
774 1962 824 1992 illis
837 1971 954 2002 quatuor
967 1963 1091 1994 castellis
1107 1964 1201 1995 reddet
1210 1988 1220 2004 ,

169 2005 221 2035 nisi
243 2004 456 2035 Conventiones
474 2001 615 2042 praedietae
630 2001 700 2031 ei&
715 2000 766 2031 suis
781 2001 881 2032 fuerint
895 2001 1048 2032 observata:
1061 2002 1096 2032 de
1110 2004 1221 2043 praefata

170 2044 220 2074 fibi
239 2044 354 2083 pecunia
375 2040 530 2077 reddenda,
548 2039 584 2069 de
602 2038 719 2069 Comite
733 2039 881 2078 johanne,
898 2039 933 2070 de
949 2040 1067 2071 Comite
1082 2041 1222 2072 Lodowi-

170 2091 208 2111 co
215 2081 409 2150 iVfieHCornite
422 2078 594 2119 Engolismi,
610 2078 643 2109 ὃ(
658 2077 726 2118 11113,
746 2078 781 2110 de
796 2077 913 2110 Comiie
928 2077 1049 2119 Partitii,
1068 2078 1103 2110 de
1119 2079 1221 2111 Corni-

173 2127 201 2150 te
254 2131 269 2150 e
289 2128 354 2150 enti.
687 2140 690 2143 ⁴

211 2159 254 2188 16.
276 2158 403 2198 Qiando
422 2169 491 2190 vero
512 2158 577 2191 Rex
599 2158 724 2191 Franciae
745 2157 870 2190 habuerit
890 2158 1019 2199 Laches,
1037 2159 1071 2191 &
1085 2158 1222 2190 (33116110-

171 2207 258 2236 0610,
282 2198 315 2228 ὃ(
338 2198 571 2238 Archiepiscopus
590 2198 755 2229 Rhemensis
774 2198 928 2228 Driencurt
947 2198 981 2229 &
1003 2197 1110 2228 Arches
1122 2221 1132 2237 ,
1156 2198 1222 2228 Rex

172 2235 298 2267 Franciae
311 2238 425 2277 recipiet
448 2237 561 2276 Regem
582 2237 695 2277 Angliae
714 2238 742 2266 in
757 2238 870 2276 gratiam
892 2237 967 2267 suam
988 2245 1040 2275 pro
1060 2236 1224 2275 exequendo

171 2275 374 2306 conventiones
387 2275 548 2315 praedistas,
570 2276 639 2306 ficut
652 2275 755 2306 Charta
775 2275 891 2312 praesens
912 2274 932 2295 Ἄ·
952 2274 1023 2306 dicit
1038 2299 1048 2314 ,
1066 2276 1099 2307 &
1115 2275 1224 2314 rogabit

169 2313 369 2352 Imperatorem
382 2314 416 2343 de
429 2314 590 2344 liberatione
603 2313 650 2344 Re
670 2314 691 2344 is
704 2313 824 2354 Angliae.

209 2361 252 2387 17.
272 2352 424 2383 Praedic‘tus
442 2362 536 2382 autem
555 2353 756 2391 Cancelarius,
773 2353 806 2383 ὃ(
825 2352 999 2383 Willielmus
1017 2351 1053 2383 de
1075 2352 1224 2394 Rupibus,

170 2391 204 2421 &
220 2390 363 2429 Joliannes
384 2391 419 2420 de
433 2390 572 2430 pratellis,
589 2391 623 2422 &
638 2390 809 2421 willielmus
823 2390 944 2422 Briwere
958 2391 988 2421 in
1000 2391 1122 2421 animam
1137 2391 1225 2431 Regis

169 2430 279 2470 Angliae
293 2431 465 2468 juraverunt,
485 2429 562 2469 quod
575 2429 640 2460 Rex
655 2429 764 2467 Angliae
773 2428 987 2460 Conventiones
997 2453 1007 2469 ,
1016 2440 1079 2468 quae
1094 2431 1123 2460 in
1132 2429 1224 2460 Char-

170 2476 199 2498 ta
213 2468 337 2507 praesenti
351 2468 548 2506 continentur,
569 2467 742 2504 observabit;
760 2468 793 2504 ὃς
803 2467 915 2507 quando
930 2468 996 2498 Rex
1008 2468 1120 2507 Angliae
1134 2468 1224 2499 redie-

171 2507 226 2543 rit,
251 2506 304 2544 ipse
324 2507 353 2536 in
395 2505 484 2546 ropria
504 2505 618 2545 persona
629 2506 731 2543 jurabit
754 2505 825 2535 infra
842 2505 1034 2536 rationabilem
1054 2507 1224 2545 terminum,

171 2544 321 2582 postquam
340 2554 356 2574 a
374 2516 457 2584 Rege
478 2544 605 2574 Francia:
627 2543 812 2574 summonitus
828 2543 928 2585 fuerit,
946 2542 972 2574 se
984 2545 1128 2582 praediEtas
1142 2544 1226 2575 Con-

173 2584 319 2614 ventiones
331 2582 516 2620 servaturum,
534 2584 567 2614 &
580 2582 668 2613 literas
681 2582 737 2613 suas
752 2590 874 2620 patentes
889 2584 914 2612 61
929 2583 994 2613 inde
1006 2582 1144 2614 daturum.

214 2621 258 2651 18.
278 2619 388 2650 Praefati
401 2628 494 2650 autem
528 2628 642 2658 uatuor,
664 2621 698 2651 &
712 2629 781 2650 cum
794 2620 826 2650 iis
837 2618 1063 2652 Constabularius
1076 2621 1226 2652 Norman-

174 2659 249 2697 niae,
267 2659 300 2689 &
316 2658 459 2689 Robertus
473 2656 508 2688 de
556 2666 700 2698 arencurt,
725 2658 759 2688 &
774 2658 822 2688 Ste
841 2658 927 2689 11311113
942 2659 977 2690 (16
992 2659 1097 2698 Longo
1113 2659 1227 2696 Campo

175 2697 335 2734 juraverunt
356 2696 432 2736 quod
466 2696 486 2726 fi
499 2694 564 2726 Rex
577 2694 688 2735 Angliae
700 2694 788 2726 dicitas
831 2698 1014 2728 onventiones
1024 2707 1084 2728 non
1098 2696 1227 2729 observa-

175 2742 233 2774 ret,
248 2735 274 2765 se
285 2736 425 2771 mitterent
439 2720 555 2764 I'arisiiis
567 2734 596 2764 in
612 2735 742 2772 captione
755 2734 843 2774 Regis
857 2734 991 2766 Franciae.

214 2783 257 2812 19.
278 2772 382 2804 Archie
402 2773 488 2810 iscopi
502 2796 512 2812 ,
539 2772 695 2812 Episcopi,
721 2772 839 2803 Barones
864 2772 963 2804 Terrae
987 2773 1075 2814 Regis
1090 2774 1201 2814 Angliae
1217 2798 1227 2813 ‚

174 2821 245 2852 quos
279 2810 344 2842 Rex
400 2812 501 2842 ranciae
532 2811 652 2842 voluerit
667 2834 677 2849 ‚
711 2810 822 2850 quando
850 2812 970 2849 requisiti
990 2813 1091 2843 fuerint
1106 2837 1115 2852 ,
1157 2814 1229 2850 jura-

174 2851 247 2881 bunt
261 2850 337 2890 quod
351 2851 400 2888 ipsi
413 2849 439 2880 se
450 2849 554 2880 Parisiis
566 2850 593 2879 in
606 2851 736 2887 captione
748 2849 835 2889 Regis
846 2849 971 2881 Franciae
988 2860 1112 2890 ponent,
1128 2851 1148 2882 fi
1162 2851 1227 2882 Rex

176 2888 461 2957 gp‘gliaedpraediitas
488 2887 704 2920 Conventiones
730 2898 791 2919 non
818 2888 964 2920 servaverit
978 2913 989 2930 ‚
1018 2890 1087 2921 sicut
1112 2890 1229 2930 praesens

226 2935 281 2957 arta
315 2936 372 2958 icit.

211 2974 258 2995 20.
278 2964 330 3003 Et,
345 2965 366 2995 si
388 2965 453 2995 Rex
473 2964 584 3005 Angliae
605 2964 739 2994 moriatur
753 2971 904 3002 antequam
918 2965 982 2997 Rex
997 2965 1123 2997 Franciae
1137 2966 1229 2998 reddi-

177 3002 259 3034 disset
278 3003 389 3043 praefata
428 3010 526 3034 uatuor
546 3002 681 3043 Castella,
697 3001 762 3033 Rex
783 3002 910 3035 Franciae
924 3005 969 3036 1113
980 3013 1097 3045 quatuor
1108 3005 1228 3037 Castella

177 3041 303 3073 redderet
318 3042 397 3072 recto
442 3042 526 3072 aeredi
537 3051 590 3081 pro
601 3040 765 3079 exequendo
778 3042 920 3085 0130016133
935 3042 1150 3075 Conventiones
1161 3068 1171 3084 ,
1194 3044 1228 3075 si-

180 3089 229 3111 cut
241 3079 357 3120 praesens
369 3079 473 3110 Charta
488 3081 632 3118 continet,
650 3080 684 3110 ὃ(
697 3079 769 3110 fialvo
782 3089 841 3117 jure
857 3080 944 3121 Regis
959 3081 1093 3112 Franciae.

213 3128 261 3149 21.
283 3119 360 3157 Qiae
380 3119 476 3149 omnia
497 3118 632 3155 praedie’ca
652 3126 683 3149 ut
703 3126 757 3148 rata
777 3128 972 3159 permaneant,
995 3121 1029 3152 &
1046 3121 1229 3160 inconcussa,

178 3163 234 3194 ego
255 3157 425 3187 &villielmus
446 3156 559 3187 Eliensis
578 3155 730 3197 Episcopus
751 3155 837 3196 RegIs
849 3157 960 3198 Angliae
974 3158 1175 3198 cancellarius,
1195 3160 1229 3190 ὃ(

178 3202 236 3262 {glo
252 3194 423 3226 Willielmus
440 3194 476 3225 de
494 3194 642 3234 Rupibus,
657 3195 691 3225 &
709 3194 914 3263 egolgohannes
925 3197 961 3227 de
972 3197 1108 3235 Prateuis,
1126 3198 1160 3228 &
1175 3206 1230 3237 ego

224 3231 348 3276 illielrnus
361 3233 499 3272 Briwere,
517 3243 564 3271 per
578 3241 751 3273 praeceptum
795 3235 851 3274 egis
865 3234 976 3275 Angliae
989 3235 1113 3267 Domini
1127 3234 1232 3275 nostri,

185 3270 338 3309 sigillorum
354 3272 514 3302 nostrorum
527 3271 700 3302 attestatione
713 3270 915 3304 roboravimus,

217 3308 324 3339 Azstum
346 3308 515 3348 Meduncae,
532 3319 608 3340 anno
625 3310 660 3339 ab
678 3309 872 3341 Incarnatione
895 3311 1020 3343 Domini
1044 3311 1199 3343 Millesimo
1216 3335 1227 3351 ‚

180 3346 362 3387 Centefimo,
380 3347 414 3378 N
415 3348 573 3388 onagesirno
585 3349 668 3378 tertio
675 3370 685 3387 ,
700 3348 803 3379 ottavo
816 3348 880 3381 Idus
888 3350 966 3390 Julii.

185 3475 314 3523 Epistola
343 3478 471 3512 Ricardi
496 3483 581 3527 Regis
606 3483 722 3529 Angliae
740 3481 784 3515 ad
799 3479 973 3515 Hubertum
989 3480 1233 3526 Cantnarienftm

400 3526 675 3576 Archiepifiopum,
699 3530 735 3564 de
750 3529 920 3564 liberatione
932 3529 1004 3575 sita.

187 3611 397 3673 RIchardus,
421 3611 480 3643 Dei
499 3611 598 3652 gratia,
616 3611 682 3643 Rex
699 3613 825 3655 Angliae,
843 3616 877 3647 &
898 3613 968 3646 Dux
987 3612 1181 3645 Normanniae
1200 3612 1234 3644 ὃ(

268 3652 427 3692 Aquitaniae
463 3652 496 3682 &
509 3650 615 3681 Comes
628 3650 798 3692 Andegaviae
805 3653 974 3692 ,venerabili
985 3653 1059 3683 Patri
1071 3655 1100 3683 in
1108 3651 1236 3691 Christo,

187 3691 221 3722 &
233 3691 326 3722 amico
339 3674 500 3720 charissimo
513 3689 646 3732 Huberto
660 3689 757 3720 eadem
769 3690 856 3730 gratia
869 3690 1059 3722 Cantuariensi
1074 3690 1235 3731 Archiepis‘-

187 3738 280 3767 copo,
297 3727 429 3766 salutem,
442 3729 475 3759 ὅ(
489 3728 601 3758 sincerae
615 3727 770 3757 dilectionis
783 3728 992 3765 plenitudinem.

259 3768 372 3798 uoniam
387 3768 455 3797 certi
467 3767 558 3797 sumus
570 3765 646 3806 quod
660 3766 850 3796 liberationem
863 3767 986 3798 nostram
999 3766 1152 3807 plurimum
1164 3766 1235 3797 desi-

185 3805 299 3844 demtis,
317 3807 351 3837 &
369 3803 446 3844 quod
464 3805 591 3836 liberatio
609 3804 700 3834 nostra
718 3803 871 3834 admodum
891 3815 942 3835 vos
962 3805 1103 3843 laetificat3
1125 3805 1234 3835 idcirco

185 3843 335 3882 volumus,
370 3843 427 3874 uod
451 3842 554 3873 laetitiae
572 3843 674 3874 nostrae
694 3843 838 3881 participes
855 3841 924 3872 fitis:
941 3841 1010 3873 Inde
1028 3843 1084 3881 est,
1103 3843 1179 3881 quod
1192 3843 1236 3873 di-

185 3881 302 3911 16611001
322 3892 342 3912 ν
384 3891 421 3911 rae
442 3882 560 3917 dignum
580 3881 708 3911 duximus
727 3879 892 3920 significare,
907 3879 1069 3911 Dominum
1082 3881 1236 3921 Imperato-

187 3928 248 3948 rem
259 3928 367 3950 certum
379 3920 454 3950 diem
469 3920 636 3950 liberationis
651 3919 754 3950 nostrae
767 3917 848 3947 nobis
882 3917 1021 3958 raefixiffe,
1039 3919 1070 3948 in
1083 3919 1159 3949 diem
1175 3919 1235 3949 Lu-

188 3966 234 3986 nae
244 3959 400 3995 proximam
412 3957 476 3998 post
489 3959 653 3989 vicesimum
666 3957 741 3987 diem
750 3956 844 3987 natalis
889 3958 992 3986 omini:
1018 3957 1051 3987 &
1067 3957 1114 3987 die
1128 3957 1235 3987 Domi-

188 3994 253 4023 nica
272 3997 401 4034 proximo
421 3997 543 4034 sequenti
562 3996 760 4026 coronabimur
782 3994 817 4025 de
829 3993 934 4032 Regno
947 3993 1110 4025 Provenciae
1122 4018 1132 4033 ‚
1158 3995 1235 4034 quod

189 4031 273 4061 nobis
285 4033 368 4063 dedit.
406 4034 497 4065 Unde
512 4035 646 4064 mittimus
658 4034 687 4063 in
700 4033 830 4072 Angliam
844 4032 932 4061 literas
945 4031 1068 4063 Domini
1083 4033 1236 4073 Imperato-

193 4070 230 4100 ris
250 4068 326 4108 super
345 4072 388 4101 his
404 4082 526 4111 patentes
536 4073 635 4112 vobis,
652 4072 686 4105 &
701 4073 808 4105 caeteris
819 4070 916 4103 amicis
932 4070 1045 4102 nostris:
1064 4071 1098 4103 ὃ(
1110 4071 1236 4103 benevo-

236 4108 310 4138 Tem.
340 4110 365 4139 1.
382 4132 390 4139 .
408 4113 434 4141 I.

1288 185 1764 233 PUBLICA.
2257 204 2307 246 27

1259 271 1305 302 lis:
1326 273 1386 303 Vos
1401 280 1493 317 autem
1508 275 1619 319 interim
1632 287 1683 313 pro
1696 280 1776 308 omni
1792 277 1871 319 posse
1884 277 1995 316 vestro,
2012 284 2082 315 quos
2097 277 2166 307 scitis
2182 287 2233 307 nos
2245 276 2310 307 dili-
2327 277 2402 308 Anii.
2416 275 2455 309 D.

1257 320 1337 350 gere,
1355 312 1490 342 consolari
1506 314 1610 351 velitis,
1628 315 1661 344 ὅ(
1677 325 1746 351 quos
1759 316 1829 347 scitis
1845 318 2054 355 promotionem
2068 315 2193 346 nostram
2205 315 2307 346 deside-
2346 326 2430 355 1193.

1257 359 1323 380 rare.
1359 349 1445 379 Teste
1463 351 1568 388 meipso
1581 352 1654 389 apud
1669 353 1776 391 Spiram
1788 365 1825 384 22
1840 356 1884 385 die
1898 355 2074 392 Septembris.

1259 469 1285 497 &s
1312 469 1440 517 Epistola
1467 471 1595 504 Henrici
1619 475 1830 518 Imperatoris,
1858 476 1902 509 ad
1928 479 2093 522 sisagriam
2113 475 2245 521 Angliae,
2272 473 2308 506 de
2328 484 2341 499 ³*
2360 485 2382 510 1.
2398 483 2445 517 84.

1489 518 1658 552 liberatione
1672 520 1819 554 Richardi
1835 526 1920 569 Regis
1940 513 2062 571 Anjgliae.

1333 602 1464 642 EnricuS,
1484 603 1541 634 Dei
1562 605 1661 644 gratia,
1682 606 1880 636 Romanorum
1896 606 2062 653 Imperator,
2083 609 2115 638 &
2128 608 2233 649 semper
2245 608 2305 638 Au-
2326 619 2399 650 Am,—
2417 618 2457 648 D.

1371 643 1459 680 ustus,
1477 643 1583 673 (11166113
1606 643 1656 674 suis
1677 644 1914 684 Archiepiscopis,
1941 645 2116 682 Comiribiis,
2136 646 2285 676 Bironibus

1259 678 1347 722 Militi
1370 692 1415 718 us,
1433 682 1466 712 &
1488 682 1616 712 universis
1637 682 1693 712 aliis
1714 682 1854 713 Fidelibus
1875 682 2127 713 Richardiillustris
2142 684 2227 724 Regis

1257 717 1319 757 gli-ae
1333 720 1445 757 gratiam
1458 719 1531 749 suam
1546 722 1579 750 ὃ(
1592 730 1678 750 omne
1692 720 1809 751 bonum.

1294 756 1475 787 Univerfitati
1496 758 1595 788 vestrae
1615 759 1742 788 duximus
1762 758 1945 789 intimandum
1961 782 1970 796 ,
1994 757 2069 799 quod
2091 759 2194 789 dilecsto
2213 762 2306 790 amico

1258 793 1542 838 00111011ἰ161131110,
1555 796 1650 826 illustri
1666 797 1738 836 Regi
1752 798 1926 836 Anglorum,
1945 798 2077 828 Domino
2093 797 2185 827 vestro
2199 807 2307 828 certum

1258 831 1333 861 diem
1344 833 1513 875 liberationis
1526 838 1579 864 luae
1592 834 1734 865 statuimus
1748 846 1762 865 3
1776 835 1892 866 secunda
1904 836 1967 866 feria
1981 835 2043 873 post
2054 836 2128 866 diem
2142 835 2306 865 Nativ'watis

1258 868 1398 913 Domini,
1417 872 1444 901 iri
1459 880 1511 901 tres
1526 872 1699 912 septimanas,
1717 874 1789 913 apud
1803 874 1925 913 8011310,
1944 875 2000 904 sive
2013 874 2083 913 apud
2100 873 2309 910 Vllermacianu

1259 908 1292 937 ὃ(
1312 914 1376 938 inde
1413 911 1442 938 in
1461 910 1564 948 septem
1585 911 1656 949 dies,
1674 911 1813 951 posuimus
1836 914 1860 942 ei
1881 912 1972 949 diem,
1987 912 2187 942 Coronationis
2206 912 2260 942 suae
2274 912 2310 940 de

1258 944 1362 989 Regno
1384 931 1569 986 I³rovenciae,
1588 950 1664 986 quod
1690 950 1716 979 ei
1757 951 1929 987 romisimus;
1946 952 1978 981 ὅ(
1993 951 2050 980 1106
2067 958 2176 980 certum
2190 950 2311 980 habeatis

1261 984 1294 1013 &
1314 983 1508 1015 indubitatum.
1544 986 1647 1018 Nostri
1668 988 1734 1026 {iqui
1754 998 1799 1017 em
1813 989 1944 1027 propositi
1957 989 1997 1018 est
2012 990 2045 1020 <Sc
2061 989 2222 1025 voluntatis,
2240 997 2312 1027 prze-

1260 1020 1348 1051 fatum
1357 1021 1518 1052 Dominum
1532 1024 1656 1054 vestrum
1666 1026 1748 1062 ,sicut
1762 1029 1884 1056 amicum
1898 1025 2024 1056 nostrum
2038 1026 2182 1068 specialem
2194 1036 2310 1066 promo⁴

1259 1068 1330 1102 vere⁴
1345 1060 1378 1089 ὃ(
1399 1060 1620 1098 magnificentius
1641 1062 1786 1093 honorare.
1824 1063 1932 1093 Datum
1945 1064 2016 1103 apud
2027 1065 2205 1095 Thealluiam
2219 1062 2311 1104 vigilia

1261 1096 1333 1127 beati
1345 1096 1473 1127 Thomae
1487 1098 1628 1138 Apostoli.

1261 1229 1374 1260 Forma
1394 1227 1605 1272 Composttionis
1625 1231 1702 1260 inter
1720 1230 1887 1261 Henricum
1907 1231 2118 1274 Imperatorem
2134 1234 2169 1268 &-
2185 1232 2312 1265 Richar-

1301 1275 1375 1308 dum
1404 1278 1513 1321 Regem
1537 1277 1683 1322 Angli.e,·
1714 1287 1774 1322 qua
1792 1304 1802 1318 ‚
1839 1287 1956 1323 propter
1975 1277 2151 1322 sblutionem
2179 1290 2310 1313 100000

1303 1327 1493 1358 Marcarum
1520 1326 1673 1371 Argenti,
1693 1323 1848 1372 praedifflus
1871 1327 1937 1359 Rex
1961 1323 2050 1357 libere
2077 1337 2097 1357 a
2124 1319 2248 1359 carcere
2261 1327 2310 1359 di-

1307 1381 1453 1406 mttttmr.

1292 1457 1325 1488 N
1340 1457 1471 1488 Nomine
1484 1458 1585 1500 Patris,
1604 1460 1637 1490 &
1654 1460 1735 1498 Filii,
1752 1460 1785 1490 &
1798 1459 1913 1501 Spiritus
1928 1459 2038 1499 8301511,
2057 1458 2160 1490 Amen.

1328 1496 1404 1527 Haec
1422 1496 1463 1527 est
1483 1498 1572 1528 forma
1594 1497 1817 1537 Compositionis
1836 1501 1907 1529 inter
1928 1498 2089 1528 Dominum
2113 1497 2312 1537 Imperatorem

1261 1534 1368 1574 semper
1390 1535 1550 1572 Augustum
1563 1559 1573 1575 ,
1606 1537 1639 1567 ὅ(
1660 1538 1822 1568 Dominum
1848 1536 2026 1567 Ricliardum
2047 1535 2180 1566 illustrem
2204 1536 2315 1576 Regem

1264 1572 1386 1613 Angliae.
1426 1574 1571 1604 Dominus
1594 1573 1746 1614 Imperator
1766 1576 1859 1605 mittet
1877 1575 2010 1605 Nuncios
2025 1574 2086 1604 suos
2108 1584 2176 1604 cum
2190 1574 2316 1605 Nunciis

1261 1611 1384 1642 Domini
1396 1611 1499 1652 Regis,
1514 1614 1562 1652 qui
1577 1612 1739 1644 Londonias
1753 1614 1849 1651 ibunt,
1875 1614 1908 1644 &
1922 1614 1960 1643 ibi
1972 1614 2105 1652 recipient
2119 1621 2234 1642 centum
2250 1615 2314 1644 mil-

1260 1651 1293 1680 lia
1314 1650 1477 1681 Marcarum
1500 1653 1560 1690 puri
1581 1651 1696 1690 Argenti
1716 1651 1749 1681 ad
1771 1654 1880 1692 pondus
1900 1651 2049 1689 Coloniae3
2073 1661 2137 1689 quae
2150 1653 2282 1690 pecunia,
2297 1658 2315 1682 a‘

1258 1688 1384 1719 Nunciis
1397 1688 1572 1729 Imperatoris
1592 1699 1706 1730 accepta
1728 1691 1761 1721 &
1781 1691 1944 1730 ponderata,
1964 1690 2119 1729 sigillabitur
2132 1690 2160 1719 in
2174 1691 2314 1729 praesentia

1263 1727 1453 1758 Nunciorum
1472 1729 1571 1767 ipsius,
1588 1728 1620 1758 &
1642 1730 1670 1758 in
1692 1728 1836 1760 conduc‘tii
1858 1728 1943 1768 Regis
1984 1739 2012 1758 er
2025 1728 2118 1767 Regni
2130 1728 2168 1758 sui
2181 1730 2315 1758 terminos

1260 1765 1390 1806 ducetur:
1416 1767 1452 1796 ita
1472 1775 1521 1805 ut,
1539 1767 1558 1796 si
1578 1775 1639 1796 eam
1661 1768 1690 1796 in
1711 1766 1815 1806 Regno
1833 1768 1881 1796 suo
1902 1738 1982 1806 perdfi
1998 1766 2147 1805 contigerit
2165 1790 2174 1804 ,
2189 1767 2314 1806 periculo

1262 1804 1350 1844 Regis
1369 1804 1502 1842 perdatur.
1538 1804 1689 1844 Postquam
1710 1815 1778 1835 vcro
1798 1806 1831 1835 ad
1846 1806 1979 1836 terminos
1994 1805 2106 1842 Imperii
2119 1807 2226 1835 venerit
2239 1805 2313 1835 dieta

1261 1843 1396 1882 pecunia,
1416 1852 1464 1882 per
1484 1843 1619 1873 Nuncios
1640 1843 1726 1882 Regis
1738 1843 1863 1873 Nunciis
1878 1843 1997 1873 Domini
2010 1843 2184 1882 imperatoris
2199 1844 2315 1883 praesen*

1262 1882 1381 1920 tabitur,
1397 1883 1445 1921 qui
1464 1891 1525 1912 eam
1551 1882 1625 1911 illico
1638 1882 1677 1912 ibi
1691 1883 1845 1921 recipient,
1865 1882 1914 1919 ὃς,
1930 1883 1949 1912 si
1964 1882 2036 1911 forte
2048 1883 2078 1911 in
2090 1882 2209 1920 partibus
2223 1882 2316 1919 Impe-

1262 1921 1296 1950 n'i
1322 1929 1384 1950 eam
1404 1919 1481 1957 perdi
1504 1920 1668 1959 contigerit,
1706 1920 1810 1949 ericulo
1828 1919 2002 1958 Imperatoris
2023 1919 2195 1958 perdetur&
2209 1920 2272 1950 Rex
2287 1921 2317 1949 in

1261 1968 1292 1989 63
1306 1969 1365 1988 11011
1379 1959 1533 1996 tenebitur,
1549 1967 1602 1987 nec
1615 1957 1675 1987 obsi
1696 1967 1723 1987 es
1737 1958 1785 1987 sui.

1303 1997 1365 2027 Alia
1385 2007 1443 2036 quo
1463 2006 1498 2026 ue
1517 1996 1714 2036 quinquaginta
1733 1996 1818 2026 millia
1832 1994 2018 2026 Marcharum
2033 1995 2148 2035 Argenti
2162 1995 2237 2025 dabit
2252 1993 2316 2024 Rex

1263 2035 1425 2075 Imperatori
1444 2006 1479 2066 ἒ(
1500 2034 1579 2064 Ι)1161
1601 2034 1737 2072 Austriae,
1756 2035 1789 2064 &
1809 2044 1862 2074 pro
1882 2035 1932 2064 illis
1972 2043 2039 2064 onet
2058 2023 2165 2064 obsides
2180 2057 2190 2072 ,
2216 2034 2318 2063 (cilicet

1265 2074 1399 2113 Domino
1420 2073 1580 2112 Imperatori
1601 2082 1653 2111 pro
1666 2073 1776 2111 triginta
1788 2073 1909 2102 millibus
1963 2072 2105 2103 archarum
2118 2073 2254 2111 sexaginta
2265 2072 2318 2101 ob-

1264 2113 1343 2144 sides:
1364 2111 1444 2143 Duci
1468 2121 1537 2142 vero
1558 2111 1677 2142 Austriae
1700 2112 1802 2150 septem
1821 2111 1927 2142 obsides
1946 2120 1999 2151 pro
2016 2111 2114 2151 viginti
2135 2109 2319 2141 Marcharum

1266 2152 1393 2183 millibus.
2316 2157 2319 2162 ·

1299 2190 1400 2221 Solutis
1414 2199 1482 2229 ergo
1495 2196 1610 2220 centum
1623 2188 1745 2218 millibus
1754 2187 1994 2227 Marcharum,&
2007 2188 2075 2218 datis
2087 2186 2318 2225 obsidibus,Rex

1264 2229 1349 2260 libere
1362 2228 1481 2259 recedet.

1301 2268 1332 2298 Si
1352 2276 1445 2298 autern
1464 2266 1608 2297 Dominus
1628 2263 1693 2296 Rex
1714 2265 1825 2297 solven't
1842 2264 2071 2304 promissionem,
2087 2275 2170 2305 quam
2188 2263 2319 2295 Domino

1265 2306 1431 2347 Imperatori
1451 2305 1486 2335 de
1507 2305 1636 2335 Henrico
1655 2305 1799 2342 quondam
1816 2305 1900 2335 Duce
1920 2304 2046 2334 Saxoniae
2061 2304 2178 2342 fecerat,
2200 2303 2320 2342 Impera-

1265 2354 1311 2376 tor
1329 2344 1363 2374 de
1383 2345 1580 2385 quinquaginta
1595 2342 1715 2373 millibus
1730 2343 1913 2373 Marcharum
1924 2342 2036 2382 Regem
2047 2342 2166 2373 liberum
2178 2342 2320 2372 dimittens

1265 2385 1299 2415 ὅ(
1320 2382 1492 2420 absolutum,
1515 2392 1567 2423 pro
1587 2381 1645 2418 ipso
1668 2381 1749 2421 Rege
1768 2382 1854 2412 solvet
1878 2381 1954 2411 Duci
1974 2381 2092 2411 Austriae
2113 2382 2212 2420 viginti
2235 2381 2318 2410 millia

1265 2422 1451 2452 Marcharum
1488 2422 1506 2440 2*
1528 2422 1561 2452 &
1580 2418 1644 2449 Rex
1665 2430 1725 2450 non
1747 2421 1884 2451 tenebitur
1904 2420 1967 2450 dare
1986 2420 2066 2450 Duci
2079 2420 2198 2450 Austriae
2212 2419 2316 2457 septem

1265 2460 1374 2492 obsides
1387 2470 1440 2490 nec
1456 2444 1621 2500 Imperatori
1635 2457 1778 2497 sexaginta.

1304 2498 1383 2529 Cum
1405 2499 1486 2537 igitur
1501 2498 1564 2528 Rex
1579 2497 1741 2535 praedictam
1757 2496 1969 2538 promissionem
1983 2496 2019 2526 de
2031 2495 2161 2527 Henrico
2174 2494 2318 2535 quondam

1267 2536 1692 2605 DuclebSaxoniaedimpieverit‚
1708 2536 1741 2566 &
1763 2544 1880 2567 centum
1898 2535 2015 2565 millium
2035 2534 2219 2566 Marcharum
2232 2534 2321 2565 solve-

1266 2584 1301 2606 rit
1345 2586 1351 2604 1
1374 2585 1419 2605 616
1433 2584 1496 2604 rece
1516 2582 1551 2604 et.

2293 668 2303 683 2
2346 666 2426 695 1193.

2243 684 2303 714 An-
2323 701 2458 732 ..aid-⁴342]⁴

2333 1472 2408 1503 Ann.
2423 1472 2464 1503 D.

2356 1521 2437 1550 1193.

2336 1554 2464 1586 A.5.R.1¹

2341 2422 2453 2461 *1.s,-.

1305 2599 1440 2643 I’raeterea
1462 2612 1526 2642 Rex
1542 2612 1608 2641 fecit
1622 2611 1707 2648 jurare
1720 2611 1749 2641 in
1762 2612 1883 2641 animam
1896 2610 1970 2641 suam
1979 2634 1990 2649 ,
2008 2609 2085 2647 quod
2100 2618 2214 2648 neptem
2227 2609 2320 2648 suam,
2337 2644 2341 2646 v

1266 2651 1353 2682 filiam
1376 2651 1500 2681 Comitis
1524 2649 1692 2687 Britanniae,
1710 2649 1795 2680 tradet
1819 2650 1916 2689 nuptui
1937 2649 1994 2678 filio
2016 2648 2106 2678 Ducis
2119 2648 2239 2678 Austriae
2250 2648 2321 2679 infra

1267 2690 1371 2728 septem
1394 2689 1499 2720 menses
1522 2687 1671 2726 postquam
1683 2688 1809 2718 liberatus
1821 2688 1920 2726 fuerit,
1939 2688 2126 2718 &interram
2141 2687 2217 2717 suam
2233 2686 2323 2717 redie-

1268 2731 1313 2767 rit,
1332 2728 1366 2759 &
1380 2738 1440 2758 eam
1458 2727 1621 2757 transmittet
1638 2725 1723 2764 usque
1739 2726 1772 2756 ad
1787 2727 1933 2756 introitum
1947 2726 2075 2765 Imperii,
2093 2725 2112 2756 si
2126 2735 2188 2756 eam
2201 2726 2324 2763 recipere

1266 2766 1422 2804 voluerint,
1433 2767 1467 2797 ὅ(
1480 2766 1500 2796 11
1513 2765 1669 2803 noluerint,
1687 2765 1738 2794 erit
1750 2764 1894 2795 absolutus.

1306 2805 1376 2836 [tem
1396 2805 1415 2836 si
1436 2803 1583 2845 promissio
1597 2802 1632 2833 de
1648 2802 1776 2833 Henrico
1807 2803 1928 2833 uondam
1941 2801 2026 2832 Duce
2039 2801 2168 2832 Saxoniae
2183 2800 2322 2840 completa

1268 2854 1328 2874 non
1346 2844 1444 2881 fuerit,
1461 2842 1657 2881 quinquaginta
1673 2842 1757 2872 millia
1773 2813 1957 2871 nqiarcharum
1970 2850 2034 2878 quae
2049 2840 2151 2870 residua
2167 2839 2243 2877 sunt,
2270 2839 2322 2869 sol-

1268 2890 1368 2913 ventur
1382 2881 1453 2912 infra
1465 2882 1569 2918 septem
1584 2879 1688 2910 menses
1700 2879 1848 2920 postquam
1862 2879 2005 2910 Dominus
2017 2879 2081 2909 Rex
2095 2879 2124 2907 in
2139 2887 2238 2907 terram
2246 2877 2321 2907 suam

1268 2921 1351 2960 usque
1366 2920 1400 2950 ad
1414 2919 1482 2949 fines
1495 2919 1606 2959 Imperii
1622 2918 1678 2957 sui,
1693 2919 1727 2949 ὃ(
1740 2919 1769 2948 in
1781 2926 1863 2956 portu
1877 2918 1925 2947 illo
1939 2918 1988 2948 ubi
2004 2927 2078 2948 mare
2090 2916 2322 2955 intrabit,quam-

1269 2958 1317 2990 diu
1330 2959 1370 2989 ibi
1383 2958 1462 2989 stabit
1476 2957 1568 2988 donec
1583 2957 1713 2996 prospero
1727 2966 1815 2986 vento
1827 2956 1944 2986 recedat.

1306 2997 1442 3027 Praeterea
1460 3006 1492 3026 ea
1511 2997 1625 3034 omnia,
1640 3004 1704 3035 quae
1726 2997 1783 3025 tam
1805 2997 1834 3025 in
1854 2995 1911 3032 his,
1928 2994 2010 3033 quam
2031 2993 2058 3022 in
2076 2991 2132 3022 aliis
2146 2991 2324 3022 familiaribus

1268 3036 1376 3076 litteris,
1394 3034 1510 3074 sigillatis
1530 3034 1617 3073 sigillis
1636 3033 1811 3071 Imperatoris
1832 3033 1865 3063 ὅ(
1885 3033 1988 3071 Regis,
2009 3030 2086 3070 super
2109 3031 2297 3073 conti'aetibus
2313 3053 2323 3068 ,

1270 3075 1319 3112 qui
1330 3075 1400 3104 inter
1412 3083 1459 3102 eos
1471 3072 1591 3102 ordinati
1604 3072 1679 3109 sunt,
1698 3080 1812 3111 uterque
1824 3081 1876 3112 pro
1887 3079 1962 3109 parte
1975 3070 2018 3100 sua
2031 3078 2088 3100 rata
2099 3070 2132 3101 ὃ(
2146 3072 2225 3100 111103
2238 3069 2323 3099 habe-

1269 3114 1329 3151 bit,
1347 3113 1380 3143 ὃ(
1394 3112 1469 3141 bona
1483 3110 1537 3141 fide
1549 3109 1714 3141 observabit.

1274 3249 1482 3281 conventiones
1503 3250 1580 3280 inter
1602 3246 1771 3294 Philippum
1800 3250 1908 3296 Regem
1924 3250 2053 3282 Franciae
2065 3274 2075 3290 ,
2095 3249 2131 3286 (ῤ’
2148 3243 2324 3292 Jolmnnem

1542 3298 1683 3330 Fratrem
1698 3296 1824 3330 Ricardi
1840 3300 1927 3344 Regis
1944 3297 2066 3343 Angliae.

1278 3390 1302 3413 1.
1350 3380 1597 3412 OhannesComes
1610 3380 1885 3421 Mores'ti,universis
1893 3381 1927 3411 ad
1937 3376 2322 3418 000301061601631106166061-
2343 3381 2418 3414 Am,
2434 3380 2474 3412 D,

1370 3422 1513 3459 venerint,
1522 3421 1642 3450 salutern.
1659 3420 1787 3451 Noverit
1801 3420 1958 3450 universitas
1973 3419 2062 3461 vestra
2067 3416 2142 3456 quod
2156 3417 2220 3447 tales
2234 3417 2322 3447 Con*

2366 3430 2448 3459 1193.

1274 3460 1420 3490 ventiones
1430 3459 1511 3488 faeta:
1525 3458 1585 3489 sunt
1598 3460 1668 3488 inter
1681 3469 1727 3489 me
1741 3460 1774 3489 &
1788 3458 1957 3488 cariffimum
1972 3456 2134 3486 Dominum
2149 3465 2246 3485 meum
2255 3456 2322 3486 Phi·
2342 3466 2375 3489 Α,
2385 3465 2476 3497 5.i<.1.

1274 3499 1313 3536 lip
1333 3507 1382 3527 um
1403 3497 1515 3536 Regem
1533 3497 1675 3535 Francice3
1693 3496 1769 3536 quod
1792 3497 1848 3536 ipse
1868 3495 1950 3525 debet
1962 3493 2077 3532 habere,
2095 3494 2124 3523 in
2139 3502 2323 3534 perpetuum,

1275 3538 1304 3566 in
1360 3536 1503 3565 ormannia
1523 3541 1612 3566 totam
1629 3545 1728 3566 terram
1749 3544 1812 3572 quie
1835 3532 1876 3562 est
1889 3533 1955 3562 citra
1969 3531 2139 3571 Sequanam,
2158 3531 2194 3562 ab
2207 3542 2242 3562 eo
2256 3533 2324 3563 loco

1275 3575 1324 3604 ubi
1338 3574 1463 3612 Sequana
1475 3572 1547 3604 cadit
1561 3574 1591 3604 in
1605 3583 1680 3603 mare
1694 3573 1778 3609 usque
1790 3571 1813 3601 F
1815 3571 1934 3601 ranciam
1948 3571 2015 3600 sicut
2031 3571 2158 3608 Sequana
2169 3572 2272 3609 currit,
2290 3572 2324 3602 &

1276 3622 1309 3642 ex
1332 3623 1363 3643 ea
1382 3620 1457 3651 parte
1478 3611 1664 3649 Normaniae,
1683 3612 1712 3639 in
1728 3620 1780 3649 qua
1800 3610 1881 3638 situm
1901 3607 1942 3637 est
1960 3608 2193 3648 Rotliomagum‚
2211 3618 2323 3648 excepta

1275 3650 1346 3683 Villa
1360 3650 1533 3688 Rothomagi
1547 3651 1578 3680 &
1591 3649 1695 3679 duabus
1710 3647 1810 3677 Leucis
1820 3648 1893 3676 cii-ca
1908 3646 2134 3686 Rotliomagum.

1311 3700 1336 3719 2.
1348 3688 1485 3719 Praeterea
1492 3688 1556 3718 Rex
1570 3687 1693 3716 Franciae
1705 3686 1787 3716 debet
1803 3685 1903 3714 habere
1914 3685 2012 3714 vallem
2028 3684 2169 3723 Rothelii,
2179 3694 2246 3715 cum
2254 3685 2323 3715 Cas-

1274 3727 1340 3758 tello
1353 3728 1386 3758 86
1401 3727 1567 3764 pertinentiis
1579 3724 1642 3761 suis,
1651 3725 1683 3754 ὃ(
1698 3731 1786 3753 totam
1804 3731 1909 3761 partem
1923 3722 2110 3762 Normaniae,
2123 3733 2186 3762 quae
2199 3724 2239 3754 est
2255 3725 2329 3753 citra.

1276 3766 1407 3796 Fluvium
1419 3765 1465 3803 qui
1478 3764 1580 3793 dicitur
1594 3762 1656 3791 Iton
1666 3785 1675 3798 ,
1684 3762 1751 3792 sicut
1763 3761 1839 3791 idem
1849 3761 1959 3790 Fluvius
1968 3762 2051 3791 currit
2066 3762 2147 3800 usque
2160 3762 2191 3791 ad
2201 3761 2323 3791 Chcsnc-

1275 3805 1375 3842 brum,
1395 3812 1461 3833 curn
1478 3801 1536 3839 ipso
1550 3799 1728 3837 Chesnebro,
1743 3801 1776 3831 ὃ(
1796 3809 1862 3830 curn
1878 3799 2046 3837 pertinentiis
2058 3797 2124 3838 suis,
2141 3801 2174 3830 &
2190 3800 2321 3830 Castrum

1276 3842 1400 3872 Vernelii
1418 3849 1486 3869 curn
1507 3839 1675 3878 pertinentiis
1692 3838 1759 3877 suis,
1779 3839 1812 3869 &
1833 3836 1987 3867 Civitatem
2009 3837 2209 3868 Ebroicensem
2223 3861 2232 3876 ,
2256 3847 2323 3868 cum

1275 3879 1443 3946 pertinenpis
1454 3878 1521 3915 suis,
1541 3877 1574 3907 &
1586 3877 1669 3906 etiam
1682 3877 1739 3907 aliis
1751 3875 1894 3913 castellis,
1911 3875 1944 3906 &
1958 3875 2186 3914 Munitiom'bus,
2205 3877 2237 3907 ὃ(
2249 3876 2324 3905 Τ61-

1275 3929 1311 3949 ris
1322 3927 1390 3948 citra
1415 3925 1475 3946 ton.
1858 3941 1860 3943 .

1315 3966 1340 3995 3.
1359 3956 1392 3986 In
1413 3953 1540 3983 Turonia
1553 3961 1622 3982 vero
1638 3950 1720 3982 debet
1732 3951 1833 3982 habere
1846 3950 1911 3982 Rex
1924 3952 2050 3983 Franciae
2064 3952 2217 3982 Civitatem
2227 3951 2325 3981 Turo-

1282 3995 1416 4032 nensem,
1434 3991 1469 4020 de
1489 3991 1652 4028 pertinentia
1672 3990 1756 4029 usque
1774 3989 1808 4020 ad
1830 3989 1924 4028 Artas,
1943 3992 1976 4022 &
1990 3991 2117 4021 Feodum
2134 3989 2244 4019 Montis
2255 3989 2323 4019 Tri-

1278 4032 1352 4063 cardi
1371 4032 1404 4061 ὅ(
1423 4028 1577 4068 Arrabanne,
1593 4029 1627 4059 &
1645 4036 1777 4098 Rraeterea
1797 4027 1932 4059 Montem
1953 4029 2057 4066 Β31011,
2075 4038 2142 4058 curn
2154 4026 2324 4072 pertinentiis

1279 4071 1329 4101 suis
1342 4069 1418 4108 Regi
1431 4066 1454 4098 F
1455 4067 1565 4099 ranciae.
1600 4066 1644 4099 Ca
1670 4066 1755 4098 ellum
1765 4076 1837 4136 {Sero
1850 4066 1885 4098 de
1897 4067 2003 4100 Lochis
2015 4076 2081 4098 curn
2094 4065 2326 4133 pertinentiislgpis

1815 4114 1834 4135 2
2297 4109 2326 4130 ea
