2560 4261
713 140 1512 194 coNvENrioNEs,
1571 137 1996 192 VL-ITERAE‚

1372 226 1552 258 servaverunt
1565 250 1576 265 ,
1606 228 1717 267 penitus
1739 228 1878 265 extirpans
1892 249 1902 265 ‚
1927 236 1981 257 nos
2002 223 2215 256 Ecclesiasticos
2236 221 2382 266 Principes
2405 230 2440 256 ei
2459 223 2558 265 Amr.

1373 266 1427 296 hac
1440 265 1564 310 indebita
1577 267 1727 297 vexatione
1741 266 1822 305 regali
1837 265 2037 299 benevolentia
2051 264 2155 294 liberos
2168 262 2290 302 dimisit,
2308 265 2342 295 &
2356 263 2442 295 dece·
2480 254 2560 310 1122]

1374 303 1505 334 dentium
1518 304 1596 337 bona
1609 304 1661 335 suis
1675 304 1888 335 Successbribus
1900 302 2032 335 servanda
2043 301 2192 333 liberaliter
2206 300 2308 332 statuit.
2544 306 2550 310 '

1414 341 1576 373 Paternitati
1590 352 1659 382 ergo
1674 342 1775 374 vestrae
1788 342 1908 382 dignum
1919 342 1947 373 su
1969 342 2072 379 plicare
2085 341 2234 379 duximus,
2251 348 2388 378 quatenus
2406 339 2442 370 fi-

1375 380 1444 411 dem
1457 382 1490 412 &
1502 380 1690 411 devotionem
1698 381 1822 412 Domini
1840 380 1931 411 nostri
1977 381 2034 420 egis
2048 378 2239 417 attendentes,
2256 380 2356 409 merita
2368 389 2442 417 quo-

1376 429 1434 457 que
1447 418 1621 451 illustrissimi
1636 419 1724 449 Patris
1739 419 1778 450 sui
1791 418 1914 450 Henrici
1927 419 2021 454 Ducis
2035 418 2240 456 Saxoniae,qui
2253 417 2289 447 ab
2304 417 2442 455 obsequio
2504 420 2508 424 ’

1376 458 1489 489 Sanctae
1506 457 1651 488 Romanae
1665 457 1802 488 Ecclesiae
1815 467 1962 496 nunquam
1976 455 2102 494 receffit,
2120 457 2289 486 memoriter
2304 464 2443 495 tenentes,

1376 497 1440 534 paci
1461 497 1494 526 &
1517 496 1731 539 quiednostrae
1751 497 1784 527 &
1805 496 1908 526 vestrae
1922 520 1933 534 ,
1957 497 2061 526 intuitu
2072 495 2132 525 Dei
2145 495 2179 525 &
2193 494 2284 525 nostri
2300 494 2445 533 obsequii,

1377 534 1559 572 providentes
1574 558 1585 573 ,
1609 535 1691 572 ipsius
1706 535 1879 565 elefflonem
1894 535 1928 565 ὃς
1942 534 2187 564 consecrationem
2198 533 2368 564 auetoritate
2381 542 2445 563 ves-

1377 580 1445 650 ἓτίεὲῃ
1439 572 1612 617 confirmare
1626 597 1636 612 ,
1660 574 1694 605 &
1717 573 1859 614 imperiali
1874 572 2074 604 Coronatione
2094 580 2203 602 armare
2215 579 2330 609 paterna
2342 572 2447 610 pietate

1447 621 1543 642 emini.

1415 649 1602 680 Sanetitatem
1621 648 1732 691 insuper
1755 649 1879 683 vestram
1899 650 2006 681 obnixe
2017 657 2168 689 rogamm,
2185 656 2321 686 quatenus
2334 647 2446 678 Princi-

1377 696 1427 727 pes
1441 688 1475 718 &
1489 687 1629 726 Batones,
1645 698 1660 718 a
1671 697 1732 719 tam
1746 689 1905 722 rationabili
1918 689 2060 720 eleEtione
2074 685 2217 717 discordes
2251 685 2447 717 Ecclesiastica

1378 725 1493 755 censura
1513 725 1548 756 ad
1571 726 1761 757 concordiam
1780 728 1922 764 revocetis
1936 752 1947 766 ,
1972 728 2006 759 &
2020 750 2031 766 ,
2055 726 2091 757 ab
2105 725 2202 756 illicita
2215 711 2348 756 fidelitate
2360 726 2446 763 partis

1378 763 1501 795 adverfae
1515 787 1525 802 ,
1550 764 1631 808 clave
1650 764 1679 795 S.
1704 765 1780 796 Petri
1794 766 1948 804 resolutos,
1966 766 2000 797 ad
2015 763 2205 807 praestandum
2218 763 2296 803 Regi
2310 763 2447 794 Domino

1379 801 1479 833 nostro
1493 801 1656 833 fidelitatem
1672 803 1705 834 &
1719 803 1928 842 subjeffionem
1942 805 2110 836 auetoritate
2125 801 2216 834 vestra
2228 801 2415 839 compellatis.

1416 841 1465 884 Ut
1486 849 1582 872 autem
1602 850 1618 874 a
1639 841 1774 876 Domino
1797 842 1828 873 R
1865 853 1881 873 e
1901 842 2003 874 nostro
2014 844 2077 882 jura
2091 842 2236 872 Romanae
2249 839 2386 872 Ecclefiae
2403 841 2448 879 (ut

1377 879 1551 922 praedatum
1579 878 1631 916 est)
1652 852 1949 924 integra‚&e51ibata
1970 881 2141 924 serventur,
2163 889 2217 910 nos
2236 880 2267 909 in
2293 879 2370 910 bona
2390 878 2448 910 fide

1379 918 1550 958 ipondemus
1566 917 1600 948 ὅτ,
1614 927 1668 956 pro
1682 918 1817 950 Domino
1831 919 1915 960 Rege
1929 919 2031 951 nostro
2044 918 2100 950 fide
2110 919 2254 959 jubemus.

276 175 329 217 34

121 250 201 281 Ann.
216 247 255 278 D.
272 247 329 278 e'us
348 245 518 276 libertatibus
536 240 652 272 obviare
665 263 674 277 ,
707 237 754 269 sed
773 246 827 276 pro
847 237 931 268 omni
948 236 1030 278 posse
1047 235 1148 266 nostro
1168 235 1202 278 ὃς
1223 231 1335 263 scientia

143 296 157 318 1
167 287 229 325 198.
273 287 284 323 (
321 295 356 315 eo
373 282 497 318 volente)
520 280 654 311 volumus
671 286 794 307 onmem
808 277 864 315 ejus
879 276 1090 306 immunitatem
1104 276 1138 306 &
1151 271 1290 303 universas
1305 279 1335 298 e-

267 325 313 363 jus
331 323 475 362 dignitates
494 320 527 350 &t
548 318 687 347 libertates
703 316 746 354 (ut
758 315 877 354 dignum
892 313 945 351 est)
963 314 1131 344 conservare
1149 313 1189 341 int
1227 319 1283 352 ras,
1301 309 1335 338 &

272 372 327 401 pro
346 361 413 391 loco
432 361 465 391 δε
483 365 615 394 tempore
627 380 637 394 ,
661 356 690 385 in
709 354 811 393 quibus
831 353 957 390 licuerit,
974 360 1164 392 augmentare.
1229 347 1278 378 ulli
1291 355 1336 376 er-

273 410 330 441 go,
348 401 408 430 &c.

698 473 805 500 Datum
819 467 920 509 Perusti
936 475 968 507 15
983 465 1051 497 Kal.
1070 463 1203 495 odobris.

127 602 141 619 ⁰
157 602 180 630 Ι.
194 608 254 635 ¹05·
274 597 300 624 *θ
311 599 430 630 Litterae
442 595 567 631 Othonis
585 599 681 630 Ducis
698 597 871 641 Aquitaniae
887 595 924 631 ῥ’
938 593 1063 624 Comitis
1078 589 1221 622 Ptaaviae
1232 587 1339 636 ,ficper

442 645 614 693 privilegiis
628 641 800 676 hominibus
816 640 852 674 de
874 641 1000 674 Olerone
1012 635 1148 680 conccffis.

127 743 198 774 Arm
213 743 244 774 D
275 731 457 795 OTHO
477 730 546 760 Dux
568 728 595 759 A
618 727 728 758 uitaniae
743 750 754 767 ,
771 725 882 758 Comes
896 724 1048 762 Hermiae,
1065 723 1202 754 omnibus
1216 722 1278 766 tam
1295 721 1340 751 fu-

144 768 230 822 119'3⁴
247 767 253 773 ”
358 772 424 801 turis
437 769 524 808 quarn
538 738 716 806 praeiltntibus
725 789 735 806 ‚
753 765 788 796 ad
802 774 874 804 quos
889 763 989 795 litterae
1004 762 1065 793 istae
1078 769 1260 801 pervenerint
1273 783 1282 800 ,
1300 760 1340 791 sa-

273 811 371 842 lutem.

121 826 156 887 f'
170 827 250 852 ¹0'R'
312 848 409 879 Sciatis
430 856 483 885 pro
505 853 587 875 certo
601 853 650 874 me
664 841 771 874 dedisse
784 843 994 880 imperpetuum
1007 840 1040 872 δε
1054 838 1182 877 praesenti
1194 846 1270 869 carta
1284 838 1340 881 pri-

121 882 152 930 L‘
162 903 180 927 B
192 898 233 936 sol
274 885 435 926 vilegialiter
454 882 623 914 concessisse
643 882 778 912 omnibus
794 881 960 911 hominibus
974 879 1011 909 de
1024 878 1154 909 Olerone
1169 878 1230 907 t'am
1245 876 1341 907 diviti-

124 921 241 975 &epe-¹
272 927 324 956 bus
346 925 431 963 quarn
452 922 617 961 pauperibus
632 945 642 959 ,
666 922 700 952 &
721 919 893 950 Haeredibus
913 927 1016 949 eorum
1031 940 1041 956 ,
1060 916 1139 955 quod
1153 925 1208 955 ego
1221 916 1256 947 &
1268 914 1340 959 Suc-

121 987 161 1004 „35
177 960 227 1004 oa·
271 963 396 994 cessores
419 963 475 992 mei
495 961 556 999 ipsis
572 961 605 991 &
624 969 727 990 eorum
747 957 921 989 Haeredibus
934 958 963 986 in
999 955 1076 986 uellis
1090 955 1137 986 vel
1151 953 1242 986 viduis
1254 962 1340 984 totius

120 1025 203 1043 mem
272 1002 372 1034 Insulae
386 1001 520 1031 Oleronis
543 999 643 1036 nuptui
655 996 812 1034 tradendis,
830 998 860 1026 in
875 995 963 1026 Ballio
1005 994 1176 1033 upillorum,
1194 993 1228 1024 &
1243 993 1340 1036 vidua-

120 1037 224 1082 &am‘r
272 1051 354 1080 rum,
372 1042 405 1071 δε
430 1037 636 1077 possessionum
655 1035 690 1066 ad
709 1036 782 1074 ipsos
804 1035 997 1066 rettinendum
1012 1032 1161 1071 saisiendo,
1174 1032 1231 1075 ⁴sale
1244 1032 1278 1063 ὃ(
1295 1042 1339 1062 νι-

227 1074 232 1080 “
272 1091 312 1110 no
333 1079 493 1118 proborum
511 1077 663 1107 hominum
681 1076 781 1113 capien
800 1084 821 1104 o
833 1098 843 1112 ,
867 1074 897 1103 in
913 1071 1146 1111 possessionibus,
1165 1074 1223 1101 sine
1234 1070 1339 1113 libero-

270 1128 336 1149 rum
358 1117 555 1155 procreatione
575 1113 774 1144 decedentium
789 1137 799 1151 ,
822 1110 995 1149 occupandis
1010 1133 1020 1149 ,
1039 1111 1123 1141 etiam
1136 1109 1193 1139 aliis
1208 1109 1340 1140 violentis

271 1155 433 1195 hujusmodi
446 1154 675 1192 impedimentis,
692 1162 756 1190 quae
776 1150 850 1189 apud
869 1150 1031 1180 Oleronem
1044 1159 1060 1179 a
1074 1148 1252 1187 Principibus
1265 1147 1338 1178 olim

271 1197 395 1227 solebant
415 1193 496 1232 fieri,
520 1192 627 1223 nullam
648 1193 708 1221 vim
730 1189 776 1221 vel
798 1188 959 1219 molestiam
972 1188 1105 1226 deinceps
1118 1187 1271 1230 inferemus
1283 1195 1338 1216 nec

271 1234 367 1265 inferri
387 1233 422 1263 ab
441 1232 536 1270 aliquo
555 1231 769 1269 permittemus,
787 1228 864 1258 salvis
883 1233 981 1258 tamen
995 1228 1030 1258 δε
1050 1227 1162 1257 retentis
1177 1224 1253 1260 iustis
1266 1234 1341 1255 con-

272 1271 479 1309 suetudinibus,
498 1272 532 1302 ὅ(
544 1269 658 1301 servitiis
672 1267 789 1305 nostris,
809 1276 874 1305 quae
889 1265 963 1304 apud
977 1264 1158 1304 Oleronem,
1175 1263 1338 1295 Praedeces-

272 1311 379 1343 foribus
395 1309 496 1339 nostris
512 1311 545 1340 &
560 1307 629 1338 mihi
642 1308 750 1338 ratione
765 1305 900 1336 Dominii
914 1303 1131 1335 consueverunt.

310 1349 389 1380 Volo
403 1357 499 1378 autem
515 1349 548 1379 &
563 1346 671 1384 statuo,
690 1353 722 1375 ut
735 1345 793 1375 hoc
809 1343 988 1382 privileffium
1003 1367 1013 1381 ,
1031 1352 1099 1373 curn
1112 1341 1218 1373 assensu
1231 1341 1265 1372 &
1281 1351 1336 1372 vo-

274 1388 381 1425 luntate
402 1387 527 1417 Domini
546 1385 635 1425 Regis
656 1383 787 1415 avunculi
807 1383 865 1414 mei
877 1368 1005 1425 fastum,
1023 1381 1156 1412 universis
1171 1380 1339 1423 hominibus

273 1426 311 1457 de
325 1426 453 1457 Olerone
468 1426 500 1456 ὃς
515 1434 617 1455 eorum
626 1422 811 1460 Haeredibus,
829 1421 899 1452 sicut
914 1420 1035 1458 superius
1049 1419 1091 1451 est
1105 1420 1271 1450 adnotatum
1280 1441 1289 1456 ,
1306 1417 1340 1447 il-

271 1466 368 1497 laesum
390 1466 423 1496 &
443 1462 647 1494 inconcussum
669 1462 861 1500 perpetualiter
879 1459 1067 1498 observetur,
1095 1469 1150 1489 nec
1170 1458 1219 1488 ulli
1242 1457 1338 1488 homi-

271 1514 344 1536 num
357 1504 439 1533 liceat
453 1502 520 1532 illud
533 1501 699 1539 iiifriiioere,
718 1500 764 1530 vel
780 1501 805 1530 ei
821 1498 885 1529 ausu
900 1498 1049 1529 temerario
1061 1498 1204 1537 derogare.

311 1541 404 1580 Qod
426 1542 524 1579 utique
545 1525 741 1582 privisegium,
757 1547 787 1568 ut
802 1546 977 1580 perpetuum·
987 1536 1076 1566 robur
1089 1537 1123 1567 ὃ(
1138 1535 1338 1579 aucioritatem

272 1581 422 1650 tibisipgat,
454 1589 509 1619 ego
536 1578 615 1617 sigilli
641 1579 700 1608 mei
721 1575 903 1614 imprelsione
923 1579 979 1607 reci
1004 1575 1052 1605 has
1081 1574 1185 1606 litteras
1206 1575 1339 1614 insigniri.

306 1629 321 1649 e
347 1629 356 1648 i
379 1628 423 1656 us,

1418 998 1477 1034 Ego
1490 993 1612 1034 Adolfus
1625 993 1772 1034 Colonienfi
1789 995 1897 1028 Archia
1913 999 1923 1027 i
1936 1005 2010 1036 copus
2026 995 2090 1034 elegi
2103 994 2143 1031 &
2168 994 2311 1036 ubscripfi,

1417 1036 1476 1072 Ego
1492 1034 1650 1064 Bernardus
1660 1033 1812 1066 Paderbon.
1828 1004 1968 1074 Eptssopus
1982 1034 2047 1073 elegi
2060 1032 2099 1071 ό
2105 1034 2142 1075 su
2173 1033 2247 1075 ινφ-β

1416 1076 1477 1110 Ego
1489 1072 1667 1119 Thieflmfzrus
1682 1071 1824 1112 Mindenfi
1841 1075 1869 1106 E
1886 1077 1896 1102 i
1909 1081 1982 1112 copus
1995 1073 2034 1104 ele
2050 1076 2060 1104 i
2073 1072 2112 1108 ό
2118 1071 2148 1112 s
2165 1072 2237 1113 scrip
2248 1083 2276 1112 1,

1417 1114 1477 1149 Ego
1490 1110 1674 1142 Wtzchmdus
1690 1111 1814 1142 Corbeius
1827 1115 1862 1141 A
1899 1122 1929 1140 as
1943 1111 2007 1149 elegi
2018 1084 2071 1149 (ξι
2085 1123 2101 1140 u
2114 1110 2169 1151 firi
2178 1111 2224 1152 fi,

1417 1153 1478 1187 Ego
1493 1150 1633 1180 Conradus
1645 1149 1770 1190 Tudenfis
1785 1149 1888 1180 Abbas
1901 1148 1966 1186 elegi
1981 1149 2019 1185 ῤ’
2045 1160 2061 1179 u
2074 1148 2129 1188 scri
2139 1120 2185 1190 stp

1416 1190 1476 1226 Ego
1493 1188 1636 1218 Eribertus
1653 1188 1801 1230 Wrdenfis
1817 1188 1918 1219 Abbas
1931 1187 1996 1226 elegi
2052 1187 2107 1228 Jub
2152 1191 2157 1195 '

2174 1172 2184 1188 ²

1416 1229 1477 1265 Ego
1489 1229 1624 1257 Henricus
1639 1229 1708 1256 Dux
1723 1227 1916 1265 Lotharingiae
1931 1230 1977 1272 μὶ
1993 1225 2032 1262 &
2054 1186 2238 1264 Brabc’gg'tlitk'e,
2253 1224 2382 1256 Maschio
2395 1226 2450 1256 Ro-

1453 1269 1528 1295 mani
1543 1268 1670 1304 Imperii,
1682 1264 1747 1304 elegi
1759 1264 1797 1301 &¹
1806 1264 1926 1334 fizbscrlip
1937 1276 1946 1299 ζ
1954 1288 1965 1304 ,

1413 1306 1472 1342 Ego
1488 1307 1622 1334 Henricus
1636 1307 1726 1334 comes
1739 1305 1771 1335 de
1784 1305 1864 1335 Kuke
1879 1316 1893 1336 e
1905 1307 1946 1343 egi
1961 1300 1999 1340 &⁵
2008 1300 2157 1343 ficbscripfi.

1378 1428 1406 1455 'k
1418 1427 1635 1473 Confoederatio
1654 1431 1732 1461 inter
1750 1426 1923 1474 Philippum
1933 1430 2140 1461 Romanorum
2152 1428 2261 1473 Regem
2280 1429 2317 1464 ὠ·
2337 1424 2453 1472 Philip-
2469 1438 2490 1458 ιι
2506 1440 2560 1468 Μ,

1420 1488 1497 1523 pum
1516 1480 1626 1523 Regem
1641 1479 1775 1510 franciae
1789 1503 1799 1519 ‚
1821 1479 2001 1508 nominatim
2024 1485 2129 1508 contra
2147 1477 2187 1509 R.
2205 1477 2317 1522 Regem
2334 1475 2452 1521 Angliae

1426 1529 1463 1564 (ῥ’
1490 1528 1635 1559 Comitem
1657 1524 1807 1559 Othonem
1824 1527 1972 1571 Nepotem
1993 1525 2069 1570 ejus.

1379 1610 1570 1673 PHilippus
1592 1611 1797 1655 Romanorum
1818 1609 1885 1641 Rex
1905 1609 2015 1648 semper
2038 1608 2182 1650 Augustus
2196 1633 2207 1647 ,
2232 1608 2372 1648 Notum,
2388 1609 2451 1640 &e
2468 1617 2560 1649 Ana]

1415 1688 1420 1693 ¹
1448 1650 1540 1689 Quod
1553 1659 1670 1695 propter
1684 1649 1888 1687 dilectionem,
1907 1658 1993 1687 quam
2008 1657 2112 1693 mutuo
2126 1648 2285 1679 habuerunt
2307 1657 2372 1688 erga
2384 1648 2452 1692 Do-
2492 1666 2504 1686 1
2513 1657 2560 1695 19¹

1380 1696 1494 1718 minum
1511 1688 1676 1727 Philippum
1698 1688 1817 1725 Regem
1841 1688 2022 1719 Francorum
2042 1695 2157 1724 genitor
2171 1685 2269 1717 noster
2282 1685 2450 1718 Fredericus
2469 1699 2556 1726 A.io.

310 1698 427 1725 Domino
439 1692 573 1733 Gaufrido
586 1695 687 1722 Comite
703 1694 833 1722 Perticen.

1381 1727 1416 1757 &
1438 1725 1581 1757 Henricus
1598 1728 1681 1758 frater
1704 1727 1800 1757 noster
1823 1726 1890 1764 (piae
1904 1724 2119 1763 recordationis)
2135 1725 2342 1756 Romanorum
2355 1725 2453 1764 Impe-
2473 1744 2500 1764 ι,

310 1733 430 1763 Girardo
441 1733 473 1762 de
486 1730 629 1762 Furnuall.

126 2394 253 2426 ΛΜΗ).

147 2434 231 2471 1¹98.

124 2476 248 2502 A.10.R.

127 2788 257 2816 *1.106.

309 1772 445 1812 Johanne
458 1771 489 1800 de
501 1774 602 1807 stagno
611 1793 621 1808 ,

310 1810 446 1850 Gaufrido
459 1810 491 1839 de
503 1808 568 1839 Cell.
589 1815 654 1838 tunc
667 1805 812 1847 Senefiallo
826 1806 964 1837 Pieraviae
983 1804 1022 1840 &
1036 1804 1188 1844 Vafioniae,

310 1851 394 1880 Petro
409 1847 549 1878 Libertini
564 1850 681 1884 Lanuo,

311 1891 408 1926 Ogerio
421 1890 545 1917 Soroneco
560 1886 702 1925 Praepofito
716 1882 864 1925 Mosterolii
873 1906 883 1922 ,
901 1880 939 1917 &¹
955 1880 1057 1912 Multis
1071 1880 1142 1912 aliis.

313 1964 401 1995 Anno
422 1963 561 1994 Incarnati
573 1961 663 1992 Verbi
686 1960 845 1992 Millesimo
858 1958 1026 1992 Centesimo
1039 1957 1242 1998 Nonagesimo
1253 1955 1346 1989 Odia·

274 2014 322 2038 vo.
343 2002 456 2036 XXIX
470 2001 517 2034 die
530 2001 722 2037 Decembris,

899 2074 986 2117 Apud
998 2073 1121 2112 Benaon.

272 2207 424 2251 Principes
450 2207 486 2244 0²·
516 2206 645 2238 Barones
669 2201 858 2235 Alemanniae
869 2198 1040 2247 ficpplicant
1064 2196 1202 2243 Pontifici
1229 2198 1345 2230 Roma·

321 2267 358 2286 no
377 2281 387 2296 ‚
423 2252 505 2301 quod
529 2252 781 2299 Conftcrationem
807 2248 934 2284 Othonis
955 2252 986 2282 in
1000 2250 1220 2295 Imperatorem
1237 2243 1345 2290 confir-

319 2313 432 2337 maret.

276 2388 315 2452 S
325 2387 499 2420 Anc‘tiffimo
513 2387 588 2419 Patri
603 2397 636 2418 ac
652 2387 788 2418 Domino
804 2385 977 2417 Innocentio
992 2409 1002 2424 ,
1027 2382 1219 2415 sacrosaneiae
1232 2381 1348 2425 Roma-

335 2437 381 2457 nae
395 2427 474 2458 Sedis
488 2428 614 2459 Summo
628 2425 763 2458 Pontifici
797 2425 942 2463 Principes
958 2425 992 2456 &
1014 2422 1136 2454 Barones
1150 2422 1347 2465 Alemanni-ae,

277 2465 384 2536 Css‘ffid
405 2468 438 2499 ὃς
462 2466 542 2498 Laici
561 2466 689 2497 debitam
711 2466 740 2495 in
763 2463 882 2496 (shristo
903 2463 1093 2494 reverentiam
1111 2462 1347 2493 &sinceritatem

277 2513 296 2536 o
329 2515 345 2536 e
369 2514 413 2536 uu.

313 2516 395 2574 Csim
436 2542 562 2574 lacuisset
581 2544 630 2582 ei,
654 2543 703 2581 qui
717 2542 808 2573 aufert
821 2541 960 2580 Spiritum
971 2539 1155 2578 Principum,
1175 2539 1210 2570 &
1227 2546 1347 2578 magnus

274 2582 309 2614 &
326 2553 455 2613 terribilis
477 2581 518 2612 est
536 2582 616 2622 super
635 2581 731 2622 Reges
745 2590 844 2618 terrae,
862 2579 1031 2610 Dominum
1040 2578 1209 2622 'Hernicum
1220 2576 1348 2620 Impera-

277 2629 373 2651 torem
392 2621 429 2651 de
449 2620 547 2651 medio
563 2621 689 2659 auferre,
707 2619 896 2650 necessarium
907 2619 991 2649 nobis
1006 2617 1059 2648 fuit
1072 2616 1181 2655 visum,
1197 2615 1235 2646 de
1248 2614 1348 2646 substi-

278 2659 386 2689 tuendo
406 2659 489 2700 Rege
509 2660 659 2690 tractatum
676 2662 710 2690 &
732 2659 913 2696 colloquium
934 2657 1046 2687 habere.
1063 2655 1265 2686 Convenimus
1278 2662 1348 2694 ergo

278 2697 393 2736 sepius,
411 2700 444 2729 &
460 2697 580 2728 miserias
601 2698 635 2729 &
649 2696 860 2737 oppressiones,
878 2705 945 2734 quas
960 2695 1095 2724 hactenus
1110 2693 1348 2735 sustinueramus,

279 2736 469 2773 recensentes,
487 2746 538 2775 per
552 2736 695 2767 universos
716 2735 745 2765 R
766 2736 813 2764 ⁷ni
1007 2733 1117 2762 animos
1131 2730 1244 2761 nostros
1260 2739 1349 2760 erexi-

278 2784 359 2813 mus,
378 2776 411 2806 δε
427 2774 492 2813 quid
506 2775 612 2814 honqn'
628 2776 647 2794 ²¹²
664 2745 800 2804 Eccleesi'ae
811 2772 871 2803 Dei
885 2773 918 2803 &
930 2771 992 2809 paci
1006 2781 1039 2800 ac
1054 2771 1141 2809 quieti
1155 2769 1348 2812 subjectorum

279 2813 421 2851 expediret
441 2813 625 2845 deliberantes
638 2837 648 2851 ‚
675 2822 752 2843 nunc
773 2821 865 2843 unum
879 2835 889 2848 ,
912 2819 990 2841 nunc
1008 2810 1095 2840 alium
1109 2833 1119 2847 ,
1141 2812 1217 2847 quali
1231 2807 1349 2838 finaliter

277 2854 313 2883 eli
334 2862 381 2882 ere
395 2852 572 2890 putabamus.

344 2901 444 2929 erum,
463 2892 527 2929 quia
539 2901 600 2921 non
615 2890 656 2922 est
672 2890 838 2929 prudentia,
857 2897 917 2918 non
931 2886 973 2918 est
987 2887 1129 2926 potentia,
1145 2895 1205 2916 non
1220 2885 1262 2916 est
1276 2894 1348 2916 con-

278 2928 369 2959 silium
381 2953 390 2968 ,
417 2930 467 2960 nisi
486 2939 535 2968 per
558 2930 659 2961 Deum
673 2954 683 2966 ,
707 2929 810 2970 placuit
831 2928 874 2965 ei,
893 2927 941 2964 qui
954 2926 1078 2957 Abrahae
1091 2924 1182 2955 filium
1195 2924 1348 2966 immolare

278 2968 386 2998 volenti
405 2970 554 2998 victimam
571 2967 696 3009 providit
709 2992 718 3006 ,
743 2968 777 2998 &
800 2965 897 2996 David
919 2965 1047 2996 ftatribus
1063 2965 1209 3003 juniorem
1230 2962 1266 2992 de
1281 2961 1348 3000 post

281 3005 406 3036 faetantes
434 3009 564 3045 accepit,
588 3017 673 3045 atque
699 3005 855 3036 Matthiarn
873 3013 907 3034 ex
928 3004 1144 3044 Discipulorum
1168 3011 1291 3032 numero
1313 3000 1348 3031 ad

279 3043 385 3075 sortem
414 3044 598 3085 Apostolatiis
621 3045 704 3086 elegit
717 3068 726 3083 ‚
754 3042 959 3074 serenissimum
987 3043 1155 3074 Dominum
1173 3040 1326 3072 Othonem
1339 3063 1349 3078 ,

278 3083 426 3121 quondam
443 3084 564 3113 Henrici
580 3084 671 3114 Ducis
685 3083 815 3114 Saxoniae
829 3082 935 3120 filium,
952 3081 987 3111 ad
1000 3082 1127 3121 regimen
1143 3080 1273 3110 Romani
1287 3078 1348 3109 Im-

279 3123 365 3160 perii,
382 3121 418 3151 de
433 3130 504 3152 terra
518 3123 744 3161 peregrinationis
758 3122 830 3159 suae,
850 3129 885 3151 ex
898 3121 1045 3158 inopinato
1058 3119 1166 3150 offerre
1180 3119 1272 3149 nobis.

318 3160 454 3190 Invocat-a
479 3162 572 3197 itaque
597 3160 692 3190 Sandti
712 3160 831 3199 Spiritus
853 3160 938 3199 gratia
952 3184 961 3199 ,
987 3158 1157 3198 praedictum
1178 3157 1348 3188 Dominum

279 3198 434 3229 Othonem
450 3223 460 3236 ,
486 3197 655 3228 Christian-x
670 3197 734 3227 fidei
749 3198 892 3228 cultorem
906 3197 1141 3236 devotissimum,
1158 3205 1243 3235 atque
1259 3195 1347 3226 Sanc-

280 3247 318 3269 tae
332 3237 476 3267 Roman-ie
497 3236 633 3267 Ecclesiae
655 3236 827 3266 advocatum
846 3238 880 3266 ὅς
893 3236 1072 3268 defensorem
1085 3235 1295 3273 fidelissimum,
1312 3235 1346 3265 δε

278 3276 432 3315 judiciariae
452 3275 595 3317 potestatis
614 3274 827 3305 observatorem
844 3274 1027 3312 justissimum
1042 3300 1052 3314 ,
1080 3274 1116 3305 de
1128 3275 1214 3314 longa
1229 3274 1263 3304 &
1276 3274 1348 3303 anti-

282 3325 337 3352 qua
357 3315 474 3354 Regum
491 3313 615 3354 prosapia
636 3322 670 3343 ex
683 3321 801 3350 utraque
814 3313 902 3350 linea,
919 3313 1073 3351 specialiter
1087 3313 1212 3351 editum,
1229 3311 1265 3342 ad
1280 3312 1347 3342 Ro-

282 3355 358 3383 mani
370 3354 466 3393 Regni
480 3352 620 3392 fastigium
631 3351 705 3391 juste
716 3352 749 3382 &
766 3351 964 3381 rationabiliter
979 3352 1114 3391 elegimus
1127 3377 1137 3391 ,
1155 3354 1189 3383 δε
1203 3351 1283 3382 sicuti
1296 3350 1347 3380 de-

282 3392 412 3430 buimus,
437 3392 517 3432 ipsius
540 3391 674 3421 electioni
697 3389 903 3428 consensimus,
928 3390 1076 3429 ipsumque
1098 3391 1128 3419 in
1148 3390 1195 3421 Au
1235 3389 1346 3420 storum

282 3430 356 3460 Sede
372 3456 381 3469 ,
404 3441 419 3460 a
441 3430 550 3461 Carolo
574 3430 622 3460 M.
636 3428 711 3467 apud
733 3427 940 3467 Aquisgranurn
964 3430 1030 3459 huic
1058 3428 1185 3468 dignitati
1218 3437 1346 3467 eputata,

281 3467 457 3507 locavimuS,
475 3470 509 3500 &
529 3479 638 3499 corona
657 3470 691 3499 ὃς
706 3466 862 3497 diademate
875 3477 926 3504 per
942 3477 1059 3498 manum
1072 3467 1169 3497 Adolfi
1184 3467 1346 3498 Colonien-

282 3507 316 3536 sis
332 3507 561 3546 Arcfflepiscopi,
577 3518 626 3546 ea,
647 3516 702 3546 qua
714 3505 830 3544 debuit,
847 3505 1040 3544 solemnitate,
1056 3505 1176 3537 feliciter
1193 3507 1346 3537 coronavi-

284 3553 357 3574 mus.

324 3583 394 3613 Nos
410 3594 506 3615 autem
527 3583 672 3621 Principes
688 3607 698 3621 ,
723 3584 772 3622 qui
788 3583 849 3621 jam
871 3582 983 3613 dietum
1004 3581 1171 3613 Dominum
1185 3584 1215 3612 in
1228 3583 1345 3622 Regem

287 3622 439 3665 elegimus,
457 3623 539 3652 feuda
551 3622 745 3663 nostrazqure
765 3623 801 3652 ab
822 3621 949 3662 Imperio
967 3630 1115 3659 tenemuS,
1133 3631 1149 3650 a
1164 3631 1250 3655 manu
1263 3622 1345 3659 ipsius

286 3662 451 3697 recipientes
481 3662 643 3691 hominium
658 3661 708 3689 nbi
720 3661 838 3690 fecimus
852 3662 885 3692 &
900 3659 1063 3690 fidelitatem
1075 3660 1237 3698 juravimus.
1265 3660 1347 3690 Tan-

285 3707 324 3729 tae
345 3699 426 3741 igitur
447 3683 584 3737 dignitatis
606 3708 709 3728 munus
732 3698 979 3729 excellentiffimus
1002 3698 1154 3736 Princeps,
1174 3697 1277 3728 divinae
1293 3709 1347 3736 po-

286 3739 340 3768 tius
355 3745 467 3775 gratiae,
486 3747 570 3774 quam
586 3737 637 3767 suis
660 3738 764 3767 meritis
783 3737 956 3776 adscribens,
975 3738 1108 3778 primitias
1127 3736 1207 3775 hujus
1227 3737 1346 3767 honoris

288 3775 413 3806 offerens
427 3773 577 3812 Domino,
595 3778 707 3813 propria
721 3775 866 3805 voluntate
880 3777 1044 3814 juramento
1065 3775 1202 3813 firmavit,
1217 3776 1347 3813 inprimis

289 3812 482 3844 Sacrosanecae
503 3812 646 3843 Romanae
667 3813 801 3844 Ecclefiae
816 3838 826 3851 ,
848 3813 950 3844 deinde
971 3816 1069 3845 omnia
1082 3813 1275 3844 Ecclefiarum
1285 3815 1347 3852 jura

289 3851 366 3881 bona
381 3850 436 3894 fide
450 3850 574 3888 servare,
592 3852 625 3881 &
640 3861 837 3888 manutenere,
855 3853 889 3882 &
905 3854 1044 3890 subjectos
1058 3852 1173 3890 Imperii
1189 3852 1348 3882 exhaereda-

290 3898 334 3920 tos
350 3898 473 3920 maxume
489 3889 521 3918 &
537 3899 551 3918 a
564 3889 614 3918 suis
630 3890 845 3927 possessionibus
862 3891 1002 3922 violenter
1023 3892 1129 3931 ejecit&
1142 3913 1152 3928 ,
1169 3891 1199 3920 in
1214 3891 1258 3921 sua
1266 3890 1348 3930 justi-

289 3931 326 3959 tia
361 3939 415 3966 pro
432 3926 526 3965 posse,
540 3928 639 3965 juvare
653 3929 685 3958 &
699 3930 872 3959 conservare.

327 3953 447 3997 Pravam
462 3965 539 3995 illam
553 3966 785 3997 consuetudinem
807 3967 917 4005 insuper
931 3991 941 4004 ,
961 3976 1045 4004 quam
1062 3969 1266 4007 Imperatores,
1285 3966 1348 3997 An-

288 4006 440 4035 tecellores
458 4003 496 4033 sui
532 4005 561 4033 in
584 4004 755 4043 occupandis
778 4006 860 4035 rebus
876 4005 1046 4043 mobilibus,
1064 4008 1109 4037 vel
1123 4008 1150 4038 st
1165 4006 1349 4037 moventibus

287 4043 490 4076 decedentium
504 4027 717 4084 'Episcoporum
730 4066 740 4081 ,
758 4043 804 4075 vel
819 4043 985 4081 Abbatum,
1003 4043 1186 4084 Principum,
1204 4044 1349 4083 hucusque

1381 1763 2293 1835 ffiffgnriagfigoggffiffiongssggoffirigmffipactast
2328 1764 2454 1834 wizan}

1382 1838 1561 1874 Francorum
1573 1842 1704 1874 duximus
1718 1841 1870 1872 ineundam
1879 1866 1889 1880 ,
1908 1843 1937 1872 in
1950 1841 2029 1872 hunc
2045 1812 2226 1872 modquO
2399 1812 2436 1843 eg

1419 1881 1513 1920 Qiod
1533 1892 1587 1912 nos
1606 1881 1700 1913 eidem
1714 1881 1855 1913 ad'utores
1875 1882 1982 1911 erimus
1995 1881 2167 1911 nominatim
2180 1888 2281 1911 contra
2294 1879 2455 1911 Ricardum

1382 1918 1498 1963 Regem
1519 1919 1631 1961 Angiiae
1645 1946 1655 1960 ,
1682 1921 1715 1952 δε
1767 1921 1890 1951 omitem
1904 1919 2058 1950 Othonem
2071 1927 2210 1958 nepotem
2224 1919 2324 1957 ipsiuS,
2342 1920 2376 1950 &
2391 1918 2454 1950 Bal-

1380 1957 1504 1991 duinum
1526 1959 1681 1991 Comitem
1703 1959 1726 1990 F
1727 1959 1841 1990 landrice
1856 1982 1866 1997 ,
1883 1960 1918 1990 δε
1931 1957 2101 1996 Adoiphum
2116 1957 2375 1996 Archiepiscopum
2388 1956 2453 1988 Co-

1381 1996 1487 2037 loniae,
1504 1999 1538 2030 &
1559 2008 1660 2030 contra
1677 2008 1780 2030 omnes
1799 1998 1868 2030 alios
1881 1998 2015 2030 inimicos
2028 1997 2103 2035 em,
2121 1997 2299 2034 ubicumque
2312 2006 2383 2031 cum
2396 1997 2453 2027 ho-

1382 2046 1453 2067 nore
1476 2037 1575 2068 nostro
1598 2037 1627 2068 id
1648 2037 1741 2068 facere
1754 2038 1929 2078 poterimus,
1945 2036 2024 2067 bona
2057 2033 2093 2066 de
2107 2036 2142 2067 &
2156 2034 2213 2066 sine
2227 2034 2304 2066 malo
2319 2036 2456 2076 ingenio,

1381 2075 1496 2115 quando
1508 2076 1608 2108 locum
1623 2078 1657 2110 &
1670 2086 1782 2114 ternpus
1797 2075 1826 2106 id
1838 2074 1960 2109 faciendi
1975 2075 2155 2109 habebimus.

1418 2124 1447 2145 2.
1466 2114 1496 2146 Si
1509 2115 1626 2154 aliquis,
1643 2114 1680 2146 de
1693 2115 1822 2154 Imperio
1837 2114 1955 2152 nostre,
1972 2113 2067 2145 eidem
2082 2113 2219 2153 Philippo
2233 2111 2310 2156 Regi
2324 2112 2453 2149 Franco-
2499 2115 2504 2119 ⁴
2546 2125 2560 2134 ¹¹

1381 2163 1446 2184 rum
1463 2153 1591 2193 malum,
1609 2154 1655 2185 vel
1670 2155 1751 2192 ipsius
1768 2154 1798 2185 R
1817 2163 1875 2184 vno
1889 2153 2004 2190 fecerit,
2021 2152 2041 2183 fi
2056 2151 2103 2183 ille
2136 2153 2187 2190 qui
2200 2150 2377 2191 deliquisset,
2394 2163 2458 2187 non

1381 2192 1545 2224 emendaret
1559 2193 1617 2237 hoc
1631 2203 1682 2234 per
1698 2203 1768 2231 nos,
1783 2203 1820 2224 ve
1840 2202 1890 2230 per
1903 2190 2042 2223 Nuncios
2057 2176 2189 2229 nostros²
2206 2200 2257 2228 per
2271 2199 2391 2235 pacem,
2408 2191 2457 2222 vel
2503 2216 2506 2219 ,
2538 2210 2541 2215 -

1380 2241 1431 2270 per
1453 2232 1566 2263 testum
1586 2242 1615 2262 in
1638 2231 1770 2263 Marchia
1783 2231 1980 2269 competenti;
1998 2229 2069 2260 infra
2083 2228 2264 2269 quadraginta
2279 2228 2355 2269 dies,
2372 2229 2455 2268 post-

1382 2280 1470 2309 quam
1489 2270 1518 2301 id
1539 2271 1703 2305 sciverimus
1721 2280 1771 2308 per
1792 2269 1964 2308 praedistum
1983 2267 2100 2311 Regem
2114 2267 2299 2311 Francorum·
2331 2269 2350 2299 fi
2367 2269 2456 2300 fueri-

1382 2319 1447 2341 mus
1460 2310 1531 2340 citra
1541 2309 1667 2347 montes)
1683 2310 1730 2341 vel
1743 2309 1901 2347 Episcopus
1917 2306 2056 2341 Metenlis
2068 2307 2127 2339 hoc
2141 2306 2253 2338 sciverit
2263 2306 2301 2376 gi
2329 2308 2454 2339 uerimus

1382 2348 1453 2379 ultra
1466 2349 1590 2385 montes)
1608 2347 1754 2379 Dominus
1767 2348 1834 2378 Rex
1848 2347 2027 2381 Francorum
2041 2346 2146 2384 poterit
2164 2345 2191 2376 se
2212 2345 2262 2377 vin
2293 2355 2356 2377 care
2369 2345 2406 2377 de
2418 2356 2456 2378 eo

1383 2387 1441 2418 sine
1453 2388 1678 2425 interruptione,
1696 2388 1730 2418 ὃς
1748 2396 1800 2417 nos
1811 2386 1975 2425 juvabimus
1988 2394 2058 2416 eum
2072 2385 2150 2415 bona
2162 2383 2226 2418 fide.

1382 2425 1542 2495 dezl-,Ngg
1558 2422 2147 2495 ‘i‘ssssnssssffi'ssffirissussimpffsst'ffiss
2159 2422 2455 2493 {kiffiffiffiffi

1382 2513 1400 2535 c
1453 2505 1458 2509 ·
1483 2505 1535 2535 uni
1549 2504 1635 2548 amici
1649 2502 1740 2533 nostri
1751 2501 1880 2546 praeaieti
1894 2486 1985 2541 Rigis
2000 2500 2136 2532 Franciae.
2255 2539 2262 2545 ῃ
2381 2539 2388 2544 ¹

1382 2541 1874 2626 yssss'ffiffizsffifflfflffg
1888 2539 2137 2622 ἓὲἲῗῗξῖᾞὲἒῶ
2150 2537 2455 2621 ἔιίξαὲοιξξῗὲρξὲ

1384 2631 1414 2651 m
1434 2620 1562 2666 Imperio
1576 2644 1586 2659 ‚
1609 2628 1670 2652 tarn
1691 2629 1720 2649 in
1741 2617 1842 2649 Feodo
1857 2642 1868 2656 ‚
1887 2626 1974 2656 quarn
1988 2626 2019 2648 in
2035 2616 2199 2654 Domum,
2217 2617 2251 2648 &
2264 2615 2324 2646 hoc
2338 2615 2456 2646 sinem-

1383 2668 1570 2698 terceptione.

1421 2705 1448 2736 5.
1468 2697 1538 2728 Nos
1557 2697 1635 2727 bona
1657 2695 1715 2726 fide
1733 2695 1927 2733 promittimus
1949 2692 2028 2732 quod
2042 2715 2054 2732 ‚
2078 2691 2098 2722 fi
2118 2690 2250 2724 sciremus
2284 2690 2344 2722 uod
2356 2691 2455 2730 aliquis

1385 2743 1525 2774 quaereret
1539 2734 1648 2765 malurn
1662 2734 1735 2764 Phili
1757 2735 1784 2771 pi
1795 2733 1884 2772 Regis
1898 2732 2075 2762 Francorum
2088 2729 2198 2760 illustris
2239 2739 2276 2760 ve
2299 2730 2357 2768 ejus
2372 2729 2455 2770 Reg-

1384 2775 1432 2812 ni,
1449 2783 1502 2804 nos
1517 2773 1595 2803 bona
1608 2772 1664 2803 fide
1678 2771 1708 2802 id
1749 2771 1954 2814 sturbaremuS,
1972 2770 2024 2808 &,
2042 2769 2061 2799 si
2075 2777 2137 2798 non
2155 2777 2196 2806 po
2221 2777 2301 2799 emus
2315 2767 2456 2799 disturba-

1383 2822 1432 2850 re,
1450 2811 1479 2842 id
1494 2813 1692 2842 nunciaremus
1706 2809 1799 2840 eidem
1814 2809 1844 2843 R
1882 2818 1899 2838 i.

1421 2851 1449 2880 6.
1469 2850 1507 2881 Et
1521 2849 1653 2889 quando,
1672 2849 1808 2880 Domino
1821 2858 1860 2879 vo
1872 2854 1953 2884 ente,
1970 2845 2102 2876 coronati
2122 2844 2259 2876 fuerimus
2281 2845 2311 2875 in
2328 2844 2455 2883 Impera-

1383 2897 1495 2928 torem,
1513 2888 1561 2919 has
1577 2887 1796 2919 Conventiones
1810 2886 1904 2917 eidem
1919 2883 2018 2914 illustri
2040 2883 2117 2923 Regi
2131 2883 2309 2915 Francorum
2330 2893 2453 2916 renova-

1385 2929 1495 2966 bimus,
1514 2927 1548 2958 &
1563 2926 1654 2967 sigillo
1667 2925 1768 2957 nostro
1782 2923 2024 2956 confirmabimus.

1423 2975 1450 3005 7.
1470 2965 1540 2996 Nos
1559 2974 1656 2996 autem
1671 2988 1681 3004 ,
1702 2966 1732 2995 in
1755 2974 1841 2995 manu
1863 2960 2028 2993 Nevelonis
2069 2960 2236 2992 venerabilis
2253 2959 2456 2991 Sueffionensis

1384 3005 1534 3043 Episcopi,
1553 3003 1750 3036 fiduciavimus
1765 3002 1844 3042 quod
1860 3001 1958 3032 omnia
1973 2984 2112 3039 praedieta
2124 3000 2202 3030 bona
2221 2998 2277 3030 fide
2293 2999 2456 3035 observabis

1385 3054 1458 3075 mus.

1422 3082 1456 3113 Id
1471 3083 1556 3114 etiam
1568 3080 1606 3112 de
1619 3079 1753 3112 mandato
1767 3077 1886 3118 nostro,
1904 3077 2003 3109 dilecti
2017 3076 2165 3117 Principes
2178 3075 2267 3107 nostri

1385 3164 1521 3190 Conratux
1535 3156 1777 3197 Wirteburgenfis‚
1939 3156 2092 3187 Fredericux
2111 3154 2144 3183 de
2160 3152 2266 3192 Ceolre,

1384 3202 1421 3229 Β.
1441 3198 1601 3239 ᾹΙεηεηβῐ,
1937 3198 2147 3225 Hartemannus
2161 3192 2192 3222 de
2210 3190 2375 3222 Careberch.

1384 3236 1566 3268 chiethelmus
1586 3233 1808 3276 Constantienfis,
1818 3236 1897 3273 Epis-
1936 3232 2098 3272 Godefridus
2111 3231 2144 3260 de
2158 3230 2311 3269 Vehingre,

1419 3280 1472 3314 copi
1484 3287 1493 3304 .·
1935 3270 2120 3303 Everhardus
2143 3269 2176 3300 de
2189 3267 2321 3309 Euresten
2331 3289 2344 3306 ‚
2360 3268 2446 3298 comi-

1384 3315 1556 3346 Theodoricus
1570 3323 1670 3356 quoque
1683 3313 1714 3342 de
1727 3311 1849 3350 Greuch,
1971 3317 2031 3347 tes,-

1387 3392 1426 3423 Et
1441 3391 1478 3422 de
1491 3390 1575 3423 latere
1590 3389 1709 3428 nostro,

1937 3466 2084 3495 lVarnernr
2098 3462 2130 3492 de
2143 3458 2274 3490 Bollandr
2283 3483 2294 3498 ,

1385 3467 1535 3508 Trusardus
1547 3471 1718 3498 Camerarius
1733 3465 1835 3506 noster,
1938 3505 2088 3533 warnerus
2100 3501 2131 3531 de
2145 3502 2283 3536 &angam
2300 3494 2426 3534 Mill-tes,

1387 3511 1535 3539 Warnerus
1547 3508 1580 3537 de
1595 3503 1756 3546 Roſjenach,

1381 3586 1546 3624 juraverunt
1567 3582 1646 3621 quod
1668 3584 1746 3614 bona
1761 3580 1817 3612 fide
1832 3579 1985 3612 studebunt
1998 3576 2077 3618 quod
2091 3576 2154 3606 haec
2167 3583 2183 3605 a
2196 3574 2280 3605 nobis
2295 3572 2449 3604 observeris

1387 3624 1704 3699 ωἳῗςῗέεξιᾶιὲῐὲἓωε
1724 3670 1813 3691 unum
1829 3657 2101 3696 Archiepiscopum,
2116 3652 2151 3684 &
2165 3660 2256 3697 {mum
2269 3648 2445 3692 EPlsCOPUm

1381 3701 1474 3739 jurare
1493 3699 1635 3729 fademus.
1655 3698 1765 3729 Datum
1785 3698 1930 3728 Warniaci
1948 3695 2036 3725 Anno
2056 3691 2223 3734 Domimca}
2242 3688 2446 3732 Incarnationis

1386 3737 1542 3768 Millesinio
1565 3736 1734 3768 Centesimo
1755 3735 1954 3776 Nonagesimo
1970 3731 2107 3774 0<stay92
2124 3729 2220 3769 Regni
2230 3725 2324 3767 ¹nostri
2339 3734 2443 3768 prurio.

1384 3777 1489 3809 Tertio
1503 3775 1642 3808 Kalendas
1650 3776 1719 3815 Julii
1728 3800 1738 3816 ,
1755 3786 1804 3815 pei·
1818 3782 1934 3807 manum
1948 3768 2101 3809 Imperialis
2114 3767 2183 3801 aulae
2198 3765 2423 3798 Prothonotaru.

2376 4070 2397 4087 ’Ψ
2412 4070 2458 4098 υέ
