2570 4261
662 186 771 229 ET
855 185 1120 229 ACTA

0 287 33 308 ιη.
42 275 83 307 D.
97 274 176 312 ratis,
192 273 311 312 eosque,
329 281 396 305 cum
410 271 533 311 ipsorum
553 271 706 308 detestabili
726 272 868 311 nequitia,
885 272 1008 304 funditus
1029 270 1151 303 confun-

0 323 60 354 t14.
98 313 211 351 dendo,
230 313 337 350 penitus
349 312 484 349 exrirpare
497 311 606 341 curetis.

138 351 337 381 Mandavimus
351 351 433 380 etiam
449 358 497 386 per
510 348 612 378 litteras
626 347 731 378 nostras
748 348 888 387 Magistro
903 348 936 378 P.
949 348 986 378 de
999 348 1153 385 Bevenent‚

101 388 214 421 Santfi‘cae
236 388 379 418 Romanae
392 385 525 416 Ecclesiae
540 384 682 417 Cardinali
696 387 729 417 ὅσ
745 386 919 424 Apostolicae
939 386 1006 416 sedis
1028 386 1053 416 L
1089 393 1153 423 ato,

102 428 231 459 attentius
255 433 415 462 exoranteS,
441 424 518 462 quod
538 424 637 463 nobis,
662 424 703 454 ob
723 426 907 455 reverentiam
927 424 1000 461 Dei,
1019 425 1053 455 &
1087 423 1154 453 ilec-

101 467 185 497 tionis
205 463 308 495 nostrae
328 463 463 500 obtentu,
481 462 516 492 ad
537 462 693 501 hujusmodi
706 464 812 501 negotii
826 463 1098 493 consummationem
1112 461 1154 491 ef-

102 504 224 535 ficaciter
244 501 383 538 consulat,
410 501 443 531 &
466 500 498 530 sit
519 501 548 530 in
568 500 717 538 auxilium,
742 501 793 538 &‚
821 500 854 530 ad
875 501 999 538 ipsorum
1021 500 1156 538 nequitias

103 542 216 574 viriliter
228 538 418 577 eradicandas,
435 538 649 569 sollicitudinem
662 538 794 568 adhibere
808 538 915 569 studeat
927 538 1082 569 efficacem.

104 618 125 648 b
139 578 229 623 Teste
244 577 349 616 meipso
361 576 435 615 apud
447 576 574 607 Novum
588 576 746 615 Templum
761 576 896 607 London.
909 587 948 607 20
962 577 1007 607 die
1020 575 1158 607 Novem-

127 627 170 648 ris.

106 741 204 787 Qod
228 740 332 785 obsides
358 739 505 782 Melini,
528 738 573 771 ad
588 742 762 772 Petitionem
782 741 895 772 Uxoris
908 741 987 785 st'tae,
1005 741 1075 786 filies
1094 743 1160 774 No-

343 786 399 821 ·thae
416 791 499 835 Regis
510 814 520 829 ‚
546 787 713 821 reddantur
730 789 848 820 Nuncio
857 789 924 834 fito.

0 881 38 906 in.
49 874 91 906 D.
107 874 229 937 REX
243 874 343 919 Engel.
361 874 397 904 de
411 871 524 916 Cygon.
543 871 676 904 Salutem.

1 923 68 951 214.
130 953 135 957 ¹
159 953 164 958 ⁸
206 914 303 957 Sciatis
318 911 396 950 quod
409 911 623 979 ad'petxffnem
637 910 833 980 filiafilnostrae,
847 913 939 942 uxoris
954 909 1162 978 Lewliniffied-

0 954 84 1019 'half'
107 950 340 1029 (ᾆξξὲῗέἳὲἓὲ
352 950 435 1026 ῑξξῗζζ
447 956 662 1019 {gwitsiifvret’
720 959 793 980 ‘mm'
812 951 1000 1030 Thegwmt?
1025 950 1058 979 ἃ
1120 957 1163 1028 ef‘

0 1039 56 1062 πη.
67 1038 94 1064 9.
150 1027 190 1059 Et
202 1027 266 1057 ideo
282 1027 363 1057 vobis
377 1025 540 1056 mandamus
557 1025 634 1064 quod
648 1025 709 1056 illos
722 1034 801 1057 certo
815 1027 873 1066 ejus
895 1025 1036 1062 Nuncio,
1053 1024 1100 1054 has
1121 1022 1166 1054 lit·-

112 1075 181 1098 teras
194 1064 300 1095 nostras
315 1064 444 1095 Patentes
460 1063 612 1103 deferenti,
628 1064 758 1095 liberetis.

149 1140 238 1172 Teste
253 1141 359 1179 meipso
371 1140 444 1180 apud
461 1140 593 1172 Munem.
613 1141 647 1171 18
661 1140 706 1172 die
719 1140 899 1171 Decembris.

0 1294 19 1320 i.
37 1292 100 1326 196.
281 1267 308 1293 *ᾗ
334 1270 453 1301 Littera
471 1270 557 1313 Regis
576 1266 725 1299 Lewelino
742 1268 875 1310 Principi
890 1264 1010 1296 Vshlliae.

60 1376 88 1407 D
182 1353 241 1384 EX
256 1353 361 1383 <lisceto
376 1352 434 1382 filio
449 1351 498 1381 suo
514 1349 662 1394 Lewelino
676 1349 807 1380 Salutem.
938 1388 944 1392 ·

0 1387 66 1453 Ἐς
97 1400 102 1406 ”
221 1391 364 1422 Mittimus
383 1389 417 1420 ad
438 1399 491 1419 vos
509 1388 698 1418 venerabilem
719 1387 831 1417 Patrem
852 1385 1017 1417 Dominum
1036 1385 1089 1416 W.
1111 1385 1175 1416 Co-

70 1439 76 1445 ·
120 1439 211 1460 ventr.
237 1429 262 1459 E
284 1429 427 1468 iscopum‚
450 1427 483 1457 &
503 1425 596 1456 fideles
618 1425 730 1456 nostros
752 1425 933 1468 Gilebertum
951 1424 1041 1454 filium
1063 1424 1173 1468 Reinfr.

0 1466 23 1481 '²'
42 1456 84 1482 ¹⁶·
120 1467 173 1498 Ph.
199 1467 235 1497 de
289 1467 351 1497 zeb.
374 1465 474 1504 Justic.
501 1463 594 1494 Cestr.
610 1465 644 1495 &
667 1463 756 1494 Henr.
775 1463 811 1493 de
830 1463 989 1502 Erdington
1012 1462 1177 1501 Clericum,

0 1493 36 1546 ,φ’
121 1514 248 1545 rogantes
290 1513 401 1535 uatenus
423 1502 457 1532 ad
479 1502 571 1540 diem,
590 1512 676 1540 quam
697 1503 778 1532 vobis
802 1502 871 1532 scire
890 1501 1009 1539 facient,
1023 1502 1176 1531 occurratis

0 1531 60 1578 gazas.
122 1544 161 1574 eis
182 1542 256 1581 apud
310 1543 375 1579 uth,
392 1541 438 1572 vel
457 1541 530 1578 apud
553 1540 681 1572 Crucem
702 1539 819 1571 Griffin.
838 1540 959 1570 locuturi
973 1549 1040 1569 cum
1056 1539 1176 1576 eisdem,

0 1579 20 1595 ³·
35 1568 86 1606 J0'
122 1581 224 1620 quibus
244 1580 330 1611 fidem
351 1579 500 1610 adhibeatis
522 1579 550 1609 su
572 1589 601 1609 er
623 1579 674 1609 hiis
690 1602 699 1616 ,
724 1589 788 1616 quae
808 1579 890 1609 vobis
907 1577 1025 1609 dixerint
1045 1586 1078 1608 ex
1100 1586 1178 1618 parte

16 1624 22 1633 ⁴
72 1626 79 1637 ‘
122 1619 235 1658 nostra,
251 1619 286 1650 ad
301 1619 401 1657 fidem,
420 1627 519 1649 comm
560 1627 610 1648 um
624 1619 658 1648 &
673 1617 816 1647 honorem
830 1617 967 1647 nostrum.

5 1665 12 1672 ·
28 1646 90 1680 7·d·
159 1658 258 1689 Sciatis
273 1666 368 1688 autern
383 1656 477 1695 quod,
494 1656 545 1686 nisi
559 1666 608 1695 per
621 1666 674 1687 vos
686 1655 806 1694 steterit,
824 1665 876 1686 nos
893 1655 926 1686 &z
939 1664 991 1685 vos
1006 1655 1077 1684 boni
1097 1655 1182 1684 amici

125 1697 229 1727 erimus
241 1696 277 1727 ad
291 1697 425 1727 invicem.

162 1734 200 1765 Et
213 1736 242 1765 in
257 1735 355 1774 hujus,
373 1735 434 1766 &c.
452 1732 542 1764 Teste
557 1732 630 1774 apud
642 1732 762 1763 Turrim
778 1732 913 1763 London.
933 1741 952 1762 2
967 1732 1012 1762 die
1027 1730 1132 1761 Martii.

125 1860 246 1891 Littera
274 1859 438 1892 Innocentii
466 1860 548 1904 Papae
568 1857 776 1902 Cantuariensi
789 1855 1012 1905 Archiepiscopo
1027 1862 1063 1897 φῖ*
1081 1861 1185 1891 ceteris

173 1906 289 1953 Angliae
308 1906 454 1952 Epiftopis
467 1932 477 1948 ‚
503 1905 539 1939 de
554 1906 748 1950 reformanda
766 1911 843 1939 inter
863 1910 969 1954 Regem
995 1911 1031 1945 ὠ·
1059 1909 1185 1939 Barones

174 1954 341 2000 discordia3
365 1966 472 1986 necnon
488 1952 524 1987 de
540 1954 673 2002 caffizndo
687 1955 876 2002 quafiunqne
897 1957 1120 2002 Conjnmticmes
1147 1957 1184 1994 ὠ·

128 2051 131 2053 -
179 2004 420 2051 conspirationes.

0 2111 51 2142 mn
72 2109 104 2141 D
168 2089 353 2121 Nnocentius
365 2089 537 2130 Episcopus,
555 2089 648 2123 servus
661 2092 805 2123 servorum
821 2091 898 2131 Dei,
915 2090 1118 2122 venerabilibus
1135 2091 1191 2122 fra-

55 2136 60 2140 '
108 2134 114 2139 ’
181 2129 266 2160 tribus
278 2128 307 2159 S.
325 2127 518 2161 Cantuarienfi
532 2129 713 2169 Archiepisco
734 2142 771 2168 o,
789 2130 901 2161 Sanetae
923 2130 1066 2161 Romanae
1087 2129 1191 2161 Eccle-

0 2158 96 2216 (xviv-3.
133 2166 357 2236 siaedigardinali,
373 2168 406 2199 &
427 2167 611 2209 Suffraganeis
634 2170 689 2209 ejus
731 2169 852 2207 alutem,
870 2170 904 2200 &
926 2168 1124 2210 Apostolicam
1141 2169 1192 2200 be-

94 2219 97 2222 *
134 2216 171 2237 ne
230 2215 337 2236 ionem.

0 2227 47 2291 ἴυζ’·
77 2265 95 2291 6
173 2243 275 2275 Mirari
289 2245 421 2282 cogimur
436 2247 469 2277 &
483 2246 593 2277 moveri
628 2256 713 2287 grave
725 2253 851 2287 gerentes
865 2245 1018 2286 plurimum
1032 2247 1066 2278 ὃς
1090 2246 1194 2277 moles-

0 2275 88 2333 gh'ag-
99 2284 106 2291 ⁰
134 2291 214 2321 tum,
229 2283 307 2321 quod
320 2293 389 2314 curn
398 2286 470 2315 inter
483 2295 536 2315 vos
551 2286 584 2317 &
599 2271 771 2317 itariffimum
785 2287 814 2315 in
829 2284 947 2315 Christo
959 2284 1050 2316 filium
1063 2284 1195 2315 nostrum

0 2344 26 2369 iis
61 2351 90 2368 Μ
131 2321 294 2360 johannem
308 2321 422 2361 Regem
436 2323 482 2353 An
501 2323 547 2354 iiae
561 2324 713 2362 illustrem,
733 2333 786 2362 pax
800 2323 834 2354 ad
847 2324 990 2354 honorem
1003 2323 1062 2354 Dei
1084 2323 1117 2354 ὃς
1137 2322 1196 2354 Ec-

0 2389 4 2406 ι
24 2348 59 2408 ''np
66 2388 75 2406 ¹
94 2359 108 2407 ‘l
136 2360 227 2391 clesiae
250 2360 282 2391 sit
302 2360 419 2391 feliciter
440 2371 470 2391 re
482 2369 606 2401 ormata,
622 2362 801 2394 dissensiones
823 2363 894 2392 inter
915 2362 1002 2402 ipsum
1016 2363 1049 2393 &
1062 2361 1197 2400 quosdam

10 2403 13 2407 '
55 2400 60 2406 '
82 2392 115 2408 ἰ’
137 2398 288 2438 Magnates
300 2407 383 2437 atque
397 2398 536 2438 Barones,
552 2410 668 2432 necnon
681 2401 837 2440 complices
860 2400 1017 2431 eorundem
1030 2399 1196 2431 dissimulas-

138 2438 172 2467 tis
192 2437 344 2476 haetenus,
368 2438 402 2469 &c
425 2440 644 2470 conniventibus
662 2440 752 2470 oculis
771 2440 948 2477 pertransitis,
972 2438 1007 2469 ad
1029 2438 1196 2477 sopiendum

138 2475 195 2506 illas
217 2485 278 2505 non
296 2484 423 2507 curantes
445 2478 630 2514 interponere*
645 2485 733 2514 partes
755 2477 876 2515 vestras,
893 2477 1021 2515 quamvis
1045 2477 1198 2508 nullatenus

141 2514 148 2519 ⁴
169 2514 289 2552 noretis,
307 2514 403 2552 quod,
420 2514 469 2544 nisi
489 2515 616 2546 celeriter
636 2516 740 2547 fuerint
780 2515 890 2549 rudenti
913 2515 1031 2546 consilio
1050 2526 1083 2546 ac
1106 2515 1199 2546 studio

164 2552 269 2587 'igenti
292 2551 390 2590 sopitae
404 2575 414 2590 ,
437 2560 547 2583 tantum
565 2554 600 2585 &
620 2554 675 2584 tale
693 2525 851 2585 scandalum
865 2578 875 2591 ,
899 2563 1000 2584 eorum
1027 2554 1176 2584 occasione
1192 2579 1202 2593 ,

142 2589 229 2633 possit
242 2590 370 2620 accidere
381 2591 435 2620 toti
448 2590 555 2630 Regno
564 2615 573 2629 ,
591 2591 670 2629 quod
684 2591 758 2623 forte
772 2593 900 2629 nequiret
913 2592 1016 2630 absque
1035 2593 1126 2623 multo
1146 2592 1201 2622 dis-

143 2627 249 2666 pendio
264 2637 297 2657 ac
312 2637 416 2670 magno
431 2627 528 2659 labore
538 2629 640 2661 sedari:
660 2630 801 2662 nonnullis
813 2629 859 2660 sus
865 2630 1009 2660 ·icantibus
1029 2631 1062 2661 δε
1086 2630 1204 2661 dicenti-

144 2668 196 2697 bus
212 2665 289 2704 quod
303 2666 382 2704 super
396 2666 614 2706 quaestionibus,
631 2677 731 2699 contra
743 2668 833 2706 ipsum
885 2677 967 2708 egem
988 2669 1100 2700 noviter
1122 2669 1203 2700 susci-

143 2705 222 2742 tatis,
239 2714 292 2735 vos
305 2705 355 2734 illis
388 2705 498 2735 raebetis
511 2706 644 2736 auxilium
655 2707 689 2738 &
703 2706 848 2744 favorem,
866 2716 934 2737 cuin
949 2707 1124 2745 temporibus
1147 2707 1204 2738 cla-

146 2752 186 2773 rae
199 2744 348 2773 memoriae
385 2745 448 2773 atris
462 2745 497 2775 &
511 2743 610 2775 Fratris
622 2745 676 2782 sui,
691 2754 805 2775 necnon
819 2744 1011 2782 ipsius,usque
1022 2744 1086 2782 post
1101 2755 1201 2783 pacem

146 2782 219 2812 inter
240 2791 292 2812 vos
310 2782 344 2813 &
364 2781 456 2822 ipsum
471 2806 480 2820 ,
505 2782 596 2813 vestra
613 2782 797 2814 sollicitudine
816 2782 996 2814 reformatam
1010 2807 1021 2821 ,
1046 2783 1204 2822 hujusmodi

146 2819 315 2858 quaestiones
329 2829 390 2850 non
403 2820 506 2851 fuerint
520 2820 660 2852 suscitatae.

186 2857 258 2889 Illud
275 2865 369 2889 autem
390 2859 572 2898 reprobamus
592 2861 732 2899 omnino,
757 2859 794 2898 fi,
818 2859 1059 2899 quemadmodum
1082 2871 1097 2891 a
1112 2860 1207 2891 multis

147 2896 287 2935 asseritur,
304 2897 520 2935 conspirationes
541 2906 589 2928 aut
609 2899 816 2938 conjurationes
838 2899 956 2930 fecerint
980 2899 1044 2929 ausu
1058 2900 1207 2930 temerario

149 2943 249 2965 contra
262 2935 368 2973 ipsum;
387 2935 522 2974 quodque
535 2946 604 2967 cum
618 2938 699 2967 armis
712 2938 894 2967 irreverenter
908 2939 941 2968 &
954 2937 1087 2968 indevote
1100 2946 1208 2975 repete-

151 2983 183 3003 re
194 2973 438 3012 praesumpserunt,
457 2984 521 3013 quae
534 2984 603 3006 cum
615 2974 772 3006 humilitate
785 2985 818 3007 ac
829 2975 1000 3013 devotione,
1014 2975 1034 3006 si
1047 2986 1117 3014 opus
1130 2975 1209 3014 esset,

153 3021 185 3041 re
204 3021 279 3042 etere
293 3011 458 3042 debuissent.

216 3060 242 3094 'e
256 3050 338 3088 igitur
350 3049 430 3094 ipsius
444 3051 555 3082 bonum
567 3052 744 3091 propositum
763 3052 923 3092 hujusmodi
944 3052 1138 3083 occasionibus
1155 3062 1210 3083 vo-

153 3087 256 3118 lueritis
269 3088 415 3126 impediri,
432 3088 632 3121 fraternitatem
646 3091 768 3121 vestram
781 3101 910 3131 rogamus
924 3091 958 3121 &
979 3091 1160 3122 exhortamur
1180 3092 1210 3120 in

154 3125 289 3169 Domino
303 3151 313 3165 ,
342 3136 392 3165 per
412 3125 578 3165 Apostolica
597 3130 680 3159 vobis
699 3129 797 3167 scripta
814 3129 1006 3169 praecipiendo
1022 3129 1185 3160 mandantes
1200 3153 1209 3167 ,

155 3172 284 3232 guarinus
295 3164 332 3195 ad
344 3165 551 3196 reformandam
572 3168 644 3198 inter
663 3167 794 3206 utrosque
813 3167 999 3199 concordi-<un
1019 3167 1134 3208 diligens
1155 3167 1212 3197 stu-

176 3212 236 3233 ium
248 3204 437 3246 ¹impendatis,
455 3205 489 3235 &
507 3214 623 3243 operam
647 3203 811 3244 efficacem,
828 3215 929 3237 omnes
949 3205 1154 3243 conjurationes
1178 3206 1211 3236 &

156 3240 389 3280 conspirationes,
400 3242 576 3281 praesumptas
592 3243 608 3272 “a
618 3251 748 3281 tempore
759 3243 879 3274 subortae
890 3243 1036 3274 discordiae
1050 3246 1120 3275 inter
1133 3244 1214 3283 Reg-

158 3288 231 3309 num
246 3279 280 3309 &
293 3278 506 3319 Sacerdotium,
524 3281 689 3319 Apostolica
703 3281 900 3312 denunciantes
914 3283 1079 3313 austeritate
1092 3282 1213 3320 cassatas3

160 3318 213 3356 &,
228 3326 277 3358 per
294 3319 594 3349 excommunicationis
607 3320 787 3357 sententiam,
805 3321 961 3351 inhibentes
985 3331 1021 3351 ne
1035 3321 1097 3351 talia
1109 3320 1145 3350 de
1158 3330 1214 3351 cae-

161 3363 226 3387 tero
240 3354 452 3396 praesumantur:
471 3356 605 3388 Praefatos
617 3356 742 3387 Nobiles
755 3359 902 3388 monendo
914 3359 1080 3398 prudenter,
1098 3360 1132 3390 &
1154 3357 1215 3388 effi-

165 3395 270 3424 caciter
284 3393 469 3433 injungendo,
489 3403 538 3432 per
550 3395 693 3425 manifesta
704 3395 864 3426 devotionis
877 3398 910 3427 &
924 3397 1082 3428 humilitatis
1097 3396 1215 3434 indicia,

163 3432 253 3469 ipsum
266 3432 380 3470 Regem
394 3432 443 3462 fibi
455 3431 562 3470 placare
575 3443 609 3462 ac
622 3434 803 3464 reconciliare
822 3444 974 3471 procurent
985 3459 995 3473 ‚
1015 3436 1176 3465 exhibentes
1192 3436 1217 3464 ei

166 3471 274 3501 servitia
289 3470 506 3509 consueta,quae
519 3470 568 3508 ipsi
582 3471 615 3501 &
628 3471 843 3510 praedeceffores
857 3482 959 3504 eorum
971 3473 1021 3504 sibi
1035 3474 1069 3505 &
1083 3474 1133 3504 siiis
1148 3483 1219 3511 prae-

166 3508 356 3539 decessoribus
368 3508 573 3546 impenderunt.

204 3547 250 3577 Ac
264 3546 382 3586 deinde,
400 3548 421 3577 fi
437 3546 504 3585 quid
517 3546 553 3578 ab
564 3556 600 3577 eo
612 3545 740 3578 duxerint
753 3547 966 3587 postulandum,
983 3560 1044 3581 nori
1057 3549 1204 3580 insolenter
1215 3573 1224 3587 ,

167 3584 205 3616 set
223 3594 381 3616 reverenter
399 3586 551 3624 implorent
563 3608 572 3623 ,
598 3583 737 3624 Regaiem
758 3587 783 3615 ei
802 3587 996 3618 conservantes
1010 3589 1169 3626 honorem,
1189 3596 1221 3618 ut

167 3623 222 3661 sic,
241 3623 320 3662 quod
333 3624 518 3663 intenderint,
535 3623 642 3654 valfflnt
656 3622 762 3653 facilius
777 3625 914 3664 optinere.

208 3662 277 3692 Nos
292 3663 368 3693 enim
383 3662 507 3693 eundern
521 3661 634 3701 Regem
646 3669 790 3704 rogamuS,
807 3663 840 3693 &
851 3663 1028 3694 obsecramus
1041 3665 1070 3694 in
1078 3664 1220 3702 Domino,

171 3700 200 3730 in
221 3701 413 3732 remiffionem
433 3701 483 3731 fibi
501 3700 749 3743 peccaminum-in
759 3708 893 3743 ungentes
907 3725 917 3739 ,
935 3703 1061 3740 quatinus
1073 3702 1222 3741 praedidtos

172 3737 296 3769 Nobiles
315 3740 439 3777 benigne
460 3739 608 3777 pertractet
656 3738 688 3769 &
699 3746 729 3776 Ju
756 3746 782 3766 as
795 3739 941 3774 petitiones
956 3746 1058 3770 eorum
1069 3741 1223 3771 clementer

171 3775 314 3816 admittat,
330 3787 362 3809 ut
377 3779 416 3810 ⁷&
433 3777 482 3815 ipsi
503 3762 710 3817 congaudentes
730 3775 903 3812 cognoscant
924 3787 989 3807 eum
999 3802 1010 3815 ,
1027 3779 1122 3809 divina
1140 3779 1224 3818 gratia

171 3814 307 3854 faciente,
320 3816 349 3846 in
362 3817 511 3847 meliorem
522 3815 624 3846 statum
636 3814 692 3845 esse
707 3822 864 3857 mutatum3
882 3823 915 3844 ac
927 3824 977 3857 per
990 3815 1049 3846 hoc
1062 3817 1110 3854 ipsi
1123 3818 1156 3848 δε
1165 3817 1224 3847 hae-

171 3852 250 3921 ffi
268 3863 370 3921 {otgunt
383 3879 393 3892 ,
417 3855 468 3885 fibi
487 3854 521 3885 &
539 3853 741 3884 succefl'on'bus
755 3851 806 3882 suis
817 3859 974 3888 promptius
988 3854 1022 3884 δι’.
1033 3854 1162 3885 devotius
1176 3854 1226 3884 de-

245 3898 257 3920 t
327 3903 346 3923 u
356 3894 403 3923 ari.

175 3927 290 3996 ᾱεὲῐαῐξὸ
298 3929 446 3970 Laterani,
466 3940 511 3970 14.
528 3929 593 3963 Kal.
612 3929 732 3971 Aprilis,
746 3925 927 3960 Pontificatus
945 3928 1034 3960 nostri
1052 3940 1128 3962 anno
1141 3930 1226 3962 oao-

1202 175 1675 235 PUBLICA„
2186 202 2241 249 65

1275 409 1279 413 .
1302 358 1329 386 'k
1350 361 1428 393 Alia
1445 361 1645 408 Magnatibus
1665 366 1778 410 Angliae
1795 366 1840 399 ad
1856 366 1979 401 eundem
2000 368 2145 413 'effleiiumz

2259 376 2274 393 ⁸*
2291 377 2386 410 I.i97.

1195 444 1416 505 INnocentius
1428 469 1438 482 ,
1462 446 1522 476 ὅτε,
1540 444 1657 477 ἀίἲεξὶυε
1674 447 1734 478 filiis
1756 439 1793 479 M
1809 451 1934 482 <’natibus
1951 453 1985 483 ὃς
2005 452 2158 484 Batonibus
2179 452 2241 483 An-
2258 448 2333 490 Ᾱῃῃ,
2347 459 2389 490 D,

1234 483 1322 551 (gli-ae,
1339 483 1452 527 salutem
1467 484 1500 514 &
1515 482 1710 521 Apostolicam
1723 486 1796 516 bene
1817 489 1960 519 ustionem.

1197 558 1214 588 s
1267 531 1331 565 rave
1344 531 1464 590 ggffiiifis
1479 521 1679 590 &zlrinprl'efftudi
1693 523 1787 561 quod,
1803 526 1871 556 sicut
1881 529 2040 565 accepimus
2049 551 2058 566 ,
2077 531 2148 560 inter
2161 529 2246 574 karis-
2261 580 2265 585 Ι

1209 568 1300 589 imum
1317 570 1345 589 in
1428 571 1435 589 i
1462 570 1481 590 o
1541 570 1558 590 u
1625 571 1643 590 o
1671 571 1730 591 rum
1742 561 1903 599 johannem
1918 564 2029 604 Regem
2040 567 2197 610 Anglorum
2211 567 2245 597 il-

2281 506 2364 535 1215.

2259 541 2310 565 Aa.
2335 538 2376 563 16.

2265 576 2323 611 soh.

1196 596 1328 635 lustrem,
1346 598 1380 629 δε
1400 598 1533 636 quosdam
1547 597 1690 636 vestrum,
1709 608 1822 637 propter
1837 601 2003 639 quaestiones
2017 613 2125 634 novner
2138 606 2246 644 suscita-v
2264 619 2321 641 Pnt.
2344 612 2384 640 16,

1198 635 1398 679 tas,.dissens10
1412 636 1453 680 est
1467 636 1594 678 suborta,
1614 646 1700 681 grave
1712 637 1885 683 dispendium
1898 640 2031 683 paritura,
2049 642 2099 672 nisi

1199 672 1299 704 fuerint
1313 674 1442 714 prudenti
1456 674 1573 705 consilio
1585 684 1617 705 ac
1631 675 1722 706 studio
1735 676 1860 714 diligenti
1872 677 1975 715 sopitae.

1199 750 1324 794 asseritur
1331 775 1340 788 ,
1358 750 1572 788 conspirationes
1592 760 1638 782 aut
1659 753 1861 790 conjurationes
1880 753 1999 784 feceritis
2017 754 2080 784 ausu
2101 760 2250 787 temerario

1200 796 1299 818 contra
1318 788 1407 825 ipsum
1417 812 1433 830 ,g
1445 789 1579 827 quodque
1599 798 1666 820 cum
1686 791 1767 820 armis
1787 793 2012 823 irreverenter&
2026 792 2159 824 indevote
2172 804 2252 831 repe-

1200 833 1259 855 tere
1280 826 1498 864 praesumpllstis,
1519 836 1582 864 quae
1603 837 1672 858 cum
1693 828 1846 860 humilitate
1867 830 1902 861 ad
1924 830 2126 870 devotionem,
2141 832 2162 862 fi
2179 843 2251 870 opus

1202 863 1283 900 esset,
1304 874 1355 894 vos
1368 872 1491 902 repetere
1502 865 1652 895 debebatis.

1239 901 1292 945 Ne
1306 903 1390 945 igitur
1404 903 1484 946 ipsius
1498 903 1609 934 bonum
1625 904 1800 944 propositum
1814 905 1972 945 hujusmodi
1984 907 2177 938 occasionibus
2198 919 2253 939 vo⁴

1202 938 1305 969 luerins
1317 939 1461 978 impediri,
1479 951 1530 971 nos
1546 951 1644 971 omnes
1658 943 1872 980 conspirationes
1890 947 1923 976 ὃς
1944 947 2165 984 conjurationes,
2182 957 2254 983 prae-

1203 977 1322 1019 sumptas
1343 988 1358 1007 a
1378 986 1508 1020 tem—pore
1528 978 1649 1008 subortae
1670 979 1814 1010 discordiae
1836 984 1906 1012 inter
1922 982 2057 1023 Regnum
2071 985 2104 1014 ὃς
2118 983 2256 1014 Sacerdo-

1204 1023 1293 1052 tium,
1312 1013 1477 1058 Apostolica
1490 1016 1688 1046 denunciamus
1697 1019 1860 1049 auCtoritate
1878 1021 2003 1060 cassatas,
2022 1023 2055 1052 ὃς
2071 1032 2120 1060 per
2138 1026 2257 1052 excom4

1205 1054 1402 1083 municationis
1420 1053 1579 1082 sententiam
1595 1054 1769 1093 inhibemus,
1787 1066 1823 1085 ne
1835 1057 1900 1086 tales
1914 1058 1949 1088 de
1970 1068 2074 1091 caetero
2089 1061 2256 1098 prcesaman-

1205 1099 1269 1129 tur,
1293 1100 1346 1121 vos
1366 1090 1528 1133 monendo,
1551 1092 1700 1128 prudenter
1720 1095 1753 1123 ἃ
1776 1093 1927 1125 efficaciter
1946 1096 2123 1135 inducendo,
2140 1108 2187 1137 ut,
2205 1103 2256 1136 per

1207 1128 1352 1160 manifesta
1376 1129 1533 1159 devotionis
1554 1131 1588 1160 ὃς
1608 1129 1768 1160 humilitatis
1787 1131 1905 1169 indicia,
1931 1134 2018 1170 ipsum
2040 1135 2151 1172 Regem
2173 1137 2256 1167 vobis

1207 1167 1316 1206 placare
1330 1169 1363 1199 &
1377 1167 1556 1197 reconciliare
1568 1169 1686 1210 curetis,
1705 1169 1865 1200 exhibentes
1878 1172 1903 1200 ei
1916 1170 2021 1201 servitia
2035 1170 2182 1212 consueta,
2196 1181 2258 1212 quse

1208 1216 1261 1250 vos
1285 1207 1317 1237 ὃ(
1336 1204 1548 1244 praedeceffores
1570 1205 1654 1236 vestri
1667 1206 1716 1237 libi
1728 1208 1761 1238 &
1776 1206 1826 1237 suis
1842 1207 2086 1246 praedecessoribus
2108 1213 2260 1248 impendis*

1209 1252 1252 1275 tis.

1250 1283 1294 1313 Ac
1308 1282 1410 1313 deinde
1424 1282 1444 1313 si
1459 1282 1526 1321 quid
1541 1283 1575 1313 ab
1589 1293 1624 1314 eo
1639 1282 1768 1314 duxeritis
1792 1283 2006 1324 postulandum,
2023 1295 2083 1316 non
2101 1285 2264 1326 insolenter,

1210 1320 1248 1351 set
1259 1332 1326 1352 cum
1339 1324 1491 1351 reverentia
1503 1322 1672 1360 imploret-n,
1688 1322 1808 1358 reoaiem
1824 1324 1848 1353 ei
1861 1323 2054 1354 conservantes
2065 1324 2205 1355 honorem
2213 1338 2223 1363 ·,
2235 1334 2266 1356 ut

1214 1360 1251 1390 sic
1261 1383 1270 1398 ,
1288 1359 1365 1398 quod
1380 1359 1566 1398 intenderitis,
1584 1361 1694 1390 valeatis
1709 1346 1813 1390 fficilius
1827 1363 1961 1398 optinere.

1251 1398 1319 1428 Nos
1338 1398 1459 1428 eundem
1475 1397 1586 1437 Regem
1606 1407 1734 1437 rogamus
1756 1401 1788 1430 ὃς
1809 1399 1984 1430 obsecramus
2003 1401 2033 1430 iri
2054 1399 2187 1432 Domino
2203 1425 2212 1439 ,
2237 1402 2267 1432 in

1214 1435 1405 1467 remissionem
1426 1438 1452 1467 ei
1470 1438 1666 1473 peccaminum
1687 1437 1859 1476 injungentes
1882 1447 1912 1468 ut
1934 1448 1986 1468 vos
2007 1439 2127 1477 benigne
2148 1449 2269 1480 pertrac-

1215 1484 1270 1514 tet,
1287 1475 1320 1505 δε
1336 1474 1421 1513 justas
1442 1476 1589 1513 petitiones
1604 1474 1706 1505 vestras
1723 1476 1876 1506 clementer
1891 1476 2033 1515 admittat,
2051 1478 2088 1507 iic
2110 1479 2143 1509 δ(-
2159 1487 2210 1508 vos
2226 1479 2268 1516 ip-

1213 1514 1235 1543 si
1251 1512 1474 1553 congaudendo,
1491 1513 1662 1552 cognoscatis
1677 1523 1761 1552 eum,
1778 1514 1872 1544 divina
1892 1516 1974 1554 gratia
1988 1514 2148 1553 auxiliante,
2166 1518 2194 1546 in
2208 1526 2269 1546 me-

1216 1552 1316 1582 liorem
1340 1551 1441 1582 statum
1464 1551 1520 1581 esse
1542 1560 1697 1590 mutatum,
1714 1562 1746 1581 ac
1768 1563 1817 1590 per
1840 1553 1896 1583 hoc
1916 1563 1967 1583 vos
1989 1554 2021 1584 &
2044 1553 2167 1585 haeredes
2185 1554 2270 1585 vestii

1218 1590 1268 1658 lsibi
1285 1613 1294 1629 ,
1320 1591 1353 1622 &
1373 1590 1572 1621 successoribus
1593 1590 1643 1620 suis
1663 1590 1784 1621 debeatis
1802 1592 1955 1630 promptius
1977 1592 2011 1622 &
2032 1590 2161 1623 devotius
2182 1592 2272 1623 famu-

1229 1638 1276 1659 ari.
2036 1659 2042 1665 ,

1258 1666 1405 1707 Qiocirca
1425 1667 1598 1698 nobilitatem
1618 1666 1738 1698 vestram
1760 1667 1911 1707 rogandam
1935 1666 2065 1699 duximus
2092 1669 2126 1700 &
2153 1679 2273 1701 momen*

1219 1705 1303 1745 dam,
1320 1715 1370 1746 per
1384 1704 1548 1743 Apostolica
1560 1707 1640 1736 vobis
1652 1706 1748 1744 scripta
1763 1707 1922 1737 mandantes
1939 1709 2062 1745 quatinus
2077 1707 2142 1737 tales
2164 1709 2194 1738 in
2216 1709 2274 1739 hoc

1221 1755 1273 1775 vos
1293 1744 1422 1774 exhibere
1441 1745 1558 1781 curetiS,
1576 1744 1651 1781 quod
1676 1745 1809 1783 Regnum
1833 1745 1942 1784 Aug-liae
1964 1754 2056 1783 optata
2071 1755 2139 1783 pace
2151 1745 2276 1784 laetetur,

1173 1811 1178 1812 ⁷
1222 1783 1256 1814 δὲ
1277 1793 1328 1812 nos
1349 1783 1379 1812 in
1398 1781 1600 1812 necessitatibus
1612 1781 1727 1820 vestris,
1746 1793 1812 1813 cum
1826 1794 1896 1821 opus
1912 1783 2009 1822 fuerit,
2023 1783 2205 1814 necessarium
2221 1794 2275 1816 vo·

1223 1822 1264 1852 bis
1278 1820 1442 1859 impendere
1455 1821 1602 1851 debeamus
1616 1821 1746 1850 auxilium
1763 1823 1796 1852 ὃς
1811 1822 1946 1852 favorem.

1260 1897 1369 1968 Bargul-m
1384 1897 1509 1929 Lateran.
1532 1897 1647 1936 14K21.
1665 1897 1785 1937 Aprilis,
1804 1896 1983 1928 Pontificatus
1999 1897 2087 1928 nostri
2108 1907 2182 1928 anno
2202 1897 2279 1929 deci-¹

1226 1946 1277 1968 nio
1291 1947 1326 1968 o.
1342 1946 1405 1968 avo.

1276 2071 1323 2103 De
1346 2070 1479 2103 eletlione
1500 2069 1594 2104 libem
1612 2071 1752 2115 univeists
1773 2074 1809 2108 (ξφ
1819 2071 1942 2117 fingulis
1961 2070 2094 2112 Ecclefiis
2107 2071 2239 2115 conccffia

2121 643 2246 674 celeriter
2262 652 2361 690 ‘johan-

1237 711 1314 742 Istud
1337 720 1429 743 amem
1450 713 1630 750 reprobamus
1650 715 1787 753 omnino,
1805 715 1840 753 fi,
1858 716 2098 754 quemadmodum
2116 727 2132 747 a
2154 719 2247 749 multis
2262 700 2352 757 zum
2363 696 2388 717 κ’

1230 2152 1451 2217 INnocentius
1465 2155 1567 2195 Episco
1590 2167 1636 2196 uS,
1654 2156 1746 2187 servus
1762 2155 1906 2186 servorum
1920 2148 1996 2194 Dei,
2015 2155 2217 2186 venerabilibus
2232 2156 2287 2187 fra·
2308 2153 2382 2192 Ᾱῃῃ,
2392 2153 2432 2191 D;

1265 2195 1364 2238 *tribus
1385 2195 1542 2238 &.dss.effl3
1582 2196 1622 2225 liis
1644 2194 1775 2225 universis
1797 2193 2142 2238 Ecclefiarum'Praelatis,
2160 2205 2208 2233 per
2226 2194 2287 2225 An-

1234 2232 1318 2272 gliam
1333 2232 1490 2263 constitutis
1499 2234 1626 2272 ,salutem
1640 2234 1674 2265 ὃς
1689 2232 1883 2271 Apostohcam
1897 2232 2132 2263 benedictionem.

2330 2207 2413 2237 1215.

1227 2286 1230 2289 ⁴
1271 2270 1373 2312 Dignis
1391 2271 1516 2303 laudibus
1537 2272 1687 2303 attollimus
1702 2271 1936 2311 magnificentiam
1951 2272 2081 2302 creatoris
2096 2271 2193 2310 qubd,
2210 2271 2288 2316 post*
2307 2240 2421 2315 ἕῖβι.16

1234 2320 1318 2349 quam
1338 2309 1431 2349 idem,
1457 2312 1505 2349 qui
1524 2310 1565 2341 est
1586 2310 1716 2341 mirabilis
1737 2311 1770 2341 &
1791 2309 1918 2341 terribilis
1938 2310 1968 2339 in
1987 2309 2106 2340 consiliis
2131 2309 2209 2348 super
2220 2310 2291 2341 fi'uos
2311 2320 2350 2344 Ex
2362 2315 2433 2350 orig.

1235 2350 1404 2387 hominum,
1426 2349 1596 2387 aliquamdiu
1616 2349 1744 2379 toleravit
1765 2356 1814 2387 ut,
1834 2347 1978 2388 perflando
1998 2348 2162 2381 discurreret
2202 2359 2231 2379 er
2250 2348 2291 2380 Α-

1237 2386 1340 2418 reolam
1355 2388 1429 2418 horti
1441 2387 1481 2418 sui
1493 2388 1599 2428 spiritus
1612 2386 1796 2427 tempestatiS,
1814 2387 1889 2425 quasi
1902 2386 1997 2417 ludens
2008 2386 2095 2418 taliter
2110 2388 2140 2416 in
2154 2397 2188 2417 or
2209 2397 2226 2417 e
2238 2395 2294 2417 ter-

1239 2435 1333 2456 rarum
1349 2449 1360 2465 ,
1384 2434 1416 2456 ut
1436 2426 1474 2457 fic
1494 2426 1654 2456 ostenderet
1671 2425 1859 2456 infirmitatem
1877 2426 1911 2456 δε
1930 2423 2150 2455 insufficientiam
2169 2425 2295 2456 nostram
2331 2421 2334 2423 Δ

1238 2465 1336 2502 nobis,
1361 2464 1473 2503 statim,
1495 2475 1563 2495 cum
1584 2464 1674 2495 voluit
1690 2487 1700 2502 ,
1725 2463 1860 2502 Aquiloni
1886 2463 1955 2493 dixit
1975 2463 2032 2501 fla,
2057 2464 2091 2495 &
2110 2463 2215 2494 Austro
2236 2462 2296 2495 noli

1239 2504 1407 2543 prohibere,
1422 2502 1614 2544 imperansque
1627 2504 1716 2533 ventis
1729 2503 1762 2533 &
1778 2503 1863 2539 mari,
1877 2501 1969 2532 statuit
1981 2501 2132 2540 procellam
2147 2503 2176 2531 in
2190 2511 2295 2540 auram,

1240 2549 1272 2571 ut
1285 2549 1377 2571 nautae
1390 2550 1504 2579 portum
1519 2542 1618 2579 quietis
1632 2541 1773 2571 inveniant
1788 2547 1974 2577 peroptatum.

1278 2579 1357 2610 Cum
1378 2580 1455 2609 enim
1476 2581 1546 2609 inter
1565 2582 1681 2615 Regnum
1704 2579 1737 2609 &
1752 2579 1930 2607 Sacerdotium
1943 2577 2149 2617 Anglicanum,
2166 2588 2225 2609 non
2239 2579 2296 2609 sine

1242 2626 1346 2657 magno
1368 2617 1509 2655 periculo,
1533 2625 1616 2655 atque
1636 2616 1760 2654 dampno
1776 2641 1785 2655 ,
1811 2615 1891 2653 super
1911 2616 2092 2647 eleffionibus
2114 2617 2299 2650 Praelatorum

1240 2658 1330 2695 gravis
1350 2655 1432 2685 suerit
1451 2655 1638 2686 controversia
1660 2655 1762 2685 diutius
1784 2656 1897 2694 agitata,
1921 2654 1969 2684 illo
1989 2654 2103 2685 tandem
2110 2678 2121 2694 ,
2146 2657 2192 2685 cui
2211 2656 2300 2686 nichil

1242 2694 1283 2724 est
1303 2693 1490 2732 impossibile,
1509 2696 1630 2732 quique,
1648 2693 1697 2724 ubi
1715 2693 1791 2731 vult,
1817 2693 1895 2732 spirat
1916 2693 2076 2723 mirabiliter
2116 2701 2151 2723 ex
2171 2700 2248 2723 mera
2266 2696 2299 2725 &t

1242 2732 1390 2770 spontanea
1401 2732 1561 2771 voluntate,
1579 2731 1615 2762 de
1631 2731 1765 2762 consensu
1778 2732 1927 2762 communi
1940 2731 2052 2761 suorum
2095 2741 2230 2771 aronum,
2248 2741 2301 2769 pro

1243 2771 1328 2801 salute
1339 2772 1441 2801 animae
1451 2771 1522 2808 suae,
1534 2781 1566 2801 ac
1580 2769 1831 2808 praedecessorum,
1849 2771 1882 2801 &
1898 2769 2089 2800 successorum
2102 2769 2233 2808 suorum,
2248 2780 2303 2801 νο-Ἴ

1245 2810 1287 2839 bis
1305 2808 1440 2840 concessit
1454 2834 1463 2847 ,
1489 2811 1522 2840 &
1540 2809 1591 2839 suis
1608 2809 1702 2839 litteris
1721 2807 1899 2839 confirmavit
1914 2816 1944 2838 ut
1961 2807 1998 2837 de
2015 2816 2120 2844 caetero
2136 2809 2165 2837 in
2190 2809 2302 2838 univer-·

1246 2848 1279 2878 sis
1297 2849 1330 2879 &
1348 2848 1458 2884 singulis
1476 2847 1605 2877 Ecclesiis
1623 2872 1633 2885 ,
1657 2857 1691 2877 ac
1711 2845 1909 2884 Monasteriis,
1927 2844 2155 2883 CathedralibuS,
2173 2847 2205 2877 δὲ
2220 2846 2304 2876 Con³

1245 2887 1421 2917 ventualibus
1437 2887 1522 2916 totius
1536 2885 1631 2924 Regni
1646 2885 1758 2922 Angliae
1770 2887 1799 2915 in
1813 2891 1977 2923 perpetuum
1992 2884 2077 2914 libere
2100 2884 2166 2914 fiant
2187 2884 2304 2915 electio-

1246 2935 1294 2956 nes
1308 2934 1554 2962 quorumcumque
1567 2923 1751 2953 Praelatorum
1760 2947 1769 2960 ,
1787 2924 1926 2962 majorum
1942 2923 2026 2952 etiam
2040 2924 2074 2953 δε
2088 2923 2239 2952 minorum.

1284 2963 1353 2993 Nos
1374 2963 1471 3001 igitur,
1488 2963 1545 2992 hoc
1565 2970 1673 3001 gratum
1693 2963 1727 2993 ὃς
1752 2970 1843 2992 ratum
1856 2961 2005 2999 habentes,
2024 2959 2237 2991 concessionem
2251 2961 2304 2991 liu-

1244 3001 1366 3041 jusmodi
1379 3002 1477 3038 vobis,
1495 3001 1527 3031 δε
1561 3010 1591 3030 er
1604 3010 1656 3030 vos
1668 2999 1800 3030 Ecclesiis
1813 3000 1846 3030 &
1868 2998 2069 3028 successoribus
2090 2998 2204 3037 vestris,
2221 3002 2306 3037 'prout

1248 3043 1277 3071 in
1298 3039 1418 3078 ejusdem
1440 3039 1527 3078 Regis
1557 3039 1642 3068 itteris
1661 3037 1844 3078 perspeximus
1864 3038 2020 3074 contineri,
2037 3037 2200 3068 auetoritat‘e
2216 3037 2308 3077 Apos-

1249 3079 1332 3110 tolica
1345 3077 1542 3108 confirmamus
1558 3101 1568 3114 ,
1586 3078 1619 3107 ἃ
1634 3076 1771 3113 praesentis
1783 3075 1876 3113 scripti
1889 3076 2045 3115 patrocinio
2059 3078 2282 3106 communimus.

1288 3116 1335 3147 Ad
1355 3117 1492 3153 majorem
1512 3124 1605 3146 autem
1626 3114 1787 3143 firmitatem
1810 3115 1843 3144 ὃς
1867 3120 2029 3150 perpetuam
2051 3115 2216 3144 memoriam
2229 3115 2307 3152 hujus

1251 3157 1306 3194 rei,
1320 3154 1442 3193 praefatas
1457 3155 1475 3173 ⁹*
1490 3153 1578 3193 Regis
1598 3153 1714 3189 litteras,
1730 3151 1809 3188 super
1820 3152 1877 3182 hoc
1895 3151 2054 3190 contestas,
2073 3152 2308 3190 praesentibusiin-

1251 3194 1301 3224 seri
1317 3194 1451 3230 fecimus,
1490 3200 1585 3221 uarum
1599 3199 1681 3220 tenor
1695 3189 1735 3219 est
1745 3190 1816 3219 talis.

2329 3166 2378 3193 *L
2396 3156 2458 3199 '1333

1252 3232 1446 3300 Njohannes,
1498 3231 1522 3260 ei
1545 3230 1644 3272 gratia,
1661 3227 1727 3258 Rex
1748 3228 1871 3267 Angliae,
1890 3227 2037 3258 Dominus
2059 3228 2218 3270 Hiberniae,
2238 3227 2307 3257 Dux
2350 3249 2359 3255 .

1289 3269 1441 3300 orinanniae
1455 3270 1487 3298 ὃς
1503 3268 1676 3305 Aquitaniae,
1695 3268 1728 3297 &
1741 3265 1849 3297 Comes
1863 3265 2048 3303 Andegavir,
2068 3266 2307 3304 Archiepilcopis,

1252 3308 1412 3346 Episcopis,
1438 3305 1614 3343 Comitibus,
1640 3305 1808 3343 Baronibus,
1834 3304 1989 3342 Militibus,
2014 3304 2135 3341 Baliaris,
2155 3305 2187 3334 ὅς
2212 3305 2308 3334 omni-¹

1255 3347 1305 3377 bus
1314 3369 1323 3383 ,
1340 3346 1386 3375 has
1399 3346 1498 3374 litteras
1512 3343 1623 3382 visuris,
1640 3343 1763 3373 salutem.

1295 3384 1442 3422 Qioniam
1459 3384 1530 3412 inter
1550 3391 1601 3412 nos
1618 3404 1627 3419 ,
1659 3383 1693 3413 &
1715 3381 1882 3416 venerabiles
1904 3386 1991 3418 patres
2013 3378 2122 3409 nostros
2137 3373 2310 3417 Stephanum

1255 3421 1484 3453 Cantuariensem
1499 3419 1748 3459 Archiepiscopum
1760 3421 1843 3449 totius
1858 3419 1968 3454 Angli-„e
1982 3417 2152 3454 Primatem,
2169 3419 2202 3448 δε
2218 3417 2306 3449 Sanc,

1256 3470 1293 3492 tae
1314 3460 1455 3490 Roman-ae
1474 3458 1608 3489 Eccleiiae
1629 3457 1805 3488 Cardinalem
1821 3479 1830 3494 ,
1855 3454 2041 3496 Willielinum
2062 3454 2310 3495 Londoniensem,

1256 3498 1440 3530 Eustachium
1460 3496 1624 3534 Elyensem,
1643 3496 1774 3535 Egidium
1795 3493 2048 3530 Herefordenlem,
2071 3493 2233 3531 jocelinum
2259 3491 2311 3529 Ba=

1255 3535 1431 3568 thoniensem
1442 3536 1475 3566 &
1489 3534 1713 3571 Glastoniensem
1749 3534 1782 3563 ὃς
1798 3532 1956 3570 Hugonem
1971 3530 2213 3570 Lincolniensem,
2231 3531 2312 3570 Epis-

1257 3585 1364 3615 copos‚
1387 3574 1466 3615 super
1488 3573 1613 3613 dampnis
1633 3574 1666 3603 ὃς
1685 3557 1778 3601 abiatis
1799 3578 1915 3607 eorum,
1939 3577 2069 3606 tempore
2088 3567 2243 3609 inffi'dicsti,
2261 3574 2312 3608 pe?

1259 3613 1317 3644 Dei
1339 3614 1472 3649 gratiam,
1496 3612 1533 3641 de
1554 3620 1630 3640 mera
1649 3612 1682 3640 &
1700 3609 1784 3638 libera
1801 3608 1944 3637 voluntate
1964 3607 2054 3637 utrius
2069 3617 2103 3637 ue
2117 3609 2211 3647 partis,
2230 3609 2313 3646 plene

1258 3651 1414 3688 convenit,
1432 3649 1563 3680 volumus
1584 3658 1644 3678 non
1661 3646 1749 3676 solum
1768 3646 1806 3674 eis
1820 3654 1955 3682 quantum
1969 3645 2053 3675 secun
2074 3655 2122 3675 um
2136 3646 2233 3677 Deum
2246 3657 2311 3685 pos*

1259 3690 1352 3720 sumus
1371 3688 1537 3723 satisfacere,
1553 3686 1654 3716 verum
1675 3686 1760 3713 etiam
1781 3684 1835 3713 toti
1847 3682 1980 3714 Eccleliae
1995 3683 2159 3723 Anglicanae
2172 3685 2311 3716 salubriter

1261 3729 1294 3760 ὅ(
1309 3727 1411 3757 utiliter
1423 3728 1452 3756 in
1468 3731 1635 3765 perpetuum·
1648 3721 1801 3762 providere.
2087 3755 2091 3757 μ

1299 3765 1370 3796 lnde
1380 3763 1424 3794 est
1447 3764 1539 3800 quod,
1580 3760 1755 3797 ualiscunque
1773 3759 1945 3790 consuetudo
1963 3761 2137 3798 temporibus
2158 3761 2258 3792 nostris
2279 3763 2312 3792 ὃς

1262 3802 1496 3842 praedecessorum
1515 3809 1554 3829 no
1581 3807 1677 3828 rorum
1697 3797 1829 3828 haetenus
1850 3799 1878 3828 in
1902 3797 2025 3828 Ecclesia
2051 3799 2204 3838 Anglicana
2230 3800 2312 3831 fuerit

1262 3842 1422 3877 observata,
1435 3840 1468 3869 &
1482 3835 1616 3875 quicquid
1627 3836 1692 3874 juris
1703 3836 1785 3866 nobis
1799 3836 1930 3866 haetenus
1943 3836 2181 3868 vendicaverimus
2194 3840 2222 3868 in
2238 3838 2313 3868 elec„-

1262 3880 1384 3910 tionibus
1398 3883 1644 3915 quorumcumque
1655 3873 1855 3912 Praelatorum,
1873 3882 1924 3904 nos
1933 3897 1942 3911 ,
1953 3873 1988 3905 ad
2001 3875 2122 3912 ipsorum
2136 3877 2313 3913 petitionem,

1262 3928 1316 3956 pro
1328 3916 1410 3946 salute
1423 3915 1524 3944 animae
1537 3910 1657 3950 nostrae,
1677 3912 1710 3942 δε
1726 3911 1976 3951 praedecessorum,
1992 3921 2026 3943 ac
2039 3913 2227 3944 successorum
2247 3915 2312 3942 nos:

1262 3964 1374 3986 trorum
1388 3952 1502 3991 Regum
1518 3949 1645 3988 Anghae,
1661 3950 1826 3988 liberaliter,
1840 3959 1917 3980 mera
1937 3952 1970 3982 ὃς
1989 3951 2137 3991 spontanea
2152 3951 2313 3987 voluntate,

1218 4019 1220 4023 .
1262 3994 1300 4024 de
1314 3991 1463 4022 communi
1476 3987 1582 4018 assensu
1595 3987 1736 4018 Baronum
1751 3988 1932 4025 nostrorum,
1947 3988 2132 4019 concessimus
2152 3988 2186 4019 δὲ
2206 3986 2311 4017 ‘nist-ff

216 4106 286 4138 mm.
305 4106 330 4138 1.
348 4108 382 4137 Ρ.
400 4107 425 4138 Ιι

1265 4033 1385 4066 tuimus,
1401 4028 1435 4058 ὃς
1447 4028 1499 4057 hac
1512 4025 1638 4066 praesenti
1652 4026 1738 4060 Carta
1748 4025 1844 4056 nostra
1856 4026 2086 4062 confirmavimus
2096 4035 2127 4056 ut
2139 4025 2176 4055 de
2190 4029 2311 4063 caete'ro,

1266 4067 1397 4100 universis
1415 4066 1448 4096 ὅτ.
1468 4064 1578 4104 singulis
1599 4060 1729 4096 Ecclefiis
1743 4086 1754 4103 ,
1781 4063 1959 4132 ΙῖΙοηείὲει-ϋε
1973 4085 1985 4104 ,
2013 4064 2224 4095 Cathedralibus
2238 4063 2322 4130 ’,Ο-ᾗ
