2570 4261
209 95 229 122 2
239 94 257 136 3
266 82 288 121 8

36 163 114 194 Ann-
129 162 168 193 D·
191 175 307 202 eorum,
322 164 400 205 supet
413 162 548 193 omnibus
563 163 597 192 &
609 159 719 198 singulis
733 157 880 196 praerniffis
893 166 962 186 cum
975 155 1080 187 effectu
1092 156 1249 194 admittant,

59 203 142 240 1284-
189 205 223 235 ὃς
238 203 301 248 post
318 201 460 234 decessum
480 199 607 230 nostrum
628 208 658 228 ea
677 197 778 227 faciant
793 197 859 226 totis
870 196 975 225 viribus
987 195 1182 226 inviolabiliter
1196 195 1250 225 ob-

36 241 103 269 E‘lv-
127 250 150 268 1·
187 243 293 273 servari.
562 274 567 279 ,
665 273 670 278 ⁵
694 273 698 278 ⁵
1064 272 1069 276 η

226 280 259 310 Iri
282 287 404 318 quorum
425 275 619 306 testimonium
642 272 771 312 Sigillum
792 270 923 303 nostrum
945 271 1123 310 praesentibus
1144 270 1186 302 est
1203 281 1253 309 ap-

190 318 314 358 pensum.

229 392 296 423 Dat.
309 389 381 427 apud
396 388 545 427 Ruffilyon
556 387 602 417 die
616 385 708 418 Lunae
722 388 851 427 proxima
864 384 929 426 post
947 385 1065 417 Festum
1077 384 1175 416 Sanffi
1188 385 1251 416 Lu-

191 441 233 461 cae
250 428 464 465 Ewangelistae,
485 436 560 456 anno
575 425 698 456 Domini
715 427 800 465 1284.

236 554 366 586 E‘onatio
383 552 469 596 Regis
477 560 532 596 pro
549 548 667 581 damnis
682 547 810 590 Ecclestae
820 546 962 592 Affaven.
979 544 1072 577 illatis
1086 555 1213 592 tempore

568 599 687 630 Guerrae
710 600 741 628 in
755 593 876 630 Wzllia.

37 673 113 703 Anu·
128 671 168 702 D·
193 683 397 747 UNiversis
409 681 515 714 Christi
527 677 653 713 fidelibus
665 680 812 719 praeserites'
831 680 931 710 litteras
951 678 1131 719 inspeeturis‚
1144 678 1254 724 Archi-

35 712 149 777 Αἴξ-ἓξ·
227 764 232 769 ,
278 723 411 754 diaconus
427 744 438 761 ,
462 721 595 752 Decanus
614 720 647 750 &
667 719 833 757 Capitulum
852 718 983 749 Affiveu.
1003 718 1119 748 salutern
1141 728 1171 748 in
1190 717 1255 748 Do-

36 793 66 815 E.
85 797 107 815 ¹·
193 772 381 839 mlggioniam
404 794 538 835 Princeps
556 794 726 834 Magnificus
745 795 778 827 &
798 795 943 839 Dominus
962 793 1058 824 noster
1071 817 1082 832 ,
1106 793 1254 839 Dominus

35 830 66 854 L.
82 828 117 852 A.
127 823 153 862 f·
194 838 364 876 Edwardus,
382 837 439 867 Dei
490 834 558 873 atii,
576 833 640 864 Rex
661 834 773 873 Angliae
793 834 915 871 illustris,
934 843 986 871 pro
1007 833 1134 871 dampnis
1152 834 1186 864 &
1201 842 1255 870 op-

38 864 136 900 353·b'
192 877 376 917 pressionibus
399 875 461 906 Ecc
474 874 535 904 eliae
557 872 663 903 nostrae
686 872 817 903 Aisaven.
838 881 896 902 tem
917 881 966 902 ore
985 881 1092 912 guerrae
1106 874 1253 910 praeteritae

34 905 166 930 Pm‘sca'
188 917 282 954 illatis,
300 914 344 945 sua
354 913 476 953 largiflua
487 912 612 942 bonitate
626 934 635 950 ,
655 910 784 941 Centum
803 910 880 941 Libr.
917 910 995 941 terliu
1019 919 1102 941 orum
1118 910 1201 941 nobis
1215 909 1251 940 de

35 949 129 968 mmm
188 953 337 985 elemosina
357 952 402 983 sua
421 951 541 982 contulit
564 959 611 987 per
626 959 724 979 manus
743 949 939 987 inquisitorum
952 948 981 979 S.
1029 949 1107 979 rioris
1126 947 1250 979 Rudlan.

189 995 221 1025 &
237 991 372 1023 Gardian.
392 989 428 1020 de
447 989 602 1027 Lanmays,
623 988 657 1018 &
673 987 796 1018 Domini
809 987 848 1018 R.
863 987 898 1018 de
913 986 1069 1018 Brochton.
1085 987 1251 1026 praeditftum

188 1032 352 1062 Dominum
376 1028 487 1068 Regem
508 1027 587 1066 super
603 1026 724 1064 praefatis
746 1024 872 1057 Centum
892 1026 970 1056 Libr.
987 1035 1040 1061 pro
1054 1025 1181 1066 dampnis
1194 1025 1253 1057 Ec-

188 1070 276 1101 cleliae
290 1067 394 1098 nostrae
412 1067 544 1097 omnibus
557 1088 567 1103 ,
585 1066 714 1104 quietum
728 1064 882 1096 clamamus
901 1065 1100 1103 inperpetuum
1115 1073 1164 1104 per
1179 1074 1252 1102 prae-

190 1109 297 1176 sergelsh
317 1145 395 1183 cujus
416 1144 455 1173 rei
470 1142 664 1173 testimonium
679 1151 731 1172 nos
745 1140 967 1172 Archidiaconus
979 1141 1012 1172 δε
1024 1139 1161 1172 Decanus
1179 1151 1252 1180 prae-

187 1185 256 1217 dieti
271 1184 362 1223 Sigilla
380 1181 474 1213 nostra
489 1179 668 1219 praesentibus
683 1180 868 1221 apposuimus.

36 1138 167 1172 *11.292.

226 1261 294 1293 Dat.
311 1259 383 1302 apud
392 1257 530 1290 Cestriam
541 1258 570 1287 in
584 1256 630 1287 die
646 1256 834 1296 Animarum,
851 1265 927 1288 anno
941 1255 1036 1296 Regni
1051 1255 1138 1296 Regis
1149 1255 1183 1287 E.
1203 1265 1251 1288 12.

211 1387 269 1418 Pro
288 1382 407 1416 damnis
422 1391 549 1427 tempore
564 1382 681 1413 Guerrae
698 1379 802 1413 domui
815 1378 852 1413 de
862 1382 968 1414 Strata
986 1378 1110 1413 Florida
1120 1379 1225 1414 illatis.

35 1456 112 1488 Am·
127 1452 169 1485 D·
194 1468 255 1530 O
267 1466 401 1506 Mnibus,
417 1465 453 1497 ad
468 1475 539 1504 quos
550 1465 696 1505 praesentes
716 1465 805 1496 literae
821 1465 1000 1504 pervenerint
1012 1488 1022 1504 ,
1039 1464 1145 1495 Fratres
1159 1464 1200 1496 G.
1215 1465 1249 1496 ὃ(

33 1495 152 1562 11171231*θὲ
209 1547 213 1551 .
272 1506 300 1545 J.
314 1506 511 1550 Procuratores
523 1503 645 1548 Domini
662 1504 780 1535 Abbatis
793 1504 827 1534 &
840 1502 1010 1534 Conventus
1024 1503 1060 1534 de
1075 1503 1165 1535 Strata
1180 1504 1248 1534 Flo-

34 1577 65 1638 ἒ.
84 1582 115 1638 ‘A
133 1607 156 1645 f
192 1543 693 1626 mthi-iiiioeffialgnisigumsmssiinceps
716 1580 863 1625 Domi-nus
889 1579 985 1610 noster
1001 1579 1172 1624 Edwardus,
1190 1580 1248 1612 Dei

59 1632 66 1638 ·
119 1630 124 1636 ·
156 1627 162 1635 ‘
209 1624 291 1660 ratia,
308 1621 417 1653 illustris
431 1621 494 1651 Rex
508 1619 617 1659 Angliae
635 1630 688 1659 pro
699 1619 828 1659 dampnis
840 1620 874 1651 &
886 1628 907 1649 o
926 1617 1124 1657 preffiombus,
1143 1619 1248 1651 nostrae

36 1648 135 1686 ἴσω-4·
223 1662 301 1692 omui
325 1668 453 1701 tempore
470 1658 591 1689 Guetrae
633 1659 762 1689 raeteritae
781 1658 860 1688 illatis
875 1680 885 1696 ,
913 1667 946 1688 ua
966 1656 1086 1700 largiflua
1109 1659 1250 1698 bonitate,

34 1693 101 1723 μω
115 1690 167 1714 Ca·
187 1700 356 1739 septuaginta
370 1698 442 1729 οᾶο
457 1697 535 1728 Libr.
548 1696 610 1727 Ster
622 1697 754 1736 iugorum
767 1696 849 1739 nobis
860 1696 897 1726 de
908 1696 1056 1726 elemoiina
1069 1695 1114 1726 sua
1126 1698 1249 1728 contulit

36 1734 126 1753 merar.
187 1748 237 1808 ἷεῐ
252 1747 348 1768 manus
365 1738 393 1767 in
414 1737 573 1780 uisitorum,
593 1736 710 1773 scilicet,
725 1734 828 1765 Prioris
846 1733 987 1766 Radolam
1009 1735 1044 1766 &
1059 1734 1193 1766 Gardiani
1211 1736 1247 1767 de

217 1776 400 1845 ffifitaffi‘m
416 1784 517 1844 3ἶίἳῖῐὲ
528 1773 821 1856 ῧὸιξιηῗηῗῖῃοεὲξὲῴ
833 1810 911 1850 super
944 1810 1064 1855 raediats
1079 1810 1096 1841 s
1125 1820 1154 1843 tu

186 1853 256 1885 0in
277 1853 369 1883 Libris
392 1862 444 1890 pro
463 1852 596 1895 ommbus
609 1850 736 1890 dampms
754 1851 835 1880 nobis
859 1851 892 1881 &
948 1859 1028 1880 omui
1050 1821 1154 1880 noffiae

186 1893 315 1931 quietum
331 1891 484 1921 clamamus
499 1898 706 1930 imperpetuum
720 1898 769 1926 per
783 1888 937 1926 praesentes.
978 1927 982 1931 .

224 1930 278 1968 Et,
317 1931 362 1960 uia
381 1929 509 1967 Sigillum
530 1938 582 1966 pro
602 1930 635 1958 rii
649 1928 766 1959 Abbatis
779 1935 848 1958 tunc
863 1935 997 1964 temporis
1009 1936 1068 1956 non
1083 1926 1248 1968 habuimus,

187 1968 280 2007 Sigilla
324 1968 506 1998 enerabilium
527 1966 563 1997 de
603 1966 636 1997 st.
671 1965 833 1996 Marschell.
854 1965 888 1997 δε
901 1964 938 1994 de
950 1964 1015 2004 Lyn
1029 1964 1169 2004 ngestel
1183 1967 1245 1997 Ab·

186 2009 300 2046 batum,
315 2009 345 2037 in
359 2005 573 2044 testimonium,
593 2004 771 2043 praesentibus
786 2004 998 2043 procuravimus
1012 2005 1128 2042 apponi.

1191 1813 1248 1843 inta

1168 1852 1177 1882 i
1189 1851 1248 1882 latis

221 2083 289 2114 Dat.
309 2085 339 2113 in
361 2082 500 2113 Abbathia
520 2080 640 2113 Cestriae
660 2083 690 2112 in
705 2080 829 2113 crastino
849 2079 1015 2112 Animarum
1030 2102 1041 2118 ,
1057 2091 1134 2112 anno
1148 2081 1245 2122 Regni

189 2121 277 2162 Regis
291 2121 425 2153 Edwardi
442 2130 486 2151 12.

190 2210 302 2218 --—-

209 2257 259 2288 De
272 2255 403 2287 Pecunia
419 2249 538 2286 Abbati
556 2250 592 2284 de
603 2254 709 2284 Strata
729 2250 854 2285 Florida
870 2251 973 2296 sbluta
985 2278 993 2293 ‚
1008 2262 1063 2299 pro
1084 2250 1221 2296 damnis,

452 2310 578 2346 tempore
594 2302 713 2332 Guerrae
726 2303 874 2346 praeteritae
890 2299 994 2333 illatis.

35 2399 113 2468 *mi
127 2397 167 2428 1>-
191 2386 252 2450 Ο
265 2384 701 2456 urrisanana
716 2384 1252 2463 ”essecestriam-af,

59 2446 92 2467 12
114 2446 141 2475 4.
267 2466 271 2470 ,
394 2464 399 2469 ,
708 2446 717 2461 ²
1158 2448 1168 2464 2
1239 2444 1253 2450 ·

33 2480 146 2542 ἐκέκ
191 2472 250 2494 tem
262 2463 528 2539 gugoffliixgffiificus
548 2500 682 2541 Princeps
703 2499 818 2538 noster,
843 2500 989 2531 Dominus
1007 2500 1177 2541 Edwardus,
1195 2501 1253 2533 Dei

35 2556 67 2580 ι,
83 2551 153 2589 Af·
190 2542 290 2580 gratia,
310 2539 419 2584 illustris
434 2539 498 2570 Rex
515 2539 625 2569 Anuliae
636 2562 645 2577 ,
665 2549 716 2577 pro
738 2539 920 2583 dampnis&
931 2539 1171 2584 oppressionibus,
1187 2551 1253 2572 nos-

190 2587 241 2610 trae
264 2578 390 2617 Domui,
408 2587 538 2616 tempore
546 2563 679 2608 {iriense
703 2586 853 2616 praeteritae
872 2578 949 2609 illatis
961 2601 971 2616 ,
996 2577 1041 2609 sua
1059 2578 1186 2616 largiflua
1200 2580 1254 2610 bo-

34 2599 108 2656 ῗοῖηῗζ
118 2600 171 2657 ga-
191 2619 296 2655 nitate,
310 2617 480 2657 septuaginta
493 2616 527 2647 δε
546 2616 615 2646 ocio
630 2615 726 2647 Libras
741 2616 841 2647 Sterlin
860 2626 946 2647 orum
958 2617 1042 2647 nobis
1053 2616 1090 2647 de
1103 2618 1253 2650 elemosina

192 2656 237 2688 sua
250 2656 387 2693 contulit,
425 2665 452 2684 er
469 2663 568 2685 manus
580 2654 792 2698 inquisitorum,
809 2654 846 2685 sci
859 2656 913 2685 icet
924 2678 934 2692 ,

188 2693 327 2764 BPrifpris
345 2692 396 2724 Ro
417 2693 442 2723 el
455 2716 465 2731 ‚
484 2693 516 2723 &
537 2692 674 2723 Gardiani
695 2692 731 2723 de
752 2692 814 2723 Lan
837 2692 920 2724 Mam
934 2714 944 2731 ,
963 2692 996 2723 &
1018 2692 1144 2724 Domini
1165 2692 1204 2724 R.
1217 2694 1254 2725 de

214 2742 263 2762 roc
286 2741 346 2762 ton.

225 2769 400 2800 Praedietum
415 2778 508 2800 autem
522 2769 685 2799 Dominum
700 2767 837 2808 Regem,
851 2768 929 2806 super
963 2767 1082 2800 raedictis
1099 2768 1254 2810 septuagin-

188 2816 216 2840 ta
232 2809 263 2840 &
280 2808 350 2839 neto
363 2808 473 2847 Libris,
492 2818 545 2847 pro
557 2807 689 2837 omnibus
704 2806 832 2845 dampnis
845 2808 926 2838 nobis
939 2809 949 2838 i
969 2808 1035 2846 atis,
1052 2809 1180 2846 quietum
1196 2810 1252 2840 cla-

189 2856 299 2877 mamus
312 2848 341 2876 in
354 2855 524 2886 perpetuum
536 2856 586 2883 per
601 2845 755 2885 praesentes.

227 2884 355 2952 Inscujus
368 2886 407 2915 rei
428 2884 625 2916 testimonium
645 2884 712 2915 huic
735 2884 838 2925 scripto
862 2886 967 2924 patenti
980 2884 1108 2926 Sigillum
1124 2884 1253 2917 nostrum

190 2931 267 2962 appo
279 2933 379 2953 ulmus.

34 2674 128 2697 merul.

227 2997 339 3030 Datum
351 3008 427 3030 anno
441 2999 565 3030 Domini
584 3001 665 3040 1284.

267 3125 326 3156 Pro
342 3121 459 3156 damnis
481 3126 644 3157 Conventui
660 3125 890 3158 Praedicatormn
907 3124 1050 3160 Redolan.
1069 3127 1171 3164 illatis.

276 3246 632 3292 fratrumPraedicatorum
646 3248 789 3279 Rodolan.
803 3249 915 3293 salutem
933 3250 961 3279 in
976 3250 1117 3280 Domino.

88 3315 94 3321 ,
113 3304 155 3322 η,
233 3283 488 3330 QumflPnnceps
509 3285 688 3330 Magnificus
704 3288 737 3319 &
756 3287 899 3318 Dominus
921 3288 1016 3319 noster
1030 3312 1040 3328 ,
1057 3288 1201 3320 Dominus
1218 3290 1252 3321 E.

41 3336 72 3358 E.
96 3342 118 3358 1,
197 3321 255 3352 Dei
267 3331 371 3362 gratia,
389 3323 455 3368 Rex
471 3323 583 3363 Angliae
597 3324 703 3355 illustris
717 3334 794 3368 ,npro
814 3327 945 3356 omnibus
959 3326 1086 3367 dampnis
1100 3331 1253 3359 conventui

42 3373 73 3396 L.
89 3373 124 3396 A.
133 3368 159 3406 f¹
198 3359 295 3404 nostro
311 3371 360 3405 per
378 3362 508 3393 ultimam
528 3372 657 3406 guerram
676 3363 754 3394 illatis
767 3387 776 3401 ,
794 3364 839 3395 sua
853 3364 975 3404 largiflua
990 3367 1116 3396 bonitate
1130 3375 1179 3405 per
1194 3376 1254 3397 ma-

45 3416 58 3443 3
64 3416 109 3440 5³·
123 3416 149 3434 a.
201 3407 251 3427 nus
263 3399 455 3436 mquisitorum
469 3410 504 3445 ¹7
520 3400 616 3432 Libras
630 3401 875 3445 Sterlingorum&
895 3413 938 3433 ro.
953 3403 1040 3434 Solid.
1055 3404 1139 3434 nobis
1146 3404 1182 3435 de
1189 3404 1257 3436 Ele-

44 3448 114 3471 Penes
126 3448 179 3472 Ca-
201 3437 306 3480 mosina
324 3437 369 3468 sua
389 3439 510 3469 contulit
525 3450 538 3483 ἦ
575 3435 900 3484 mediatim-Dominum
915 3440 1031 3479 Regem
1044 3443 1122 3480 super
1135 3443 1255 3480 praefatis

45 3491 136 3510 meras.
202 3473 352 3542 ὲζὼξέξὲε
358 3477 567 3554 ᾅιεῃρὲξρεἷὸἕὶιω.
584 3487 637 3516 pro
651 3479 784 3546 omsmbius
798 3478 926 3517 dampnis
941 3481 1023 3511 nobis
1034 3480 1114 3512 illatis
1127 3483 1254 3521 quietum

323 3551 327 3554 Δ
513 3526 529 3545 u
575 3526 625 3553 per
656 3526 740 3547 raeen
753 3527 788 3547 es.

236 3547 271 3578 ln
285 3559 360 3586 culus
374 3554 412 3582 rei
425 3553 622 3585 testimonium
657 3555 762 3594 igillum
777 3554 907 3586 nostrum
921 3557 1107 3595 apposuimus.

40 3217 170 3286 Arm-SD.
195 3207 255 3268 O
268 3207 388 3239 Mnibus
410 3208 519 3239 Christi
537 3208 678 3247 fidelibus,
697 3211 845 3248 praesentes
864 3211 962 3242 litteras
977 3212 1154 3256 inspedturiS,
1169 3212 1251 3245 Prior

72 3266 108 3285 12
129 3265 156 3294 4.

40 3297 82 3321 An

237 3621 304 3653 Dat.
320 3628 391 3662 apud
412 3627 551 3661 Cestriam
573 3630 732 3662 Dominica
750 3633 878 3669 proxima
898 3634 963 3672 post
978 3633 1095 3667 Festum
1110 3632 1255 3668 Omnium

200 3659 383 3704 Sanctorum,
398 3673 472 3698 anno
486 3668 583 3709 Regni
599 3669 687 3709 Regis
701 3669 834 3702 Edwardi
851 3680 896 3702 12.

687 67 1943 122 coNvEN’rloNE33L1‘1-ERAE,

2372 152 2449 184 Ann.
2464 154 2505 186 D.
2562 199 2566 202 ,

2393 193 2477 232 1284.

1293 238 1321 265 'K‘
1348 242 1454 273 Littera
1472 266 1482 282 ,
1509 240 1590 286 quod
1611 252 1767 274 revocetur
1789 237 1935 287 quicquid
1951 235 1991 271 ab
2006 237 2160 270 Almerico
2179 236 2216 270 de
2231 242 2357 273 Monte·
2370 232 2436 260 Edv.
2449 242 2472 260 ¹·

1333 288 1417 333 forte
1439 299 1460 320 a
1483 292 1577 322 Curia
1599 292 1737 322 Romana
1758 299 1863 323 contra
1887 284 2085 321 Edmundum
2107 288 2251 320 Comitem
2274 290 2358 320 Lan-

1343 334 1452 379 castriae
1468 340 1661 382 impetratum
1665 338 1718 380 fit.

1295 419 1383 476 RE
1393 420 1443 458 X,
1460 420 1622 452 Venerabili
1635 421 1666 452 in
1679 420 1797 452 Christo
1817 419 1892 451 Patri
1905 419 1947 450 H.
1963 419 2062 450 eadem
2079 419 2181 458 gratia,
2199 420 2271 451 tituli
2286 419 2356 452 San-
2368 443 2390 466 E
2419 449 2430 466 Ι

1369 459 1410 488 cti
1431 458 1575 489 Laurentii
1596 461 1625 489 in
1643 459 1754 490 Lucina
1767 483 1777 497 ,
1801 458 1968 499 Presbytero
1989 457 2133 488 Cardinali
2145 480 2156 497 ,
2175 458 2306 498 salutem,
2320 460 2354 491 &
2368 460 2470 514 εἰη),

1295 494 1409 527 fincerae
1423 496 1578 528 dilectionis
1591 497 1697 535 semper
1712 506 1904 537 augmentum.
2369 518 2391 543 E
2450 499 2455 505 ‘
2477 488 2503 516 3'

1337 534 1416 578 Cum
1437 534 1625 574 Cognitiones
1645 536 1813 574 placitorum
1828 560 1838 574 ‚
1857 536 1935 576 super
1949 534 2120 573 feodalibus,
2137 534 2358 567 &libertatibus
2393 538 2399 543 '
2417 525 2449 582 ιζ
2475 554 2496 583 3

1296 570 1454 616 feodahum
1463 596 1471 612 2
1488 574 1602 604 dotibus
1614 574 1647 605 δε
1662 575 1746 605 causis
1761 575 1942 612 pecuniariis,
1960 573 1995 604 ad
2008 584 2075 612 nOS,
2087 573 2121 604 &
2136 572 2357 613 Coronam,seu
2370 564 2407 583 ἠ’
2454 575 2461 583 ’
2495 576 2502 591 ’-

1298 609 1463 649 dignitatem
1485 611 1611 642 nostram
1631 613 1786 650 pertineant
1808 613 1838 642 in
1857 613 1960 643 eodem
1977 621 2065 651 regno
2079 634 2090 650 ‚
2108 611 2144 642 de
2159 612 2359 644 consuetudine

1296 649 1419 686 ejusdem
1441 649 1538 689 Regni
1558 650 1694 681 haetenus
1715 650 1880 688 observata,
1897 651 1930 682 &
1953 650 2089 681 Proceres
2102 673 2111 689 ‚
2133 649 2178 680 seu
2193 649 2360 689 Magnates,

1297 696 1344 725 aut
1359 688 1422 726 alii,
1439 688 1476 719 de
1490 687 1594 719 eodem
1607 688 1801 726 Regno‚ullis
1812 690 1984 729 temporibus
1995 687 2231 727 praedecessorum
2244 689 2360 720 nostro-

1298 735 1362 756 rum
1377 726 1498 765 Regum
1513 726 1627 765 Angliae
1691 763 1693 765 ι

1298 773 1398 795 verunt
1412 788 1422 803 ,
1446 773 1547 796 contra
1566 750 1795 795 consuetudinem
1814 765 1890 795 illam
1905 787 1914 802 ,
1932 765 2012 803 super
2032 765 2192 803 hujusmodi
2212 766 2309 806 rebus,
2327 768 2358 797 in

1297 803 1406 833 causam
1426 803 1497 834 trahi
1513 826 1524 842 ,
1550 803 1595 834 vel
1614 803 1748 841 compelli
1769 803 1803 834 ad
1823 804 2046 844 comparendum
2065 813 2160 834 coram
2186 813 2359 846 quocunque

1292 840 1396 879 Judice
1410 850 1485 872 extra
1499 842 1574 872 idem
1588 841 1741 881 Regnum3

1336 879 1459 918 Nosque
1471 880 1505 910 &
1526 880 1611 910 iidem
1623 881 1817 920 progenitores
1831 879 1917 910 nostri
1925 903 1934 918 ,
1949 889 1983 910 ex
1995 880 2193 917 consuetudine
2205 881 2339 920 praedifta
2347 906 2358 921 ,

1296 917 1311 947 a
1322 917 1437 948 summis
1454 917 1641 949 Pontificibus
1654 917 1762 962 semper
1776 918 1909 949 haetenus
1921 919 2091 959 approbata,
2111 919 2168 949 fine
2178 919 2355 951 reclamatio-

1295 965 1332 986 ne
1354 957 1401 986 vel
1421 956 1625 996 impedimento
1642 955 1757 995 alicujus
1770 979 1781 994 ,
1804 966 1856 994 pro
1874 957 1955 987 nobis
1976 958 2009 988 ὅ(
2031 957 2090 987 aliis
2108 957 2143 987 de
2159 958 2218 997 ipso
2232 958 2354 998 Regno,

1295 994 1470 1064 sempegfiusr
1482 994 1574 1026 sumus
1595 995 1720 1026 libertate
1737 993 1913 1033 hujusmodi,
1926 1002 2056 1033 tanquam
2078 997 2233 1033 pertinente
2246 997 2280 1027 ad
2296 998 2356 1028 Re-

1321 1043 1378 1063 iam
1442 1042 1573 1064 nimtern:

1299 1042 1320 1071 g
1333 1071 1379 1102 Ac
1400 1043 1558 1102 Aglmericus
1579 1071 1616 1102 de
1630 1070 1822 1110 Monteforti,
1836 1070 1906 1102 sicut
1941 1080 1973 1101 ro
1986 1079 2066 1102 certo
2080 1072 2281 1112 intelleximus,
2297 1073 2356 1104 Di-

1294 1109 1402 1140 leEtum
1419 1111 1534 1141 fratrem
1554 1109 1684 1140 nostrum
1699 1132 1708 1149 ,
1725 1110 1759 1141 &
1777 1109 1890 1140 fidelem
1935 1109 2094 1140 dmundum
2110 1109 2259 1141 Comitem
2279 1111 2356 1142 Lan·

1293 1148 1401 1179 castriae
1413 1171 1424 1187 ,
1449 1149 1613 1179 authoritate
1635 1147 1792 1179 Literarum
1813 1147 1975 1186 Papalium‚
1993 1147 2245 1191 super-hujusmodi
2259 1150 2358 1189 rebus,

1293 1187 1399 1217 trahere
1417 1188 1519 1218 nitatur
1540 1189 1569 1217 in
1585 1186 1704 1218 Causam
1717 1195 1795 1217 eittra
1808 1186 1886 1217 idem
1901 1185 1949 1216 Re
1991 1196 2058 1225 um,
2071 1196 2102 1217 in
2118 1186 2216 1224 nostrij
2233 1189 2300 1226 uris,
2320 1189 2355 1220 &

1294 1224 1442 1294 digni}{}{su
1442 1225 1558 1266 Regiae,
1576 1225 1610 1257 &
1624 1226 1712 1257 totius
1724 1224 1944 1256 Communitatis
1983 1226 2048 1265 egui
2064 1224 2152 1255 nostri
2159 1226 2354 1266 praejudicium

1296 1272 1372 1294 mani
1443 1274 1488 1294 m·

1332 1301 1418 1341 Nos,
1436 1302 1473 1333 de
1481 1288 1617 1334 ’consueta
1629 1301 1828 1334 benevolentia
1842 1300 1934 1332 vestra
1940 1301 2090 1342 specialiter
2103 1301 2353 1342 confidentes,Pa-

1294 1341 1453 1372 ternitatem
1466 1341 1585 1372 vestram
1599 1349 1701 1372 attente
1716 1342 1897 1379 requirimus,
1917 1341 1950 1371 &
1964 1350 2096 1378 rogamus
2130 1341 2284 1372 affeffione
2298 1342 2355 1382 qua

1293 1378 1439 1416 possumus
1458 1389 1504 1410 am
1526 1380 1588 1410 liori
1600 1402 1610 1419 ,
1629 1380 1755 1419 quatinus
1770 1388 1831 1418 erga
1850 1378 1993 1410 summurn
2008 1379 2091 1410 Pont'
2114 1390 2177 1410 cem
2193 1380 2293 1411 instare
2308 1391 2359 1411 ve-

1293 1418 1347 1447 litis
1367 1427 1435 1448 cum
1460 1428 1477 1448 e
1519 1418 1568 1449 &u
1584 1441 1593 1457 ,
1608 1426 1639 1448 ut
1661 1417 1718 1455 ipse
1730 1417 1775 1456 id,
1813 1416 1868 1447 uod
1882 1427 1929 1456 per
1941 1417 2052 1448 dietum
2066 1418 2241 1449 Almaricum
2256 1428 2356 1450 contra

1292 1455 1401 1486 dietum
1420 1457 1535 1487 fratrem
1554 1455 1703 1493 nostrum,
1720 1454 1765 1486 seu
1783 1465 1799 1486 a
1812 1457 1850 1485 'os
1863 1454 1898 1486 de
1913 1455 1993 1486 dieto
2011 1455 2131 1495 Regno,
2149 1458 2179 1487 in
2194 1457 2355 1496 derogatio-

1292 1504 1360 1525 nem
1379 1494 1479 1534 Regiae
1494 1495 1633 1534 dignitatis
1645 1517 1654 1533 ,
1673 1494 1710 1524 ab
1733 1493 1789 1532 ipsa
1805 1493 1893 1524 Curia
1907 1494 1945 1525 sic
1967 1495 2145 1533 impetratum
2158 1495 2213 1534 est,
2232 1498 2297 1526 velit
2315 1496 2356 1526 fa-

1291 1533 1453 1564 vorabiliter
1466 1543 1617 1571 revocare,
1635 1542 1652 1563 c
1692 1533 1832 1564 nitionem
1847 1531 1911 1563 inde
1923 1531 1959 1563 ad
1974 1542 2090 1564 examen
2104 1532 2236 1563 nostrum
2245 1556 2255 1572 ,
2270 1534 2289 1564 fi
2299 1535 2356 1571 pla-

1294 1580 1340 1602 cet
1352 1594 1362 1610 ,
1379 1572 1510 1602 benivole
1529 1573 1660 1602 remitten
1681 1581 1715 1601 o:
1736 1570 1866 1601 Maxime
1884 1580 1955 1601 curn
1976 1571 2084 1611 semper
2097 1573 2182 1609 parati
2195 1572 2276 1602 limus
2289 1582 2356 1611 pro·

1290 1611 1415 1679 {3¹35ss
1431 1609 1778 1679 θ”ΐάἓῗαέᾟῗὲξῖἅεῗ
1795 1609 2166 1679 558333251‘35120331‘53}
2181 1610 2355 1680 ῑὲἲυίῗὲῗίὲε

1290 1687 1418 1718 fraidem
1465 1696 1586 1727 egnum,
1602 1671 1756 1731 ¹secundum
1774 1657 1885 1731 {egem
1898 1687 1932 1718 &
1949 1658 2194 1718 Coiisuetuciunem
2213 1687 2354 1726 ejusdem,

1292 1726 1402 1764 plenam
1417 1726 1450 1757 &
1463 1726 1583 1758 celerem
1599 1725 1729 1764 justitiam
1742 1725 1882 1756 exhibere.

1668 727 1712 757 seu
1728 726 1826 757 nostro
1841 750 1850 764 ‚
1863 727 2030 757 authoritate
2041 727 2156 765 alicujus
2168 736 2228 757 non
2240 728 2359 759 consue-

1327 1802 1395 1834 Dat.
1409 1802 1483 1844 apud
1497 1802 1614 1834 Bristoll.
1631 1803 1677 1834 28.
1694 1802 1740 1834 die
1752 1801 1934 1833 Decembris.

1321 1937 1381 1968 Pro
1398 1932 1589 1982 Burgenstbus
1607 1933 1644 1967 de
1660 1933 1815 1968 Rothelan.
1833 1933 1914 1981 quod
1928 1937 2022 1981 quieti
2031 1933 2093 1977 stnt
2109 1945 2130 1967 a
2141 1931 2321 1981 praestatione

1576 1981 1729 2037 ‘Thelonie¹
1734 1994 1790 2030 per
1806 1993 1902 2016 totum
1919 1986 2065 2030 Regnum.

1290 2067 1440 2126 REX,
1453 2068 1615 2108 justiciario
1633 2068 1683 2100 suo
1703 2067 1836 2107 waniae,
1855 2068 1888 2098 δε
1907 2068 2040 2099 omnibus
2052 2068 2112 2099 aliis
2128 2066 2255 2107 Baiias,
2271 2068 2305 2100 sc
2319 2067 2354 2099 fi·
2367 2052 2444 2084 Ann-
2459 2054 2503 2089 Di

1364 2107 1470 2138 deabus
1485 2107 1536 2139 suis
1546 2108 1668 2146 ejusdem
1679 2105 1775 2144 tetrae,
1793 2103 1826 2137 ad
1864 2116 1928 2145 uos,
1946 2106 2006 2137 sec.
2019 2107 2142 2138 salutem.
2368 2093 2484 2168 AJK-28¹3,

1325 2143 1424 2176 Sciatis
1437 2146 1531 2185 quod,
1549 2147 1583 2176 ad
1595 2146 1822 2177 meliorationem
1864 2144 1924 2175 atsis
1940 2143 2036 2185 Regni
2049 2145 2154 2183 nostri,
2173 2154 2220 2182 per
2236 2144 2351 2176 Cartam

1290 2182 1415 2214 nostram
1435 2194 1490 2222 pro
1514 2185 1595 2215 nobis
1615 2185 1647 2215 ὃς
1669 2183 1826 2214 haeredibus
1846 2183 1946 2213 nostris
1964 2184 2152 2214 concessunus
2170 2183 2353 2223 Burgcnsibus
2368 2174 2397 2197 E.
2421 2179 2443 2197 ¹*

1289 2222 1390 2252 nostris
1409 2222 1446 2252 de
1469 2222 1625 2253 Rothelan.
1646 2222 1723 2261 quod
1746 2222 1794 2259 ipsi
1811 2223 1844 2253 ὃς
1866 2220 1989 2251 haeredes
2009 2221 2047 2252 sui
2061 2245 2071 2261 ,
2094 2223 2282 2260 impertuum,
2301 2222 2353 2253 sint
2367 2212 2423 2236 ΚΜ·
2497 2249 2501 2254 .

1289 2261 1379 2329 ςυὶἇξὶ
1393 2261 1409 2291 a
1423 2261 1601 2300 praestatione
1622 2261 1792 2292 Theoloniae
1806 2270 1856 2301 per
1872 2268 1965 2290 toturn
1985 2259 2121 2300 Regnum
2134 2260 2167 2291 δε
2184 2260 2349 2299 potestatem
2364 2246 2442 2311 ZValll.
2457 2255 2500 2284 ¹3‘

1290 2308 1331 2328 no
1371 2308 1432 2330 am:
2389 2307 2393 2311 ·
2436 2307 2442 2313 ·

1328 2337 1366 2368 Et
1387 2337 1453 2367 ideo
1472 2338 1554 2368 vobis
1574 2337 1738 2369 mandamus
1751 2360 1760 2375 ,
1777 2335 1854 2376 quod
1875 2335 1946 2374 ipsos
1965 2335 2113 2375 Burgenses
2126 2335 2237 2366 nostros
2249 2345 2353 2368 contra
2364 2333 2400 2351 m·
2417 2332 2442 2359 3·

1292 2374 1453 2415 hujusmodi
1476 2377 1691 2407 concessionem
1716 2374 1842 2406 nostram
1862 2375 1892 2403 in
1913 2374 1985 2405 terra
2002 2374 2098 2405 nostra
2117 2373 2266 2405 Hiberniae
2287 2375 2353 2406 inde

1294 2423 1355 2444 non
1368 2415 1541 2452 inquietetis,
1559 2425 1613 2446 nec
1626 2416 1655 2444 in
1671 2415 1763 2453 aliquo
1774 2423 1806 2453 gt
1816 2414 1891 2443 -vetis
1899 2413 1957 2451 ‚vel
1972 2421 2106 2451 quantum
2124 2414 2153 2442 in
2165 2413 2247 2443 vobis
2261 2413 2302 2443 est
2316 2414 2353 2444 ab

1292 2453 1351 2483 aliis
1370 2454 1516 2492 inquietari
1536 2453 1582 2484 seu
1601 2454 1705 2493 gravari
1720 2453 1899 2492 permutatis,
1918 2451 1956 2482 set
1970 2461 2018 2481 eos
2037 2452 2066 2481 in
2081 2451 2201 2490 partibus
2214 2452 2264 2482 illis
2276 2453 2356 2492 quie-

1295 2491 1381 2523 tantia
1401 2491 1535 2529 praedicta
1557 2494 1598 2524 uti
1619 2493 1653 2524 &
1666 2492 1784 2532 gaudere
1804 2491 1962 2528 permittatis
1973 2490 2052 2529 Juxta
2066 2489 2277 2522 conceffionem
2291 2500 2359 2522 nos-

1295 2539 1366 2562 tram
1378 2530 1551 2568 praedietam.

1330 2567 1366 2599 In
1384 2569 1478 2608 cujus,
1499 2570 1559 2600 &c.

1331 2605 1421 2637 Teste
1432 2606 1514 2648 Rege
1526 2607 1599 2646 apud
1614 2606 1730 2639 Bristoll.
1747 2616 1774 2638 2.
1790 2606 1835 2636 die
1844 2605 1975 2644 Januarii.

1332 2680 1501 2726 Consimiles
1514 2683 1614 2715 litteras
1624 2682 1730 2713 habent
1743 2681 1896 2720 Burgenses
1911 2681 1948 2712 de
1961 2680 2185 2721 Aberconewey.

1328 2719 1564 2798 reitesta.

1328 2834 1497 2879 Consi-miles
1510 2834 1610 2866 litteras
1624 2834 1730 2867 habent
1745 2834 1894 2875 Burgenses
1908 2833 1944 2865 de
1955 2833 2145 2866 Kaernervan.

1328 2873 1469 2944 {1²¹5}ss
1474 2874 1562 2952 [ἓξὲξ.

1328 2987 1367 3020 Et
1381 2989 1539 3027 diriguntur
1554 2988 1646 3020 eidem
1656 2988 1817 3028 Justiciario
1831 2989 1865 3020 &
1880 2987 1990 3020 Ballivis
2002 2986 2150 3026 praedietis.

1339 3127 1368 3155 *ἲ
1392 3129 1442 3162 De
1457 3126 1601 3161 conduffu
1613 3139 1670 3176 pro
1687 3130 1763 3175 Rege
1779 3129 1895 3175 Angliae
1904 3155 1912 3171 ,
1925 3132 1956 3162 in
1967 3139 2069 3175 partes
2086 3125 2306 3172 transmarinas
2368 3133 2425 3161 ⁸11.
2435 3141 2500 3170 294.

1729 3177 1908 3222 professura.

1293 3262 1497 3325 PHiiippus,
1514 3260 1572 3291 Dei
1586 3260 1690 3300 gratia,
1708 3260 1835 3292 Franciae
1848 3262 1930 3301 Rex,
1949 3262 2045 3293 amicis
2057 3261 2091 3293 ει
2104 3260 2229 3291 fiduibus
2242 3260 2310 3300 suis,
2319 3261 2354 3292 sc
2368 3253 2443 3285 Ann-
2456 3252 2499 3284 D³
2550 3266 2553 3269 ·

1359 3301 1507 3338 universis,
1524 3300 1558 3330 ad
1572 3309 1643 3337 quos
1656 3300 1752 3330 litterae
1768 3300 1912 3340 praesentes
1927 3300 2120 3339 pervenerint,
2137 3299 2259 3330 salutem.
2390 3292 2473 3329 1285·

1328 3341 1447 3372 Notum
1460 3338 1580 3370 facimus
1593 3338 1669 3378 quod
1683 3348 1734 3368 nos
1748 3347 1797 3378 egr
1833 3341 1892 3370 ium
1908 3339 2090 3377 Principem,
2105 3337 2277 3368 carissimum
2285 3347 2356 3368 con-
2368 3334 2420 3359 An.
2439 3339 2448 3356 ¹
2457 3339 2483 3366 3·

1292 3381 1473 3421 sanguineum
1487 3377 1521 3408 &
1535 3376 1649 3407 fidelem
1662 3375 1807 3414 nostrum,
1841 3378 1988 3409 dwardum
2025 3376 2084 3406 Dei
2099 3375 2203 3416 gratia,
2217 3375 2352 3406 illustrem
2367 3373 2396 3397 Ε·
2420 3377 2443 3395 ¹·

1295 3421 1407 3459 Regem
1425 3415 1537 3455 Angliae
1551 3438 1562 3453 ,
1580 3414 1742 3445 Dominum
1757 3415 1925 3455 Hiberniae,
1945 3417 1979 3447 &
1994 3401 2111 3446 Ducem
2125 3413 2299 3453 Aquitaniae,
2316 3413 2352 3444 ad

1293 3456 1502 3497 requisitionem
1516 3452 1657 3491 nostram,
1674 3454 1850 3485 intendentes
1863 3456 1961 3484 venire
1971 3453 2006 3484 ad
2018 3453 2066 3483 has
2079 3460 2167 3490 partes
2183 3452 2277 3495 Regni
2289 3460 2356 3482 nos·

1294 3498 1348 3535 tri,
1366 3503 1398 3526 ut
1419 3491 1529 3524 insimul
1546 3501 1597 3522 nos
1617 3491 1777 3530 videamus,
1796 3494 1825 3522 in
1847 3492 1945 3523 nostro
1967 3491 2113 3523 conductu
2130 3489 2289 3530 suscipimus
2306 3498 2356 3520 ve-

1296 3533 1422 3571 niendo,
1435 3532 1474 3562 ibi
1489 3529 1643 3567 morand0‚
1662 3540 1694 3560 ac
1708 3531 1774 3561 inde
1789 3531 1941 3562 redeundo.
2101 3567 2106 3572 ι
2176 3567 2182 3572 ¹

1332 3571 1424 3603 Unde
1435 3569 1517 3601 vobis
1533 3568 1666 3598 omnibus
1680 3569 1713 3599 δε
1721 3569 1832 3605 singulis
1845 3569 2160 3606 mandamus,quatmus
2175 3565 2353 3605 ipsum,cum

1297 3608 1446 3642 Comitiva
1457 3608 1517 3643 sua,
1535 3616 1583 3648 per
1599 3605 1734 3645 Regnum
1750 3608 1826 3638 salvo
1839 3609 1873 3639 &
1890 3609 1984 3638 secure
1995 3605 2158 3636 conducatis
2169 3627 2179 3641 ,
2197 3604 2230 3634 &
2245 3603 2353 3646 eondu-

1294 3652 1323 3680 ci
1338 3648 1458 3684 faciatis,
1476 3645 1512 3675 ad
1525 3645 1724 3675 salvamentum
1739 3646 1772 3676 &
1787 3646 1982 3676 liberationem
1994 3643 2076 3681 ipsius
2089 3642 2185 3673 &suae
2197 3641 2353 3671 Comitivae

1295 3686 1450 3718 efficaciter
1462 3683 1650 3751 infendentes,
1667 3683 1687 3715 si
1701 3692 1772 3724 opus
1786 3685 1885 3722 fuerit,
1902 3693 1970 3714 cum
1983 3690 2019 3713 ex
2029 3690 2106 3721 parte
2119 3680 2200 3720 ipsius
2211 3679 2291 3717 super
2297 3679 2356 3710 hoc

1311 3724 1401 3756 ueritis
1412 3732 1425 3752 r
1461 3722 1490 3751 ui
1500 3722 1541 3752 iti.

1296 3728 1310 3757 t
1332 3732 1516 3830 Prgeseiffiibus
1530 3760 1612 3800 usque
1625 3759 1659 3791 ad
1675 3760 1790 3792 Festum
1804 3760 1967 3798 proximum
1978 3758 2052 3789 beati
2063 3754 2213 3787 Michaelis
2226 3754 2357 3788 Archan-

1299 3810 1336 3842 ge
1345 3811 1355 3830 i
1390 3808 1513 3830 uraturis.

1340 3875 1449 3906 Actum
1471 3874 1558 3912 Aquis
1573 3897 1583 3913 ,
1607 3875 1653 3906 die
1672 3875 1774 3906 Martis
1796 3874 1860 3913 post
1879 3867 2362 3913 Annunciationem'Dominicam,

1300 3923 1378 3947 anno
1395 3913 1519 3945 Domini
1534 3913 1680 3946 millesimo
1693 3913 1886 3946 ducentesimo
1901 3908 2091 3949 octuagefimo
2104 3916 2213 3946 quw-'0-

2266 3988 2366 4022 Litem

2370 267 2431 298 *IL
2440 279 2505 307 293.

2369 404 2423 429 An.
2441 411 2500 439 13.‘
2530 429 2533 432 .

2563 306 2570 388 ,ξ

2564 393 2570 479 i
