2570 4261
29 217 162 252 Anno.

60 267 144 295 1219.

36 302 145 334 Hm.3.

28 981 108 1014 Rnn.
119 980 159 1012 D.

50 1029 137 1059 1219.

26 1061 82 1088 An.
104 1069 131 1097 3.

28 1106 160 1173 σὼέἡς.

29 1178 144 1210 1L3.m.

29 1211 58 1240 8.
70 1213 97 1241 d.

30 1619 80 1648 ⁸1.
96 1626 160 1657 ²3²·

41 3338 118 3369 Arm.
133 3337 174 3372 D.

62 3386 149 3415 1219.

41 3420 141 3452 An.;

40 3476 173 3529 Εῇῃῇς.

41 3535 176 3566 H.3.m.

41 3568 72 3596 6.
89 3569 113 3597 d.

179 133 230 186 78

180 226 250 250 cum
263 225 317 248 nos
331 215 365 248 &
377 221 478 246 terram
492 210 617 242 nostram
631 209 706 240 sedes
725 208 892 248 Apostolica
904 215 966 240 non
979 207 1047 239 sinat
1061 203 1244 241 indefensam)

182 257 350 288 vocavimus
369 254 451 284 vobis
472 253 502 281 in
522 249 654 280 auxilium
669 248 806 279 dssectum
820 249 855 279 &
868 247 982 278 fidelem
998 246 1128 278 nostrum
1141 244 1248 282 Hugo-

183 305 251 326 nem
264 294 301 324 de
315 293 478 327 Lezinnan,
493 289 571 326 cujus
585 296 639 317 nos
659 286 856 317 commisimus
876 286 995 317 consilio
1016 294 1047 315 ut
1066 285 1074 314 i
1096 284 1138 320 se,
1154 293 1170 312 a
1187 290 1246 325 quo

182 334 361 376 sraecipuum
374 331 403 359 in
416 327 536 366 partibus
549 325 599 355 illis
615 325 755 362 speramus
767 324 918 355 subsidium
933 333 1015 355 terrae
1028 325 1079 353 nol
1095 331 1133 365 rae
1142 344 1151 359 ,
1166 320 1248 364 saciat

182 371 332 402 consilium
351 369 384 399 &
404 365 554 403 auxilium,
573 363 653 402 quod
671 363 706 394 ad
727 363 872 394 honorem
891 362 1024 393 nostrum
1041 361 1124 392 vobis
1144 358 1247 390 viderit

309 417 345 437 se.

182 419 336 478 coffieigieo
350 443 434 477 vobis
447 439 631 479 mandamus,
648 447 777 481 rogantes
788 447 924 478 quatenus
949 440 978 469 in
996 437 1068 475 fide,
1087 445 1142 480 qua
1163 434 1246 465 nobis

182 484 332 519 tenemini,
349 480 418 511 sicut
431 481 575 511 honorem
588 479 719 510 nostrum
733 478 861 518 diligitis,
879 478 972 507 eidem
984 476 1107 518 Hugoni
1118 473 1153 503 ad
1166 481 1246 504 terrae

181 523 285 555 nostrae
299 518 510 556 defensionem,
519 526 604 556 prout
616 517 760 549 neceffitas
774 516 964 559 proposcerit,
982 513 1147 556 consilium,
1166 510 1246 556 quod

181 560 323 600 poteritis,
340 558 375 588 &
389 557 541 595 auxilium,
559 556 630 588 sicut
653 556 690 586 de
709 555 792 586 vobis
813 554 1001 590 confidimus,
1018 551 1172 582 efficaciter
1190 559 1246 579 im-

181 597 323 637 pendatis,
338 604 370 626 ut
384 606 419 626 ex
431 595 590 626 strenuitate
603 593 694 627 vestra
706 594 741 625 &
755 593 883 624 virilitate
897 591 981 623 vobis
996 591 1090 621 honor
1098 588 1248 626 accrescat,

181 639 215 670 &
231 636 315 667 nobis
328 632 394 665 inde
407 633 599 666 commodum
611 639 750 672 augeatur.

215 710 309 744 Teste
320 711 457 742 Huberto
471 709 508 740 de
522 709 635 749 Burgo,
649 706 811 747 justiciario
831 704 949 745 nostro,
966 705 1040 744 apud
1057 703 1185 735 Westrn.
1203 704 1248 735 vi-

180 751 290 783 cesimo
306 758 405 789 quarto
416 749 462 780 die
472 748 550 787 Julii.

306 876 426 909 Litterae
441 874 554 907 Comiti
567 869 720 906 Marchiae
741 869 778 904 de
799 872 985 904 Gratiarum
1005 869 1129 903 afflone.

183 960 298 1020 REX
313 957 435 1001 Hugoni
447 958 483 991 de
498 958 647 991 Lezinnan
659 957 783 990 salutem.

276 999 442 1031 Gaudemus
463 998 704 1038 quamplurimum
727 999 761 1029 &
782 1004 871 1036 grates
890 995 973 1027 vobis
996 994 1123 1034 copiosas
1141 994 1250 1038 exolvi-

182 1044 246 1069 mus
255 1062 264 1078 ,
282 1049 319 1069 eo
333 1038 411 1077 quod
424 1039 455 1069 in
468 1039 613 1081 honorem
626 1037 660 1068 &
673 1035 868 1081 commodum
882 1034 1032 1079 nostrum,
1052 1036 1086 1066 &
1107 1033 1247 1064 detensio-

181 1072 1249 1159 335,-affin35ffiffstiffissagffaifflssaffl‘i‘inavsffaffliffiffssffiz

180 1153 254 1191 istis,
273 1164 302 1184 in
317 1154 437 1192 quibus,
455 1160 562 1192 quanto
577 1162 666 1191 major
679 1161 812 1183 imminet
824 1150 985 1194 necessitas,
1004 1158 1083 1194 tanto
1097 1150 1198 1181 fortius
1213 1150 1247 1180 &

179 1193 281 1223 virilius
294 1193 449 1231 amplexata
461 1190 504 1222 est
516 1191 643 1222 serenitas
658 1190 748 1221 vestra
762 1200 793 1221 ea
805 1199 871 1228 quae
885 1188 920 1219 ad
934 1189 1168 1227 mdempnitatem
1189 1198 1247 1221 ter-

178 1240 219 1262 rae
232 1231 356 1269 nostrae,
376 1231 410 1262 &
423 1231 506 1261 nobis
520 1229 622 1261 cedere
634 1228 756 1260 debeant
769 1229 803 1259 ad
818 1227 992 1266 profestum.

219 1268 254 1300 In
267 1280 327 1308 quo
342 1269 424 1300 nobis
436 1269 527 1308 palam
541 1267 684 1298 ostensum
698 1267 740 1298 est
753 1267 833 1306 quod
846 1266 995 1298 vinculum
1010 1265 1147 1297 fidelitatis
1168 1265 1249 1297 debi-

179 1316 236 1346 tae,
253 1308 310 1347 qua
322 1309 404 1339 nobis
417 1308 571 1345 tenemini,
585 1306 755 1337 corroborat
769 1307 801 1337 &
817 1304 969 1336 confirmat
984 1304 1102 1335 affer
1116 1304 1248 1344 fraterna,

179 1356 268 1385 quam
281 1356 346 1387 erga
355 1356 409 1378 nos
423 1347 527 1386 geritis·
549 1344 620 1376 adeo
635 1353 667 1375 ut
680 1344 760 1383 supra
773 1354 875 1375 omnes
888 1343 956 1374 alios
993 1344 1064 1387 sicut
1100 1344 1104 1349 '
1146 1353 1198 1374 um
1213 1345 1248 1374 &

175 1384 285 1424 justum
298 1386 358 1423 est,
375 1387 497 1428 emineat
510 1370 625 1415 dileetio
637 1381 745 1421 vestra,
765 1383 799 1414 ὅτ,
813 1393 884 1426 nos,
901 1381 938 1412 de
951 1368 1059 1426 duplici
1069 1392 1110 1413 no
1132 1383 1153 1412 is
1174 1392 1247 1413 con-

180 1423 295 1455 firmato
309 1423 435 1463 foedere,
453 1426 522 1454 iicut
534 1421 704 1460 praedictum
727 1420 786 1460 est,
807 1430 962 1461 majorem,
979 1430 1075 1452 immo
1093 1422 1248 1452 maximam

179 1461 259 1500 spem
273 1462 424 1493 debeamus
435 1469 584 1499 reportare.

217 1499 328 1531 Confisi
340 1501 423 1541 igitur
436 1499 474 1530 de
488 1507 561 1530 tanta
573 1498 726 1530 dilefflone
739 1498 832 1530 vestra
845 1499 1025 1537 praecipimus
1038 1499 1122 1530 vobis
1136 1498 1249 1530 liberari

177 1537 212 1568 ad
227 1538 423 1570 defensionem
436 1546 517 1569 terrae
531 1537 654 1575 nostrat,
673 1538 693 1568 si
710 1547 812 1577 urgens
826 1536 986 1576 neceffitas,
1000 1537 1038 1568 de
1051 1537 1107 1576 qua
1122 1539 1249 1578 timetur,

179 1577 338 1616 emerserit,
356 1587 372 1608 a
392 1577 500 1615 majore
519 1577 554 1607 &
592 1576 669 1607 robis
690 1576 853 1607 hominibus
872 1575 909 1607 de
921 1576 1044 1614 Rupella
1059 1576 1138 1607 mille
1152 1576 1247 1608 Marc.

179 1625 228 1653 per
238 1625 358 1647 manum
369 1616 459 1647 fratris
472 1614 513 1645 G.
533 1615 553 1634 '¹‘
593 1613 710 1653 rokard,
729 1615 763 1646 &
776 1615 896 1646 Abbatis
910 1614 1008 1646 Sancti
1018 1615 1157 1653 Johannis
1178 1619 1247 1645 An-

174 1653 226 1692 gel.
249 1654 296 1686 vel
314 1654 424 1686 alterius
445 1663 563 1691 eorum,
581 1654 616 1684 δε
640 1663 656 1682 a
669 1653 777 1691 majore
789 1653 823 1684 &
838 1652 934 1691 probis
949 1653 1114 1684 hominibus
1127 1652 1164 1684 de
1178 1653 1250 1685 Bur-

178 1692 242 1762 de}
260 1692 339 1724 mille
353 1691 448 1724 Marc.
466 1701 516 1732 per
528 1700 626 1722 manus
640 1690 763 1729 ejusdem
777 1689 866 1721 fratris
881 1690 923 1721 G.
943 1692 977 1722 &
992 1690 1111 1722 Abbatis
1125 1691 1162 1722 de
1173 1691 1249 1723 Silva

178 1741 216 1763 ve
243 1731 352 1762 alterius
372 1740 484 1762 eorum.
509 1739 608 1768 precae
629 1731 708 1759 enim
729 1729 849 1760 fecimus
872 1727 1015 1767 praedietis
1042 1730 1195 1768 majoribus
1213 1731 1249 1762 &

179 1770 450 1839 μοδίᾶὴὲιπιίῃὼυε
464 1768 501 1800 de
515 1776 618 1799 mutuo
633 1766 792 1807 hujufinodi
811 1768 941 1806 pecuniae
960 1768 1043 1798 nobis
1062 1767 1211 1807 faciendo,
1229 1769 1249 1799 fi

179 1818 251 1840 nece
276 1819 293 1839 e
338 1817 398 1839 erit.

244 1847 263 1877 d
277 1847 355 1886 cujus
366 1846 554 1884 solutionem,
568 1853 599 1875 ut
613 1854 629 1874 a
681 1855 719 1875 oc
808 1855 839 1875 us
851 1845 880 1874 in
901 1853 1036 1883 ucantur,
1050 1846 1091 1876 ob
1103 1846 1250 1884 igaverunt

216 1846 244 1877 A
629 1844 648 1874 d
660 1844 680 1875 h
733 1844 806 1875 facili
881 1844 899 1875 d
1092 1844 1100 1875 l

179 1885 208 1917 se
223 1885 322 1924 Major
333 1886 367 1917 &
381 1884 559 1916 Universitas
573 1882 700 1913 London
734 1893 783 1921 per
796 1883 898 1913 litteras
914 1883 972 1914 suas
1022 1884 1172 1923 tentes3&
1187 1894 1251 1922 nOS,

180 1934 231 1963 per
250 1924 352 1955 litteras
370 1923 475 1968 nostras
497 1930 638 1960 patentes,
657 1907 761 1965 eisdem
782 1921 890 1960 Majori
911 1923 945 1966 &t
965 1894 1154 1954 [lyraiiversitati
1169 1922 1252 1954 Lon-

179 1962 256 2002 don,
273 1972 326 1993 nos
345 1962 553 1999 obligavimus:
573 1959 611 1990 Et
634 1960 715 1990 simili
728 1959 819 1990 modo
833 1960 860 1990 se
875 1960 1074 1998 obligaverunt
1087 1961 1253 1992 venerabilis

179 2009 257 2039 pater
272 2000 304 2031 P.
323 1999 459 2031 Winton.
477 1998 650 2038 Episcopus,
668 1999 703 2030 &
715 1997 758 2028 H.
777 1997 814 2028 de
825 1998 1030 2038 BurgoJustic.
1043 1999 1159 2038 noster,
1171 2000 1251 2038 quod

176 2039 260 2084 super
287 2038 460 2108 {bligatione
480 2038 527 2069 sua
545 2036 682 2077 praedicta
702 2046 757 2068 nos
776 2036 943 2076 indempnes
964 2037 1196 2071 conservabimus
1215 2039 1250 2071 &

182 2087 198 2109 a
221 2085 291 2108 uieta
313 2087 394 2108 imus.

259 2115 392 2148 andamus
405 2117 491 2148 etiarn
503 2116 669 2148 hominibus
682 2114 785 2148 nostris
798 2116 835 2148 de
858 2116 981 2156 Rupella
989 2142 999 2156 ,
1014 2117 1048 2150 &
1070 2117 1107 2149 de
1128 2114 1249 2160 Burdss.

179 2155 216 2187 &
227 2155 345 2199 aliarum
356 2153 495 2200 Villarum
527 2157 561 2188 δε
576 2156 700 2187 fimiliter
714 2155 899 2200 Magnatibus
912 2158 1034 2195 partium
1048 2156 1158 2188 illarum
1171 2157 1250 2196 quod

181 2194 282 2240 vobis,
289 2203 424 2233 tanquam
438 2195 477 2224 illi
491 2180 527 2226 de
539 2205 598 2233 quo
613 2204 671 2233 prae
686 2194 742 2239 aliis
757 2194 947 2233 confidimus,
962 2195 1114 2227 consilium
1127 2196 1162 2227 &
1174 2197 1252 2228 auxi-

181 2232 253 2276 lium
264 2233 446 2272 impendant,
459 2232 631 2264 adhaerentes
643 2233 726 2264 vobis
740 2233 774 2264 &
790 2233 957 2265 obedientes
971 2235 1001 2264 in
1015 2234 1151 2265 omnibus
1166 2245 1252 2275 agen-

181 2270 224 2315 dis
242 2271 363 2310 nostris,
381 2271 516 2311 idemque
537 2271 733 2316 mandavimus
754 2271 912 2304 Senescallo
933 2272 1054 2311 nostro,
1072 2273 1200 2304 volentes
1219 2282 1252 2305 ut

181 2309 259 2340 idem
278 2310 463 2349 Senescallus,
482 2311 551 2342 sicut
574 2311 608 2342 &
625 2319 721 2341 caeteri
734 2309 828 2342 fideles
842 2310 950 2349 nostri,
968 2312 1052 2342 vobis
1067 2310 1198 2350 obediat,
1217 2313 1252 2344 &

181 2347 279 2393 vestro
293 2350 323 2380 in
335 2350 471 2380 omnibus
483 2349 588 2393 fruatur
601 2349 738 2388 consilio,
755 2349 852 2388 quod,
870 2349 957 2381 vestri
969 2351 1073 2390 gratia,
1087 2351 1148 2389 jam
1169 2351 1254 2382 nobis

182 2387 335 2425 profuit&
347 2388 432 2428 longe
446 2388 558 2418 uberius
573 2387 714 2419 credimus
728 2388 916 2426 profuturum.

220 2425 314 2466 Qiod
336 2427 421 2465 igitur
440 2426 584 2457 strenuitas
606 2425 698 2457 vestra
720 2428 795 2464 cepit
809 2427 960 2465 amplexari
974 2428 1049 2459 circa
1060 2428 1253 2459 commodum

182 2464 375 2509 &bonorem
394 2465 543 2510 nostrum,
555 2465 689 2509 consulto·
705 2466 840 2509 petitore,
857 2467 891 2497 &
912 2475 1000 2496 manu
1020 2466 1109 2497 valida
1123 2467 1254 2505 prosequi

183 2502 291 2542 velitis,
310 2505 344 2536 &
366 2512 467 2535 contra
489 2504 630 2535 incursum
651 2505 835 2534 inimicorum
856 2504 1041 2543 nostrorum,
1068 2505 1088 2535 si
1110 2505 1255 2536 neceffitas

183 2542 322 2574 emerserit
340 2542 504 2580 manifesta,
529 2553 586 2581 ope
604 2543 734 2580 pecuniae
750 2542 894 2581 praedietae
911 2542 1020 2574 suffulti
1061 2544 1096 2575 &
1114 2551 1172 2574 tim
1187 2554 1255 2582 pro-

183 2581 248 2617 priis
273 2591 360 2626 quam
384 2581 528 2625 advocatis
552 2582 776 2619 circumquaque
800 2582 866 2612 freti
893 2582 998 2612 viribus
1016 2566 1054 2612 iic
1072 2583 1201 2613 muniatis
1220 2584 1255 2615 δε

183 2626 335 2664 protegatis
350 2620 440 2650 bonas
454 2619 532 2650 villas
553 2618 660 2650 nostras
675 2621 712 2663 ὃς
723 2629 826 2651 terram
841 2620 985 2664 nostram,
1002 2629 1034 2664 ut
1058 2629 1093 2650 ex
1111 2621 1256 2652 confusio—

184 2657 1115 2741 xtgsfficgffffiSssfflg’ffis„Ssszffi‘zssssiiffl‘igfiiffssffl,
1128 2669 1257 2741 3¹2¹}ssss

185 2733 281 2803 &istra
300 2734 352 2766 sub
373 2735 491 2766 consilio
513 2736 547 2767 &
570 2734 673 2765 auxilio
692 2733 789 2766 vestro
810 2733 968 2773 indempnis
986 2743 1148 2773 permaneat
1167 2735 1201 2766 &
1223 2735 1256 2766 il-

231 2782 254 2802 a.

228 2809 267 2842 Et
285 2813 420 2843 noveritis
443 2811 523 2851 quod
541 2820 641 2850 terras,
668 2821 733 2850 quae
755 2811 859 2843 fuerint
879 2811 1006 2843 Comitis
1027 2811 1103 2853 Augi
1124 2812 1257 2843 avunculi

187 2848 273 2893 vestri
297 2852 326 2880 in
346 2851 393 2881 An
414 2851 463 2894 lia,
481 2850 551 2881 tradi
573 2850 694 2894 fecimus
711 2849 824 2881 Comiti
846 2851 965 2881 W'aren.
985 2852 1019 2882 &
1038 2853 1093 2889 eis,
1114 2852 1163 2889 qui
1182 2852 1257 2889 prius

190 2886 293 2929 fuerint
306 2887 402 2920 Banivi
416 2889 540 2928 ejusdem
555 2887 698 2926 Comitis,
716 2889 792 2920 salvo
807 2889 1004 2920 custodiendas
1018 2889 1052 2920 ad
1065 2899 1138 2927 opus
1152 2888 1258 2920 Comi—

189 2924 261 2955 tiffae
274 2924 320 2969 Au
342 2928 366 2965 ¹,
385 2929 418 2959 &
433 2937 586 2972 puerorum
598 2927 868 2972 suorum-nepotum
883 2927 1062 2971 vestrorum,
1074 2928 1144 2958 sicut
1155 2929 1192 2972 ab
1203 2928 1259 2966 ipsa

188 2962 307 3032 ξῐοῖῐᾶἒξὲ
308 3010 319 3033 t
320 2974 342 3032 ἒ
352 2973 475 3034 xpatqsstrtlim
487 2966 557 3004 fuit,
575 2964 612 2996 de
625 2974 702 2997 terris
715 2966 766 2997 illis
779 2967 813 2998 δε
826 2966 883 2997 alus
897 2966 986 2998 adturi
1004 2977 1059 3006 pro
1081 2966 1202 2998 consilio
1223 2968 1258 2999 &

226 3078 319 3110 Teste
333 3079 471 3111 Huberto
485 3080 521 3111 de
535 3081 629 3121 Burgo
659 3081 820 3119 Justiciario
833 3082 949 3123 nostro,
965 3082 1039 3122 apud
1059 3082 1259 3114 Westmonas-

190 3125 292 3149 terium
305 3119 441 3150 vicesimo
455 3127 554 3158 quarto
569 3119 614 3150 die
625 3105 699 3159 ⁷sulii.

244 3252 367 3283 Littera
382 3253 514 3284 Franciae
528 3253 603 3298 Regi
615 3277 625 3293 ‚
651 3250 688 3285 de
703 3254 822 3300 Treuga
838 3257 915 3287 inter
932 3256 1003 3301 ipsbs
1026 3255 1212 3290 renovanda.

194 3332 406 3394 VErierabili
417 3335 552 3368 Domino
565 3337 634 3376 suo,
649 3336 670 3368 si
690 3337 796 3376 placet,
814 3336 947 3377 Philippo
984 3340 1041 3371 Dei
1063 3342 1166 3380 gratia,
1184 3341 1259 3372 illus-

276 3381 311 3402 tri
324 3374 401 3418 Regi
415 3375 558 3413 Franciae,
575 3375 695 3407 devotus
709 3377 929 3416 consanguineus
947 3365 1009 3409 suus
1032 3379 1194 3418 Henricus,
1213 3389 1259 3410 eii-

194 3408 261 3440 dem
274 3419 373 3451 gratia,
391 3413 458 3443 Rex
470 3414 601 3454 Angliae,
618 3415 678 3446 &c.
697 3415 819 3446 salutem.

232 3447 284 3492 Ex·
299 3449 355 3481 hoc
375 3452 453 3495 quod
472 3461 564 3490 parata
579 3452 620 3483 est
636 3453 763 3484 serenitas
780 3452 888 3492 vestra,
906 3454 975 3485 sicut
989 3456 1019 3484 in
1041 3455 1139 3486 litteris
1159 3455 1260 3487 vestris

194 3486 349 3518 audivimus
365 3491 502 3521 contineri
511 3515 520 3528 ,
536 3499 644 3531 treugas
657 3491 766 3530 pridem
780 3501 872 3530 captas
886 3493 958 3523 inter
971 3503 1023 3523 vos
1033 3516 1042 3531 ,
1051 3494 1084 3524 &
1095 3494 1259 3532 Johannem

195 3523 339 3562 quondam
351 3526 468 3564 Regem
483 3528 593 3569 Angliae
606 3538 716 3567 patrem
731 3529 880 3569 nostrum,
897 3531 984 3569 usque
999 3532 1028 3560 in
1043 3531 1259 3569 quadriennium

194 3571 360 3607 prorogare,
377 3574 494 3603 optentu
513 3577 631 3604 precum
650 3568 773 3599 Domini
784 3569 885 3607 Papae,
903 3578 992 3609 grates
1006 3570 1089 3600 vobis
1101 3570 1257 3601 referimus:

193 3602 228 3632 &
245 3610 330 3639 parari
343 3601 434 3633 sumus
448 3628 458 3642 ,
490 3615 560 3636 cum
578 3606 696 3637 consilio
714 3607 814 3638 nostro
829 3632 839 3646 ,
866 3607 895 3638 id
913 3607 993 3646 quod
1012 3607 1161 3638 mandastis
1178 3609 1259 3646 super

194 3639 254 3682 hoc
270 3662 279 3676 ‚
305 3648 340 3682 ex.
357 3648 432 3676 parte
450 3642 543 3674 nostra
556 3668 566 3682 ,
591 3653 728 3683 gratanter
747 3645 863 3677 effeetui
881 3648 1061 3684 mancipare,
1088 3646 1187 3676 fadruri
1205 3658 1259 3677 vo—

193 3676 444 3721 bis'securitatam,
459 3679 504 3722 ⁷de
522 3684 623 3721 treugis
641 3683 692 3713 illis
710 3683 905 3723 observandis,
933 3695 983 3723 per
1000 3684 1108 3715 Archie
1129 3685 1257 3723 iscop0s‚

194 3714 365 3755 Episcopos,
378 3714 506 3747 Comites
520 3720 553 3749 &
568 3720 688 3752 Barones
701 3721 831 3760 nostrOS,
845 3724 878 3754 ὃς
891 3723 1042 3754 consilium
1056 3695 1201 3754 nosgrum:
1216 3723 1259 3755 Ita

194 3752 276 3823 ἓξὲξ
294 3763 364 3790 vos,
380 3761 415 3782 ex
436 3763 512 3793 parte
532 3757 622 3788 vestra
642 3760 662 3790 fi
680 3760 787 3799 placet,
805 3760 925 3791 similem
947 3762 1122 3793 securitatem
1137 3760 1198 3792 fieri
1217 3761 1260 3792 fa-

215 3802 222 3821 l
275 3815 281 3820 .

232 3829 430 3873 Verum-quia
448 3838 589 3875 incertum
608 3834 649 3864 est
669 3836 697 3866 in
732 3836 812 3867 uibus
826 3838 947 3874 partibus
963 3839 1128 3870 inventurus
1141 3837 1173 3868 sit
1195 3837 1258 3868 Re-

193 3876 263 3911 gem
275 3868 381 3912 Scotiae
392 3867 476 3898 frater
490 3868 579 3912 Guill.
596 3871 632 3901 de
647 3873 722 3911 Aqui
733 3885 764 3912 a,
782 3885 832 3912 per
844 3885 931 3913 quem
945 3877 1106 3915 responsum
1126 3875 1257 3907 nostrum

192 3905 260 3936 inde
281 3907 363 3937 vobis
384 3916 539 3937 renunciari
559 3909 731 3951 mandastis3
756 3913 790 3943 &
811 3914 897 3944 tutius
913 3914 982 3944 effet
997 3939 1007 3953 ,
1032 3915 1104 3946 dum
1123 3916 1192 3945 citra
1214 3916 1257 3944 in-

194 3943 316 3975 stantem
336 3945 459 3982 hyemen
473 3945 651 3982 tranquiliora
664 3949 725 3980 sunt
737 3958 883 3989 tempora,
901 3952 957 3982 huc
970 3953 1016 3983 vel
1030 3954 1097 3984 illuc
1108 3953 1259 3984 transmea-

196 3983 295 4051 133&
306 3983 419 4014 bonurn
432 3982 519 4022 effer,
536 3984 643 4015 ratione
655 3986 796 4019 securioris
818 3989 966 4028 transitus,
982 4000 1044 4022 rem
1062 3990 1146 4023 istam
1164 4000 1258 4022 matu-

635 103 1888 165 CONVENTioNEs‚L1TERAE,

1328 200 1438 240 Unde,
1456 201 1477 231 si
1498 201 1633 240 placuerit
1652 202 1752 240 vobis,
1771 201 1891 233 nuncios
1911 195 2021 232 vestros
2041 207 2110 232 cum
2125 200 2221 232 littei-is
2241 200 2358 240 vestris,
2375 196 2502 240 ΑῐιΠᾸ),Ξ

1292 241 1358 271 tales
1373 242 1421 279 qui
1435 240 1609 271 securitatem
1624 240 1788 278 praedffltam
1803 241 1954 278 recipiant,
1971 240 2011 269 ob
2025 240 2083 270 hoc
2100 241 2180 270 citius
2195 240 2305 271 mittere
2326 239 2362 271 in‘
2392 244 2478 276 1219·

1291 279 1426 318 Angliam
1439 278 1475 309 ad
1488 288 1557 316 nos,
1577 280 1611 310 &
1625 289 1675 316 per
1687 279 1878 310 venerabilem
1897 287 2007 316 patrem
2029 279 2062 309 P.
2084 278 2219 309 Winron.
2238 278 2358 316 Episco-
2372 281 2436 305 Hm·
2456 286 2482 314 3·

1292 327 1381 356 pum,
1392 319 1426 348 &
1439 317 1576 347 diieeium
1590 317 1624 348 &
1637 316 1751 347 fidelem
1764 317 1894 348 nostrum
1908 316 2075 347 Hubertum
2090 317 2127 347 de
2141 315 2253 356 Burgo,
2269 316 2357 355 Justi-

1290 356 1408 386 ciarium
1422 355 1554 386 nostrum
1567 356 1642 385 mitti
1654 355 1788 386 faciemus
1799 357 1829 385 in
1848 355 2001 385 occursum
2022 365 2140 394 eorum,
2157 355 2265 387 salvum
2285 365 2358 386 con-

1291 393 1430 432 dudtum,
1448 393 1482 424 ad
1496 394 1575 423 diem
1590 393 1623 424 &
1638 393 1736 424 locum
1751 404 1823 432 quos
1837 393 2018 424 mandabitis:

1328 432 1377 463 Ut
1396 441 1496 462 coram
1516 431 1620 462 eisdem
1641 433 1756 470 primo,
1774 441 1808 462 ex
1826 440 1904 469 parte
1923 431 2036 470 nostra,
2055 431 2132 462 dieta
2149 430 2195 462 fiat
2209 431 2356 471 securitasg

1291 470 1326 500 &
1347 470 1461 509 postea,
1476 471 1587 500 nunciis
1606 471 1843 501 transfretantibus
1864 470 1914 500 sub
1936 470 2084 501 condudhi
2103 470 2217 509 vestro,
2235 471 2358 502 similiter

1292 507 1340 539 fiat
1355 509 1483 540 securitas
1499 517 1599 539 coram
1612 509 1650 539 eis
1663 518 1698 539 ex
1712 517 1788 547 parte
1801 508 1901 540 vestra.

1290 583 1421 661 dig-{efflic-
1437 584 1575 617 Huberto
1594 584 1631 616 de
1653 585 1765 626 Burgo,
1776 584 1937 624 Jufficiario
1958 584 2059 617 nostro
2078 584 2152 623 apud
2171 582 2299 616 Westm.
2317 595 2359 626 24.

1452 745 1474 769 *
1498 748 1548 780 De
1563 745 1709 780 condutta
1723 758 1778 794 pro
1794 750 1928 781 Nunciis
1946 751 2077 781 Franciae
2101 751 2199 795 Regis.
2376 748 2392 765 ¹*
2408 749 2504 787 1-233-

1294 830 1472 894 NUncii
1490 831 1580 871 Regis
1600 830 1726 876 Franciae.
1747 833 1853 864 habent
1873 833 1974 864 litteras
1996 842 2120 871 patentes
2140 833 2177 864 de
2193 835 2358 874 condufflr,
2377 832 2453 864 Arm.
2463 834 2506 866 D.

1313 910 1317 914 Ι
1390 871 1531 902 duraturas
1543 870 1631 914 usque
1643 880 1674 900 in
1686 881 1777 901 unum
1792 872 1935 910 mensem,
1946 883 1964 902 a
1975 871 2022 902 die
2033 873 2181 903 nativitatis
2192 873 2282 904 beata:
2289 874 2357 904 Ma·
2397 882 2483 912 1219.

1295 918 1362 948 nae,
1379 919 1472 948 anno,
1491 910 1550 940 &c.
1569 917 1670 946 tertio,
1687 909 1722 939 ad
1732 910 1910 940 trastandum
1924 920 1993 940 cum
2008 910 2126 941 consilio
2150 911 2275 942 Domini
2296 912 2358 943 Re-
2374 916 2426 940 An.
2445 922 2472 949 3.

1293 948 1336 986 gis
1349 948 1387 978 de
1400 949 1504 985 treugis
1517 946 1716 986 prorogandis,
1733 948 1767 978 &
1779 948 1813 977 ad
1827 948 2001 980 securitatem
2014 949 2180 987 capiendam
2198 950 2235 981 de
2256 952 2359 990 treugis
2376 955 2409 977 H·
2430 961 2457 987 3·

1294 986 1346 1017 illis
1359 986 1537 1018 observandis
1551 995 1585 1016 ex
1598 993 1675 1024 parte
1687 985 1811 1017 Domini
1822 985 1922 1025 Regis.
2375 992 2437 1017 Par.
2458 999 2484 1026 3.

2377 1032 2412 1056 H.
2437 1037 2508 1057 .m.2‚

1329 1063 1421 1133 Tkesfce
1433 1064 1476 1095 H.
1494 1063 1531 1096 de
1546 1063 1641 1104 Burgo
1651 1061 1812 1102 Justiciario
1821 1087 1831 1102 ,
1848 1063 1923 1102 apud
1939 1063 2076 1097 Norwic.
2090 1065 2216 1097 secundo
2228 1065 2276 1098 die
2289 1067 2361 1106 Sep-
2417 1037 2429 1065 3

1293 1111 1352 1134 tem
1374 1113 1419 1134 ris.

1294 1242 1344 1274 De
1375 1236 1476 1284 Castro
1500 1237 1536 1274 de
1561 1241 1697 1287 Merpiis
1722 1251 1797 1321 unad
1807 1251 1875 1322 caim
1898 1237 2040 1283 obstdibus
2054 1242 2129 1287 Regi
2148 1239 2267 1287 Angliae
2294 1250 2363 1273 tra-

1795 1301 1829 1321 cn
1851 1300 1887 1322 ις.

1376 1373 1504 1419 Onorius
1516 1374 1690 1414 Episcopus,
1708 1375 1799 1407 servus
1811 1375 1957 1407 servorum
1972 1375 2031 1407 Dei
2040 1375 2214 1414 (venerabili
2229 1375 2306 1406 fratri
2319 1374 2362 1405 E·
2379 1382 2456 1414 Αῃῃ,
2469 1383 2513 1416 D¹

1292 1413 2198 1486 Ρῑἃἃνῖἕὲᾃρῧὶἓὶἳξῦῃὲῗόεῗωὲὓὲῗὲἷῖιῗῃὲὺῗὲἷὲιέἓ,
2211 1414 2361 1484 {affuso
2401 1432 2486 1462 ¹²¹⁹·

1293 1489 1411 1521 tolicam
1421 1477 1663 1522 benedictionem.
1946 1463 1964 1492 g
2055 1478 2065 1492 ³
2294 1463 2334 1491 po
2378 1466 2475 1538 {5³33

1331 1529 1453 1568 Qanto
1464 1529 1594 1560 libentius
1606 1529 1742 1560 haetenus
1756 1529 1909 1561 venerabili
1925 1529 2002 1561 fratri
2015 1529 2117 1561 nostro
2131 1529 2214 1567 Episc
2238 1540 2276 1568 po
2303 1528 2363 1560 Ca·
2382 1544 2422 1566 Ex
2439 1541 2486 1567 0„-
2504 1561 2514 1568 ‚

1291 1567 1444 1612 nutonenii
1456 1567 1608 1598 detulimus
1622 1568 1657 1599 &
1670 1567 1783 1599 deferre
1804 1567 1978 1600 intendimus
1996 1568 2033 1599 de
2054 1570 2141 1607 gratia
2159 1539 2284 1606 spetiali,
2302 1576 2365 1598 tan-
2382 1582 2411 1606 ln
2426 1551 2506 1607 Tunig,

1295 1613 1328 1636 to
1349 1607 1386 1637 ab
1406 1606 1458 1636 hus
1479 1606 1506 1636 se
1527 1615 1680 1637 accuratius
1699 1609 1836 1638 convenit
1858 1606 1997 1638 abstinere
2009 1618 2060 1645 per
2072 1617 2151 1646 quae,
2167 1604 2254 1637 nobb
2269 1606 2364 1644 displi-
2379 1618 2491 1646 [οπως.

1292 1653 1376 1683 cenS,
1394 1645 1515 1683 reputari
1527 1644 1612 1683 possit
1625 1647 1760 1685 ingratus:
1779 1646 1862 1685 Quin
1876 1647 1969 1684 potius
1983 1647 2021 1676 ita
2031 1645 2117 1676 debet
2140 1645 2167 1675 se
2187 1644 2291 1675 nostris
2312 1646 2364 1676 be—

1294 1683 1438 1720 neplacitis
1451 1691 1600 1722 coaptare,
1619 1683 1698 1722 quod
1711 1684 1748 1714 de
1795 1687 1846 1715 aria
1861 1684 1891 1713 in
1906 1685 2022 1724 gratiam
2038 1683 2158 1722 provehi
2172 1692 2320 1714 mereatur.

1330 1720 1498 1752 Karisfimus
1520 1721 1658 1760 siquidem
1678 1723 1709 1753 in
1732 1721 1761 1753 C
1799 1724 1804 1729 ’
1832 1733 1852 1754 o
1866 1722 1938 1753 filius
1953 1722 2049 1753 noster
2063 1722 2208 1753 Henricus
2220 1721 2288 1752 Rex
2302 1722 2364 1752 An-

1294 1759 1358 1799 gliae
1373 1759 1483 1804 illustris
1496 1761 1573 1790 suam
1587 1761 1622 1791 ad
1636 1771 1690 1792 nos
1705 1762 1914 1805 querimoniam
1925 1760 2092 1800 destinavit,
2128 1760 2268 1804 uod-*cum
2282 1760 2366 1804 clarae

1293 1798 1711 1881 ffffig’gfffssfffgffaggespgffg
1724 1799 2027 1877 sffioffissfihomssrfii‘a'ffi
2039 1797 2367 1876 ffpffcgzttffi‘ifflff

1295 1873 1459 1906 fiducialiter
1478 1875 1682 1915 commisisset,
1701 1886 1799 1915 nunc,
1825 1877 2035 1917 praenominato
2051 1876 2184 1915 Johanne
2205 1877 2281 1906 viam
2302 1876 2366 1905 uni-

1295 1913 1384 1945 versae
1398 1914 1488 1944 carnis
1503 1914 1532 1943 in
1567 1914 1645 1953 esso,
1663 1914 1814 1953 praedietus
1837 1915 1877 1946 R.
1897 1914 2033 1946 Castrum
2054 1914 2162 1953 ipsum,
2181 1913 2215 1944 &
2232 1913 2367 1945 obsidem

1294 1953 1401 1993 ipsum,
1418 1952 1454 1984 &
1473 1952 1534 1983 obsi
1554 1962 1583 1985 es
1603 1953 1697 1985 eidem
1716 1953 1794 1995 Regi
1814 1953 1933 1986 reddere
1953 1954 2104 1994 denegavit
2127 1953 2229 1992 pluries
2249 1951 2368 1992 requisi-

1335 2030 1522 2071 Qinetiam,
1539 2032 1575 2064 ad
1587 2032 1643 2064 suae
1660 2031 1827 2065 infidelitatis
1848 2032 2003 2072 nequitiam
2022 2030 2205 2071 palliandam,
2222 2029 2257 2060 ad
2311 2037 2368 2061 rtes

1295 2072 1485 2102 transmarinas
1500 2071 1557 2109 (vel
1575 2074 1684 2111 potius,
1702 2081 1733 2103 ut
1748 2073 1866 2110 dicitur,
1887 2073 1917 2102 in
1932 2070 2109 2109 Hispaniam)
2128 2069 2254 2100 simulata
2295 2078 2367 2099 evo-

1295 2110 1375 2140 tione
1387 2111 1414 2140 se
1428 2111 1610 2148 transferens,
1628 2111 1726 2142 dolose
1738 2111 1859 2142 intendit
1873 2109 2025 2148 praedietos
2039 2107 2150 2140 obsides
2165 2107 2369 2145 liberare3tan-

1296 2158 1383 2217 quaalrn
1403 2159 1454 2187 per
1469 2149 1553 2218 {psius
1573 2148 1736 2181 affeetatam
1756 2149 1958 2189 negligentiam
1971 2171 1983 2188 ,
2007 2157 2074 2186 quae.
2094 2147 2192 2186 utique
2212 2154 2304 2186 aperta
2323 2144 2367 2176 est

1297 2195 1328 2217 m
1354 2196 1400 2218 itia
1431 2197 1467 2218 ev
1495 2198 1568 2218 uros.

1334 2225 1374 2257 Et
1386 2211 1433 2264 ui,
1452 2227 1565 2264 qualem
1577 2225 1714 2257 fidelitatis
1728 2225 1869 2257 affedtum
1882 2235 1947 2266 erga
1960 2225 2076 2266 Regem
2097 2224 2236 2261 habebat,
2252 2223 2368 2254 exhibe-

1298 2265 1346 2295 bat
1357 2266 1387 2296 in
1400 2264 1524 2304 effectu,
1543 2265 1610 2296 tales
1623 2266 1651 2295 in
1667 2265 1727 2302 ipso
1741 2264 1845 2296 Castro
1858 2264 1979 2302 dimifit,
2000 2265 2049 2302 qui
2064 2273 2124 2294 non
2136 2262 2227 2293 solum
2249 2262 2369 2299 praefato

1297 2303 1375 2341 Regi
1396 2303 1530 2334 Castrum
1550 2304 1584 2335 &
1604 2304 1714 2334 obsides
1728 2303 1844 2334 reddere
1858 2303 2053 2341 aspernantur,
2070 2310 2173 2333 verum
2191 2301 2277 2330 etiam
2300 2310 2369 2338 pro-

1298 2341 1402 2373 ditorie
1414 2341 1595 2380 rebellantes,
1613 2341 1694 2379 ipsius
1710 2343 1842 2372 homines
1857 2341 1996 2372 hostiliter
2011 2339 2224 2379 persequuntur·
2235 2337 2370 2376 &(quod

1298 2382 1348 2411 vix
1360 2381 1476 2412 credere
1490 2381 1647 2422 possumus)
1663 2380 1722 2411 hoc
1735 2388 1897 2418 perpetrant
1909 2390 1970 2410 nori
1986 2380 2042 2410 sine
2054 2380 2063 2409 i
2075 2379 2137 2423 'sius
2149 2363 2283 2422 E-pisi’mpi
2296 2387 2370 2407 con-

1299 2419 1360 2450 silio
1381 2420 1414 2451 &
1434 2418 1564 2458 assensu,
1589 2429 1657 2462 cum
1679 2429 1694 2449 a
1714 2418 1853 2457 praedidto
1875 2417 1960 2448 fratre
1981 2417 2032 2449 suo
2052 2389 2226 2460 dispositioni
2245 2415 2370 2453 ejusdem

1300 2457 1448 2488 credantur
1469 2458 1527 2488 esse
1539 2457 1697 2488 commiffi:
1720 2457 1812 2502 Qiod
1826 2467 1860 2487 ex
1875 2467 1912 2487 eo
1928 2456 2064 2494 siquidem
2077 2455 2252 2493 praesumitur
2267 2453 2372 2492 proba-

1299 2496 1407 2535 biliter,
1427 2498 1509 2535 quia,
1527 2505 1595 2527 cum
1618 2496 1657 2526 illi
1680 2495 1732 2527 sint
1753 2505 1783 2526 in
1804 2495 1848 2526 sua
1861 2494 1988 2526 Diocaefi
2000 2494 2164 2531 constituti,
2183 2502 2232 2524 eos
2244 2503 2307 2523 non
2327 2492 2372 2522 so-

1300 2535 1360 2579 lum
1381 2545 1443 2566 non
1462 2536 1588 2574 reprimit
1601 2559 1611 2574 ,
1637 2543 1741 2566 verum
1762 2535 1847 2566 etiam
1866 2534 1967 2567 fovere
1987 2532 2177 2565 favorabiliter
2202 2541 2263 2562 non
2286 2530 2372 2562 desis-

1300 2582 1342 2605 tit.

1336 2612 1417 2643 Cum
1431 2614 1517 2651 igitur
1530 2612 1639 2643 causam
1653 2612 1781 2651 prrediffi
1795 2612 1885 2652 Regis
1898 2610 2013 2651 pupilli,
2030 2610 2135 2642 crucefi
2175 2610 2229 2648 ati,
2247 2609 2281 2640 &
2307 2617 2371 2638 cus-

1300 2651 1387 2682 todiae
1398 2651 1467 2681 sedis
1483 2651 1510 2681 A
1552 2651 1660 2681 stolicae
1675 2651 1819 2688 derelicti,
1836 2651 1971 2681 omnibus
1986 2649 2079 2679 modis
2102 2648 2121 2678 d
2152 2648 2256 2678 endere
2276 2656 2373 2679 terim-

1302 2699 1385 2727 mur,
1404 2689 1498 2720 eidem
1538 2689 1655 2727 piscopo
1669 2700 1718 2727 per
1732 2689 1829 2726 scripta
1844 2687 1940 2719 nostra
1954 2687 2073 2717 firmiter
2095 2686 2224 2717 dedimus
2245 2686 2276 2715 in
2298 2694 2373 2723 prae—

1301 2729 1409 2766 ceptis,
1426 2736 1458 2758 ut
1479 2726 1632 2765 saepedi&o
1654 2727 1730 2766 Regi
1752 2726 1887 2757 Castrum
1909 2725 1990 2756 suum
2011 2726 2045 2755 ὃς
2068 2725 2180 2755 obsides
2203 2722 2280 2753 reddi
2305 2733 2373 2761 pro-

1301 2774 1399 2804 curet,
1412 2765 1573 2796 detentores
1587 2775 1688 2795 eorum
1702 2765 1831 2803 spirituali
1846 2765 1880 2796 ὃ(
1892 2764 2040 2801 temporali
2052 2762 2231 2793 distriCtione
2241 2761 2373 2798 compel-

1303 2805 1378 2843 lens,
1393 2806 1431 2835 ita
1445 2803 1524 2843 quod
1539 2814 1599 2834 non
1612 2803 1703 2834 solum
1717 2803 1792 2834 nulla
1804 2812 1839 2834 ex
1851 2803 1910 2834 hoc
1924 2810 2024 2832 contra
2036 2801 2063 2832 se
2076 2800 2161 2839 poffit
2176 2799 2289 2837 suspitio
2303 2809 2373 2830 exo-

1303 2840 1861 2921 fflQmsmfifflss
1876 2837 2351 2917 &massaritiam
2370 2879 2374 2881 -

1765 2903 1773 2910 ι
2364 2900 2376 2914 ²

1304 2922 1433 2958 quatinus
1456 2919 1617 2951 detentores
1637 2918 1731 2950 Castri
1748 2920 1782 2950 &
1805 2918 1938 2949 obsidum
1951 2917 2155 2955 praedi&orum
2169 2914 2204 2945 ad
2216 2914 2371 2946 restitutio-

1302 2969 1373 2989 nem
1395 2969 1495 2990 eorum
1515 2958 1634 2997 praefato
1655 2957 1731 2998 Regi
1751 2958 1877 2988 debitam
1891 2955 2068 2994 faciendam,
2085 2964 2135 2993 per
2148 2953 2294 2986 censuram
2314 2952 2374 2984 Ec-

1303 2997 1504 3036 clesiasticam‚
1521 2997 1706 3035 appellatione
1759 2995 1889 3034 stposita,
1907 2994 2091 3032 compellatis.
2198 3031 2204 3037 .
2316 3030 2321 3036 .

1341 3035 1380 3066 Et
1392 3036 1421 3066 su
1443 3047 1472 3066 er
1485 3037 1537 3067 hiis
1553 3036 1699 3074 inquiratis
1735 3034 1870 3074 'ligentius
1882 3034 2047 3071 veritatem,
2065 3033 2099 3064 &
2115 3041 2180 3071 quae
2196 3031 2376 3068 inveneritis,

1304 3075 1339 3105 ad
1352 3085 1405 3105 nos
1419 3046 1536 3106 gdeliter
1550 3075 1713 3111 remittetis,
1729 3081 1760 3104 ut
1773 3082 1824 3111 per
1838 3071 1961 3116 vestram
1975 3069 2299 3116 *relationem-instruffl,
2308 3079 2376 3113 pro-

1304 3113 1439 3145 cedamus
1453 3113 1534 3152 super
1546 3113 1598 3144 hiis
1872 3111 1906 3141 &
1915 3110 2052 3149 justitiam
2064 3110 2220 3140 Viderimus
2234 3107 2374 3146 expedire.

1306 3152 1407 3222 (ᾊιοὲᾶζ
1413 3152 1434 3182 fi
1446 3162 1508 3183 non
1520 3161 1638 3191 omnes,
1655 3150 1716 3182 &c.
1735 3157 1767 3181 tu
1783 3159 1814 3180 ea
1828 3149 1923 3193 (frater
1936 3148 2089 3188 Episcope)
2104 3157 2174 3179 cuin
2193 3156 2296 3178 eorum
2307 3145 2376 3177 alte-

1304 3201 1356 3229 ro,
1407 3199 1434 3221 c.

1343 3267 1411 3298 Dat.
1420 3266 1525 3311 Rom.
1537 3265 1611 3305 apud
1627 3265 1764 3297 Sanctum
1776 3265 1895 3297 Petrum

1305 3316 1346 3338 no
1363 3314 1456 3337 tertio.

2022 3262 2209 3296 Pontificatfis
2220 3259 2311 3293 nostri
2325 3269 2375 3290 an-

1384 3439 1412 3466 *
1436 3440 1621 3489 Reginaldus
1639 3444 1706 3475 Rex
1726 3443 1864 3475 iwanniae
1881 3439 2002 3475 devenit
2023 3438 2170 3486 Vaffitllus
2188 3439 2282 3482 Papae.
2391 3446 2408 3465 ν
2423 3447 2525 3484 1434,-

1355 3526 1529 3558 Anstiffimo
1547 3526 1624 3558 Patri
1646 3527 1681 3559 &
1702 3526 1837 3558 Domino
1859 3527 2021 3564 Honorio,
2046 3523 2104 3555 Dei
2126 3522 2212 3567 gratia
2225 3545 2235 3560 ‚
2259 3520 2372 3551 summo
2391 3530 2518 3562 Ann‘D,

1328 3605 1344 3636 s
1356 3565 1518 3635 ulfontggci,
1542 3564 1664 3606 Remulo·
1639 3579 1643 3583 ·
1665 3565 1715 3596 dus
1734 3565 1800 3597 Rex
1819 3565 1976 3597 Insularum
1996 3561 2283 3595 commendationem
2305 3567 2373 3588 cum
2412 3580 2498 3607 1219·

1306 3615 1354 3636 OC
1385 3615 1405 3635 Ο
1474 3613 1533 3635 um,
2391 3613 2443 3636 An·
2481 3632 2488 3637 .

1342 3614 1472 3673 Νονξῑίῑ
1491 3642 1583 3673 saneta
1605 3643 1750 3681 paternitas
1770 3642 1879 3680 vestra,
1897 3640 1977 3680 quod
1989 3649 2060 3677 nOS,
2078 3647 2110 3670 ut
2121 3637 2268 3683 participes
2288 3633 2373 3664 fimus
2392 3652 2426 3675 H·
2447 3619 2474 3684 ξ,

1305 3681 1453 3712 bonorum
1474 3691 1540 3719 quae
1557 3681 1628 3713 fiunt
1650 3683 1679 3712 in
1702 3681 1826 3713 Ecclesia
1847 3681 1998 3716 Romana,
2016 3677 2051 3708 ad
2072 3673 2310 3720 monitionem&
2324 3680 2373 3716 eif-

1304 3720 1497 3750 hortationem
1517 3718 1614 3750 dileeti
1636 3722 1716 3758 patris
1738 3720 1862 3751 Domini
1886 3717 2044 3755 Pandulphi
2063 3712 2260 3755 NorWicensis
2271 3710 2372 3748 eleffihs

1305 3757 1462 3788 Camerarii
1479 3758 1514 3788 &
1537 3758 1636 3797 Legati
1654 3758 1756 3798 vestri,
1775 3759 1905 3789 dedimus
1926 3757 1960 3787 &
1986 3755 2158 3790 obtulimus,
2176 3759 2296 3781 nomine
2315 3748 2374 3778 Ec-

1304 3796 1396 3828 clesiae
1407 3795 1552 3826 Romanae
1565 3798 1598 3828 &
1621 3797 1733 3836 vestro,
1750 3798 1785 3829 ὅς
1807 3794 2028 3828 Catholicorum
2049 3791 2213 3832 vestroruin
2233 3786 2374 3832 successo-

1304 3844 1386 3872 rum,
1404 3833 1526 3865 Insulam
1540 3834 1666 3865 nostram
1681 3835 1719 3866 de
1732 3835 1806 3866 Mari
1841 3844 1907 3872 quae
1919 3832 1953 3862 ad
1965 3842 2019 3863 nos
2029 3832 2092 3869 jure
2110 3826 2288 3858 haereditario
2310 3835 2374 3870 per-

1304 3873 1393 3911 tinet,
1410 3873 1444 3904 &
1464 3872 1501 3903 de
1521 3882 1575 3942 cll-[la
1598 3873 1666 3904 nulli
1682 3860 1944 3910 tenemur'ahquod
1959 3869 2101 3901 servitium
2115 3865 2228 3910 facere,
2247 3866 2280 3896 δε
2292 3863 2374 3894 dem-

1303 3921 1340 3943 ce
1392 3919 1447 3941 nos
1469 3912 1502 3942 &
1560 3911 1663 3942 aeredes
1685 3912 1775 3943 nostri
1797 3913 1826 3941 in
1846 3918 2017 3951 perpetuum
2030 3904 2190 3950 tenebimus
2203 3912 2233 3933 in
2254 3902 2374 3932 feudum

1303 3950 1334 3980 di
1433 3949 1555 3980 Insulam
1575 3950 1611 3980 ab
1632 3950 1758 3982 Ecclesia
1778 3950 1930 3985 Romana,
1947 3947 1980 3978 &
1999 3945 2135 3988 faciemus
2150 3951 2199 3979 ei,
2225 3950 2285 3985 pern
2297 3941 2373 3978 hoc,

1303 3989 1488 4027 homagium,
1514 3990 1548 4020 &
1569 3987 1742 4020 fidelitatem.
1781 3987 1836 4025 Et,
1855 3988 1884 4015 in
1903 3990 2130 4022 recognitionem
2153 3979 2303 4017 Dominu,
2320 3989 2376 4008 no-

1303 4036 1383 4061 mine
1403 4025 1519 4066 census,
1541 4036 1596 4058 nos
1622 4028 1657 4061 &
1680 4024 1806 4059 haeredes
1825 4022 1934 4060 nostri,
1959 4022 1990 4053 in
2012 4027 2182 4059 perpetuum
2195 4042 2211 4056 ‚
2231 4018 2376 4086 muagfi
