2570 4261
646 169 758 210 ET
840 166 1108 209 ACTA

0 269 19 290 i.
34 257 73 289 D.
93 266 123 288 re
137 256 254 288 debeant
265 257 299 288 ad
313 255 501 288 defensionem
516 254 644 285 Coronae
657 256 690 286 δε
711 254 804 293 Regni
820 253 923 291 nostri,
941 254 974 285 &
988 262 1036 292 per
1050 251 1145 283 absen-

1 305 26 336 7.
94 298 161 326 tiam
176 296 331 326 eorundem
345 305 427 335 grave
441 294 522 324 nobis
537 294 569 324 δε
585 302 664 323 terrae
683 292 788 323 nostrae
807 292 961 331 periculum
981 290 1071 330 posset
1091 292 1146 320 im-

0 358 6 365 .
39 356 46 364 .
94 344 215 365 minere·

21 344 34 374 3
123 359 300 404 Inhibiiimus
312 371 432 402 districte
451 368 567 408 praefato
586 367 822 407 ArchiepiscopO,
837 377 873 397 ne
892 367 998 397 didi-am
1020 366 1144 396 Convo-

87 413 229 442 canonem
243 411 339 446 faciat,
356 409 399 439 sed
413 408 662 438 Convocationem
676 407 769 443 iilam,
788 405 857 435 dum
875 406 1006 436 fuerimus
1022 406 1051 434 in
1067 413 1144 435 exer-

89 451 147 481 citu
159 449 273 485 nostro,
288 447 395 486 penitus
408 454 521 475 revocet
531 468 540 482 ,
556 447 588 476 &
603 444 760 484 suspendat,

127 488 231 526 Unde,
248 486 297 516 sub
308 484 405 515 debito
419 483 567 521 fidelitatis,
584 493 638 522 qua
658 483 739 513 nobis
753 482 906 520 tenemini,
924 483 956 513 δε
971 479 1141 511 forisfactura

88 528 217 557 omnium
230 532 364 554 terrarum
379 524 411 554 ὃς
427 529 653 552 tenementorum
669 544 678 559 ,
703 530 767 561 quse
783 521 811 550 in
826 520 930 558 Regno
950 520 1047 549 nostro
1062 526 1141 548 tene-

91 565 140 602 tis,
157 564 237 594 vobis
256 561 378 591 distriete
397 561 597 601 prohibemus,
624 569 660 589 ne
680 559 713 589 ad
729 558 979 589 Convocationem
999 556 1142 598 hujusmo-

90 603 137 640 di,
152 601 221 632 dum
232 600 362 630 fuerimus
374 600 402 629 in
417 599 537 629 exercitu
552 597 666 635 nostro,
682 597 816 627 accedere
834 597 1002 634 praesiimatis
1015 608 1024 634 3
1050 594 1093 625 sed
1108 593 1141 623 ad

90 649 142 671 nos
154 639 244 670 versus
255 638 389 668 &Valliam
402 646 453 676 pio
465 636 623 667 defensione
636 636 730 666 nostra
751 636 784 666 δε
799 644 879 666 terrae
894 635 996 665 nostrae
1010 658 1019 672 ,
1047 642 1145 663 contra

111 678 239 708 raediCtos
251 676 420 712 Wallenses,
439 675 494 705 sine
516 684 605 704 morae
619 674 762 712 dispendio
784 674 897 703 veniatis
911 696 920 710 ,
943 673 1081 703 servitium
1096 681 1145 700 ve-

90 688 181 746 iirum
193 716 274 746 nobis
287 714 412 744 debitum
428 713 604 752 personaliter
625 712 771 751 impensuri
787 724 797 750 3
823 722 858 742 ne
872 735 881 750 ,
906 721 958 751 pro
973 711 1085 742 defectu
1100 719 1147 740 vo-

91 754 156 793 stri,
175 752 423 785 exhaeredationem
435 759 596 791 perpetuam
610 752 753 788 patiamur.

127 829 216 861 Teste
231 827 337 869 meipso
351 827 422 867 apud
437 827 571 858 Wodest.
589 837 632 866 19.
647 827 692 858 die
702 827 776 865 Julii.

130 906 232 935 Eodem
245 905 318 935 modo
331 905 493 934 mandatum
511 903 548 944 est
565 902 627 934 aliis
645 903 776 945 Episcopi}
786 927 796 942 ,
823 907 957 934 Cantuar.
979 902 1130 931 Provincia
1140 920 1150 936 ,

93 948 124 975 in
139 943 247 982 Anglia
263 942 444 983 existentibus.

134 1023 176 1051 Et
189 1021 348 1050 mandatum
364 1019 400 1060 est
414 1018 579 1058 Officialt'bus
598 1018 779 1059 Epifioporum
799 1017 913 1059 ejusdem
931 1018 1101 1060 Provinciae,
1119 1026 1152 1042 a-

93 1063 213 1097 gentium
226 1062 256 1088 in
265 1058 390 1098 partibus
407 1058 612 1098 transmarinis,
629 1060 702 1099 quod
708 1060 748 1088 aa'
760 1060 980 1088 convocationem
991 1054 1152 1093 praedtllam

97 1109 150 1128 non
162 1098 308 1133 accedant3
323 1098 387 1136 sed,
399 1096 453 1135 fieb
465 1096 598 1136 amifflone
611 1101 725 1126 omnium
744 1104 881 1126 terrarum
902 1096 1077 1123 Dominarum
1089 1090 1153 1130 fico-

95 1147 172 1175 rum,
190 1140 307 1167 mittant
321 1139 386 1174 Regi
391 1136 531 1175 servitia,
549 1147 608 1175 quae
621 1139 736 1166 Domino
742 1135 792 1174 sico
803 1137 868 1172 Regi
882 1132 985 1162 debent.

988 1178 991 1194 1

217 1263 266 1295 De
281 1261 356 1310 Elya
378 1261 514 1307 Epiftopo
532 1258 639 1307 Judaeo
655 1257 828 1304 abjudicato
845 1261 880 1296 (ῤ’
897 1256 1025 1302 dcpqlz‘to.

0 1357 24 1377 ri.
39 1346 80 1377 D.
106 1344 223 1402 REX
243 1345 392 1382 omnibus,
408 1344 468 1388 &c.

0 1395 34 1422 .·7.
203 1383 282 1414 Cum
296 1383 376 1423 Elyas
395 1382 549 1420 Episcopus
559 1380 726 1420 Judaeorum
744 1379 878 1411 London.
901 1390 953 1420 pro
971 1378 1158 1419 transgressio-

0 1433 56 1460 ·4¹-
109 1434 161 1460 ne,
177 1432 260 1461 quam
274 1422 340 1452 fecit
358 1423 416 1452 tam
432 1421 514 1450 nobis
527 1443 536 1458 ,
559 1420 645 1460 quam
664 1419 767 1450 dileeio
782 1420 856 1450 fratri
876 1419 974 1449 nostro
996 1419 1070 1457 Regi
1090 1418 1156 1447 Ale-

1 1473 26 1499 3.
108 1463 229 1492 manniae
241 1485 251 1498 ,
274 1461 290 1490 a
310 1459 472 1490 Sacerdotio
493 1458 712 1488 Communitatis
727 1458 894 1496 Judaeorum
915 1457 1041 1496 Angliae,
1060 1465 1158 1486 coram

3 1509 64 1536 ·41-
108 1500 215 1530 dileffis
230 1501 263 1530 ὃς
274 1497 396 1528 fidelibus
410 1496 508 1527 nostris
523 1496 614 1536 Philip
634 1506 654 1526 o
670 1496 773 1535 Bass'et,
793 1495 924 1536 Philippo
937 1496 1027 1527 Luvel
1040 1518 1049 1533 ,
1074 1494 1159 1524 Hen-

0 1548 20 1576 3-
30 1538 84 1566 n.6.
107 1541 168 1569 rico
181 1537 216 1568 de
229 1537 346 1567 Bathon.
359 1536 475 1566 Simone
489 1506 671 1566 Pateshus&
686 1536 792 1565 caeteris
804 1534 967 1573 Justiciariis
980 1557 990 1572 ,
1013 1534 1048 1564 ad
1063 1532 1160 1563 custo—

105 1577 180 1608 diam
192 1575 358 1614 Judaeorum
380 1574 533 1612 assignatiS,
570 1584 619 1603 uos
638 1573 671 1603 ad
692 1573 930 1613 transgressionem
946 1573 1021 1603 illam
1042 1572 1161 1602 convin-

109 1614 230 1646 cendam
240 1613 410 1652 Justiciarios
421 1611 529 1642 nostros
540 1621 554 1641 a
579 1613 735 1651 ignavirnus
746 1634 756 1650 ,
782 1622 830 1652 per
849 1610 982 1649 judicium
997 1610 1163 1640 eorumdem

106 1653 142 1684 ad
157 1653 334 1684 Scaccarium
350 1651 478 1681 nostrum
491 1650 572 1680 fuerit
586 1649 768 1687 abjudicatus,
787 1652 820 1681 ὃ(
837 1650 872 1680 de
892 1649 1012 1688 ejusdem
1027 1648 1163 1688 Sacerdo-

106 1693 138 1723 tii
152 1691 271 1728 officio,
288 1691 321 1721 &
334 1690 418 1720 etiarn
431 1689 466 1719 de
481 1688 654 1718 omnimodis
666 1689 723 1718 aliis
741 1688 859 1727 officiis,
876 1689 909 1719 ὃς
925 1688 1049 1727 Ballivis,
1066 1697 1132 1728 quas
1148 1688 1162 1718 a

108 1731 190 1761 nobis
202 1730 275 1769 prius
287 1728 408 1767 optinuit
416 1751 426 1765 ,
443 1727 475 1757 sit
489 1726 645 1766 depositus,

142 1768 213 1798 Nos
250 1766 286 1796 de
298 1765 414 1796 consilio
434 1764 598 1794 eorumdem
614 1764 836 1803 Justiciariorum
853 1788 862 1803 ,
886 1764 1073 1796 concessimus
1090 1774 1163 1804 prae-

108 1806 194 1837 dietae
206 1789 586 1842 CommunitatiJudaeorum
600 1803 763 1833 nostrorum
771 1803 898 1843 Angliae,
914 1813 962 1843 per
974 1803 1060 1835 finem
1074 1805 1160 1833 trium

106 1843 270 1874 Marcarum
284 1843 341 1873 auri
376 1851 462 1881 quem
477 1840 574 1871 Creffe
592 1842 626 1872 &
641 1840 768 1881 Haginus
780 1841 861 1872 frater
875 1842 994 1880 ejusdem
1003 1842 1096 1881 Judaei
1110 1851 1163 1872 no-

109 1883 153 1912 bis
187 1892 218 1912 ro
230 1881 328 1912 eadem
341 1865 558 1910 Communitate
577 1879 727 1916 fecerunt,
750 1880 827 1920 quod
849 1881 997 1918 praedic'tus
1016 1881 1098 1917 Elyas
1113 1880 1163 1910 Sa-

109 1930 157 1951 cer
177 1921 268 1950 otium
281 1918 349 1949 illud
360 1927 503 1956 nunquam
513 1917 702 1960 imposterum
715 1919 813 1948 habeat
827 1919 860 1949 &
873 1919 1073 1958 recuperet,&
1087 1917 1164 1958 quod

111 1959 219 1997 nullus,
237 1958 272 1988 de
285 1957 502 1987 Communitate
512 1956 572 1994 illa,
590 1956 626 1986 de
638 1965 742 1986 caetero
754 1958 785 1987 fit
792 1957 942 1996 Sacerdos,
959 1958 1008 1988 nisi
1022 1967 1070 1997 per
1083 1967 1165 1988 com-

112 2007 229 2027 munem
243 1997 410 2026 electionem
427 1995 648 2025 Communitatis
662 1994 798 2032 ejusdem:

145 2035 183 2065 Et
198 2035 273 2073 quod
289 2035 333 2064 illa
348 2033 561 2071 communitas,
579 2032 643 2072 post
665 2033 806 2063 decessiim
828 2034 973 2072 cujussibet
994 2033 1166 2071 Sacerdotis,

109 2073 147 2104 fic
163 2074 262 2109 eleeti,
278 2073 364 2103 alium
377 2072 495 2111 eligendi
509 2095 519 2110 ,
542 2080 752 2110 quemcumque
772 2072 907 2111 voluerit,
926 2072 1123 2110 Sacerdotem,
1136 2072 1169 2102 li-

108 2113 204 2143 beram
218 2112 316 2142 habeat
331 2111 506 2148 facultatem,
520 2119 553 2140 ac
565 2109 654 2148 ipsum
668 2111 749 2140 nobis
761 2111 941 2151 praesentandi
954 2133 965 2149 ,
985 2120 1016 2142 ut
1036 2110 1165 2141 nostrum

104 2150 134 2181 su
155 2161 183 2181 er
196 2151 254 2180 hoc
266 2149 399 2180 assensum
411 2149 537 2189 optineat
550 2148 583 2180 &
596 2147 732 2181 favorem.

156 2199 176 2219 n
190 2190 266 2227 cujus
277 2211 286 2227 ,
301 2189 360 2219 &c.

147 2265 236 2296 Teste
248 2265 330 2305 Rege
344 2264 417 2306 apud
431 2264 627 2304 Wodestoke,
642 2274 680 2295 20
693 2266 739 2297 di'e
746 2265 822 2305 Julii.

0 2407 89 2443 ζώῃ.
112 2392 130 2413 *
157 2393 206 2424 De
230 2388 384 2436 difiordiis
409 2389 606 2423 terminandis
628 2392 705 2421 inter
726 2392 834 2436 Regem
855 2392 955 2423 Scotiae
974 2392 1009 2428 ὠ
1027 2388 1172 2436 quosdam

461 2441 627 2484 Magnates
643 2440 738 2483 Regni
747 2439 813 2484 sai.

0 2538 37 2559 in.
51 2526 91 2558 D.
116 2524 244 2580 REX
263 2524 417 2562 omnibus,
435 2524 495 2567 ὃςε.
545 2562 550 2567 ι
1153 2562 1158 2567 ⁵

0 2575 45 2606 57.
216 2562 295 2593 Cum
315 2573 366 2600 pro
386 2561 564 2592 terminandis
586 2561 619 2592 &
635 2560 757 2592 sedandis
777 2562 1022 2599 contentionibus,
1046 2562 1117 2591 inter
1130 2561 1174 2591 di—

0 2618 13 2634 ¹..
25 2614 73 2641 4¹·
117 2602 223 2632 lectum
236 2601 327 2631 filium
340 2602 373 2631 ὃς
388 2599 499 2629 fidelem
511 2599 639 2629 nostrum
653 2599 841 2630 Alexandrum
856 2600 886 2629 R
922 2610 969 2630 em
989 2600 1093 2630 Scotiae
1106 2622 1115 2637 ,
1139 2601 1172 2629 δε

11 2654 36 2681 3.
119 2638 252 2680 quosdam
266 2638 413 2678 Magnates
426 2637 520 2677 Regni
531 2637 569 2667 sui
583 2637 716 2681 subortis,
735 2609 1002 2669 venerabileffiatres
1014 2638 1042 2668 S.
1056 2637 1176 2668 Archie-

0 2689 73 2717 r.4i.
118 2680 265 2718 piscopum
281 2677 428 2714 Eborum,
446 2676 479 2706 &
492 2675 543 2705 W.
559 2675 730 2715 Episcopum
746 2675 966 2707 Dunelmensem
977 2699 986 2714 ,
1012 2686 1126 2706 necnon
1140 2676 1173 2706 ὃς

7 2728 95 2757 3.n.5.
116 2717 234 2748 dile&os
251 2718 285 2747 δε
299 2715 391 2745 fideles
403 2713 513 2744 nostros
528 2713 566 2744 R.
581 2715 617 2745 de
631 2714 748 2754 Qiincy
764 2714 911 2746 Comitem
926 2715 1156 2745 Wintoniensem
1165 2739 1175 2752 ,

116 2755 148 2786 B.
168 2755 295 2785 Priorem
310 2752 534 2783 Dunelmensem
550 2774 559 2789 ,
580 2752 742 2790 johannem
764 2752 900 2784 Maunsell
920 2753 1107 2793 Praepositum
1124 2752 1176 2784 Be-

115 2793 234 2831 verlaci,
253 2791 414 2822 Gilberturn
429 2790 464 2820 de
480 2789 617 2828 Preston,
636 2791 670 2821 &
684 2791 875 2822 Willielmum
892 2791 1020 2821 Latemer
1032 2814 1042 2830 ,
1067 2792 1101 2822 ad
1116 2801 1177 2829 par-

116 2840 155 2864 tes
169 2832 274 2862 Scoriae
285 2829 319 2860 ad
339 2829 415 2859 diem
428 2851 438 2867 ,
463 2829 533 2859 inter
549 2828 662 2868 Regem
679 2830 688 2858 i
709 2829 768 2859 sum
785 2830 818 2860 &
837 2830 928 2861 diffisos
943 2829 980 2860 M
1017 2838 1090 2861 nates
1107 2830 1177 2868 ejus-

115 2870 183 2901 dem
194 2869 266 2907 apud
279 2868 441 2907 Stryvelyn,
460 2868 489 2897 in
504 2868 643 2906 quindena
707 2870 859 2909 umptionis
873 2870 961 2899 beatae
1008 2869 1089 2908 ariae,
1104 2878 1176 2910 prae-

115 2909 203 2941 fixum
211 2931 221 2947 ,
238 2907 394 2937 duxerimus
407 2905 647 2945 transmittendos,

153 2947 222 2977 Nos
233 2953 342 2985 gratum
354 2944 518 2974 habebimus
532 2944 565 2974 δε
587 2944 702 2975 firmum
722 2945 856 2984 quicquid
874 2945 944 2976 dieti
961 2945 1054 2976 fideles
1073 2945 1177 2984 nostri,

116 2993 165 3016 aut
179 2993 278 3014 eorum
297 2982 379 3020 aliqui
392 3004 402 3019 ,
424 2992 494 3025 quos
514 2982 603 3013 adesse
624 2984 773 3022 contigerit
789 3007 799 3020 ,
824 2985 888 3014 vice
908 2983 1016 3022 nostra,
1033 2985 1086 3014 una
1111 2994 1178 3015 cum

117 3022 236 3054 consilio
250 3021 357 3058 praefati
371 3019 458 3058 Regis
472 3020 577 3051 Scotiae
586 3044 595 3058 ,
609 3022 643 3052 ad
663 3021 803 3052 honorem
818 3022 945 3054 nostrum
965 3023 998 3056 δε
1015 3022 1103 3064 Regis
1118 3033 1180 3055 me-

119 3060 244 3129 mprati,
254 3057 508 3127 supegcpraemiffis,
527 3059 652 3091 duxerint
664 3060 834 3094 faciendum.

167 3109 187 3129 n
200 3107 293 3136 cuius,
346 3105 372 3127 c.

157 3174 246 3208 Teste
258 3174 340 3215 Rege
350 3174 421 3213 apud
435 3174 616 3214 Wodestok,
631 3185 670 3213 20
683 3177 728 3208 die
736 3178 814 3217 Julii.

118 3260 232 3267 &vv-›-

183 3311 303 3343 Littera
320 3307 480 3354 diffinitiva
491 3308 582 3356 saper
599 3307 745 3355 quastione
761 3311 796 3344 de
813 3311 940 3355 Ecclesia
961 3310 997 3344 de
1013 3311 1110 3344 Bixle.

2 3412 48 3434 m,-
63 3402 106 3434 D,
128 3393 343 3457 STephanuS,
360 3393 532 3437 miseratione
546 3393 668 3432 Divina,
683 3394 833 3436 Episcopus
845 3395 1038 3435 Penestrinus,
1054 3395 1181 3427 Univer-

0 3450 48 3482 -57
188 3433 235 3471 sis,
251 3432 396 3477 praesentes
407 3431 506 3475 litteras
518 3431 694 3475 inspedturis,
711 3434 824 3478 salutem
836 3435 865 3464 in
878 3435 1021 3479 Domino.

7 3492 25 3509 2,
33 3490 80 3517 4¹·
164 3471 312 3502 Noveritis
325 3470 402 3510 quod
413 3470 482 3500 olim
491 3492 500 3507 ,
516 3479 546 3499 in
558 3470 635 3500 causa
647 3493 656 3508 ,
702 3482 746 3502 uae
764 3481 835 3502 inter
850 3471 977 3504 Priorem
998 3475 1032 3505 &
1043 3472 1182 3503 Conven-

7 3542 9 3546 Α
27 3528 51 3556 3,
130 3518 201 3554 tum·
213 3508 381 3554 Monasterii
402 3508 511 3539 Saneiae
531 3507 674 3552 Trinitatis
719 3510 872 3541 ondonien.
888 3511 993 3555 ordinis
1011 3512 1105 3542 Sandii
1123 3511 1183 3541 Au-

7 3567 14 3584 ,-
28 3560 109 3584 Tran—
131 3548 234 3588 gustini
248 3558 280 3577 ex
293 3555 368 3587 parte
379 3556 433 3578 una
446 3569 456 3585 ,
478 3546 512 3577 δε
526 3546 776 3588 Archiepiscopum
796 3548 1023 3580 Cantuariensem
1070 3560 1102 3580 ac
1116 3549 1184 3579 Ma—

7 3596 47 3631 -1p,
62 3604 109 3623 au-
131 3587 247 3656 {istrum
263 3585 458 3616 Guillielmum
475 3592 543 3615 tunc
558 3585 712 3624 simplicem
731 3586 876 3618 Clericum
889 3611 899 3626 ,
923 3598 1001 3619 nunc
1021 3573 1184 3628 Rapiensem

7 3639 53 3661 fut.
158 3625 234 3665 pisco
255 3635 303 3655 um
316 3634 348 3654 ex
361 3624 443 3654 altera
456 3623 614 3654 vertebatur
629 3645 638 3661 ,
658 3623 687 3653 su
707 3633 736 3653 er
746 3634 784 3655 eo
802 3626 878 3665 quod
895 3627 970 3656 idem
985 3626 1182 3663 Archiepisco-

133 3674 185 3702 pus
196 3663 242 3695 dic
255 3673 287 3694 os
299 3662 426 3693 Priorem
439 3663 473 3693 &
488 3661 674 3692 Conventum
714 3662 811 3694 eclesia
823 3664 858 3695 de
869 3664 944 3694 Bixle
951 3664 1079 3695 Roffens.
1094 3664 1183 3695 Dioc.

133 3711 220 3740 quam
233 3713 249 3733 a
262 3710 405 3739 tempore,
424 3701 500 3731 cu'us
518 3710 576 3730 non
596 3707 669 3730 extat
682 3702 817 3732 memoria
864 3711 898 3732 ex
913 3703 1138 3734 concessionibus
1149 3704 1183 3734 &

131 3740 325 3771 collationibus
341 3749 450 3777 quorun
485 3748 516 3769 m
536 3738 822 3779 Archiepiscoporum
829 3724 1074 3772 ’Praedecessorum
1088 3742 1186 3782 ipsius,

131 3779 180 3845 ἓιζιί
192 3779 223 3808 in
236 3778 359 3808 Ecclesia
373 3777 504 3808 Cantuar.
517 3786 569 3816 pro
583 3785 710 3817 tempore
724 3777 854 3816 suerunt,
869 3777 991 3818 Capituli
1005 3779 1184 3810 Cantuarien.

177 3814 234 3846 loci
246 3816 397 3847 Diocesani
411 3815 559 3846 accedente
572 3815 721 3853 consensu,
738 3816 769 3845 in
781 3825 942 3855 perpetuam
956 3818 1134 3848 elemosinam
1150 3818 1184 3849 &

133 3852 194 3895 usus
205 3856 344 3894 proprios,
362 3862 445 3894 prout
459 3855 489 3883 iri
508 3852 748 3884 Praedecefforum
762 3853 884 3893 ipsorum
903 3855 997 3886 litteris
1011 3879 1021 3895 ,
1047 3857 1185 3887 confectis

133 3891 254 3930 exinde,
275 3892 377 3923 dicitur
411 3893 497 3923 lenius
516 3893 674 3930 contineri,
699 3892 879 3923 obtinuerunt
893 3916 903 3931 ,
926 3903 1023 3924 contra
1041 3894 1183 3932 Justitiam

134 3927 266 3995 spplianS‚
283 3940 345 3961 mm
356 3903 436 3963 diepto
444 3929 583 3970 Magistro
596 3930 632 3961 de
645 3930 721 3961 facto
729 3939 813 3969 ,cum
826 3930 862 3961 de
875 3931 933 3969 jure
944 3933 1094 3972 nequierit,
1111 3943 1184 3965 con-

131 3974 163 3998 tu
173 3973 228 3997 erat
235 3989 246 4004 ,

167 4003 268 4037 Felicis
285 4008 483 4042 recordationis
504 4007 649 4040 Dominus
667 4007 848 4042 innocentius
864 4005 939 4048 Papa
958 4017 1070 4051 quartus
1089 4009 1186 4051 Magi-

1189 164 1666 210 PUBLICA.
2187 181 2235 223 31

1189 250 1277 319 gnffi
1289 250 1461 291 Raynerium
1471 252 1507 283 de
1518 253 1649 284 Viterbio
1669 252 1853 293 Capellanum
1865 254 1945 286 suum
1957 254 2080 296 partibus
2095 254 2238 292 deputavit
2253 253 2329 284 Ann.
2344 252 2384 285 D.

1218 300 1235 319 u
1256 299 1264 318 i
1278 299 1367 319 orem.
2255 302 2289 321 12
2332 316 2339 321 .

1227 328 1288 366 Qi
1300 328 1422 367 priorem
1436 328 1469 359 δε
1483 327 1669 360 Conventum
1681 330 1823 369 praefatos,
1842 331 1919 363 causa
1931 330 2077 362 Custodiae
2092 330 2121 360 in
2137 329 2239 369 posses-
2252 300 2357 367 Ηεοξῖς.

1188 365 1295 410 sionem
1309 364 1441 410 Ecclesiae
1454 367 1613 406 supradieiae
1624 369 1796 400 inducendos
1808 370 1862 401 esse
1881 371 2017 409 decrevit,
2034 379 2146 410 propter
2160 369 2240 408 ipsius

1190 403 1320 443 Magistri
1333 407 1540 435 contumaciam
1553 406 1742 445 manifestam,

1228 442 1418 473 Postmodum
1432 453 1502 473 vero
1518 443 1663 474 Dominus
1685 445 1838 476 Alexander
1850 469 1860 484 ,
1884 446 1957 485 Papa
1975 454 2101 486 quartus,
2118 446 2243 477 Venera-

1190 481 1244 525 bili·
1255 480 1344 518 Patri,
1361 520 1365 525 ἰ
1438 480 1590 525 ,Epis-⁶990
1605 505 1614 519 ,
1639 484 1672 514 &
1692 483 1809 513 discreto
1822 486 1884 515 viro
1897 485 2021 515 Officiali
2037 484 2171 516 London.
2191 485 2244 513 suis

1189 519 1291 550 dicitur
1304 519 1406 549 dedisse
1425 519 1519 549 litteris
1535 530 1563 549 in
1585 521 1737 559 mandatis,
1764 529 1794 551 ut
1815 524 1942 559 praefatos
1964 523 2091 553 Priorem
2112 525 2145 554 ὃς
2160 522 2245 553 Con-

1192 566 1328 595 ventum,
1348 558 1392 588 vel
1406 558 1528 598 ipsorum
1537 557 1769 597 Procuratorem,
1790 569 1889 591 eorum
1902 562 2038 600 nomine,
2057 564 2086 592 in
2100 559 2245 606 ipfiiisEc-

1190 596 1277 626 clesiae
1293 598 1468 635 corporalem
1483 595 1697 637 possessionem,
1712 598 1875 628 auctoritate
1896 598 2047 629 litterarum
2068 598 2243 637 hujusmodi,

1190 643 1239 678 per
1252 635 1291 677 sep,
1310 637 1353 678 vel
1369 635 1452 673 alios,
1470 635 1602 666 inducere
1612 643 1805 676 procurarent,
1822 636 2067 676 Contradit‘ltores,
2085 639 2144 669 &c-
2158 645 2244 677 prout

1189 683 1219 702 in
1237 674 1244 702 i
1267 675 1296 703 sis
1312 673 1406 703 litteris
1421 674 1521 704 dicitur
1534 674 1641 713 plenius
1655 675 1807 705 contineri:

1226 683 1281 748 Efi,
1298 712 1363 742 licet
1379 713 1428 752 ipsi
1445 711 1525 742 Prior
1540 713 1572 743 &
1586 712 1767 750 Convenrm,
1786 722 1834 753 per
1847 711 2017 752 Episcopum
2030 714 2062 745 &
2077 713 2242 745 officialem

1191 750 1336 787 praefatos,
1354 751 1383 779 in
1397 750 1481 780 dieiae
1496 751 1628 782 Ecclesiae
1642 751 1837 790 possessionem
1851 750 1959 783 induiti
1971 753 2146 793 corporalem
2155 776 2165 792 ,
2179 761 2243 783 eam

1191 787 1377 827 postmodum
1388 789 1543 829 aliquandiu
1577 789 1674 820 acifice
1690 789 1875 828 possiderent,

1227 826 1378 865 Tandem,
1398 826 1538 866 Magistro
1585 828 1720 858 uillielrno
1732 828 1834 858 eodem
1854 830 1883 858 in
1898 828 2068 869 Episcopum
2085 828 2248 867 Papiensem

1194 862 1348 907 assumpto,
1368 866 1410 895 vir
1425 867 1586 909 venerabilis
1600 866 1637 896 M
1674 866 1736 897 ister
1747 867 1886 910 Jordanus
1902 890 1911 905 ,
1938 867 2058 897 Domini
2073 867 2157 907 Papae
2176 867 2250 898 Sub-

1195 901 1329 947 diaconus
1344 904 1376 933 &
1390 903 1541 948 Notarius,
1560 905 1594 935 de
1609 876 1727 944 ejiisiiem
1740 905 1862 935 Domini
1874 905 1988 947 ⁴speciali
1998 906 2107 936 licentia
2121 908 2154 937 &
2168 915 2249 936 man-

1195 939 1276 983 dato,
1293 951 1356 972 viva
1371 952 1444 972 voce
1456 944 1504 972 sibi
1518 943 1606 980 facia,
1621 944 1763 982 praefatam
1779 943 1947 980 Ecclesiam,
1966 954 2014 983 per
2034 946 2248 984 promotionem

1195 978 1265 1008 dieii
1280 978 1370 1023 Electi
1384 988 1529 1010 vacantem
1539 1004 1549 1019 ,
1566 982 1685 1011 discreto
1698 983 1760 1011 viro
1774 981 1891 1011 Oddoni
1907 982 2078 1013 Vicecomiti
2091 1005 2101 1020 ,
2128 982 2250 1019 eiusdem

1197 1015 1492 1060 Domini-Capellano
1505 1041 1514 1056 ,
1539 1020 1656 1048 nomine
1675 1020 1708 1050 &
1728 1021 1791 1048 vice
1805 1019 1944 1049 Ubaldini
1967 1020 2073 1051 Clerici
2089 1043 2098 1058 ,
2125 1020 2252 1059 Nepotis

1197 1053 1367 1085 Venerabilis
1380 1056 1431 1085 viri
1447 1056 1570 1086 Domini
1585 1058 1623 1086 O.
1639 1057 1750 1087 Sandiae
1767 1056 1868 1086 Mariae
1882 1059 1910 1087 in
1923 1058 1966 1088 via
1982 1059 2033 1089 lata
2048 1059 2174 1088 Diaconi
2181 1057 2253 1088 Car-

1197 1092 1309 1132 dinalis,
1326 1094 1463 1133 contulit,
1478 1094 1566 1131 ipsum
1582 1094 1755 1132 Oddonem,
1773 1095 1891 1124 nomine
1904 1096 1984 1134 ipsius
1995 1119 2004 1134 ,
2026 1097 2081 1126 viz.
2101 1107 2149 1134 per
2169 1096 2251 1126 suum

1198 1130 1307 1162 Pileum
1322 1131 1470 1163 investiens
1480 1133 1516 1162 de
1529 1133 1624 1163 eadem
1635 1156 1644 1171 ,
1670 1132 1785 1163 decursu
1802 1135 1934 1173 temporis
1951 1134 1986 1163 de
2002 1135 2192 1165 consecrandis
2211 1133 2251 1163 E-

1219 1170 1315 1209 iscopis
1327 1170 1449 1201 diffinito
1463 1182 1478 1201 a
1490 1170 1611 1201 Canone
1625 1181 1685 1201 non
1699 1170 1842 1208 obstante,
1858 1173 2007 1201 venerabili
2022 1174 2082 1202 viro
2147 1172 2248 1203 Eieeto

1232 1208 1332 1238 simon.
1351 1212 1365 1226 ³*
1379 1209 1471 1239 eidem
1483 1211 1538 1239 viz.
1551 1210 1629 1248 super
1643 1210 1716 1240 dieta
1730 1209 1852 1239 Ecclesia
1864 1209 2021 1239 Executore
2032 1211 2182 1249 concesso,
2201 1211 2250 1249 qui
2266 1219 2285 1239 ιιι
2301 1220 2324 1248 Ῑ,
2337 1217 2402 1255 633,

1201 1246 1416 1278 Procuratorem
1431 1247 1550 1286 ejusdem
1564 1249 1593 1279 in
1606 1249 1686 1286 ipsius
1700 1246 1834 1278 Ecclesia:
1852 1247 2048 1285 possessionem
2066 1247 2191 1286 induxit,
2209 1249 2255 1279 seu
2396 1254 2402 1257 '

1201 1285 1341 1317 mandavit
1356 1286 1460 1317 induci.

1238 1323 1374 1363 Cumque
1387 1325 1568 1363 postmodum
1583 1327 1654 1357 inter
1669 1326 1738 1364 ipsos
1752 1325 1879 1356 Priorem
1901 1326 1934 1357 δε
1948 1325 2134 1356 Conventum
2148 1334 2182 1356 ex
2216 1336 2258 1356 are

1201 1371 1229 1393 te
1244 1374 1298 1393 una
1331 1365 1365 1395 &
1386 1365 1533 1401 praefatum
1552 1365 1730 1395 Ubaldinum
1747 1375 1781 1394 ex
1801 1365 1881 1395 altera
1893 1388 1903 1402 ,
1926 1373 1988 1395 orta
2002 1367 2114 1395 materia
2128 1335 2259 1404 quaeizio-

1203 1403 1262 1440 nis,
1279 1386 1421 1432 adsedem
1428 1402 1622 1440 Apostolicam
1635 1413 1683 1442 per
1695 1403 1906 1441 appellationem
1918 1403 2005 1434 delata
2015 1403 2107 1433 fuisset
2115 1426 2124 1441 ,
2139 1403 2257 1433 demum

1203 1450 1272 1478 nos,
1289 1451 1374 1480 quem
1387 1440 1531 1471 Dominus
1547 1441 1635 1479 Papa,
1650 1443 1680 1471 in
1695 1442 1773 1472 causa
1785 1441 1940 1480 hujusmodi
1953 1465 1963 1480 ,
1989 1442 2110 1480 partibus
2125 1440 2262 1472 concessit

1203 1479 1359 1510 auditorem
1369 1503 1378 1518 ,
1396 1479 1431 1509 de
1445 1480 1554 1518 speciali
1567 1479 1696 1510 mandato
1710 1481 1790 1518 ipsius
1805 1503 1814 1518 ,
1835 1481 1916 1510 nobis
1931 1482 1995 1511 viva
2010 1490 2082 1511 voce
2097 1480 2190 1519 faito,
2208 1481 2262 1511 fra-

1205 1526 1246 1548 tre
1263 1517 1415 1556 Radulplio
1433 1518 1584 1549 Canonico
1607 1519 1640 1549 &
1659 1518 1842 1549 Procuratore
1866 1518 2035 1549 Monasterii
2053 1518 2176 1556 praedieti
2189 1541 2199 1557 ,
2226 1518 2260 1549 &

1206 1556 1350 1587 Ferrarino
1364 1557 1515 1588 Canonico
1530 1557 1553 1586 F
1554 1558 1680 1587 errarien.
1697 1556 1881 1587 Procuratore
1896 1556 1965 1587 dieti
1978 1557 2133 1596 Ubaldini‚
2152 1558 2180 1587 in
2196 1567 2261 1587 nos-

1206 1603 1246 1625 tra
1259 1595 1401 1632 praesentia
1411 1595 1582 1634 constitutis,
1602 1596 1635 1626 &
1650 1595 1684 1625 de
1699 1597 1847 1626 communi
1862 1595 1995 1627 consensu
2013 1597 2046 1627 &
2062 1596 2205 1627 voluntate
2219 1596 2262 1634 ip„

1205 1633 1296 1663 sorum
1310 1633 1500 1665 sententialiter
1514 1635 1727 1672 pronunciantes
1740 1657 1750 1672 ,
1771 1633 1862 1664 eidem
1882 1633 2031 1665 Ubaldino
2048 1633 2124 1673 super
2137 1634 2191 1672 ipsa
2204 1633 2262 1666 Ec-

1205 1672 1283 1702 clesia
1297 1672 1332 1702 de
1347 1672 1422 1703 Bixle
1435 1682 1601 1711 perpetuum
1617 1672 1755 1703 silentium
1769 1673 1950 1710 imponimus.

1243 1711 1394 1742 Statuimus
1405 1713 1506 1750 etiam,
1523 1711 1685 1742 ordinamus
1700 1735 1710 1749 ‚
1732 1719 1815 1749 atque
1829 1710 2005 1743 decernimus
2023 1720 2053 1743 ut
2068 1712 2263 1744 collationibus

1209 1748 1350 1789 Magistro
1364 1749 1531 1780 Guillielmo
1545 1751 1578 1780 ὅ(
1593 1749 1741 1780 Ubaldino
1756 1749 1870 1787 praefatis
1886 1773 1895 1788 ,
1920 1751 1952 1781 δε
1969 1751 2179 1790 quibuscunque
2192 1752 2266 1790 aliis,

1207 1788 1370 1827 Apostolica
1396 1789 1439 1818 vel
1466 1788 1663 1828 cujuscumque
1680 1789 1841 1819 au&oritate
1855 1812 1864 1827 ,
1888 1788 1923 1819 de
1938 1789 2071 1827 praedieta
2090 1789 2211 1821 Ecclesia
2229 1789 2266 1820 de

1208 1826 1301 1865 Bixle,
1315 1837 1382 1857 cum
1398 1828 1500 1864 juribus
1518 1827 1551 1858 &
1569 1828 1738 1864 pertinentiis
1761 1827 1811 1856 suis
1827 1827 1905 1857 faffis
1919 1851 1929 1866 ,
1952 1828 1998 1858 vel
2015 1830 2043 1858 in
2063 1828 2207 1866 posterum
2223 1829 2265 1859 fa-

1209 1866 1329 1903 ciendis,
1347 1876 1412 1905 quas
1426 1876 1459 1895 ex
1472 1877 1548 1896 nunc
1561 1865 1849 1907 decernimuscaffas,
1865 1867 1952 1896 irritas
1965 1867 1998 1897 &
2012 1868 2105 1897 inanes
2114 1890 2123 1905 ,
2141 1868 2173 1898 &
2186 1867 2268 1907 quic-

1209 1904 1276 1944 quid
1292 1905 1415 1934 secutum
1432 1904 1473 1934 est
1492 1914 1525 1935 ex
1540 1905 1577 1935 eis
1589 1927 1598 1942 ,
1621 1904 1667 1935 vel
1680 1905 1720 1934 ob
1738 1905 1820 1942 ipsas,
1838 1914 2014 1944 nequaquam
2026 1904 2216 1944 obstantibus,
2233 1915 2269 1936 eo

1210 1943 1286 1983 quod
1301 1942 1424 1973 Ecclesia
1440 1943 1493 1980 ipsa
1508 1951 1576 1973 tunc
1590 1943 1723 1980 temporis
1741 1953 1799 1973 non
1820 1944 1953 1981 vacabat,
1970 1951 2000 1973 ut
2040 1954 2067 1974 te
2081 1944 2110 1973 in
2124 1944 2184 1974 usus
2204 1954 2269 1982 pro—

1211 1983 1284 2019 prios
1296 1982 1351 2019 jam
1366 1981 1443 2011 dieto
1458 1981 1634 2012 Monasterio
1647 1981 1794 2019 concessa,
1809 1980 1898 2011 didius
1911 1981 1989 2012 Ubal
2011 2005 2017 2011 .
2030 1983 2150 2013 dimittat
2163 1982 2198 2012 de
2212 1992 2269 2013 cae-

1211 2028 1271 2050 tero
1286 2020 1426 2058 praefatam
1442 2019 1598 2051 Ecclesiam
1613 2020 1648 2050 de
1667 2020 1761 2058 Bixle,
1779 2030 1846 2050 cum
1861 2020 1911 2050 suis
1926 2022 2030 2058 juribus
2048 2022 2081 2053 &
2097 2022 2271 2059 pertinentiis

1212 2059 1350 2098 praedieh‘s
1365 2083 1374 2099 ‚
1397 2058 1487 2089 Priori
1502 2060 1535 2090 ὃς
1549 2059 1715 2090 Conventui
1729 2058 1843 2089 liberam
1860 2060 1893 2090 ὃς
1927 2061 2028 2090 nietam
2042 2071 2052 2097 3
2067 2060 2101 2091 &
2116 2059 2192 2100 quod
2210 2068 2271 2090 tan-

1212 2098 1259 2128 diu
1284 2097 1362 2128 Prior
1381 2098 1414 2128 &
1434 2098 1602 2128 Conventus
1627 2097 1752 2135 praediffl
1776 2098 1825 2138 ipsi
1847 2097 1918 2128 Uba
1929 2097 1955 2127 d.
1975 2100 2003 2128 vi
2024 2099 2074 2128 inti
2095 2098 2128 2129 &
2145 2099 2271 2138 quinque

1214 2136 1336 2167 Marcar.
1351 2135 1565 2177 sterlingorum,
1583 2138 1612 2166 in
1630 2135 1715 2166 Festo
1729 2136 1824 2166 Sancti
1838 2135 1988 2167 Michaelis
2030 2135 2176 2175 ondoniis,
2195 2138 2273 2168 exhi-

1212 2177 1297 2206 boent
1311 2185 1434 2206 annuam
1448 2177 1609 2214 pensionem
1649 2174 1740 2205 donec
1752 2174 1841 2205 dietus
1860 2174 1939 2204 Prior
1953 2177 1981 2205 in
1995 2175 2042 2205 Re
2062 2185 2100 2204 no
2115 2175 2226 2214 Angliae
2241 2177 2273 2206 in

1213 2215 1299 2252 locis,
1316 2215 1415 2253 quibus
1428 2214 1525 2252 viderit
1540 2197 1682 2253 expedire,
1697 2215 1756 2252 jaim
1773 2212 1851 2243 dieto
1870 2213 2019 2244 Ubaldino
2051 2223 2066 2243 e
2078 2212 2276 2245 Ecclesiastico

1213 2252 1371 2291 Beneficio,
1387 2253 1558 2292 Praebenda,
1577 2251 1802 2296 personatuavel
1821 2251 1968 2291 dignitate,
1986 2261 2054 2283 cum
2074 2251 2167 2290 Cura,
2186 2252 2230 2296 vel
2243 2252 2277 2284 fi-

1215 2303 1253 2323 ne
1273 2291 1348 2323 Cura
1362 2315 1372 2331 ,
1395 2292 1429 2322 ad
1447 2292 1634 2331 cujuscunque
1650 2290 1841 2321 Collationem
1863 2290 2003 2330 specstante
2015 2313 2025 2330 ,
2046 2289 2123 2330 quod
2141 2291 2278 2330 sexaginta

1216 2330 1330 2361 Marcas
1345 2330 1540 2370 sterlingorum
1554 2331 1588 2362 ad
1602 2331 1694 2362 minus
1706 2330 1794 2360 valeat
1807 2330 1950 2360 annuatim
1964 2352 1975 2368 ,
2000 2339 2048 2366 per
2069 2328 2168 2360 litteras
2183 2329 2277 2367 Apos-

1216 2370 1313 2400 tolicas
1327 2393 1337 2409 ,
1360 2380 1426 2414 quas
1440 2370 1516 2400 idem
1535 2369 1642 2414 Ubald.
1660 2368 1694 2399 ad
1705 2368 1845 2412 'Priorem
1860 2368 2020 2407 impetrabit
2035 2367 2156 2398 eundem
2171 2377 2220 2406 per
2233 2367 2279 2407 se,

1216 2408 1723 2483 vellepegigitliismfflfgffiiallilcgszgugegsit
1729 2405 1961 2483 giggdpfflduffig
1979 2446 2098 2476 nomine
2122 2444 2280 2484 hujusmodi

1218 2484 1350 2516 Beneficii
1368 2485 1566 2529 possessionem
1591 2484 1738 2529 pacificam
1763 2492 1846 2524 atque
1871 2484 2045 2527 corporalem
2070 2484 2198 2528 habuerit
2212 2507 2222 2522 ,
2243 2484 2278 2528 ὃς

1219 2525 1325 2554 ἷτυέῒυε
1345 2523 1461 2562 pacifice
1475 2532 1629 2563 perceperit
1646 2522 1682 2553 de
1697 2522 1798 2566 eodem
1814 2534 1819 2539 ·
1849 2531 1882 2551 ac
1899 2521 1978 2552 dieto
1995 2522 2104 2553 Ubald.
2122 2521 2279 2560 huiusmodi

1221 2562 1413 2604 Provisionem
1426 2562 1527 2603 adepto
1540 2585 1549 2600 ,
1567 2561 1651 2592 iidem
1667 2560 1748 2591 Prior
1762 2561 1795 2592 &
1805 2546 1974 2603 Conventus
1983 2559 2018 2590 ad
2029 2560 2195 2592 solutionem
2211 2571 2282 2599 pen·

1222 2602 1303 2632 sionis
1316 2600 1435 2638 ejusdem
1448 2601 1599 2631 nullatenus
1610 2607 1771 2636 teneantur,
1789 2608 1842 2629 nec
1862 2597 1953 2628 dietus
1967 2597 2071 2629 Ubald.
2088 2600 2173 2640 ipsam
2187 2601 2276 2639 exigat

1222 2641 1257 2670 ab
1272 2639 1391 2678 eisdem,
1407 2640 1441 2670 &
1455 2638 1490 2669 de
1503 2639 1584 2678 ipsius
1604 2638 1727 2669 Domini
1742 2636 1827 2675 Papae
1841 2636 1950 2675 speciali
1966 2636 2098 2668 mandato
2110 2638 2281 2679 supplentes,

1222 2680 1242 2710 fi
1255 2680 1315 2723 quis
1328 2680 1356 2708 in
1370 2677 1611 2715 concessionibus,
1633 2676 1825 2707 collationibus
1845 2676 1877 2706 &
1894 2674 2153 2706 confirmationibus
2168 2687 2280 2707 memo-

1222 2726 1283 2747 ratis
1298 2716 1579 2754 Archiepiscoporum
1611 2714 1735 2756 Capituli
1751 2738 1761 2753 ,
1785 2715 1819 2746 &
1837 2714 1892 2744 loci
1911 2713 2062 2744 Diocesani
2080 2714 2282 2755 praedic‘torum

1221 2756 1330 2786 habitus
1343 2754 1384 2785 est
1395 2755 1534 2785 defectus:
1553 2739 1711 2784 inhibemus
1724 2752 1800 2792 quod
1813 2751 1910 2783 eadem
1924 2751 2051 2796 Ecclesia.
2058 2753 2093 2784 de
2108 2753 2183 2784 Bixle
2198 2754 2266 2784 nulli
2271 2777 2283 2793 ,

1222 2794 1382 2840 cujusquam
1395 2794 1578 2838 audientate,
1593 2792 1628 2836 de
1639 2801 1743 2822 caetero
1756 2791 1932 2836 conferatur,
1947 2789 1998 2859 sii)
2005 2794 2059 2837 ipsa
2074 2793 2102 2822 in
2117 2801 2283 2836 perpetuum

1221 2844 1255 2904 3}
1265 2830 1977 2911 {2352‘33135{12¹3ssst{5Qssffigffs2issffiiis¹
1983 2832 2285 2907 §seriqiss‘ffli'ffi

1222 2911 1389 2941 ῑῑεάἰᾶὶίοῃε
1403 2918 1581 2947 nequaquam
1594 2907 1732 2939 obstante.

1259 2949 1292 2979 In
1307 2949 1384 2986 cujus
1399 2949 1437 2978 rei
1451 2946 1643 2977 testimonium
1659 2946 1804 2984 praesentes
1822 2945 1922 2976 litteras
1942 2944 2028 2984 Sigilli
2046 2945 2133 2976 nostri
2148 2946 2283 2977 munimi-

1221 2998 1258 3018 ne
1272 2988 1389 3018 fecimus
1403 2986 1536 3016 roborari.
1579 2984 1655 3014 Data
1674 2985 1706 3017 ὃς
1731 2986 1842 3014 recitata
1861 2983 1973 3014 fuerunt
1994 2984 2128 3021 praedieta
2146 2984 2285 3023 Viterbii,

1221 3028 1272 3058 sub
1285 3035 1359 3056 anno
1374 3025 1494 3055 Domini
1513 3032 1595 3060 1257.
1613 3021 1794 3053 pontificatus
1818 3021 1939 3051 Domini
1960 3021 2076 3053 Alexan.
2097 3022 2183 3063 Papae
2193 3025 2284 3065 quarti

1223 3074 1300 3098 anno
1312 3065 1409 3104 tertio,
1430 3070 1461 3102 15
1479 3061 1637 3094 1nd16edie
1652 3071 1727 3093 nona
1739 3061 1911 3100 Septembris
1922 3061 2055 3092 exeuntis.

1262 3144 1433 3176 Presentibus
1441 3166 1451 3183 ,

1264 3220 1398 3260 Magistro
1411 3220 1512 3250 Uberto
1527 3219 1559 3248 de
1573 3221 1720 3256 Coronato,

1261 3259 1395 3299 Magistro
1411 3258 1526 3288 Roberto
1542 3258 1573 3286 de
1589 3260 1695 3295 Scotia,
1713 3258 1826 3286 Domini
1842 3257 1924 3293 Papae
1941 3253 2112 3292 Capellanir,

1260 3297 1395 3338 Magistro
1409 3298 1538 3335 Johanne
1551 3299 1721 3333 Romanurn,
1738 3297 1850 3324 Domini
1866 3296 1948 3333 Papae
1964 3296 2113 3330 Scriptore,

1263 3335 1399 3376 Magistro
1413 3333 1539 3373 Adulfo,
1558 3337 1690 3363 Canonico
1707 3336 1840 3363 Pruiven.

1264 3374 1399 3415 Magistro
1413 3376 1538 3410 Georgia,
1557 3376 1687 3402 Canonico
1700 3374 1862 3410 strigonien.

1265 3451 1303 3482 Et
1315 3451 1372 3482 aliis
1384 3450 1503 3491 pluribus
1518 3448 1632 3479 testibus
1646 3448 1682 3479 de
1693 3448 1745 3479 hiis
1758 3448 1858 3487 rogatis
1872 3448 1905 3478 δε
1921 3444 2035 3477 vocatis.

1264 3526 1328 3566 Ego
1342 3526 1473 3558 Berardus
1485 3525 1520 3556 de
1534 3525 1621 3556 Insula
1630 3548 1639 3564 ,
1657 3525 1801 3555 Romanae
1818 3521 1954 3565 Apostob
1966 3531 1998 3551 ac
2018 3516 2206 3562 Sacrosantstae
2218 3518 2287 3563 sedis

1227 3567 1392 3598 au&orimte
1404 3565 1558 3602 Notarius,
1575 3564 1777 3604 praedictorum
1789 3562 1934 3601 prolationi
1948 3557 2057 3601 interfui
2077 3565 2108 3600 ut
2127 3556 2206 3601 supra
2219 3558 2288 3596 legi-

1227 3614 1290 3643 tur,
1306 3605 1339 3635 &
1350 3604 1384 3634 de
1398 3602 1528 3635 mandato
1542 3602 1670 3642 praedieti
1682 3601 1804 3633 Domini
1816 3597 1940 3631 Penestr.
1960 3595 2111 3637 Episcopi,
2124 3595 2233 3636 scripsi,
2252 3596 2286 3628 &

1228 3651 1337 3683 rogatus
1351 3642 1467 3674 fideliter
1479 3642 1628 3682 publicavi.

1272 3794 1379 3826 Litera
1400 3790 1472 3834 Regi
1489 3784 1639 3831 ffispaniae
1653 3781 1841 3828 excusatoria
1860 3778 1896 3813 de
1913 3779 2046 3812 Nunciis
2063 3780 2094 3810 in
2105 3774 2246 3823 partibus
2302 3758 2436 3835 ᾗᾞξῡ

1541 3832 1751 3878 transmarinis
1765 3825 1979 3876 egrotantibus.
2300 3823 2417 3871 Anf41.

2301 3878 2330 3901 Η
2356 3884 2368 3910 3

1231 3922 1316 3980 RE
1325 3922 1355 3954 x
1371 3921 1482 3961 Angiiae
1496 3919 1574 3958 Regi
1585 3917 1737 3962 Hyspaniae
1748 3914 1886 3958 saiutem„
1956 3952 1962 3958 ι
2097 3950 2103 3956 ,
2146 3949 2151 3955 ,
2299 3894 2403 3939 minin.

1327 3961 1406 3992 Cum
1420 3984 1430 3998 ‚
1455 3958 1518 3997 post
1536 3957 1672 3988 receslum
1688 3954 1807 3994 Jahenn.
1833 3951 1964 3996 Episcopi
1976 3974 1986 3989 ,
2009 3949 2165 3996 Serenitans
2187 3945 2286 3992 vestrae
2302 3949 2387 3986 Claus.

1232 4001 1345 4034 Nuncii
1360 4023 1370 4040 ,
1396 4000 1430 4032 &
1449 3997 1553 4030 Prioris
1569 3994 1605 4027 de
1623 3993 1777 4027 Cornelian
1790 4014 1801 4031 2
1823 3990 1938 4024 Nuncu
1950 3989 2040 4031 Regis
2058 3984 2292 4055 Anagomae’iigis
2303 3991 2440 4063 ἶβιέηός.
