2570 4261
269 162 347 201 186

186 264 191 269 -
241 263 247 269 ·
267 244 506 283 prosequendum,
529 242 638 272 fretum
652 239 753 278 fuerit,
768 239 881 279 perinde
902 237 989 269 valeat
1010 237 1043 268 &
1057 235 1173 266 finaliter
1183 243 1216 264 ac
1233 233 1253 264 si
1266 242 1334 262 om-

138 287 221 318 1254.
268 284 328 321 nia,
347 283 454 313 <iustum
471 281 637 311 consensum
653 280 686 309 &
700 279 879 309 contraitum
899 275 1093 315 contingentia
1105 296 1115 312 ,
1139 274 1155 303 Ξι
1170 273 1251 302 nobis
1265 281 1333 302 cor-

117 323 181 346 ΗΜ·
202 328 230 354 3-
268 321 398 361 poraliter
413 320 589 357 praesentibus
604 317 711 348 fierent.

308 359 396 395 Cujus
410 358 517 387 fastum
533 358 566 387 δε
581 357 730 386 “astarum
740 378 749 394 ,
765 365 814 393 per
829 354 875 384 has
887 353 978 384 literas
991 350 1098 382 nostras
1113 348 1261 384 Parentes,
1278 356 1332 377 nos

270 407 362 427 ratum
379 398 410 427 &
428 395 541 425 firmum
556 395 749 435 promittimus
762 394 908 424 habituros
922 404 932 430 3
956 391 1037 421 dieto
1055 389 1179 428 Johanni
1194 385 1313 416 Manseli
1323 408 1334 424 ‚

269 435 427 465 Secretario
442 434 540 463 nostro
554 457 563 471 ,
590 433 702 473 plenam
718 432 812 463 dantes
836 430 1003 469 potestatem
1026 430 1054 458 in
1072 429 1194 468 animam
1208 424 1332 454 nostram

268 472 418 510 praestandi
434 473 578 510 cujussibet
592 473 699 512 generis
711 472 943 507 Sacramentum,
961 467 1038 506 quod
1052 466 1084 496 ad
1101 464 1230 502 praediffl
1245 471 1335 500 nego-

269 512 300 540 tii
317 510 544 550 prosecutionem
559 512 592 542 ὅ(
608 512 741 541 omnium
756 510 873 539 aliorum
889 531 899 546 ,
925 507 1036 538 dic-‘tum
1055 504 1204 543 negotium
1219 510 1335 540 tangen-

270 550 343 579 tium
357 571 367 586 ‚
393 549 474 579 fuerit
494 549 700 587 neceffizrium,
731 558 795 586 quae
817 548 914 577 omnia
933 554 984 575 nos
1005 543 1122 573 fideliter
1142 540 1336 571 observaturos

269 589 480 627 promittimus,
499 589 581 618 omni
597 589 685 628 specie
700 586 872 623 calumpniae
887 582 1108 618 circumscripta.

310 625 349 656 Et
369 625 386 655 si
406 626 499 665 forte,
522 627 600 664 quod
617 626 706 662 absit,
728 624 818 654 dietus
834 623 976 661 Johannes
998 618 1118 648 Mansell
1131 640 1141 655 ,
1168 616 1336 647 Secretarius

269 664 382 701 noster,
403 666 430 694 in
446 666 490 694 via
505 665 638 702 deficiat,
664 664 731 693 loco
753 662 801 692 suo
821 662 956 691 dilectum
979 659 1012 689 ὃς
1027 656 1172 695 specialem
1187 654 1336 685 Clericum

270 701 398 733 nostrum
417 702 590 740 Magistrum
604 701 768 739 Johannem
783 700 877 731 Clarel
894 697 1099 734 substituimus,
1116 694 1211 724 eidem
1228 695 1258 723 in
1271 703 1339 722 om·-

270 741 353 771 nibus
369 741 464 771 dantes
486 741 656 779 potestatem
671 763 680 778 ,
706 740 782 769 circa
805 738 954 777 negotium
975 732 1201 776 prosequendum
1217 755 1226 769 ,
1252 741 1337 770 quam

268 780 406 847 Psaezdfflffi
416 779 541 848 Jlohanni
557 778 678 809 le‘lansell
689 777 832 815 dedimus,
851 778 884 808 δε
898 773 1112 814 praescripsimus
1126 771 1175 803 sub
1188 770 1281 801 forma
1294 769 1339 800 su-

268 827 360 858 perius
394 827 427 848 ec
439 827 521 848 arata.

308 894 397 925 Teste
413 893 519 935 meipso
532 893 605 931 apud
624 893 798 934 Burdigalam
814 915 824 930 ‚
849 891 985 923 vicesimo
998 887 1122 920 secundo
1142 886 1189 918 die
1202 884 1341 925 Augusti,

272 943 348 964 anno
362 933 457 973 Regni
473 932 561 964 nostri
576 933 716 964 tricesimo
729 933 844 963 odi-avo.

121 1058 137 1073 ⁸
150 1060 174 1087 Ῐ·
186 1068 203 1095 5
209 1067 253 1095 23·
278 1056 303 1082 ᾖ
330 1060 450 1091 Littera
473 1060 562 1104 Regis
580 1056 616 1089 de
642 1053 864 1098 Conceffionibus
889 1051 1038 1087 Edvardo
1048 1051 1114 1096 filio
1127 1077 1137 1094 ‚
1156 1049 1216 1096 stab
1233 1061 1286 1082 ma
1305 1061 1340 1080 no

640 1105 738 1152 sigillo
758 1102 966 1150 consignandis.

119 1192 197 1222 Arm.
215 1191 254 1222 D.
279 1191 495 1253 HEnricus,
514 1191 573 1222 Dei
587 1191 686 1231 gratia,
705 1190 770 1220 Rex
779 1188 908 1228 Angliae,
924 1187 1072 1217 Dominus
1086 1184 1256 1220 Hiberniae,
1272 1181 1343 1212 Dux

141 1240 224 1269 1254.
360 1231 552 1261 Normanniae
565 1231 598 1262 &
614 1230 790 1268 Aquitaniae,
809 1228 842 1259 &
859 1226 966 1258 Comes
981 1225 1172 1264 Andegaviae‚
1191 1221 1343 1259 omnibus,

119 1274 171 1298 Aa.
195 1271 239 1306 38-
279 1269 314 1300 ad
329 1280 398 1309 quos
411 1270 554 1308 praesentes
569 1270 667 1299 litterae
683 1268 878 1305 pervenerint,
896 1265 1018 1295 salutem.

119 1313 147 1336 H
151 1332 154 1334 v
177 1318 201 1344 3-
318 1308 416 1339 Sciatis
432 1331 442 1346 ‚
462 1308 540 1348 quod
556 1306 741 1338 concedimus
763 1307 795 1337 δε
815 1305 891 1335 bona
911 1303 966 1334 fide
987 1302 1179 1342 promittimus
1202 1297 1344 1329 karissimo

119 1351 149 1374 L.
166 1351 195 1374 B·
204 1346 230 1382 f-
279 1347 488 1385 consanguineo
510 1345 607 1376 nostro
629 1345 764 1375 Domino
780 1343 900 1374 Alfonso
913 1365 923 1380 ,
949 1340 1047 1372 illustri
1062 1340 1110 1370 Re
1130 1341 1137 1369 i
1160 1337 1289 1368 Casteiiae
1308 1337 1341 1366 &

122 1395 185 1418 214.
201 1385 225 1412 b.
279 1385 430 1425 Legionis,
450 1384 525 1423 quod
541 1408 550 1423 ‚
571 1385 654 1423 quam
676 1385 736 1413 cito
756 1383 838 1421 copia
855 1381 950 1419 magni
966 1380 1043 1419 sigilli
1064 1388 1103 1408 no
1131 1378 1153 1407 ri
1167 1376 1279 1415 Angliae
1295 1374 1343 1404 ha-

118 1429 187 1460 penes
200 1428 251 1450 Ca·
277 1425 335 1455 beri
350 1425 470 1463 poterit,
488 1433 588 1453 omnes
600 1422 782 1458 donationes,
801 1419 995 1451 concelliones
1008 1441 1018 1456 ,
1041 1418 1073 1448 ὃς
1096 1417 1200 1455 quietas
1216 1415 1341 1444 claman-

121 1471 204 1488 merar
208 1483 213 1489 .

121 1502 139 1529 S
276 1472 341 1502 tias,
361 1473 425 1500 quas
441 1463 559 1492 fecimus
572 1460 730 1497 Edwardo,
750 1459 822 1489 Filio
844 1457 945 1488 nostro
965 1456 1155 1495 primogenito
1169 1456 1202 1485 ὃ(
1218 1452 1341 1489 haeredi,

141 1510 232 1528 CZCCFW.

274 1501 310 1532 de
326 1503 402 1531 terris
417 1523 426 1538 ,
450 1500 543 1530 casti-is
557 1523 566 1538 ,
592 1501 624 1530 δε
641 1499 697 1529 aliis
717 1496 926 1537 possessionibus
940 1494 1150 1536 quibuscunque
1167 1516 1176 1531 ,
1201 1490 1342 1532 praedic‘io

275 1549 380 1578 magno
394 1540 479 1578 sigillo
493 1539 627 1568 faciemus
641 1538 805 1577 conhgnari.

310 1579 344 1609 In
369 1579 445 1615 cujus
468 1578 506 1607 rei
525 1576 721 1607 testimonium
742 1574 919 1613 praesentibus
940 1573 1036 1603 litteris
1062 1570 1193 1611 Sigillum
1214 1567 1343 1599 nostrum

275 1617 404 1648 duximus
418 1615 626 1654 apponendum.

311 1693 401 1724 Teste
416 1693 524 1729 meipso
538 1692 611 1732 apud
625 1690 802 1731 Burdegalen.
817 1699 856 1720 22
872 1688 915 1718 die
933 1686 1070 1727 Augusti,
1090 1695 1165 1717 anno
1178 1684 1275 1724 Regni
1289 1692 1346 1713 no-

275 1731 325 1763 stri
340 1732 483 1763 tricesimo
496 1732 610 1762 octavo.

420 1857 468 1889 De
488 1852 667 1902 quibusdam
685 1856 810 1887 Secretis
831 1854 904 1898 Regi
922 1854 1020 1884 Scotiae
1036 1847 1212 1896 restrandis.

344 1939 410 1971 EX
430 1940 502 1971 misit
524 1940 672 1970 Simonem
695 1938 730 1969 de
752 1937 927 1968 Monteforti
949 1935 1097 1966 Comitem
1121 1932 1290 1974 Leycestriae
1312 1931 1346 1961 ad

123 1950 199 1982 Arm.
216 1949 258 1981 D.

122 1999 236 2064 Λῐηῗςξὲ,
283 2018 334 2047 bus
347 2017 478 2048 sollicitus
492 2017 545 2048 fuit
560 2017 651 2047 eidem
667 2016 742 2055 Regi
755 2015 908 2046 reseranda:
1103 2050 1107 2055 ⁵
1341 2047 1346 2052 ι

323 2055 359 2086 Et
375 2056 537 2087 mandatum
557 2055 597 2085 est
611 2054 704 2084 eidem
722 2054 797 2093 Regi
836 2051 893 2083 uod
912 2051 964 2082 hiis
977 2074 988 2090 ,
1013 2059 1077 2089 quae
1101 2049 1178 2080 idern
1194 2047 1304 2079 Comes
1322 2057 1348 2078 ei

122 2089 260 2141 Patj'asc.
283 2103 422 2133 exponet,
443 2105 474 2125 ex
489 2103 563 2134 parte
578 2093 683 2133 Regis,
702 2092 787 2124 fidem
801 2103 817 2123 a
836 2091 939 2122 hibeat.

125 2142 259 2180 37.&·38.
319 2134 352 2164 ln
372 2135 465 2173 cuju-5,
487 2135 546 2165 &c-

123 2187 257 2257 Ζμέμ
314 2210 403 2242 Teste
417 2209 503 2249 Rege
519 2207 592 2248 apud
606 2208 729 2247 Burdeg.
744 2216 779 2247 25
797 2207 842 2238 die
857 2204 990 2245 Augusti.

927 2285 981 2313 Per
996 2280 1031 2320 J
1048 2277 1184 2318 BIaurrfi’l.

282 2414 331 2447 De
347 2415 426 2446 Dote
444 2412 591 2445 Alienorae
607 2410 706 2456 sbrori
728 2412 814 2455 Regis
834 2406 957 2451 Castellae
978 2403 1121 2452 affignata
1133 2414 1188 2450 per
1204 2403 1348 2435 volunta—

647 2470 708 2492 tem
729 2460 859 2492 Henrici
879 2458 977 2502 Regis.

124 2549 204 2581 Ann.
220 2549 260 2581 D.
364 2547 499 2585 linricus,
518 2545 577 2576 Dei
591 2545 692 2585 gratia,
707 2543 772 2574 Rex
786 2542 915 2582 Angliae,
934 2540 1080 2571 Dominus
1090 2537 1257 2574 Hiberniae,
1273 2534 1348 2579 ‘Dux

153 2597 236 2627 1254.
367 2586 399 2616 N
403 2586 560 2616 ormanniae
574 2585 606 2615 &
623 2584 783 2622 Aquitaniae
793 2604 802 2620 ,
821 2582 855 2611 &
867 2579 976 2610 Comes
995 2577 1185 2616 Andegaviae,
1199 2575 1350 2611 omnibus,

124 2631 178 2656 An.
195 2630 238 2665 35.
283 2626 318 2657 ad
352 2635 403 2655 uos
415 2623 561 2665 praesentes
575 2622 690 2652 Litterae
703 2620 897 2660 pervenerint,
916 2618 1041 2648 salutem.

126 2670 161 2694 H.
182 2675 205 2702 3.
322 2665 440 2694 Ixotum
462 2663 520 2692 fieri
536 2661 667 2691 volumus
686 2659 765 2699 quod
788 2658 825 2696 (si
840 2657 987 2687 Dominus
1007 2652 1139 2685 Alfonsus
1160 2650 1270 2682 illustris
1284 2650 1350 2681 Rex

125 2707 156 2731 L.
171 2708 198 2731 Β.
209 2704 236 2742 f.
287 2702 418 2733 Castellae
435 2702 467 2732 ὃς
483 2701 632 2739 Legionis,
650 2698 871 2737 consanguineus
886 2694 982 2725 noster
996 2691 1171 2734 karissimus,
1193 2700 1254 2720 non
1266 2689 1350 2719 fuerit

127 2750 174 2776 50.
191 2743 216 2768 b.
282 2749 432 2772 contentus
447 2740 483 2770 de
496 2738 593 2776 Dote,
613 2747 660 2776 per
677 2736 801 2767 nostram
817 2735 992 2765 voluntatem
1004 2730 1133 2774 assignata
1146 2728 1259 2768 inclytae
1272 2727 1350 2771 puel-

125 2783 258 2809 PenesCa-
282 2780 319 2810 lae
335 2780 496 2815 Alienorae,
514 2778 593 2817 ipsius
607 2777 693 2815 Regis
730 2783 878 2810 ermanae3
902 2772 947 2803 vel
966 2771 1021 2809 ipsa
1035 2770 1168 2799 Alienora
1188 2776 1248 2797 non
1267 2767 1350 2796 fuerit

128 2827 222 2845 meras».
284 2819 350 2848 inde
364 2825 498 2848 contenta
514 2817 542 2846 in
560 2815 638 2846 Villis
653 2815 685 2845 ὃς
727 2813 801 2843 astris
816 2812 852 2842 de
867 2810 998 2842 Stanford
1008 2832 1017 2848 ,
1037 2806 1216 2844 Grantham,
1232 2805 1269 2835 de
1276 2803 1350 2834 Pec-

127 2859 243 2886 δεῆσαν.
284 2867 340 2895 co,
356 2857 392 2887 de
406 2855 542 2891 Tichull)
559 2864 627 2892 nos,
647 2863 695 2891 per
710 2853 756 2883 has
771 2853 858 2882 literas
872 2848 980 2880 nostras
991 2871 1002 2887 ,
1026 2845 1217 2888 promittimus
1231 2844 1264 2874 &
1276 2853 1351 2873 con-

284 2897 410 2925 cedimus
424 2893 500 2933 quod
515 2891 686 2928 Edwardus,
702 2891 771 2921 filius
784 2888 879 2920 noster
894 2889 926 2919 &
943 2888 1032 2917 haeres
1043 2909 1053 2924 ,
1074 2884 1189 2922 affignet
1210 2882 1351 2913 Alianorae

286 2933 363 2963 mille
378 2934 485 2963 libratas
499 2941 579 2962 terrae
589 2954 598 2969 ,
617 2931 735 2960 nomine
748 2929 821 2959 dotis
835 2929 865 2957 in
880 2927 950 2957 locis
962 2923 1206 2962 competentibu53

323 2971 362 3002 Et
399 2981 466 3002 cum
480 2970 622 3000 sublimata
636 2969 716 2999 fuerit
731 2970 760 2998 in
776 2967 934 3006 Reginam,
952 2965 1082 2994 volumus
1101 2961 1200 2992 dotem
1212 2959 1288 2990 suam
1303 2969 1352 2988 au-

283 3011 345 3049 geri
359 2994 396 3039 de
411 3010 565 3048 quingentis
580 3007 715 3037 Mercatis
730 3016 826 3043 terrae,
846 3005 897 3042 &‚
915 3004 935 3034 si
950 3003 985 3033 de
1005 3002 1089 3032 nobis
1103 2998 1264 3030 humanitus
1278 3006 1351 3028 con-

285 3050 391 3087 tingat,
409 3057 558 3085 antequam
574 3046 751 3085 completum
773 3044 854 3074 fuerit
867 3041 943 3111 Ἕοά
959 3043 987 3071 in
1000 3042 1053 3071 hac
1072 3040 1148 3069 litera
1162 3037 1352 3077 promittitur,

284 3097 338 3117 nos
351 3088 384 3117 &
399 3086 521 3116 haeredes
535 3085 644 3114 nostros
658 3085 817 3124 obligamus
830 3082 864 3112 ad
901 3091 938 3111 oc
952 3080 1026 3110 idem
1042 3077 1203 3108 faciendum
1212 3099 1222 3114 ‚

321 3125 355 3155 Iri
369 3126 448 3163 cujus
460 3126 498 3154 rei
515 3123 725 3161 testimonium,
742 3122 799 3152 tam
813 3130 865 3151 nos
878 3143 888 3159 ,
912 3121 999 3158 quam
1017 3116 1167 3159 praedictus
1180 3112 1351 3152 edwardus,

284 3162 351 3194 huic
375 3163 479 3204 scripto
494 3162 588 3202 Sigilla
601 3161 694 3191 nostra
709 3160 812 3200 apponi
826 3160 952 3190 fecimus.

320 3239 410 3270 Teste
424 3239 529 3279 meipso
543 3237 617 3277 apud
637 3237 819 3276 Burdegalam
834 3259 844 3274 ,
867 3236 905 3266 26
925 3235 971 3266 die
991 3232 1113 3274 Augusti
1128 3255 1139 3272 ,
1161 3240 1238 3262 anno
1257 3229 1354 3270 Regni

285 3278 374 3308 nostri
391 3280 435 3318 38.

461 3408 510 3440 Dc
528 3405 655 3439 Catallis
672 3401 806 3447 Gastonis
823 3401 859 3435 de
878 3404 974 3450 Hyarn
989 3398 1179 3444 arrestandis.

136 3496 216 3528 Ann.
230 3495 272 3526 D.
298 3489 524 3550 MAndatum
540 3491 581 3521 est
598 3490 704 3529 Majori
719 3490 752 3520 &
764 3488 862 3530 probis
874 3487 1038 3517 hominibus
1053 3486 1088 3516 de
1097 3485 1198 3522 Baion‚
1217 3491 1266 3520 per
1281 3481 1356 3512 litte—

159 3543 244 3574 1254.
381 3539 422 3559 ras
437 3530 523 3569 Regis
534 3530 678 3568 Patentoe,
696 3528 790 3567 quod,
808 3530 877 3556 licut
892 3526 1033 3555 honorem
1050 3524 1137 3562 Regis
1151 3524 1184 3554 ὃ(
1198 3520 1277 3551 suum
1292 3521 1356 3550 dili-

138 3578 191 3602 An.
216 3574 260 3610 38.
297 3574 380 3606 gunt,
400 3570 497 3598 omnia
511 3570 585 3598 bona
598 3569 631 3598 ὃ(
647 3567 770 3604 Catalla,
789 3575 852 3604 quae
867 3564 928 3594 sunt
948 3563 1082 3594 Gastonis
1096 3563 1131 3592 de
1150 3561 1240 3597 Byam
1254 3560 1288 3590 δε
1302 3559 1356 3588 ho-

138 3617 175 3641 Η,
197 3621 222 3648 3,
297 3607 408 3635 minum
422 3605 534 3636 suorum
549 3630 558 3644 ,
585 3607 618 3637 δε
639 3606 657 3625 ¹*
677 3615 740 3644 quae
756 3604 875 3634 inveniri
891 3611 1024 3642 poterunt
1042 3603 1072 3631 in
1086 3599 1221 3638 potestate
1237 3606 1355 3636 eorum,

139 3651 208 3687 Vasc.
295 3643 329 3673 &
343 3643 568 3685 quandocunque
582 3667 591 3683 ,
614 3644 736 3675 arrestari
757 3643 881 3678 faciant,
907 3642 940 3671 &
960 3639 1033 3671 salvo
1049 3638 1205 3673 custodiri,
1226 3635 1319 3679 donec
1339 3646 1356 3666 a

140 3688 228 3724 Claus.
296 3679 379 3719 Rege
390 3681 460 3710 ahud
476 3683 620 3713 habuerint
634 3684 664 3712 in
680 3682 838 3719 Mandatis,
856 3680 889 3711 &
908 3681 965 3711 hoc
984 3679 1020 3709 de
1034 3677 1164 3709 Consilio
1177 3675 1300 3706 Galtridi
1319 3673 1356 3705 de

142 3735 188 3763 37,
197 3725 232 3758 (¹5-
295 3719 374 3750 Bello
388 3728 499 3758 campo.

145 3764 234 3801 38.H.
254 3771 279 3798 3.

143 3809 282 3876 212524.
299 3794 425 3874 ἀῖεἶίξεῗ
448 3795 528 3835 Rege
551 3798 580 3827 in
604 3795 710 3827 Castris
734 3797 771 3827 de
794 3796 892 3835 Keyal.
916 3804 936 3834 9
959 3795 1008 3826 die
1030 3792 1206 3834 Septembris
1220 3814 1231 3831 ‚
1254 3799 1330 3822 anno
1342 3811 1354 3828 ,

703 143 1503 196 CONVENTIONES‚

346 1979 458 2018 Regem
472 1979 595 2016 Scostae,
615 1979 644 2008 in
657 1978 734 2015 cujus
752 1987 802 2007 ore
822 1975 913 2016 posuit
930 1974 1061 2015 quaedam
1077 1972 1188 2004 Secreta
1202 1995 1211 2011 ,
1230 1971 1267 2001 de
1285 1970 1350 2010 qui-

1559 142 1961 197 LITERAE,

2450 223 2527 254 Ann.
2541 223 2570 260 Di*

2473 271 2570 301 1254«

1374 317 1465 370 Balla
1484 328 1540 363 pro
1559 318 1786 352 Mercatoribus
1803 318 1922 365 Senenf
1944 317 1980 352 de
1998 322 2143 364 pecunia,
2168 316 2269 351 Elefio
2292 318 2329 356 (ῥ’
2349 317 2438 364 Capi-
2455 305 2520 330 ΗΜ·
2539 311 2565 340 3—

1671 369 1733 401 tulo
1756 368 1903 413 Caffillen.
1924 377 2030 400 mutuo
2045 366 2131 401 data.

1414 451 1600 497 Nnocentius
1615 451 1788 493 Episcopus,
1805 453 1898 484 servus
1913 452 2057 484 servorum
2072 451 2131 482 Dei
2144 475 2154 491 ,
2177 451 2283 483 dileetis
2295 451 2356 483 filiis
2372 450 2439 483 Ma·
2453 451 2505 476 Aa.
2524 448 2568 484 38·

1416 490 1504 534 gistris
1522 490 1680 535 Alexandro
1694 492 1731 522 de
1746 493 1769 522 F
1771 494 1893 530 erentin,
1912 493 1945 523 &
1959 491 2078 522 Berardo
2092 491 2127 521 de
2150 490 2283 528 Nimpha
2297 514 2308 530 ,
2333 489 2438 530 Capel-
2454 492 2489 515 H.
2508 497 2534 523 3·

1375 527 1443 558 lanis
1456 528 1576 573 nostris,
1594 539 1624 560 m
1642 530 1747 571 Anglia
1766 531 2010 562 commorantibus
2023 553 2034 569 ,
2059 530 2176 561 salutem
2196 529 2229 559 &
2243 529 2439 569 Apostolicam
2456 530 2496 553 Ex
2513 530 2570 554 Aa·

1379 566 1621 598 benedictionem.
2453 571 2519 601 ‘03'-

1394 644 1399 649 υ
1413 604 1610 648 significarunt
1627 607 1712 638 nobis
1725 606 1885 638 Bonifacius
1899 606 2077 647 Bonfignoris
2088 630 2097 645 ,
2123 605 2308 638 Bernardinus
2323 605 2399 636 Pros

1377 651 1448 682 rint,
1468 644 1501 674 &
1516 643 1708 677 Aldebrandus
1722 646 1895 684 ildebrandi,
1912 656 1946 677 ae
1961 656 2063 677 eorum
2082 646 2162 677 Socii
2176 669 2186 685 ,
2210 643 2297 676 Cives
2311 645 2344 676 &
2361 616 2443 675 Mffi:

1377 691 1483 712 catores
1498 681 1631 713 Senenses
1641 707 1651 721 ‚
1674 685 1754 724 quod
1767 685 1817 723 ipsi
1837 685 1946 715 dilectis
1960 684 2022 716 filiis
2041 683 2183 724 Magistro
2198 683 2324 722 Johanni
2339 682 2444 721 Capel-

1378 719 1444 766 iano
1460 721 1558 751 nostro
1569 721 1773 762 Thesaurario,
1791 724 1824 754 ὃς
1840 722 1957 763 Kyrano
1973 721 2125 754 Canonico
2145 722 2305 754 Caffenenfi
2319 722 2353 753 &
2366 721 2444 752 Dio-

1379 762 1452 804 niho
1462 760 1542 803 presb
1561 768 1639 799 tero,
1657 763 1885 801 procuratoribus
1898 761 2068 793 dilectorum
2081 761 2207 792 filiorum
2299 760 2393 791 Eleffi
2407 761 2441 791 &

1379 797 1505 842 Capituli
1549 798 1668 843 assellen.
1681 802 1907 832 renunciantibus
1918 801 2110 831 constitutioni
2122 799 2157 830 de
2168 800 2274 832 duabus
2286 799 2368 830 dietis
2382 799 2444 829 edi—

1380 844 1417 867 tae
1433 847 1462 866 in
1479 837 1605 882 concilio
1618 839 1756 882 generali,
1773 840 1806 870 ὅ(
1819 839 1953 870 omnibus
1971 839 2065 870 litteris
2077 862 2088 878 ,
2112 848 2145 869 ac
2161 839 2337 879 indulgentiis
2350 848 2365 868 a
2379 837 2443 868 sede

1381 874 1549 919 Apostolica
1563 886 1728 916 impetratis,
1748 887 1780 908 ac
1796 879 1882 908 etiam
1902 877 2081 914 impetrandis
2094 901 2104 916 ,
2129 877 2258 915 quasdam
2281 884 2443 907 mutuarunt

1380 923 1510 959 pecuniae
1523 914 1658 959 summas,
1672 917 1752 946 certis
1764 915 1832 947 loco
1846 918 1879 948 δε
1892 917 2016 946 termino
2028 915 2219 954 persolvendas
2229 915 2331 946 eisdem
2340 938 2349 953 ,
2358 923 2444 955 prout

1381 963 1410 982 in
1424 953 1545 997 publicis
1559 953 1750 998 instrumentis
1761 954 1860 985 exinde
1878 954 2015 985 confixilis
2027 955 2134 996 plenius
2149 954 2249 985 dicitur
2262 954 2413 984 contineri.

1419 991 1487 1021 Nos
1508 1000 1590 1031 igitur
1611 993 1769 1032 hujusmodi
1789 994 2030 1024 renunciationem
2044 1017 2055 1032 ,
2077 994 2113 1024 ab
2129 993 2191 1031 ipsis
2210 992 2447 1023 procuratoribus

1382 1029 1504 1075 factam,
1521 1040 1617 1075 ratam
1623 1032 1770 1070 habentes,
1787 1042 1820 1062 ac
1835 1032 1910 1062 illam
1922 1032 2085 1062 amiternae
2092 1031 2258 1072 Apostolica
2270 1031 2445 1062 confirman-

1383 1076 1446 1114 tes,
1458 1069 1619 1117 discretioni
1634 1071 1733 1102 vestrae
1755 1080 1803 1110 per
1819 1070 1983 1109 Apostolica
2001 1071 2098 1107 scripta
2118 1070 2282 1100 mandamus
2300 1071 2446 1109 quatinuS‚

1384 1110 1403 1138 ii
1418 1108 1488 1153 disti
1502 1107 1615 1140 Electus
1630 1110 1662 1140 &
1676 1109 1840 1148 Capitulum
1851 1133 1860 1148 ,
1878 1119 1910 1140 ac
1923 1108 2090 1139 successores
2104 1109 2185 1147 ipsius
2206 1107 2316 1146 Eleffi,
2332 1119 2349 1139 a
2362 1107 2445 1138 vobis

1385 1156 1487 1177 moniti
1508 1147 1544 1191 de
1566 1150 1684 1187 pecunia
1700 1149 1755 1188 ipsa
1768 1172 1777 1187 ,
1802 1148 1872 1179 infra
1892 1147 1962 1178 duos
1982 1148 2087 1177 menses
2104 1146 2166 1185 post
2187 1147 2376 1177 monitionem
2396 1156 2447 1177 ve-

1383 1184 1469 1216 stram
1485 1186 1642 1217 faciendam
1652 1211 1662 1226 ,
1681 1187 1743 1228 post
1761 1188 1914 1218 terminum
1929 1185 2117 1224 supradffitum
2131 1208 2140 1224 ,
2164 1185 2241 1223 juxta
2259 1193 2388 1215 tenorem
2402 1185 2448 1214 iri-

1384 1222 1608 1270 strumentorum
1629 1226 1832 1264 praediCtorum
1851 1225 1925 1256 nulla
1939 1226 1989 1256 alia
2011 1223 2178 1255 certitudine
2195 1224 2241 1255 vel
2261 1224 2451 1262 probatione,

1385 1272 1486 1300 praeter
1501 1268 1555 1301 ipia
1569 1264 1769 1303 instrumenta,
1786 1265 1865 1303 super
1883 1263 2029 1303 praemissis
2047 1262 2161 1300 exacta,
2177 1262 2280 1293 sublata
2298 1264 2382 1293 etiarn
2397 1271 2449 1292 ne-

1385 1301 1508 1332 ceffitate
1523 1302 1677 1342 probandi,
1697 1304 1773 1342 quod
1787 1304 1907 1344 pecunia
1920 1303 1975 1342 ipsa
1989 1304 2018 1333 in
2031 1302 2179 1333 utilitatem
2200 1300 2375 1332 cassellensis
2390 1299 2448 1330 Ec-

1384 1340 1472 1384 clesiae
1487 1341 1519 1371 sit
1537 1343 1671 1373 conversa
1685 1365 1696 1380 ,
1722 1351 1857 1380 praetextu
1876 1342 1990 1380 alicujus
2007 1340 2215 1371 constitutionis
2233 1341 2380 1371 canonic-ae
2400 1338 2448 1370 vel

1384 1379 1489 1429 crvrlrs,
1509 1389 1570 1410 non
1583 1379 1759 1424 satisfecerint
1775 1381 1976 1412 mercatoribus
1994 1380 2023 1410 su
2043 1378 2172 1417 radic‘tis,

1421 1417 1441 1447 W
1449 1428 1482 1448 os
1496 1426 1600 1463 extunc
1617 1429 1645 1450 in
1658 1419 1781 1450 eundem
1799 1419 1931 1449 Eledlum
1952 1418 1998 1449 vel
2021 1417 2196 1449 uccefforem
2215 1417 2295 1448 suum
2314 1416 2360 1454 qui
2377 1424 2449 1446 tunc

1383 1464 1518 1500 temporis
1532 1456 1632 1501 fuerit,
1650 1468 1684 1488 ac
1789 1457 1943 1488 Decanum
2047 1456 2200 1487 Sacristam
2214 1456 2248 1487 &
2351 1454 2450 1485 Celle-

1384 1505 1504 1539 rarium,
1522 1505 1554 1526 ac
1569 1496 1636 1526 ahos
1650 1495 1687 1527 de
1705 1495 1839 1534 Capitulo
1855 1495 2160 1527 excommunicationis
2171 1494 2335 1525 sententiam
2349 1494 2450 1524 autito-

1382 1542 1462 1564 ritate
1477 1532 1569 1565 nostra
1582 1535 1760 1574 promulgare
1772 1535 1880 1565 curetis.

1423 1571 1589 1617 Capitulum
1602 1576 1674 1604 vero
1701 1573 1884 1614 appellatione
1895 1572 2063 1614 postposita,
2079 1570 2233 1602 interdicto
2245 1570 2448 1608 subjiciatis‚&

1387 1610 1490 1654 faciatis
1505 1613 1600 1656 ipsos,
1611 1597 1932 1656 tamdiuQappellatione
1945 1620 2053 1642 remota
2085 1612 2115 1641 in
2130 1610 2199 1641 locis
2208 1632 2219 1648 ,
2235 1610 2265 1640 in
2285 1609 2386 1647 quibus
2399 1618 2448 1639 ex-

1385 1649 1480 1693 pedire
1492 1650 1633 1695 Videritis,
1649 1651 1756 1689 pulsatis
1769 1652 1928 1689 campanis,
1945 1650 1979 1682 &
1992 1634 2114 1681 cand'elis
2123 1648 2262 1686 accensis,
2280 1657 2448 1679 excommu-

1385 1697 1493 1719 nicatos
1507 1699 1634 1720 nunciari
1647 1689 1761 1730 publice
1773 1713 1783 1728 ,
1804 1699 1837 1720 ac
1852 1690 1888 1720 ab
1901 1689 2036 1719 omuibus
2049 1689 2130 1718 artius
2144 1688 2262 1725 evitari,
2288 1686 2382 1717 donec
2395 1687 2449 1716 eis-

1384 1725 1452 1756 dem
1465 1727 1693 1770 Mercatoribus,
1710 1728 1746 1758 de
1764 1728 1847 1759 dietis
1859 1728 1973 1758 summis
1991 1727 2136 1765 pecuniae,
2154 1735 2224 1757 cum
2239 1724 2318 1764 justis
2333 1726 2367 1756 &
2383 1734 2450 1755 mo-

1384 1765 1484 1808 deratis
1497 1767 1638 1805 expensiS,
1656 1768 1689 1798 ὅ(
1703 1776 1830 1806 congrua
1841 1766 2038 1797 restauratione
2055 1765 2247 1803 dampnorum
2258 1787 2269 1803 ,
2286 1763 2372 1794 usuris
2384 1773 2451 1793 orn-

1384 1814 1456 1834 mno
1476 1805 1663 1844 cessantibus,
1688 1807 1765 1845 juxta
1789 1806 1997 1837 continentiam
2020 1803 2274 1835 instrumentorum
2295 1801 2448 1842 praediifto·

1385 1852 1466 1888 rum,
1483 1843 1565 1874 fuerit
1578 1845 1686 1875 inteore
1701 1844 1876 1875 satisfactum.
1907 1861 1910 1863 Δ

1423 1882 1454 1925 si
1470 1883 1628 1927 vero'idem
1636 1869 1786 1921 heatus,
1812 1884 1845 1914 &
1861 1883 1905 1913 aiii
1924 1882 1961 1913 de
1973 1881 2110 1920 capitino
2127 1889 2177 1921 per
2195 1879 2266 1910 duos
2288 1877 2402 1909 Menses
2417 1879 2448 1909 in

1387 1919 1548 1964 huju-smodi
1561 1923 1859 1953 excommunicatione
1870 1921 2086 1961 permanserint,
2104 1929 2156 1950 vos
2169 1928 2218 1949 eos
2237 1927 2340 1949 eXtunc
2353 1918 2390 1948 ab
2401 1917 2450 1947 ad—

1388 1958 1600 2004 ministratione¹
1617 1961 1794 2000 spiritualium
1817 1962 1851 1992 &
1875 1960 2072 2000 temporalium
2096 1957 2257 1997 suspendere
2280 1957 2452 1996 procuretis,

1388 1997 1564 2042 praefigentes
1576 2008 1614 2029 ers
1628 2001 1782 2030 terminum
1795 1999 2020 2039 peremptorium
2034 2004 2247 2037 competentem
2265 2005 2324 2032 quo
2338 1994 2453 2025 EleEtus
2477 2027 2480 2031 .

1387 2036 1576 2081 personaliter,
1597 2037 1631 2068 &
1646 2037 1825 2077 Capitulum,
1842 2048 1890 2078 per
1904 2045 2132 2078 procuratorem,
2157 2033 2327 2073 Apostolico
2339 2033 2366 2064 se
2379 2042 2452 2064 con-

1386 2075 1491 2112 spec‘tui
1502 2086 1530 2106 re
1551 2076 1714 2115 raesentent,
1733 2087 1785 2115 pro
1797 2077 1902 2107 meritis
1915 2076 2061 2113 recepturi.
2160 2102 2162 2104 .

1425 2113 1501 2158 Non
1516 2125 1536 2145 o
1557 2115 1646 2145 stante
1659 2115 1862 2146 constitutione
1884 2115 2017 2153 praedicta
2031 2125 2042 2151 3
2066 2112 2122 2143 five
2138 2110 2158 2141 si
2175 2109 2276 2141 eisdem
2299 2109 2402 2140 Eleeto
2416 2109 2451 2140 δε

1388 2151 1522 2191 Capitulo
1533 2154 1569 2183 ab
1581 2153 1679 2185 eadem
1694 2155 1724 2185 sit
1738 2155 1800 2185 sede
1817 2153 1961 2184 indultum
1978 2151 2056 2192 quod
2069 2149 2199 2181 interdici
2246 2148 2387 2186 suspendi,
2407 2148 2453 2178 vel

1387 2193 1630 2234 excommunicari
1644 2203 1703 2223 non
1719 2192 1844 2231 possint,
1859 2191 1994 2230 quodque
2006 2198 2078 2221 extra
2094 2188 2168 2219 suam
2190 2171 2362 2225 divitatem,
2377 2186 2454 2216 Dio-

1388 2234 1463 2260 cehn
1478 2253 1487 2268 ,
1512 2231 1556 2261 vel
1577 2230 1761 2262 Provinciam
1775 2233 1804 2261 in
1824 2231 1934 2261 causam
1952 2229 2043 2266 trahi,
2068 2227 2114 2258 vel
2127 2226 2163 2257 ad
2180 2226 2321 2265 judicium
2341 2227 2452 2256 evocari

1389 2278 1449 2298 non
1464 2268 1568 2306 possint
1582 2279 1631 2307 per
1646 2269 1747 2301 litteras
1768 2268 1963 2309 Apostolicas,
1993 2267 2106 2306 plenam
2119 2265 2153 2296 &
2167 2264 2320 2302 expressam
2335 2286 2344 2301 ‚
2367 2273 2400 2294 ac
2415 2264 2452 2295 de

1390 2307 1480 2338 verbo
1494 2308 1528 2338 ad
1542 2309 1660 2338 verbum
1676 2318 1736 2339 non
1751 2308 1881 2339 facientes
1896 2307 1931 2338 de
1943 2306 2054 2337 indulto
2066 2303 2224 2343 hujusmodi
2239 2303 2425 2333 mentionem.

1408 2385 1414 2390 ·
1425 2345 1599 2390 Terminum
1613 2355 1706 2377 autern
1715 2371 1724 2385 ‚
1743 2356 1830 2385 quem
1844 2347 1882 2376 eis
1898 2344 2082 2384 praefixeritis,
2101 2343 2133 2373 &
2147 2341 2280 2381 quicquid
2299 2340 2366 2370 inde
2378 2340 2455 2370 fece-

1391 2393 1465 2428 ritis,
1483 2386 1566 2415 nobis
1581 2384 1679 2415 vestris
1698 2386 1793 2416 litteris
1809 2408 1819 2424 ,
1842 2385 1940 2415 harum
1955 2383 2052 2414 seriem
2071 2380 2302 2417 continentibus,
2327 2378 2456 2409 studeatis

1390 2423 1506 2454 fideliter
1519 2425 1657 2454 intimare.

1430 2462 1523 2507 Quod
1539 2487 1548 2500 ,
1574 2462 1593 2492 si
1608 2471 1669 2492 non
1685 2463 1773 2492 ambo
1793 2461 1846 2491 hiis
1865 2458 2030 2500 exequendis
2051 2457 2194 2498 potueritis
2212 2455 2340 2488 interesse
2355 2478 2365 2494 ‚
2387 2454 2456 2486 alter

1389 2500 1518 2532 vestrum
1531 2511 1562 2532 ea
1576 2500 1779 2531 nichilominus
1791 2509 1953 2539 exequatur.

1427 2576 1495 2609 Dat.
1510 2577 1669 2618 Anagniae,
1686 2585 1703 2617 5
1718 2577 1760 2609 Id.
1776 2576 1934 2619 septembr.
1953 2572 2138 2609 Pontificatfis
2151 2572 2241 2605 nostri
2259 2581 2337 2605 anno
2349 2569 2457 2602 duode-

1390 2617 1479 2647 cimo.

2047 2682 2101 2711 Sub
2105 2680 2159 2722 filo
2172 2679 2297 2710 canabeo.

1393 2809 1422 2836 ²*
1443 2812 1492 2844 De
1509 2807 1682 2857 inquirendo
1690 2808 1782 2855 steper
1800 2809 1951 2853 Homagio
1969 2803 2092 2840 Giraldi
2108 2805 2283 2838 Armanaci
2301 2800 2454 2849 qnondam
2475 2807 2491 2824 ⁸
2501 2808 2525 2836 1.
2539 2817 2570 2844 5²

1723 2855 1864 2903 Johanm·
1887 2858 1961 2902 Regi
1977 2851 2110 2901 praestito.

1478 2944 1601 2975 Overint
1624 2942 1742 2974 universi
1763 2941 1840 2982 quod
1855 2949 1909 2980 ego
1927 2939 2060 2970 Giraldus
2080 2937 2116 2968 de
2136 2936 2300 2968 Armanaco
2313 2959 2323 2974 ,
2347 2934 2457 2966 Comes
2475 2940 2570 2972 Arm]

1480 2983 1649 3020 Armanaci,
1667 2982 1700 3013 &
1715 2980 1827 3011 Fesenc.
1849 2979 1962 3018 promisi
1981 2977 2113 3008 Henrico
2127 2976 2204 3016 Regi
2227 2975 2339 3015 Angliae
2360 2973 2456 3012 quod,
2498 2989 2570 3019 1254

1394 3023 1429 3054 ad
1454 3020 1633 3060 probandum
1657 3020 1821 3059 homagium
1835 3041 1845 3057 ‚
1870 3017 1948 3056 quod
1973 3017 2039 3048 fecit
2065 3014 2202 3046 Giroldus
2225 3014 2261 3044 de
2278 3014 2459 3051 Armanaco,
2474 3023 2527 3046 An.
2543 3020 2570 3056 32·

1414 3061 1538 3092 uondam
1550 3059 1665 3090 Patruus
1678 3068 1756 3089 meus
1771 3059 1856 3088 bonae
1870 3057 2018 3086 memoriae
2031 3078 2042 3093 ,
2067 3053 2206 3085 Domino
2219 3052 2345 3092 Johanni
2366 3061 2458 3092 quon·
2473 3062 2508 3084 H.
2531 3067 2558 3094 3,

1393 3073 1460 3133 dam
1474 3099 1547 3130 Patri
1565 3098 1688 3129 Domini
1702 3096 1821 3127 Henrici
1835 3095 1927 3132 Regis
1943 3094 2073 3134 Angliae,
2090 3093 2229 3132 inquiram
2244 3091 2278 3122 &
2291 3090 2408 3121 referam
2423 3088 2455 3118 fi-
2475 3099 2538 3123 pas,

1393 3140 1489 3171 delitet
1503 3148 1551 3178 per
1565 3137 1683 3168 litteram
1698 3145 1792 3166 meam
1809 3134 1957 3165 Patentem
1974 3157 1983 3172 ,
2010 3132 2151 3172 sigillamm
2171 3129 2259 3169 sigillo
2274 3139 2342 3159 meo
2390 3137 2455 3158 om·
2475 3134 2570 3171 Vastan.

1394 3189 1463 3210 nem
1477 3186 1562 3216 quam
1576 3177 1655 3206 bono
1669 3175 1758 3205 modo
1773 3183 1873 3213 potero
1887 3174 2050 3209 veritatem,
2069 3170 2102 3201 &
2115 3169 2174 3200 hoc
2189 3167 2305 3208 promifi
2319 3168 2345 3198 ei
2365 3175 2412 3197 em
2426 3166 2456 3196 in
2476 3182 2520 3208 37,
2538 3172 2570 3208 38

1394 3218 1542 3254 fidelitate,
1560 3224 1614 3254 qua
1628 3213 1680 3244 fibi
1695 3221 1812 3252 teneor,
1830 3211 1949 3243 fideliter
1965 3220 2011 3241 me
2024 3208 2173 3240 facturum.
2469 3214 2506 3238 Η,
2527 3219 2554 3246 3,

1428 3294 1539 3324 Datum
1553 3291 1625 3359 apud
1642 3292 1789 3329 Burdegal.
1805 3299 1881 3321 anno
1902 3287 2029 3320 Domini
2047 3292 2132 3324 1254.
2144 3285 2176 3315 in
2188 3282 2296 3314 oetabis
2309 3280 2455 3312 Nativita-
2470 3255 2569 3324 :inge

1396 3334 1429 3364 tis
1444 3333 1532 3362 beatae
1547 3329 1575 3360 Ν
1587 3339 1651 3361 anae
1667 3330 1800 3370 Virginis.

1397 3470 1447 3503 De
1477 3469 1671 3500 Conventione
1695 3468 1771 3497 inter
1796 3466 1906 3511 Regem
1929 3463 1966 3500 ὠ·
1989 3458 2153 3494 Giraldum
2173 3455 2347 3490 hodiernum
2365 3453 2456 3499 staper

1470 3517 1672 3562 Recognitione
1691 3511 1824 3560 homagii
1840 3508 2030 3558 ficpradifii‚
2052 3510 2088 3546 ᾤ’
2099 3517 2156 3553 pro
2175 3504 2311 3552 homagio
2318 3502 2388 3547 fico.

1399 3609 1606 3674 NOverint
1616 3606 1743 3651 ‚universi
1764 3607 1797 3638 &
1817 3605 1913 3645 singuli
1927 3627 1937 3644 ,
1960 3600 2125 3647 praesentem
2143 3602 2273 3644 paginam
2287 3594 2335 3639 ins
2347 3593 2457 3639 εᾷὶιιιῇἒ
2473 3587 2549 3617 Ann-
2563 3585 2570 3617 l

1471 3647 1562 3691 ¹quod
1582 3646 1712 3690 Giraldus
1731 3646 1768 3690 de
1792 3646 1952 3677 Armanaco
1966 3664 1977 3680 ,
2001 3651 2037 3683 ιη
2053 3638 2197 3681 praesentia
2214 3634 2322 3667 illustris
2362 3642 2456 3676 ‘enrici
2494 3634 2570 3692 125ss

1399 3687 1489 3724 Reg¹S
1508 3685 1622 3723 Angliae
1646 3685 1812 3715 constitutus
1823 3707 1846 3752 i)
1862 3684 2025 3748 spontarsieus
2042 3671 2318 3749 refceoigtnsiglrtnacgiggi
2326 3670 2458 3748 ξξῗὲιέιὲῗ
2473 3668 2556 3739 ἕν’-33

1398 3726 1634 3808 (ιὶῐῗεηΑῑῗῐῖιωὲξῑῗεέ
1650 3723 1801 3806 33ῗέῐῖ
1813 3730 1948 3791 Βὲῑῐζιιέῐῗῗ)
1959 3728 2111 3801 Jlgliaimi‘j
2133 3748 2275 3792 quondam
2289 3747 2368 3817 garg
2384 3749 2459 3816 piffl
2473 3741 2566 3769 Ibidem

1399 3800 1577 3909 {Qu}
1595 3800 1789 3869 ‘'sfssffilffis
1805 3795 2103 3877 εἳῑοςυῖἳῖὣξὲῗῖῗῗῑξ
2110 3792 2458 3873 ἲιῖἑῗιῖῗῗόῑωάυςᾞῗὲ

1430 3878 1480 3909 eto
1495 3877 1630 3922 Domino
1644 3877 1779 3907 Henrico
1793 3874 1872 3920 Regi
1887 3872 2000 3909 Angliae
2014 3870 2178 3913 homagium
2190 3865 2224 3895 &
2235 3872 2433 3908 juramentum.

1421 3916 1495 3962 'Pro
1509 3916 1586 3946 dieta
1598 3925 1668 3959 vero
1683 3923 1880 3960 recognitione
1897 3911 1930 3943 &
1943 3910 2076 3955 homagio
2108 3903 2185 3945 quod
2199 3903 2254 3946 ipse
2274 3902 2405 3946 Giraldus
2417 3903 2460 3933 fe-

1400 3964 1441 3986 cit
1455 3954 1533 3985 dieto
1540 3954 1615 3993 Regi
1630 3954 1745 3991 Angliae
1754 3950 1848 3992 ,dedit
1862 3951 1896 3981 ὅτ
1912 3954 2029 3987 quitaVit
2041 3945 2069 3975 di
2099 3954 2130 3974 us
2143 3942 2288 3973 Dominus
2300 3941 2364 3971 Rex
2378 3941 2459 3971 dicito

1401 3993 1521 4024 Giraldo
1539 4002 1639 4023 omnes
1651 3992 1793 4028 denarios,
1805 3990 1850 4020 seu
1864 3989 1983 4019 summas
1996 3983 2176 4021 pecuniarum
2185 4004 2195 4019 ,
2208 3981 2237 4010 in
2274 3980 2353 4009 uibus
2366 3979 2460 4010 didius

1401 4031 1533 4065 Giraldus
1546 4032 1690 4065 tenebatur
1709 4028 1869 4062 Eschivaco
1882 4024 1918 4056 de
1937 4021 2113 4063 Chaibeneys
2128 4019 2242 4052 Comiti
2284 4019 2354 4058 igor.
2370 4017 2458 4095 ἑὲἑιζιῗ
