2570 4261
71 186 149 224 ann.
161 192 203 224 D.

95 233 178 272 1236.

73 276 135 300 Hm.
158 282 183 309 3.

72 1442 204 1480 ΔΙ’1.3ς6.

219 119 302 160 124

655 85 1458 142 CONVENTIONESs

1536 84 1937 139 LITERAE‚

217 204 295 225 cmm
297 200 344 224 ent
345 203 379 231 θ’
395 191 502 231 juravi,
520 187 599 226 quod
616 185 773 218 amedigfus
795 183 942 215 Dominus
962 182 1122 222 Imperator
1143 180 1229 211 ducet
1250 178 1281 207 in
1317 173 1416 204 vestro
1430 170 1604 212 gaudebitis,
1621 173 1640 203 si
1683 173 1837 205 ificandum
1850 174 1933 205 vobis
1948 171 2080 203 duximus
2093 171 2173 211 quod
2195 173 2265 203 cum
2292 171 2394 204 Nobi-
2411 164 2535 200 Arm-D-

219 243 339 264 uxorem
353 232 508 270 legitimam
523 227 685 257 Dominam
699 223 843 255 Isabellam
857 223 986 253 sororem
998 221 1107 252 illustris
1121 220 1209 259 Regis
1219 217 1281 248 An-

218 273 302 310 gli-32,
321 272 354 302 ὃς
369 268 446 308 quod
461 267 545 304 ipsam
559 266 588 294 in
602 264 673 294 facie
685 262 821 294 Eccleliae
840 261 1022 299 solempniter
1040 262 1074 292 &
1095 258 1210 298 publice
1232 255 1283 285 de-

220 310 374 349 sponsabit‚
393 309 426 338 ὃς
441 303 597 346 coronabit3
1249 332 1253 337 Ι

260 348 309 379 De
322 347 466 377 voluntate
479 344 512 374 &
525 340 635 380 speciali
650 339 784 370 mandato
798 338 933 370 antediffi
947 337 1072 369 Domini
1087 335 1286 373 Imperatoris,

221 386 347 418 consensi
361 386 387 414 in
404 381 570 420 praedietam
584 379 746 410 Dominam
757 377 919 416 Isabellam,
935 387 984 415 per
1002 377 1090 407 verba
1108 374 1145 404 de
1167 370 1287 415 praesen-

223 427 261 463 ti,
281 426 314 456 δε
327 430 442 459 recepto
457 420 492 450 ab
504 419 560 457 ipsa
572 418 697 448 similiter
711 419 740 448 in
755 417 996 456 praenominatum
1010 423 1110 445 meum
1122 412 1288 453 Dominum

222 463 429 500 Imperatorem
448 457 584 489 consensu
604 467 652 495 per
670 457 756 488 verba
776 455 812 485 de
832 455 976 493 praesenti,
994 453 1028 483 ad
1052 452 1189 494 majorem
1204 456 1289 490 etiarn

223 499 503 531 consummationem
520 495 703 527 Matrimonii
716 494 862 533 supradieti
895 503 947 530 pro
962 500 1039 530 parte
1053 493 1159 528 praetati
1177 487 1287 517 Domi-

222 541 251 569 ni
272 540 331 569 mei
354 536 550 574 Imperatoris,
563 534 661 565 tradidi
681 533 844 572 supradicstae
866 519 1010 562 Dominae
1028 527 1183 571 sponsionis
1195 534 1285 555 annu-

222 578 297 615 lum,
318 578 351 608 ἃ
366 577 491 607 invicem
507 574 601 611 recepi
613 574 648 603 ab
661 583 708 611 ea,
724 573 842 602 nomine
851 569 1032 607 Imperatoris
1042 565 1180 605 ‚ejusdem
1200 573 1290 594 annu-

221 616 280 646 lum
296 615 460 654 sponsionis.
1079 644 1084 648 ⁴
1270 640 1275 645 ι

261 653 310 684 De
332 654 442 692 spetiali
461 652 545 682 etiam
566 649 700 680 mandato
722 647 864 686 fiepediffi
883 645 1008 676 Domini
1028 653 1086 673 mei
1108 642 1290 680 Imperatoris

221 693 322 723 tradidi
338 692 460 730 praefata:
473 690 613 720 Dominae
626 687 748 718 isabellae
763 688 792 716 in
814 684 994 722 Dodaiium,
1012 682 1116 713 vallem
1136 680 1290 716 Mazariae,

221 741 291 762 cum
312 730 482 762 Civitatibus
501 730 534 759 ὃ(
557 726 681 764 Castris,
699 725 789 764 villis,
804 725 883 755 terris
903 723 983 753 cultis
1005 724 1039 753 ὃς
1062 720 1189 758 incultis,
1207 728 1292 756 aqua-

222 779 288 800 rum
302 769 476 806 decursibus,
492 766 677 803 tenementis,
694 765 728 796 &
742 764 877 794 omnibus
886 762 1012 800 juribus,
1030 761 1063 791 &
1077 759 1247 797 pertinentiis
1264 766 1293 786 e-

215 809 280 848 jus3
296 818 412 838 necnon
434 807 467 837 δε
487 806 631 836 honorem
654 802 768 833 Montis
789 801 886 832 Sanffi
900 799 1019 839 Angeli,
1036 808 1105 829 cum
1120 796 1291 828 Civitatibus

221 847 257 878 &
279 846 402 884 Castris,
420 845 509 882 villis,
524 843 602 874 terris
617 867 627 881 ,
645 842 725 872 cultis
745 842 778 872 ὃς
799 839 909 871 incultis
925 862 934 877 ‚
953 847 1090 877 aquarum
1111 836 1290 872 decursibus,

223 887 409 923 tenementis,
427 886 459 915 &
476 882 610 913 omnibus
621 881 744 919 juribus,
763 880 796 909 &
813 878 984 917 pertinentiis
999 877 1071 915 ejus,
1090 884 1176 913 prout
1198 872 1292 912 quod-

221 924 291 956 libet
304 924 340 955 de
356 923 496 962 praediCtis
511 920 644 951 Dodariis
659 919 781 958 Reginae
795 917 907 956 Syciliae
921 918 1028 956 integre
1050 915 1154 945 habere
1173 912 1292 944 consue-

223 971 333 994 verunt.

262 1002 300 1032 Et
322 1000 441 1032 eandem
460 999 622 1029 Dominam
640 996 784 1027 Isabellam
805 994 841 1025 de
856 993 996 1032 praedietis
1009 992 1144 1023 omnibus
1160 990 1293 1022 investivi

222 1050 274 1078 per
287 1040 416 1071 Patentes
431 1037 590 1076 Imperiales
605 1037 723 1073 littei-as,
740 1043 822 1065 aurea
836 1033 912 1063 bulla
927 1033 1063 1071 munitas,
1080 1032 1187 1070 typario
1195 1030 1294 1068 Impe-

222 1079 294 1109 rialis
309 1078 456 1117 majestatis
469 1075 608 1114 impreffa.

263 1117 322 1148 Pro
336 1116 468 1156 praediola
483 1124 579 1145 autem
594 1113 741 1150 Domina,
758 1112 877 1142 nomine
890 1110 995 1148 Dotis,
1014 1109 1108 1149 recepi
1129 1106 1292 1146 promissio-

223 1166 292 1187 nem
312 1158 346 1187 &
367 1155 573 1194 obligationem
594 1152 719 1182 Domini
742 1151 831 1187 Regis
854 1149 962 1187 praefati
985 1148 1021 1178 de
1043 1148 1156 1188 triginta
1169 1146 1292 1177 millibus

225 1204 386 1226 marcarum
400 1194 524 1233 argenti,
542 1191 680 1223 solvendis
694 1192 723 1220 jn
738 1189 809 1220 locis
822 1190 855 1220 &
869 1188 996 1218 terminis
1017 1186 1067 1217 sub
1086 1186 1203 1225 ydoneis
1223 1195 1290 1216 cau-

223 1234 365 1272 tionibus,
385 1242 469 1271 prout
483 1241 531 1269 per
545 1230 674 1261 Patentes
690 1229 776 1269 regias
789 1227 947 1265 litteras,&
959 1225 1119 1256 multorum
1132 1224 1291 1255 Nobilium

224 1272 342 1303 suorum
355 1272 501 1303 evidenter
512 1279 547 1307 ap
568 1278 634 1299 aret.

263 1311 351 1343 Salvo
373 1309 452 1349 quod
476 1309 513 1347 si,
564 1309 666 1338 omino
686 1314 830 1337 avertente
865 1304 1046 1341 contingeret
1059 1301 1210 1334 antefatam
1225 1300 1294 1332 Do-

225 1350 335 1380 minam
349 1374 359 1388 ,
384 1349 429 1380 vel
451 1347 620 1386 praeditrum
642 1346 808 1376 Dominum
830 1330 1036 1382 smperatorem
1052 1365 1062 1381 ‚
1094 1340 1174 1380 quod
1199 1340 1292 1378 absit,

225 1390 300 1427 prius
314 1390 342 1418 in
357 1388 411 1419 sata
425 1385 599 1423 concedere,
618 1394 704 1423 quarn
718 1383 866 1422 praefatum
883 1382 1104 1412 Matrimonium
1126 1389 1176 1420 per
1197 1379 1292 1417 Spon-

225 1428 356 1458 saliorum
371 1426 543 1463 solempnia,
561 1425 595 1456 &
608 1424 695 1454 carnis
706 1433 744 1453 co
765 1422 840 1452 ulam
861 1421 880 1440 θ*
908 1420 1139 1457 consummetur,
1157 1418 1293 1448 antefatus

226 1466 374 1497 Dominus
392 1465 475 1502 Rex,
494 1465 528 1494 &
547 1462 728 1494 Succeslbres
761 1462 788 1491 ui
810 1459 861 1490 lint
881 1460 897 1489 a
919 1458 1060 1497 praedietis
1073 1458 1132 1488 obli
1153 1457 1292 1487 ationibus

224 1506 437 1542 imperpetuum
458 1502 593 1539 absoluti3
611 1502 644 1532 ὃς
664 1500 848 1531 nihilominus
870 1497 1002 1529 Domina
1015 1495 1142 1535 supradie
1155 1506 1186 1534 a,
1205 1497 1234 1525 in
1255 1505 1292 1525 eo

225 1544 306 1582 casu,
326 1543 345 1573 si
358 1543 565 1580 Imperatorem
577 1541 756 1580 contingeret
769 1538 919 1576 praemori,
937 1536 1033 1567 secure
1046 1537 1079 1567 &
1093 1536 1182 1566 libere
1192 1536 1294 1573 inreg-

225 1592 297 1613 num
314 1581 425 1621 Angliae
438 1579 595 1611 reducatur.

265 1620 358 1660 Qod
374 1621 459 1651 etiam
475 1618 689 1649 Sacramentum
704 1616 852 1647 Dominus
867 1613 910 1644 H.
931 1612 1110 1645 Coloniensis
1132 1612 1293 1650 Archiepis-

225 1669 332 1698 copuS,
350 1660 384 1690 δε
400 1658 444 1689 alii
466 1656 610 1695 Nobiles,
629 1656 678 1693 qui
698 1655 732 1685 ad
755 1654 918 1685 Dominam
939 1653 1025 1691 ipsam
1045 1651 1235 1690 recipiendam
1257 1650 1294 1681 de

226 1698 360 1729 mandato
374 1696 515 1736 Imperiali
529 1697 559 1725 in
574 1694 707 1725 Anoliam
721 1693 866 1731 venerint,
886 1691 1070 1729 corporaliter
1089 1691 1223 1720 exhibere
1243 1689 1293 1720 de-

227 1738 355 1775 bebunt,
371 1745 430 1768 tarn
442 1735 478 1766 de
494 1719 653 1772 recipienda
667 1734 700 1764 &
716 1730 903 1773 desponsanda
925 1730 941 1760 Ξι
961 1729 1099 1760 Domino
1118 1729 1294 1767 Imperatore

226 1775 358 1807 Domina
377 1774 526 1814 praedicta,
544 1782 631 1811 quam
650 1771 686 1802 de
707 1771 756 1809 ea,
771 1770 791 1801 si
812 1769 919 1800 sinister
932 1768 1007 1800 casus
1019 1767 1169 1806 acciderit,
1187 1769 1217 1798 in
1231 1767 1294 1798 An-

224 1815 310 1854 gliam
326 1814 414 1845 libere
430 1811 599 1844 reducenda.

265 1853 358 1893 Qiod
372 1853 392 1883 fi
406 1852 480 1883 forte
496 1851 674 1887 contingeret
687 1848 852 1878 Dominum
866 1847 1092 1885 Imperatorem,
1108 1845 1187 1884 quod
1208 1845 1276 1876 absit
1284 1868 1294 1883 ‚

225 1893 377 1931 praemori,
395 1891 488 1922 liberis
510 1899 544 1920 ex
565 1889 678 1927 praefata
698 1887 829 1917 Domina
851 1896 911 1916 non
924 1885 1072 1924 susceptis,
1087 1894 1175 1922 tunc,
1194 1884 1293 1915 secun-

225 1930 298 1961 dum
321 1931 416 1971 Regni
435 1928 546 1968 Syciliae
567 1925 804 1958 consuetudinem
815 1948 824 1963 ‚
840 1924 876 1968 sit
891 1925 919 1954 in
934 1924 1074 1955 eleffione
1090 1923 1231 1954 Dominae
1249 1923 1292 1953 su-

226 1969 361 2008 pradistae
375 1978 471 2000 utrum
482 1968 551 1998 velit
564 1965 753 2005 supradietum
767 1963 930 1994 Dodarium
944 1964 974 1992 in
986 1964 1042 1994 vita
1057 1962 1102 1993 sua
1114 1971 1211 1993 tenere
1227 1961 1295 1999 (sal—

226 2019 267 2040 vo
279 2010 341 2047 jure
354 2009 387 2040 &
402 2007 515 2038 servitio
529 2006 611 2044 ipsius
626 2003 765 2041 Dodarii,
782 2002 897 2040 debito,
914 2002 947 2032 &
961 2001 1122 2032 exhibendo
1137 2001 1296 2031 haeredibus

224 2046 351 2078 Domini
371 2046 550 2084 Imperatoris
570 2045 599 2074 in
620 2043 740 2081 Regno)
764 2041 810 2073 vel
825 2040 977 2078 supradieta
990 2041 1100 2080 triginta
1112 2039 1198 2070 millia
1212 2038 1296 2070 Mar-

222 2095 324 2126 carum
336 2087 476 2124 recipere,
495 2084 632 2114 Domino
645 2081 811 2120 Imperatori
823 2089 876 2118 pro
891 2079 972 2109 Dote
985 2079 1108 2110 exoluta.

267 2124 390 2155 Promisi
406 2133 460 2164 ego
475 2131 624 2162 praeterea,
642 2114 863 2160 praenominatus
878 2117 1016 2157 Magister
1029 2117 1129 2148 Petrus
1143 2116 1180 2147 de
1193 2116 1294 2154 Vinea,

230 2163 266 2194 &
278 2164 369 2202 juravi
381 2164 410 2194 in
423 2163 517 2193 anima
530 2160 713 2199 Imperatoris
730 2157 872 2197 praediffl,
891 2156 970 2196 quod
984 2156 1041 2196 ipse
1054 2155 1201 2187 Dominus
1215 2165 1296 2186 meus

230 2201 407 2241 Imperator,
425 2201 471 2232 die
486 2201 647 2241 nuptiarum
684 2206 770 2236 prout
780 2197 846 2235 juris
858 2197 891 2228 δε
906 2196 993 2226 moris
1007 2195 1065 2234 est,
1084 2204 1134 2233 per
1154 2194 1293 2225 annulum

227 2240 375 2278 assignabit
390 2240 483 2271 eidem
498 2239 640 2270 Dominae
655 2223 821 2268 bodarium
842 2234 1051 2273 supradidtum,
1069 2243 1138 2264 cum
1159 2233 1294 2264 omnibus

222 2280 351 2319 juribus„
368 2280 401 2311 &
416 2279 589 2317 pertinentiis
602 2277 670 2316 suis,
690 2283 775 2314 prout
788 2274 909 2312 superius
925 2273 965 2304 est
984 2272 1164 2311 expressum,
1183 2273 1217 2304 &
1237 2273 1294 2310 pri-

227 2318 365 2358 vilegium
379 2318 429 2348 fibi
445 2317 546 2348 exinde
560 2316 661 2354 faciet,
678 2324 761 2345 aurea
772 2313 848 2344 bulla
861 2314 1023 2351 munitum,
1041 2312 1141 2350 tipario
1154 2311 1294 2350 Imperial.

228 2357 378 2388 ma‘estatis
391 2356 531 2394 impressa.

300 2406 338 2427 oc
351 2396 485 2434 scriptum
498 2393 589 2432 scripsi
602 2402 657 2462 ego
671 2391 813 2461 Affielus,
831 2400 943 2431 magnae
957 2389 1110 2428 imperialis
1118 2388 1216 2420 Curiae
1225 2388 1296 2419 No-

225 2437 325 2473 tarius,
343 2435 379 2466 de
397 2434 530 2465 mandato
543 2433 615 2471 saepe
636 2432 685 2462 iffi
738 2430 830 2470 agistri
845 2429 923 2460 Petri
937 2429 973 2460 de
986 2430 1096 2467 Vinea,
1114 2428 1148 2460 &
1164 2438 1233 2458 meo
1242 2427 1294 2468 sig-

225 2484 267 2505 no
284 2474 302 2504 fi
324 2475 405 2512 navi,
425 2472 559 2511 pendenti
574 2470 663 2510 sigillo
677 2470 759 2508 ipsius
776 2468 909 2508 Magistri
943 2469 1097 2499 munitum.

266 2512 293 2543 A
346 2522 377 2543 m
390 2511 464 2550 apud
479 2510 615 2542 London.
631 2519 708 2539 anno
729 2508 897 2538 Dominicae
917 2493 1120 2537 incarnationis
1143 2504 1294 2536 millesimo

225 2551 423 2583 ducentesimo
436 2550 579 2581 tricesimo
596 2550 715 2587 quinto,
733 2548 767 2579 &
780 2546 918 2577 vicesimo
933 2545 1058 2577 secundo
1070 2544 1116 2575 die
1130 2544 1231 2575 mensis
1237 2544 1294 2587 Ee-

226 2591 347 2629 bruarii,
362 2590 464 2621 octava
479 2588 643 2619 indictione.

314 2715 433 2746 Littera
449 2715 537 2760 Regis
554 2713 735 2757 Imperatori
750 2708 786 2742 de
803 2711 937 2742 Nunciis
951 2712 1091 2754 utrinque
1106 2705 1205 2750 mtffis.

75 2809 153 2839 Αῃῃ,
165 2808 205 2839 D,
228 2799 294 2860 D
305 2798 418 2829 Omino
433 2797 482 2829 suo
497 2808 530 2829 ac
544 2796 715 2836 magnifico,
734 2795 765 2825 F.
780 2794 838 2825 Dei
852 2794 955 2834 gratia,
975 2793 1182 2824 Romanorum
1201 2791 1297 2830 Impe-

105 2848 191 2886 1236.
316 2839 401 2869 ratori
414 2837 522 2875 semper
538 2836 583 2866 Au
605 2835 686 2872 usto,
705 2836 766 2866 &c.
781 2834 857 2864 fratri
869 2832 1051 2863 dilefflsiimo
1071 2832 1233 2870 Henricus,
1252 2841 1297 2861 ea-

75 2890 130 2915 Λη,
146 2897 191 2914 20,
232 2876 299 2920 dem
316 2876 417 2916 gratia,
435 2879 495 2905 Rex
511 2879 581 2906 Antr
593 2879 644 2913 iae,
661 2875 723 2906 &c.
740 2873 873 2911 salutem,
889 2873 923 2904 &
937 2871 1046 2910 semper
1067 2870 1162 2901 felices
1183 2869 1219 2901 de
1232 2871 1298 2900 hos-

76 2929 112 2952 H.
136 2935 160 2962 3,
233 2915 307 2945 tibus
321 2915 488 2952 triumphos.

74 2963 213 3000 maus-¹9·
272 2952 444 2984 Venientem
459 2954 493 2983 ad
506 2962 558 2983 nos
571 2951 733 2982 Henricum
748 2950 784 2981 de
799 2950 875 2989 Aeys
912 2948 1065 2987 Imperialis
1086 2947 1170 2978 Aulae
1190 2946 1299 2978 Mares—

76 3006 111 3029 H.
130 3011 155 3038 3,
168 3008 193 3038 p,
236 2991 359 3036 callum,
376 2991 532 3022 Nuncium
545 2990 688 3029 vestrum,
705 2990 771 3020 laete
784 2989 854 3020 sicut
873 2973 969 3019 decuit
987 2989 1021 3018 &
1039 2986 1200 3018 honorifice
1220 2996 1300 3016 rece-

79 3049 151 3069 λῃ),
167 3050 195 3067 2,
235 3040 346 3069 pimus,
365 3030 581 3069 magnificentiae
593 3029 694 3059 vestrae
709 3028 835 3067 copiosas
855 3027 1018 3058 exolventes
1037 3027 1188 3065 gratiarum
1209 3025 1300 3055 afflo-

234 3079 302 3108 nes,
320 3068 399 3107 quod
415 3068 517 3106 placuit
531 3068 614 3098 vobis
628 3067 721 3097 casum
731 3091 740 3106 ‚
758 3068 773 3097 a
788 3067 871 3097 nobis
885 3067 960 3104 prius
983 3065 1158 3103 inauditum,
1176 3065 1226 3102 qui
1245 3073 1300 3094 nu-

233 3118 285 3147 per
299 3107 403 3138 accidit
415 3109 444 3137 in
458 3106 579 3144 partibus
593 3105 691 3136 vestris
701 3130 710 3143 ,
725 3107 808 3136 nobis
819 3105 1044 3136 communicare.

272 3146 365 3177 Parati
380 3145 496 3184 quidem
506 3170 515 3182 ,
533 3154 601 3175 cum
616 3143 770 3174 affeeiione
782 3144 900 3182 sincera,
920 3145 949 3173 in
963 3143 1028 3181 hiis,
1038 3152 1102 3181 quae
1118 3141 1222 3172 nost‘rae
1237 3141 1299 3172 sunt

233 3185 435 3254 possibilitati&
453 3183 556 3215 vestrae
575 3192 625 3220 per
645 3184 742 3213 omnia
760 3183 939 3221 beneplacito
950 3182 1102 3212 voluntatis
1116 3179 1299 3219 respondere,

254 3234 305 3254 uos
319 3223 356 3254 de
370 3222 575 3254 discretioribus
589 3221 728 3259 neophitis
737 3245 745 3259 ‚
759 3223 807 3259 qui
822 3222 935 3259 reperiri
950 3229 1085 3258 poterunt
1097 3221 1126 3249 in
1140 3228 1229 3259 regno
1244 3229 1299 3249 no-

234 3262 309 3301 stro,
327 3262 362 3292 ad
376 3261 477 3293 vestrae
492 3259 647 3299 Majestatis
667 3260 840 3298 praesentiam
860 3259 1031 3290 destinamus
1047 3282 1057 3297 ,
1080 3259 1227 3297 praeceptis
1249 3267 1300 3290 ve-

234 3300 294 3331 stris
308 3302 336 3330 in
352 3301 484 3331 omnibus
492 3310 544 3338 pro
552 3298 632 3337 poffe
643 3298 692 3329 suo
706 3299 849 3336 parituros.

271 3338 341 3369 Nec
362 3348 529 3376 moveatur,
549 3338 568 3367 si
591 3337 699 3375 placet,
717 3336 870 3374 imperialis
891 3335 1027 3367 celsitudo
1044 3335 1141 3375 quod,
1159 3334 1299 3365 dilecstum

235 3377 337 3420 nobiS,
355 3377 528 3417 Magistrum
548 3375 698 3406 Galterutn
722 3375 871 3406 Clericum
890 3375 1016 3406 vestrum
1036 3375 1128 3404 adhuc
1148 3383 1234 3412 penes
1245 3383 1299 3404 nos

236 3417 420 3454 retinuimus,
439 3416 575 3454 quoniam
590 3425 640 3452 per
653 3414 760 3453 ipsum,
778 3414 812 3444 ad
826 3423 879 3445 vos
892 3414 1011 3444 demum
1027 3421 1235 3450 revertentem,
1253 3412 1298 3442 su-

237 3463 287 3496 per
299 3463 317 3482 n
353 3456 432 3492 otiis,
450 3464 515 3492 quae
528 3453 611 3484 nobis
626 3453 753 3491 exposuit
767 3461 802 3484 ex
817 3461 893 3491 parte
909 3451 1017 3490 vestra,
1036 3452 1144 3490 plenius
1159 3450 1298 3482 excellen-

237 3499 285 3522 tiae
298 3496 344 3522 vei
373 3503 397 3523 ae
410 3492 577 3531 respondere
589 3493 759 3522 curabimus.

238 3566 363 3636 cefftgste
375 3567 460 3606 Rege
473 3568 546 3607 apud
557 3567 761 3607 W’indsoram‚
778 3576 821 3608 24
833 3567 880 3599 die
898 3567 1059 3607 Februarii,
1077 3577 1154 3598 anno
1173 3566 1235 3598 &c.
1254 3567 1300 3598 vi-

325 3615 353 3635 o.

87 3738 216 3809 ΑΙῙΞΠΞ·
242 3750 363 3782 Littera
388 3751 500 3796 Regina
523 3753 623 3784 Scotiae
647 3750 683 3784 de
700 3752 803 3796 sorore
821 3751 883 3796 fita
908 3755 940 3785 in
962 3755 1099 3788 errem
1118 3753 1301 3798 Imperatori

86 3821 140 3847 A„-
149 3787 204 3846 320]
685 3799 848 3834 tradenda.

88 3861 124 3884 Η.
165 3877 171 3883 .

87 3867 229 3930 Cla³2³9·
246 3893 300 3948 R
308 3891 334 3922 E
342 3891 374 3922 X
400 3891 511 3922 dileetae
523 3892 610 3922 s0r0ri
623 3893 677 3937 suae
687 3894 826 3933 Johannae
834 3894 956 3935 Reginae
966 3896 1073 3928 Scotiae
1084 3896 1208 3928 salutem.

89 3938 128 3961 Η.
141 3943 166 3969 3.
177 3940 203 3970 p.
339 3930 457 3961 Certam
479 3929 515 3960 de
536 3930 687 3961 sinceritate
706 3933 861 3964 dileetionis
881 3933 982 3964 vestrae
1006 3944 1133 3975 gerentes
1154 3934 1285 3965 fiduciam

94 3980 117 3998 i.
133 3982 169 3999 m.
182 3982 223 4008 19.
245 3969 324 4006 quod
337 3969 475 4014 successus
489 3968 601 4012 nostros
615 3969 630 3998 a
644 3970 740 4000 vestris
752 3983 812 4002 non
828 3974 957 4010 reputatis
972 3973 1076 4005 alienos
1110 3974 1144 4004 &
1166 3972 1244 4012 quod
1266 3958 1303 4004 de

91 4009 154 4046 dors.
241 4008 355 4040 honore
372 4008 486 4041 dilectae
504 4007 606 4040 sororis
623 4007 729 4039 nostrae
748 4010 782 4041 &
804 4010 906 4043 vestrae
924 4010 1048 4043 Isabellae
1065 3999 1092 4051 ‚³
1107 4021 1243 4052 tanquam
1264 4011 1302 4044 de

1321 213 1353 243 lis
1367 214 1427 250 vir,
1441 210 1628 256 fredericum
1659 221 1801 250 mperator
1825 213 2043 250 Romanorum,
2061 221 2152 252 nuper
2173 211 2311 242 Nuncios
2329 212 2393 242 suos
2432 207 2518 245 1236-

1321 251 1356 296 ad
1371 261 1424 281 nos
1440 260 1468 279 in
1486 250 1619 289 Angliam
1633 251 1811 289 destinasset,
1830 261 1884 289 pro
1901 250 2032 289 praedista
2046 249 2142 280 sorore
2155 249 2251 281 nostra
2273 250 2393 288 petenda
2410 250 2472 272 Heu.
2495 256 2520 282 3·

1322 300 1351 320 in
1372 298 1510 327 uxorem,
1528 297 1640 321 eatenus
1662 290 1827 328 processum
1850 289 1890 320 est
1907 291 1936 319 in
1958 290 2075 358 nggotio
2097 288 2177 327 quod
2191 313 2200 327 ‚
2218 288 2255 318 de
2275 288 2393 319 consilio

1328 328 1501 372 Magnarum
1514 326 1697 367 nostrorum,
1714 329 1802 367 ipsam
1815 328 1942 359 sororem
1954 328 1980 358 ei
2000 337 2048 358 em
2062 327 2231 365 Imperatori
2252 327 2393 358 concessi-

1326 376 1390 396 mus
1403 376 1432 395 in
1448 375 1578 396 uxorem.

1363 404 1401 435 Et
1414 404 1470 442 ipsa
1482 404 1560 434 soror
1575 405 1687 444 nostra,
1705 405 1742 436 de
1757 405 1903 437 voluntate
1917 403 2065 443 nostra‚in
2079 404 2223 443 praesentia
2237 404 2397 436 eorundem

1326 452 1491 480 magnatum
1507 442 1692 481 nostrorum,
1711 455 1761 483 per
1775 445 1863 475 verba
1874 444 1910 474 de
1925 444 2067 482 praesenti,
2086 443 2225 475 consensit
2250 445 2279 474 in
2303 443 2395 482 ipsum

1327 480 1550 525 Imperatorem,
1569 492 1618 520 per
1637 483 1656 503 ’Κ
1677 483 1796 514 Petrum
1809 482 1845 513 de
1861 482 1968 521 Vinea,
1985 484 2125 513 nuncium
2140 482 2221 519 ipsius
2234 482 2396 521 Imperato-

1329 530 1382 564 με,
1399 520 1435 550 ad
1456 520 1515 551 hoc
1536 520 1690 558 specialiter
1711 521 1882 552 destinatum
1901 531 1969 552 cum
1994 520 2133 559 potestate
2153 520 2346 553 consentiendi
2367 523 2398 552 in

1329 559 1556 603 ipsam-sororem
1571 559 1698 590 nostram
1714 561 1834 591 nomine
1849 559 1930 599 ipsius
1945 559 2133 598 Imperatoris.

1366 597 1429 635 Qi
1444 597 1571 642 θεχᾳιάιπῐ)
1594 597 1694 629 Petrus
1713 601 1741 629 in
1762 599 1848 637 ipsam
1871 599 2025 637 consensit,
2043 599 2078 630 &
2093 598 2123 628 in
2136 599 2230 628 anima
2242 598 2325 636 ipfius
2338 599 2400 630 Irn-

1330 644 1577 680 peratoi·is'Juravit
1590 637 1668 674 quod
1684 637 1760 668 idem
1775 638 1933 675 Imperator
1946 647 2010 668 eam
2024 636 2111 668 ducet
2123 637 2152 666 in
2169 646 2308 677 uxorem;
2327 648 2400 669 ven-

1330 683 1403 718 turi,
1423 683 1472 712 qui
1484 674 1550 718 sunt·
1561 685 1591 704 in
1604 677 1755 715 proximo,
1773 676 1817 706 alii
1831 675 1944 707 Nuncii
1960 676 2118 714 solempnes
2132 677 2160 705 in
2183 675 2303 716 Anglia,
2319 676 2400 708 vide-

1330 712 1397 743 licet
1416 712 1652 757 Arcliiepiscopus
1670 713 1868 753 coloniensis,
1886 715 1956 746 Dux
1972 715 2140 752 Lotharing.
2162 715 2196 746 &
2218 714 2289 745 Dux
2310 715 2401 746 Lem-

1330 752 1411 791 burg.
1427 753 1461 783 &
1475 751 1521 781 alii
1536 761 1604 781 cum
1617 752 1696 797 ipsis,
1717 755 1765 792 qui
1778 754 1863 792 ipsam
1878 754 2006 785 sororem
2020 752 2147 784 nostram
2164 763 2213 792 ea,
2232 763 2286 792 qua
2298 754 2400 794 decet,

1331 790 1479 821 honestate
1493 791 1525 821 &
1540 790 1734 828 solempnitate
1744 792 1778 823 ad
1794 793 2000 831 Imperatorem
2012 792 2162 823 adducent.

1330 829 1411 908 gaEflt
1420 829 1500 898 [ἑξεῖ
1514 829 1565 859 hiis
1577 839 1630 860 vos
1645 829 1777 862 duximus
1790 830 1999 870 certificandas,
2019 832 2084 870 quia
2103 831 2238 863 scivimus
2259 842 2312 862 vos
2333 831 2400 863 inde

1365 879 1384 899 v
1406 879 1424 898 u
1460 879 1475 897 “.

2416 465 2432 482 *
2443 467 2467 494 1·
2483 473 2546 503 357·

1368 943 1460 975 Teste
1475 944 1583 983 meipso
1598 944 1672 983 apud
1685 944 1980 978 Westmonasterium
1988 969 1999 985 ‚
2016 955 2058 985 24
2070 945 2117 976 die
2130 944 2293 976 Februarii..

1369 1022 1452 1054 Idem
1467 1021 1655 1063 significatum
1671 1021 1729 1061 est,

1329 1103 1396 1138 Regi
1410 1103 1505 1130 Scotiae
1514 1123 1523 1138 ,

1886 1097 2027 1129 Lewelino
2036 1123 2046 1138 ,

1329 1142 1366 1170 L.
1382 1139 1499 1170 Dublin.
1516 1137 1734 1178 Archiepifiopo‚

1887 1137 2048 1178 Justiciario
2059 1137 2210 1168 Hiberniae.

1329 1271 1451 1303 Littera
1472 1265 1698 1313 Archiepiftopo
1721 1266 1895 1311 Coloniensi,
1922 1266 2005 1312 quod
2015 1268 2149 1313 sororem
2163 1269 2191 1300 ei
2210 1267 2401 1301 commenda-

1580 1326 1625 1349 ret
1639 1315 1684 1348 ad
1697 1318 1914 1362 Imperatorem
1931 1314 2147 1350 deducendam.

1329 1402 1457 1462 REX
1481 1401 1644 1433 Venerabili
1658 1400 1732 1431 Patri
1745 1402 1774 1446 in
1788 1400 1907 1444 Christo
1921 1401 2044 1434 Patri&
2059 1403 2154 1434 amico
2173 1403 2223 1434 suo
2244 1403 2397 1442 specialiter
2417 1391 2493 1423 Anu·
2510 1393 2552 1424 D·

1353 1480 1357 1485 .
1402 1441 1509 1472 diletio
1522 1440 1563 1471 H.
1577 1441 1637 1471 &c.
1651 1439 1818 1471 Coloniensi
1831 1440 2073 1480 Archiepiscopo,
2091 1442 2206 1473 salutem
2224 1444 2257 1474 ὃς
2279 1443 2394 1474 sincerae
2440 1434 2526 1471 ¹23⁶·

1329 1479 1490 1511 dileetionis
1504 1479 1652 1509 affedtum.
2415 1475 2468 1499 An.
2487 1482 2531 1499 2⁰·

1366 1519 1525 1550 Patemitati
1538 1517 1640 1548 vestrae
1654 1517 1840 1557 significamus
1875 1517 1950 1557 uod,
1968 1519 1998 1548 in
2012 1518 2155 1556 praesentia
2176 1519 2215 1549 M
2271 1528 2349 1550 atum
2363 1519 2400 1550 de
2418 1515 2451 1538 Η·
2475 1520 2501 1547 3·

1330 1558 1449 1602 consilio
1464 1556 1580 1595 nostro,
1598 1556 1787 1587 consensimus
1802 1567 1861 1594 quo
1895 1558 2110 1588 matrimonium
2130 1529 2310 1588 contrffltur
2328 1559 2400 1590 inter
2417 1549 2552 1586 Claufi9.

1330 1595 1496 1640 Dominum
1513 1595 1720 1633 Imperatorem
1730 1620 1738 1633 ‚
1757 1596 1791 1627 &
1805 1595 1938 1626 dilectam
1950 1595 2075 1626 sororem
2087 1596 2214 1627 nostram
2235 1596 2399 1636 Isabessam,
2417 1592 2452 1614 H.
2465 1597 2490 1624 3·
2505 1593 2532 1623 P·

1330 1644 1367 1678 ita
1389 1634 1469 1674 quod
1490 1634 1590 1665 eadem
1609 1633 1689 1664 soror
1710 1633 1821 1672 nostra,
1840 1644 1890 1672 per
1902 1635 1990 1665 verba
1998 1634 2034 1665 de
2050 1635 2195 1674 praesenti,
2212 1635 2352 1667 consensit
2370 1637 2400 1667 in
2420 1635 2490 1654 ²·m·
2501 1633 2529 1661 7·

1330 1673 1422 1712 ipsum
1438 1673 1642 1717 Imperatorem
1657 1683 1707 1711 per
1721 1673 1858 1704 dilectum
1872 1674 1957 1704 nobis
1970 1674 2137 1713 magistrum
2152 1673 2270 1705 Petrum
2292 1674 2329 1706 de
2349 1675 2402 1706 Vi-

1330 1722 1401 1757 nea,
1418 1712 1574 1743 Nuncium
1594 1714 1691 1751 lphus,
1709 1722 1741 1743 ac
1762 1713 1792 1742 in
1813 1712 1873 1743 hoc
1894 1712 2120 1744 Procuratorem
2140 1712 2223 1750 ipsius
2238 1712 2401 1751 Imperato-

1334 1761 1379 1781 ris.

1369 1789 1498 1834 Etidem
1513 1789 1614 1820 Petrus
1627 1788 1794 1820 consensum
1814 1788 1938 1825 eiusdem
1957 1789 2059 1820 sororis
2079 1789 2187 1821 nostrae
2208 1791 2333 1830 recepit,
2349 1791 2401 1830 &,

1333 1838 1454 1872 nomme
1474 1828 1555 1866 ipsius
1576 1828 1770 1866 Imperatoris,
1789 1837 1839 1865 per
1857 1829 1944 1859 verba
1964 1828 2000 1858 de
2021 1829 2167 1867 praesenti,
2184 1829 2236 1859 ini
2256 1829 2314 1860 sam
2329 1839 2403 1861 con-

1332 1867 1431 1912 sensit,
1450 1868 1484 1899 &
1498 1869 1527 1897 in
1541 1868 1634 1897 anima
1648 1867 1730 1908 ipsius
1745 1865 1926 1904 Imperatoris
1936 1867 2042 1905 juravit
2058 1866 2137 1906 quod
2151 1866 2230 1898 idem
2261 1877 2407 1907 inperator

1333 1906 1421 1945 ipsam
1435 1905 1563 1937 sororem
1579 1905 1706 1936 nostram
1719 1905 1805 1936 ducet
1817 1907 1847 1935 in
1862 1914 1992 1936 uxorem.

1370 1945 1451 1975 Scire
1472 1955 1525 1976 vos
1548 1946 1692 1983 cupientes
1714 1943 1795 1982 quod
1815 1945 1891 1974 bene
1912 1945 2059 1982 venerim,
2077 1945 2112 1976 δε
2134 1944 2213 1983 quod
2233 1944 2270 1976 de
2282 1945 2407 1977 adventu

1333 1983 1431 2016 vestro
1444 1983 1787 2028 plurimum-gaudemus3
1805 1991 1893 2022 grates
1907 1982 2164 2014 Sanffitativestrae
2185 1983 2313 2022 copiosas
2334 1985 2409 2016 refe-

1331 2029 1422 2053 rentes
1433 2021 1512 2067 quod
1525 2022 1562 2053 de
1575 2023 1644 2060 hiis,
1659 2032 1724 2060 quae
1737 2021 1886 2060 personam
1900 2021 2028 2053 nostram
2043 2022 2124 2052 firnul
2137 2022 2171 2053 &
2187 2023 2332 2054 honorem
2346 2033 2404 2054 no-

1333 2061 1424 2091 strum
1439 2061 1576 2099 respicere
1589 2061 1738 2099 videntur,
1758 2060 1905 2099 diligenter
1916 2061 2044 2091 laborare
2057 2061 2201 2099 voluistis3
2219 2061 2315 2092 scituri
2323 2062 2403 2100 quod

1333 2100 1461 2131 Ducatui
1475 2099 1591 2139 vestro,
1610 2100 1666 2130 una
1677 2109 1747 2129 cum
1762 2098 1889 2130 Nunciis
1904 2099 2116 2138 nostris,ipsam
2130 2099 2258 2132 sororem
2272 2099 2403 2132 nostram

1331 2137 1516 2169 libentiffime
1529 2137 1775 2169 commendamus.

1369 2176 1460 2209 Teste
1467 2201 1477 2215 ,
1496 2178 1558 2208 &c.

1332 2302 1384 2334 Ne
1400 2305 1467 2348 quis
1485 2304 1659 2335 Extraneur
1679 2300 1715 2334 de
1741 2303 1874 2333 Francia
1901 2303 2060 2349 Magnas,
2087 2301 2139 2335 vel
2157 2304 2260 2335 Potens
2278 2303 2402 2350 applicet

1703 2349 1770 2392 sine
1788 2350 1909 2382 licentia
1921 2353 2017 2397 Regis.

1333 2435 1422 2494 RE
1432 2435 1463 2467 X
1482 2434 1702 2466 Constabulario
1717 2435 1766 2466 suo
1781 2434 1876 2466 Dour.
1892 2434 2019 2467 salutem.

1426 2474 1598 2519 Audivimus
1621 2474 1700 2512 quod
1718 2474 1829 2518 Comes
1849 2474 1924 2514 Augi
1937 2497 1949 2514 ,
1966 2476 2017 2513 qui
2034 2472 2076 2505 est
2097 2473 2135 2506 de
2154 2473 2295 2516 potestate
2314 2475 2401 2517 Regis

1333 2511 1479 2557 Franciae,
1493 2522 1553 2552 Jam
1571 2513 1705 2551 applicuit
1724 2523 1752 2542 m
1775 2513 1876 2545 balliva
1892 2521 1957 2551 tua3
1977 2514 2043 2552 quia
2061 2523 2133 2545 vero
2154 2523 2215 2544 non
2231 2513 2330 2554 decet,
2347 2526 2402 2547 nec

1334 2551 1448 2620 expedit
1459 2552 1542 2596 nobis
1575 2551 1633 2583 uod
1647 2551 1705 2596 talis
1720 2550 1841 2588 Magnas
1850 2575 1860 2591 ,
1877 2552 1923 2582 vel
1937 2552 2005 2583 alius
2019 2551 2197 2592 Potens,qui
2209 2552 2293 2584 fuerit
2305 2554 2341 2586 de
2348 2565 2402 2594 po-

1336 2597 1364 2620 te
1391 2599 1435 2622 ate
1449 2590 1541 2635 Regis
1584 2600 1703 2629 ranciae,
1720 2590 1841 2628 applicet
1858 2593 1887 2621 in
1909 2599 1981 2622 terra
1999 2590 2111 2630 nostra,
2130 2591 2188 2622 sine
2205 2591 2318 2624 licentia
2338 2604 2405 2625 nos-

1334 2629 1392 2668 tra,
1409 2630 1456 2661 vel
1468 2629 1577 2673 speciali
1590 2629 1724 2673 mandato
1737 2627 1853 2672 nostro,
1870 2629 1921 2659 tibi
1943 2630 2124 2667 praecipimus
2145 2630 2224 2668 quod
2242 2631 2280 2662 de
2297 2641 2404 2663 caetero

1335 2676 1562 2712 non‘perrnittas
1577 2668 1662 2711 'quod
1681 2668 1777 2710 aliquis
1791 2691 1801 2711 ,-
1832 2668 1880 2705 qui
1902 2668 1955 2697 fuit
1974 2667 2010 2697 de
2031 2668 2171 2705 potestate
2192 2669 2275 2707 ipsius
2296 2672 2386 2712 Regis
2422 2658 2539 2691 H’3'm‘

1336 2716 1371 2744 ap
1381 2706 1459 2749 ilicet
1472 2716 1502 2750 in
1516 2705 1620 2736 Balliva
1633 2715 1696 2744 tua,
1713 2708 1770 2735 {ine
1785 2705 1895 2735 licentia
1908 2704 2022 2742 nostra,
2040 2706 2086 2736 vel
2101 2706 2235 2737 mandato
2248 2709 2358 2740 nostro.
2393 2697 2403 2711 ³
2427 2694 2470 2720 ¹⁶·
2489 2690 2552 2728 dms*

1400 2752 1411 2774 t
1425 2748 1445 2775 Ii
1459 2744 1584 2782 aliquem
1598 2745 1682 2774 talem
1694 2745 1723 2774 in
1738 2743 1838 2774 balliva
1852 2752 1915 2781 tua,
1934 2744 1992 2774 fine
2005 2744 2135 2774 Licentia
2143 2744 2254 2784 nostra,
2271 2748 2317 2778 vel
2325 2759 2406 2779 man-

1335 2782 1403 2814 dato
1417 2783 1517 2813 nostro
1526 2807 1535 2820 ,
1554 2783 1588 2813 &
1601 2783 1620 2813 si
1634 2783 1758 2821 aliquem
1772 2781 1858 2812 talem
1872 2783 1900 2811 in
1914 2781 2019 2813 Balliva
2032 2790 2079 2812 tua
2093 2782 2130 2812 de
2149 2792 2257 2815 caetero
2276 2788 2407 2819 contio&

1336 2825 1371 2853 rit
1384 2822 1540 2861 applicare,
1557 2821 1627 2852 scire
1640 2823 1666 2852 ei
1679 2822 1779 2859 facim,
1797 2820 1875 2859 quod
1890 2819 1984 2851 statim
1998 2829 2161 2853 revertatur.
2357 2812 2376 2827 Β

2420 2459 2495 2490 Ann.
2509 2459 2552 2490 D.

2441 2499 2527 2538 1236.

2420 2541 2472 2566 An.
2490 2548 2537 2566 20.

2421 2581 2561 2653 gaza...

1375 2897 1467 2930 Teste
1480 2897 1566 2937 Rege
1578 2898 1652 2937 apud
1665 2898 1803 2929 Sanctum
1815 2896 2020 2937 Edmundum,
2041 2907 2078 2929 12
2090 2898 2137 2930 die
2150 2898 2260 2932 Martii.

1374 2978 1416 3005 Et
1444 2977 1606 3006 mandatum
1623 2975 1660 3016 est
1679 2978 1716 3006 E.
1739 2975 1931 3017 Cantuarienfi
1950 2975 2171 3017 Archiepfiopo,
2187 2978 2261 3018 quod
2269 2977 2341 3018 fiire
2353 2978 2404 3018 fa-

1339 3018 1396 3044 ciat
1411 3015 1530 3045 omnibus
1545 3013 1657 3045 ballivis
1665 3022 1792 3054 portuum
1798 3015 1909 3054 suorum
1917 3039 1927 3052 ,
1944 3015 2017 3055 quod
2026 3026 2078 3045 non
2087 3020 2256 3054 permittant
2275 3018 2306 3048 de
2327 3026 2406 3048 caete-

1339 3065 1369 3099 ro
1384 3052 1423 3083 ali
1443 3065 1502 3083 uem
1516 3058 1698 3093 Magnatem,
1717 3057 1763 3094 qui
1770 3052 1862 3093 fuerit
1876 3054 1908 3084 de
1923 3056 1933 3082 i
1944 3053 2002 3094 fius
2013 3057 2091 3092 Regis
2107 3054 2242 3095 potestate
2271 3056 2405 3096 applicare

1339 3104 1368 3122 m
1382 3065 1491 3122 balliva
1498 3090 1552 3137 fica
1561 3117 1571 3132 ,
1583 3092 1643 3134 fine
1657 3091 1766 3122 licentia
1778 3095 1874 3131 Regis>
1891 3103 1927 3122 ve
1953 3094 2084 3123 mandato
2098 3096 2195 3131 Regis-5
2246 3079 2256 3095 ²

1375 3131 1431 3176 Et,
1448 3131 1468 3161 si
1489 3132 1612 3170 ahquem
1632 3131 1718 3163 talem
1739 3132 1768 3161 in
1792 3131 1892 3162 balliva
1904 3131 1949 3162 sua
1962 3131 2102 3170 applicare
2113 3134 2283 3172 contigerit,
2299 3135 2326 3165 ei
2337 3134 2408 3166 scire

1337 3169 1440 3201 faciant
1456 3170 1534 3208 quod
1549 3169 1643 3201 statim
1657 3178 1817 3201 revertatur.

1372 3246 1464 3278 Teste
1476 3254 1507 3278 ut
1519 3247 1608 3285 supra.

1341 3370 1369 3398 ᾗ
1393 3373 1484 3406 Bulla
1500 3372 1536 3405 de
1554 3373 1733 3406 Protefflone
1759 3375 1879 3407 Domns
1905 3374 2073 3420 Hospitalis
2083 3401 2094 3417 ,
2112 3373 2285 3420 specialiter
2299 3383 2403 3408 autem
2427 3369 2477 3399 “1-
2492 3370 2554 3407 358-

1434 3420 1471 3454 de
1487 3422 1645 3455 Ottrinton
1658 3448 1667 3464 ‚
1693 3425 1729 3461 6„
1750 3421 1786 3455 de
1801 3424 1954 3455 Torunton
1970 3426 2001 3455 in
2016 3427 2072 3456 via
2088 3421 2300 3465 Ecclefiaxum.

1339 3507 1548 3570 GRegorius
1562 3506 1736 3551 Episcopus,
1753 3507 1846 3539 servus
1861 3508 2008 3540 servorum
2021 3507 2080 3539 Dei
2111 3506 2219 3538 dileffls
2231 3506 2292 3539 filiis
2306 3508 2401 3539 resto-
2421 3520 2449 3551 Α

1425 3556 1450 3576 ri
1470 3547 1503 3578 ὅτ,
1526 3546 1654 3590 fratribus
1673 3546 1824 3584 Hospitalis
1845 3547 1882 3578 de
1895 3547 2044 3578 Alverton.
2057 3531 2216 3576 Eboracen.
2230 3545 2318 3577 Dioc.
2333 3547 2402 3578 salu-
2450 3521 2554 3590 &gl

1337 3593 1398 3630 tem
1417 3585 1452 3616 &
1472 3583 1671 3621 Apostolicam
1692 3585 1936 3616 benedictionem.
1954 3584 2035 3616 Cum
2054 3594 2069 3614 a
2087 3584 2170 3614 nobis
2198 3586 2301 3622 petitur
2322 3585 2400 3623 quod
2419 3569 2504 3626 A1‘3
2529 3583 2535 3589 ‘

1333 3623 1443 3668 justum
1462 3621 1504 3653 est
1524 3623 1557 3667 ᾃζ
1580 3623 1750 3668 honestum,
1768 3633 1826 3669 tam
1846 3626 1928 3665 vigor
1947 3623 2103 3667 aequitatiS,
2143 3632 2208 3653 uam
2227 3622 2301 3653 ordo
2316 3625 2401 3663 exigit
2419 3610 2474 3664 Hn’
2489 3609 2537 3627 ω’

1338 3661 1562 3731 ξίξιιέῐέ-Ξέῒὲξῃιά
1574 3672 1623 3730 pgr
1636 3660 2062 3732 sollicitudircileizlm&officiifiiostri
2075 3633 2252 3730 adfiglebituffi
2264 3661 2402 3705 perduca-
2420 3680 2460 3703 Ex
2475 3647 2533 3703 {su-

1339 3739 1488 3783 lationibus
1503 3724 1585 3783 gra-'to‘
1598 3710 1800 3785 czgaeffggffi
1813 3711 1935 3777 assensum²
1954 3709 2088 3783 peesgilinas)
2103 3700 2405 3781 νειίὶῖεέεδζηὸῂξῗὲἰῐὲἰ
2419 3722 2487 3752 ngr*

1340 3777 1384 3815 le,
1402 3787 1432 3821 iri
1453 3787 1511 3815 quo
1530 3776 1627 3821 divino
1650 3778 1713 3809 estis
1735 3779 1873 3823 obsequio
1894 3787 1988 3808 manci
2024 3778 2063 3816 ti,
2080 3785 2148 3820 cum
2172 3776 2306 3807 omnibus
2322 3779 2405 3810 bonis

1340 3825 1405 3854 quae
1416 3815 1672 3859 *lmpraesentlarurn
1695 3817 1893 3848 rationabiliter
1909 3787 2047 3854 poffid’2t‚
2062 3822 2109 3844 aut
2129 3823 2160 3844 m
2177 3813 2316 3845 flaturum>
2325 3817 2406 3856 justis

1340 3853 1435 3885 modis
1448 3853 1596 3898 praestante
1610 3853 1743 3887 Domino
1758 3856 1862 3895 poterit
1874 3854 2000 3892 adipisci,
2018 3853 2067 3884 sub
2083 3853 2157 3882 beati
2170 3851 2248 3883 Petri
2260 3855 2293 3884 ὃς
2309 3856 2407 3887 nostra

1342 3892 1528 3937 protestione
1538 3893 1706 3931 suscipimus.
1741 3894 1902 3932 Specialiter
1915 3901 2010 3923 autem
2023 3891 2060 3921 de
2073 3890 2234 3922 Ottrinton.
2249 3893 2283 3923 ὃς
2297 3893 2407 3926 deTo-

1340 3940 1447 3963 runton
1458 3942 1487 3961 in
1501 3942 1563 3976 via,
1581 3933 1802 3972 eccleliaS,cum
1816 3932 1928 3970 capellis
1941 3932 1975 3962 &
1988 3930 2045 3960 aliis
2060 3930 2232 3970 pertinentiis
2245 3933 2406 3966 eorundem

1342 3980 1408 4008 quas
1422 3972 1561 4015 canonice
1574 3973 1731 4009 proponitis
1745 3982 1797 4002 vos
1811 3970 1943 4009 adeptos3
1960 3968 2068 4000 Villam
2080 3968 2139 4012 insu
2160 3978 2190 3998 er
2203 3968 2240 4000 de
2259 3969 2408 4003 Helrebec

1340 4018 1411 4041 cum
1424 4008 1594 4042 molendino
1608 4011 1642 4043 &
1654 4010 1802 4042 dimidiam
1822 4017 1968 4041 carrucam
1979 4014 2063 4039 terrae
2074 4017 2112 4046 -in
2130 3979 2338 4050 Romundebss
2354 4020 2408 4043 oc-

2377 4055 2411 4078 ω
