2570 4261
720 177 833 218 ET
917 177 1183 219 ACTA
1265 177 1748 221 PUBLICA.

33 256 108 287 Ann-
123 253 162 283 D·
181 267 248 289 cum
275 261 357 291 curiis
379 260 415 291 de
434 260 563 301 Kyburg.
587 261 621 292 δε
645 261 680 291 de
698 262 840 301 Ureburg.
866 262 899 292 &
923 272 1021 293 eorum
1045 263 1237 301 pertinentiis:

55 291 135 330 1278.
181 297 254 327 Item
272 300 377 329 curiam
396 299 471 330 Arce
491 310 558 330 cum
573 300 623 330 suis
642 300 789 330 attinentiis
805 311 810 329 :
837 310 869 329 ac
889 308 975 330 totam
994 301 1125 339 Argoiam
1140 301 1238 330 secun-

33 333 100 360 Σάν-
117 339 141 357 ¹·
181 335 250 365 dum
264 338 340 375 quod
350 338 491 375 quondam
506 337 615 368 Comes
628 337 820 367 Hartmannus
833 338 923 375 junior
943 339 978 368 de
994 338 1121 378 Kyburg.
1136 340 1168 369 &
1183 339 1238 377 pite

182 376 327 404 memoriae
343 376 488 413 AlbertuS,
502 377 611 406 oenitor
625 384 732 413 noster,
752 377 784 406 &
798 376 905 405 Comes
918 377 953 406 de
968 377 1130 416 Halwspurg,
1149 377 1239 406 Eber-

182 413 280 450 hardus
300 413 393 443 noster
408 422 502 450 patrue
513 415 548 451 is,
566 414 705 443 habebant
720 415 752 443 &
768 413 939 453 poffidebant
954 415 1070 444 eandem
1085 424 1152 444 cum
1173 424 1238 443 om-

181 451 261 480 nibus
275 451 355 480 bonis
369 451 448 481 cultis
463 451 495 481 &
511 451 637 488 incultis,
652 453 703 481 viis
717 453 749 482 &
763 453 858 490 inviis,
872 454 970 491 pratiS,
984 454 1161 490 nemoribus,
1180 452 1239 489 pas-

182 490 240 518 cuis
253 511 262 525 ,
282 488 381 527 stagnis
397 512 405 527 ,
423 490 500 527 aquis
513 512 522 527 ,
540 499 728 528 aquarumque
745 490 901 520 decuriibus
913 513 922 528 ,
947 500 1014 520 cum
1030 491 1190 521 hominibus
1204 491 1237 520 &

182 526 348 557 distriffibus
361 549 371 564 ,
388 537 502 557 necnon
521 529 601 557 omni
615 528 677 564 jure
696 529 794 566 pariter
815 530 847 559 ἃ
862 529 986 567 honore3
1002 530 1122 567 exceptis
1135 528 1238 565 Opidis

182 563 391 603 Bremegarcen.
413 564 596 604 lXslejenberg,
616 565 737 605 Brugge,
755 566 788 596 ὅ(
804 566 886 596 bonis
906 565 955 596 suis
968 590 977 604 ,
996 569 1024 597 in
1038 567 1144 606 praedio
1160 565 1237 604 quod

182 603 328 640 vulgariter
348 603 449 633 dicitur
470 603 560 633 Indeir
576 603 686 642 Eigen3
705 605 740 634 ita
753 604 829 642 quod
843 604 918 634 dieta
929 604 1058 642 Johanna
1070 628 1080 644 ,
1095 606 1112 635 si
1127 628 1136 643 ,
1151 606 1183 635 ei
1197 604 1238 634 su-

181 640 294 676 perstite
309 664 318 679 ,
335 640 425 672 dietus
447 641 488 671 H.
503 640 571 672 filius
590 641 684 670 noster
703 642 773 672 sorte
787 642 918 673 facultatis
933 644 1061 673 humanae
1074 643 1238 682 decefferit,

181 680 278 708 omnia
291 687 442 717 praenotata
456 680 530 709 bona
543 680 576 709 ad
590 688 716 717 tempora
729 681 793 710 vitae
808 681 860 710 suae
872 681 987 720 pacifice
999 682 1032 711 &
1047 683 1140 720 quiete
1155 681 1238 718 polsi—

180 715 243 746 deat
259 728 269 755 3
296 718 349 755 ipsa
366 726 460 748 tamen
477 717 609 748 defuncta
624 741 633 756 ,
659 719 691 748 &
711 718 832 748 haeredes
857 718 966 749 nostros
985 720 1132 758 legitumos
1154 721 1238 749 libere

181 753 317 787 reversura
331 779 341 795 ,
365 755 384 786 fi
404 755 546 795 praefatam
562 755 590 793 J.
608 767 624 786 a
645 756 781 796 praediffio
797 756 837 786 H.
862 757 919 787 filio
938 757 1036 787 nostro
1050 758 1158 795 prolem
1178 767 1238 787 non

180 795 256 824 cont'
276 796 328 824 erit
341 793 489 831 suscepisse.

219 832 239 851 ἧς
285 841 364 862 erum
379 856 389 869 ,
408 833 427 862 li
439 855 448 869 ,
467 833 482 862 {1
502 831 574 862 Filio
594 831 691 862 nostro
712 832 891 863 Hartmanno
909 834 1062 871 praeducto,
1080 835 1237 873 pinguiori,

182 869 311 907 processu
326 872 475 911 temporis,
491 870 624 900 arridente
638 871 764 910 fortuna,
784 872 899 909 przefaro
917 872 1073 911 Anglorum
1093 873 1166 911 Regi
1181 872 1238 911 pla-

181 910 285 947 cuerit,
303 908 381 946 quod
401 911 429 938 in
441 909 498 938 aliis
509 910 584 938 terris
599 910 630 939 &
647 909 731 947 locis,
749 920 811 949 quae
828 910 914 947 ipsum
931 911 1031 941 Filium
1044 910 1172 940 nostrum
1180 910 1238 939 adi-

180 946 244 983 pisci
260 948 426 986 contigerit,
440 946 597 986 fiepediffitae
613 947 690 976 Filiae
704 947 756 977 suae
767 948 906 986 Johannae
920 949 1034 978 donatio
1043 957 1155 986 propter
1168 958 1238 987 nup-

180 985 228 1028 tias
241 985 402 1024 assignetur,
421 985 578 1023 hujusmodi
591 987 756 1024 permutatio
777 987 826 1017 fibi
839 986 886 1017 fiet
901 997 954 1027 pro
973 987 1027 1017 suae
1040 987 1119 1017 libito
1138 987 1239 1017 volun-

180 1030 249 1053 tatis.

219 1060 258 1091 Et
270 1061 348 1101 super
360 1062 412 1092 hiis
424 1062 571 1100 omnibus,
589 1070 646 1092 tam
663 1061 798 1101 sollerter,
818 1064 903 1101 quarn
918 1063 1034 1093 fideliter
1045 1062 1239 1101 adimplendis,

182 1101 322 1130 cautiones
335 1101 508 1131 rationabiles
522 1102 554 1130 &
571 1100 715 1139 honestas,
735 1112 799 1140 quas
814 1103 889 1132 idern
901 1102 1060 1141 Anglorum
1075 1101 1138 1131 Rex
1153 1101 1237 1131 habe-

182 1147 212 1167 re
224 1139 366 1178 maluerit,
383 1141 407 1169 ei
421 1139 498 1169 bona
510 1138 563 1169 fide
578 1140 765 1174 promittimus
779 1150 830 1169 nos
845 1140 963 1170 daturos.

216 1175 250 1206 In
266 1186 386 1215 quorum
397 1179 526 1208 omnium
538 1177 732 1208 testimonium
748 1179 780 1208 ὃς
794 1178 962 1208 evidentiam
977 1177 1148 1216 pleniorem,
1164 1187 1236 1213 prae-

181 1213 239 1244 sens
256 1215 389 1259 scriptum
408 1215 507 1246 exinde
521 1215 661 1246 conscribi
682 1217 715 1247 &
731 1215 875 1254 majestatis
894 1215 1000 1246 nostrae
1011 1216 1097 1254 sigillo
1109 1215 1237 1253 jussimus

180 1262 363 1284 communiri.

219 1291 287 1322 Nos
298 1293 381 1322 etiam
405 1292 533 1323 Albertus
548 1292 581 1321 ὃς
599 1290 789 1322 Hartmannus
802 1315 812 1329 ,
830 1291 892 1321 Filii
912 1291 1081 1321 Sereniffimi
1099 1291 1236 1329 Principis

179 1328 303 1360 Domini
317 1331 408 1361 nostri
422 1330 461 1360 R.
475 1330 675 1359 Romanorum
690 1329 795 1368 Regis,
808 1329 843 1359 de
854 1329 1005 1368 Hapsburg
1017 1331 1050 1360 δε
1064 1329 1099 1359 de
1116 1329 1236 1369 Kyburg

183 1366 331 1407 Comites,
350 1368 460 1398 Alsatiae
474 1367 632 1406 Lantgravii
647 1390 656 1405 ,
674 1367 750 1406 supra
766 1366 868 1404 scriptis
881 1368 1013 1397 omnibus
1026 1367 1153 1397 nostrum
1168 1368 1236 1397 libe-

177 1415 260 1444 rum,
278 1407 392 1444 plenum
404 1407 436 1437 &
453 1405 613 1436 ultroneum
625 1405 786 1436 abhibentes
799 1405 950 1442 assensum,
968 1416 998 1435 ea
1017 1406 1047 1435 in
1062 1406 1170 1443 lingulis
1184 1406 1235 1436 suis

177 1445 298 1475 articulis
310 1467 319 1482 ,
335 1451 420 1485 prout
439 1445 499 1474 sunt
521 1443 641 1481 expressa
657 1444 776 1483 superius
789 1466 799 1482 ,
817 1443 891 1474 bona
905 1442 977 1482 fide,
995 1452 1050 1473 tam
1067 1453 1137 1482 rata,
1154 1454 1238 1484 quarn

178 1483 358 1521 inconvulsa,
377 1483 565 1519 promittimus
580 1492 631 1512 nos
647 1490 780 1520 perpetuo
794 1482 944 1512 servaturos
959 1505 968 1520 ,
985 1481 1067 1521 figilla
1083 1483 1190 1520 nostra,
1210 1483 1238 1513 in

179 1520 280 1551 stabilis
300 1520 433 1551 firmitatis
452 1520 589 1551 indicium
605 1543 614 1557 ,
632 1523 686 1550 una
705 1530 775 1551 cum
794 1520 880 1558 sigillo
898 1520 1024 1560 praedieti
1043 1519 1165 1550 Domini
1181 1520 1241 1551 Au-

177 1558 249 1598 gusti
260 1560 390 1599 genitoris
405 1558 509 1597 nostri,
526 1558 704 1599 praesentibus
716 1559 910 1599 appendentes.

216 1639 316 1671 Testes
330 1648 422 1671 autem
444 1638 522 1677 hujus
535 1640 572 1670 rei
588 1639 651 1670 sunt
665 1639 706 1670 G.
720 1638 914 1677 Virdunenfis,
932 1639 965 1670 ὃ(
982 1638 1023 1669 H.
1037 1638 1183 1670 Basiliensts
1202 1637 1241 1669 Ε-

180 1678 300 1718 piscopi:
320 1679 356 1708 A.
371 1680 460 1717 major
473 1678 585 1709 Tullen.
606 1677 827 1709 Archidiaconus
841 1701 850 1716 ,
869 1678 910 1708 G.
931 1678 1034 1708 Solien.
1051 1678 1085 1708 &
1102 1679 1136 1708 A.
1153 1677 1238 1708 &Ver-

180 1716 246 1746 den.
269 1717 427 1756 praepositi:
449 1716 544 1747 Frater
563 1716 735 1756 Beringerius
752 1717 788 1747 de
809 1716 907 1747 ordine
928 1715 1064 1754 hospitalis
1078 1715 1175 1746 Sanffl
1187 1716 1239 1752 Jo-

178 1754 276 1785 hannis
291 1754 518 1794 Jerosolomitani
535 1765 541 1784 :
561 1753 601 1784 H.
623 1755 659 1785 de
673 1754 845 1785 Vurstenber
878 1778 887 1792 ,
905 1754 940 1784 E.
952 1755 988 1785 de
1007 1754 1237 1784 Catzenellerbo-

174 1801 250 1837 gen,
270 1791 306 1823 de
317 1793 347 1823 T
385 1794 526 1833 genberg,
541 1793 574 1824 &
589 1793 673 1837 Rde
687 1793 825 1837 Raprehit
835 1764 938 1824 &Mller
954 1792 1097 1837 Comites:
1115 1791 1151 1836 C.
1167 1792 1236 1822 Bur-

173 1839 284 1869 gravrus
295 1831 332 1862 de
383 1832 501 1862 urenber
528 1831 648 1870 Jumor,
664 1832 781 1870 Dapifer
796 1832 829 1862 &
845 1831 1022 1862 Camerarius
1036 1830 1156 1861 Austriae
1171 1853 1180 1867 ,
1199 1831 1235 1860 A.

175 1869 213 1899 de
225 1869 390 1913 Cunringen
400 1892 410 1907 ,
421 1841 545 1914 'Tumffie
559 1871 594 1900 de
614 1880 692 1900 novo
714 1869 834 1909 Castro,
853 1870 949 1900 Petrus
969 1869 1103 1901 Scalatius
1116 1868 1151 1900 de
1164 1868 1235 1900 Basi-

177 1906 237 1947 lea,
254 1907 377 1946 Milites,
393 1907 492 1948 aliique
507 1909 690 1950 quamplures.

36 828 165 864 *11.113.

212 1987 280 2018 Dat.
300 1989 427 2019 Wienne
446 1990 546 2028 quinto
566 1990 651 2020 Non.
671 1989 761 2028 Maii,
779 1988 881 2020 Indicit.
901 1987 971 2020 seXta
984 2011 994 2027 ‚
1016 1997 1092 2019 anno
1113 1987 1234 2019 Domini

180 2028 266 2064 1278.
282 2026 377 2067 Regni
395 2037 463 2058 vero
476 2028 564 2059 nostri
578 2039 653 2059 anno
667 2030 776 2068 quinto.

172 2161 225 2194 De
243 2162 324 2206 Rege
343 2161 546 2192 Romanorum
565 2158 754 2204 confirmante
771 2162 871 2191 omnia
889 2161 925 2196 όν
928 2157 1049 2203 singula
1054 2158 1149 2203 sitpra
1164 2169 1233 2190 ma-

215 2210 355 2239 trimonio
380 2211 457 2240 inter
475 2210 706 2241 Hartmannum
722 2207 857 2249 Filium,
883 2210 919 2245 ὠ·
936 2203 1118 2252 Johannam
1129 2205 1233 2250 filiam

172 2273 174 2275 ·
218 2254 372 2289 Edwardi
386 2254 624 2301 confhmmando,

25 2346 102 2376 Ann.
118 2344 403 2402 D.RUdolphus,
422 2344 480 2377 Dei
503 2344 615 2385 gratia,
632 2346 834 2376 Romanorum
860 2345 925 2376 Rex
947 2344 1052 2382 semper
1073 2343 1212 2383 Augustus
1224 2365 1235 2383 ,

46 2384 130 2421 1278.
245 2385 376 2416 univerfis
394 2385 462 2415 sacri
484 2384 613 2414 Romani
628 2385 738 2423 imperii
751 2384 895 2422 fidelibus,
913 2383 1057 2421 praesentes
1072 2383 1174 2413 litteras
1190 2384 1234 2412 in-

24 2426 75 2450 An.
92 2425 119 2450 6.
175 2423 321 2464 speeturis,
358 2424 454 2453 ratiam
466 2422 541 2452 suam
556 2423 590 2452 &
604 2432 692 2452 omne
705 2423 824 2452 bonum.

23 2465 52 2488 E·
76 2471 98 2488 ¹-
211 2460 408 2492 Univeritatis
426 2459 525 2491 vestrae
544 2460 652 2490 notitiae
673 2460 844 2492 declaramus
858 2481 868 2497 ,
893 2458 1052 2496 {impliciter
1073 2459 1106 2489 &
1123 2459 1235 2498 publice

23 2498 128 2527 Ibidem.
196 2499 357 2530 rorestantes
380 2498 458 2538 quod
473 2521 482 2535 ,
501 2506 568 2528 cum
597 2499 762 2537 jampridem
785 2496 972 2529 venerabilem
997 2496 1038 2526 H.
1062 2497 1235 2527 Bafih'ensem

174 2509 279 2578 {pisce
300 2548 350 2568 urn
372 2536 533 2576 Principem
555 2536 684 2567 nostrum
704 2537 874 2567 cariffimum
888 2559 897 2573 ,
912 2535 946 2565 &
967 2535 1130 2574 magistrum
1145 2536 1234 2566 Andr.

170 2586 269 2616 praepo
279 2584 352 2606 itum
371 2574 535 2605 Werdensis
553 2574 700 2606 familiares
719 2575 831 2605 nostros
843 2595 853 2612 ,
868 2573 902 2603 ad
918 2574 1101 2612 magnificum
1125 2573 1234 2604 Princi-

172 2625 238 2653 pem
262 2614 423 2644 Dominum
449 2612 619 2643 Edwardum
633 2636 643 2651 ,
661 2613 720 2643 Dei
761 2613 827 2643 ratia
840 2635 849 2651 ,
868 2611 980 2650 Regem
1004 2611 1114 2680 Arligliae
1128 2635 1138 2650 ‚
1156 2612 1234 2680 Γιὲξει·

173 2653 354 2684 matrimonio
390 2653 461 2683 inter
480 2650 692 2682 Hartmannum
706 2650 741 2681 de
787 2652 903 2690 abspurg
924 2651 957 2681 &
977 2649 1013 2680 de
1068 2651 1157 2689 yburg
1221 2668 1233 2674 -

173 2693 274 2722 mitem
315 2675 423 2721 Alsiitiae
439 2690 629 2729 Langravium
644 2711 654 2727 ,
670 2689 776 2720 Filium
791 2689 936 2726 nostrum,
955 2688 988 2719 δε
1002 2689 1128 2719 inclitam
1142 2689 1235 2719 domi-

173 2731 273 2761 cellam
281 2714 458 2768 Johannam,
473 2728 592 2766 ejusdem
607 2728 695 2768 Regis
708 2728 819 2768 Angli-ae
832 2728 945 2765 Filiam,
964 2727 1178 2766 contrahendo,
1195 2728 1231 2758 de

171 2768 270 2800 nostro
288 2767 369 2798 latere
382 2766 561 2805 misissemus,

209 2806 248 2837 Et
263 2806 341 2844 super
360 2806 543 2836 matrimonio
563 2804 623 2841 ipso
660 2804 728 2835 loco
743 2805 777 2836 &
790 2812 917 2844 tempore
930 2803 1172 2842 consummando,
1191 2805 1234 2835 in-

173 2853 215 2876 ter
229 2845 343 2875 eosdem
359 2844 570 2875 Hartmannum
582 2843 615 2874 &
643 2843 784 2874 ohannam
801 2844 853 2873 'am
867 2844 918 2873 sint
931 2843 1076 2873 contradta
1089 2841 1230 2882 sponsalia,

173 2885 207 2915 &
246 2894 275 2914 er
287 2883 357 2923 ipsos
371 2883 488 2913 nuncios
508 2881 637 2921 quaedam
653 2906 663 2920 ,
678 2891 742 2922 quae
755 2882 833 2912 dicto
848 2882 962 2920 negotio
975 2890 1153 2920 congruunt,
1168 2883 1231 2912 vice

173 2933 213 2953 no
240 2922 286 2960 ra,
303 2921 457 2960 nostroque
470 2921 587 2950 nomine
601 2919 654 2950 sint
669 2920 854 2961 sollempniter
866 2920 959 2950 aeditae
974 2920 1133 2958 padiiones,

207 2961 276 2990 Nos
297 2959 422 2989 universa
442 2960 476 2990 &
497 2959 535 2989 fin
556 2959 614 2996 ula,
631 2969 694 2996 quae
710 2969 758 2996 per
773 2959 892 2990 nuncios
911 2967 1081 2989 memoratos
1118 2967 1175 2989 tam
1190 2957 1232 2987 su-

173 3007 223 3037 per
243 2997 413 3037 principali,
435 3006 519 3034 quarn
549 3006 617 3034 uper
636 2997 792 3028 accessoriis
805 3021 815 3035 ,
839 2998 868 3027 in
888 2997 1030 3036 praemiffis
1049 2982 1141 3028 eidem
1157 2997 1230 3034 Regi

173 3036 284 3075 Angliae
303 3035 364 3065 sunt
379 3034 526 3074 promissa,
543 3043 597 3064 rata
610 3044 739 3075 grataque
753 3043 876 3066 tenentes
890 3058 900 3073 ,
919 3034 973 3064 fide
994 3035 1072 3074 super
1086 3036 1143 3065 hoc
1158 3044 1231 3074 prte-

173 3073 235 3104 stita
249 3074 400 3113 corporali,
409 3072 565 3102 constanter
575 3073 608 3103 &
622 3074 817 3105 inviolabiliter
831 3084 862 3104 ea
875 3074 1021 3105 observare
1032 3074 1230 3114 promittimus,

173 3113 207 3144 &
219 3113 249 3142 in
263 3112 371 3150 singulis
381 3111 431 3143 suis
442 3111 560 3141 articulis
572 3109 721 3142 efficaciter
735 3112 894 3151 adimplere.

214 3150 248 3180 In
268 3152 345 3188 cujus
364 3151 404 3180 rei
418 3148 610 3179 testimonium
632 3151 774 3187 praesentes
794 3152 893 3181 litteras
908 3150 1009 3181 exinde
1021 3151 1179 3188 conscribi,
1196 3149 1229 3180 &

174 3188 328 3227 Majestatis
342 3187 446 3219 nostrae
461 3187 547 3226 sigilli
563 3189 720 3219 munimine
732 3189 854 3227 jussimus
866 3189 1000 3220 roborari.

211 3268 278 3299 Dat.
290 3269 408 3299 Wienn.
418 3269 517 3308 quinto
530 3267 613 3298 Non.
627 3267 700 3299 Maii
713 3268 813 3301 IndiCt.
824 3269 912 3308 sexta,
926 3280 1002 3302 anno
1010 3269 1133 3302 Domini
1150 3269 1231 3308 1278.

175 3307 272 3346 Regni
285 3316 353 3338 vero
367 3306 455 3337 nostri
467 3313 543 3336 anno
555 3307 664 3346 quinto·

195 3437 244 3470 De
263 3436 451 3483 Jnramcnto
465 3463 474 3478 ‚
498 3446 551 3481 per
567 3440 686 3468 nuncios
700 3435 840 3482 praestita,
861 3448 914 3483 per
933 3442 1040 3486 Regem
1058 3442 1205 3472 Romano-

337 3496 406 3517 rum
420 3484 589 3529 confirmato
602 3485 693 3531 fhper
709 3489 900 3518 matrimonio
909 3487 1065 3533 stepediHO.

25 3568 101 3599 Ann.
116 3568 157 3599 D.
174 3574 391 3630 RUdolphus
437 3573 502 3618 Dei
515 3571 598 3616 gratia
611 3595 621 3609 ‚
640 3571 840 3605 Romanorum
863 3574 927 3605 Rex
951 3575 1057 3614 semper
1078 3575 1234 3615 Augustus,

47 3607 130 3643 ¹278·
245 3615 376 3643 univerns
396 3597 503 3642 Christi
524 3611 665 3649 fidelibus,
683 3612 826 3648 praesentes
846 3612 946 3644 litteras
964 3615 1124 3655 inspetsturis
1136 3638 1147 3654 ,
1165 3615 1232 3645 salu-

22 3649 76 3673 Aa.
91 3648 118 3672 ⁶·
177 3661 236 3683 tem
251 3653 280 3682 in
294 3651 435 3682 Domino.

25 3687 62 3726 E..
74 3693 96 3711 ¹·
214 3690 342 3720 Noverit
357 3689 529 3719 Univerfitas
541 3687 630 3718 vestra
647 3686 739 3725 quod,
757 3697 824 3718 cum
838 3689 857 3709 ³*
870 3691 1030 3721 venerabilis
1044 3691 1137 3722 Frater
1149 3690 1232 3721 Hen-

23 3721 127 3749 lbzdem.
177 3729 249 3759 ricus
268 3728 413 3758 Bafiljenfis
435 3725 587 3765 Episcopus
602 3749 612 3762 ,
631 3735 743 3755 necnon
763 3726 934 3758 honorabilis
956 3730 1086 3768 magister
1109 3730 1232 3760 Andreas

23 3758 43 3777 ¹*
54 3761 106 3787 ΠΛ
117 3768 159 3795 ¹4·
176 3765 517 3805 praepofituswerdenfis‚
533 3764 710 3794 Notarius&
725 3763 863 3794 familiaris
874 3766 969 3796 noster
979 3768 1111 3806 dilectus,
1136 3768 1229 3798 lenum

174 3814 207 3834 ac
219 3806 235 3834 s
248 3806 334 3836 eciale
349 3807 364 3834 a
378 3804 460 3834 nobis
472 3804 500 3832 in
513 3803 638 3832 animam
650 3801 774 3832 nostram
794 3803 896 3832 ‘urandi
909 3805 1071 3836 mandatum
1089 3807 1122 3836 ha
1145 3815 1233 3845 entes,

174 3842 211 3871 de
263 3853 390 3874 artmano
403 3866 413 3881 ,
432 3841 503 3872 Filio
523 3840 619 3870 nostro
638 3839 741 3870 dilec‘to
756 3862 765 3877 ‚
802 3850 817 3869 e
832 3839 980 3881 Habspurg
994 3844 1027 3873 ὃς
1044 3844 1080 3873 de
1099 3843 1228 3883 Kyburg.

174 3879 292 3910 Comite
304 3904 314 3919 ,
339 3881 450 3911 Alsatiae
473 3879 544 3909 Lanr
566 3880 641 3908 ravio
653 3901 662 3916 ,
686 3878 790 3908 inclitae
807 3877 945 3916 Johannae
960 3903 970 3919 ,
985 3881 1093 3911 illustris
1109 3882 1229 3913 Domini

175 3917 306 3949 Edwardi
321 3942 331 3958 ,
351 3919 408 3949 Dei
428 3917 528 3957 gratia,
576 3918 631 3956 egis
646 3916 803 3954 Anglorum
818 3916 841 3945 F
843 3916 912 3954 iliae,
930 3920 1166 3950 matrimonialiter
1181 3931 1230 3950 co-

175 3955 295 3992 pulando
308 3979 318 3994 ,
334 3957 461 3996 sponsalia
481 3954 663 3986 contrahendi
680 3977 688 3990 ,
706 3955 738 3985 &
753 3964 804 3984 nos
816 3953 850 3984 ad
866 3955 1138 3987 consummationem
1150 3960 1229 3997 ipsius

175 3994 344 4063 nigrimffnii
358 3996 489 4036 congruis
503 3995 617 4026 nexibus
628 3993 772 4033 obligandi
785 4015 796 4031 ,
812 3993 874 4024 vice
887 3993 979 4026 nostri
991 3996 1024 4027 &
1040 3997 1158 4027 nomine
1165 4008 1229 4027 nos-

230 4042 277 4062 om.
312 4056 317 4062 .
335 4035 367 4063 P.
386 4036 428 4064 ΙΙ.

2252 195 2325 232 171

1270 269 1315 291 tro
1327 286 1336 299 ,
1361 262 1389 292 in
1411 264 1531 294 animam
1552 264 1675 295 nostram
1694 265 1845 301 sollempne
1863 273 1896 294 ac
1911 264 2053 301 corporale
2067 263 2241 300 praestiterint
2250 265 2322 302 jura·
2342 261 2416 291 Ann.
2435 261 2476 292 D.

1275 308 1404 330 mentum
1419 324 1427 339 ,
1449 302 1524 339 quod
1549 303 1621 332 inter
1647 303 1756 332 eosdem
1784 303 1990 332 Hartmannum
2003 325 2012 339 ‚
2030 302 2130 331 Filium
2150 302 2277 332 nostrum
2293 305 2326 333 ὃς
2362 299 2451 336 1278.

1274 338 1415 376 praefatam
1425 339 1583 377 Johannam
1597 363 1605 377 ,
1622 350 1713 370 natam
1728 340 1853 378 praedicti
1869 340 1955 379 Regis
1970 340 2097 378 Angliae,
2112 341 2254 378 sponsalia,
2272 342 2328 378 jam
2345 340 2408 365 Edv.
2433 346 2455 363 ¹2

1275 376 1437 414 commeta,
1452 378 1524 407 circa
1539 379 1701 416 proximum
1714 378 1813 407 instans
1825 378 1926 407 festum
1942 376 1975 407 N
1978 379 2102 408 ativitatis
2123 380 2210 408 beatae
2226 377 2329 408 Mariae

1274 415 1402 452 virginis,
1420 415 1465 444 vel
1479 417 1604 452 circiter,
1623 416 1678 445 sive
1698 417 1752 445 alio
1765 418 1850 454 magis
1865 426 2008 456 oportuno
2022 425 2166 454 tempore,
2183 425 2264 455 prout
2278 427 2331 447 no-

1274 452 1315 480 bis
1329 454 1539 483 convenientius
1552 454 1681 489 expedire
1693 454 1848 491 videbitur,
1863 464 1911 493 per
1923 454 2078 492 ibllempnis
2092 456 2262 485 matrimonii
2274 466 2328 486 CO<

1276 490 1370 526 pulam
1387 491 1507 520 debeant
1522 490 1714 520 efficaciilime
1731 490 1853 527 solidari,

1312 528 1379 558 Nos
1395 528 1468 558 idem
1480 529 1523 566 jus
1533 529 1701 566 jurandum,
1721 539 1768 566 per
1787 528 1876 558 dictos
1889 529 1980 558 fideles
1992 529 2025 559 ὃς
2042 529 2159 559 ἀργοῑος
2171 530 2283 560 nostros
2297 532 2327 561 in

1275 566 1399 596 animam
1422 566 1565 604 nostram,
1582 567 1617 596 de
1631 566 1727 596 nostro
1748 567 1856 605 speciali
1873 567 2022 604 mandato,
2042 567 2190 605 nostraque
2207 570 2329 599 auctori-

1276 612 1331 634 tate
1354 605 1390 634 iic
1413 605 1569 645 praestitum
1584 628 1593 642 ,
1614 614 1704 635 ratum
1721 605 1753 634 δεῖ
1767 605 1900 634 illibatum
1913 627 1922 642 ,
1941 604 1995 634 fide
2010 605 2088 642 super
2102 606 2157 636 hoe
2174 608 2330 644 interposita

1274 643 1415 681 corporali
1431 666 1439 681 ,
1459 643 1654 673 inviolabiliter
1675 643 1820 672 observare
1835 643 2037 682 promittimus‘,
2057 644 2088 673 ὃς
2110 645 2247 681 Ρηειῃίίῖιι
2266 647 2329 675 uni-

1274 681 1349 710 versa
1365 682 1397 711 &
1413 681 1531 719 singula,
1550 690 1632 720 prout
1647 681 1764 718 superius
1779 680 1840 710 sunt
1854 680 1974 719 expressa
1983 703 1992 718 2
2011 683 2138 717 perverlo
2148 683 2262 722 ingenio
2278 694 2330 723 pe-

1277 719 1349 748 nitus
1364 719 1490 757 excluso,
1506 719 1620 749 fideliter
1634 718 1790 758 adimplere.

1287 788 1289 790 ,
1310 756 1343 786 In
1365 759 1441 800 cujus
1461 758 1500 787 rei
1517 757 1709 788 testimonium
1729 757 1906 796 praesentibus
1923 755 2051 796 Sigillum
2066 757 2192 788 nostrum
2207 759 2326 790 fecimus

1275 804 1388 832 apponi.

1309 872 1376 917 Dar.
1394 874 1506 906 Vienne
1526 878 1627 916 quinto
1645 874 1730 905 Non.
1748 873 1819 905 Maii
1848 873 1951 905 Indi&
1967 874 2055 913 sexta,
2073 874 2167 914 Regni
2181 875 2270 906 nostri
2285 887 2333 908 an-

1275 921 1314 941 no
1330 921 1438 949 quinto.

1274 1059 1381 1090 Litemz
1400 1061 1491 1092 Annae
1510 1063 1619 1105 Reginae
1637 1063 1838 1092 Romanorum
1850 1057 1885 1089 de
1895 1059 2027 1103 pr0m1ffl)
2047 1059 2125 1104 quod
2139 1064 2240 1105 nrtptiae
2254 1063 2330 1093 inter

1320 1109 1551 1139 ILzrtmannum
1562 1111 1598 1145 ρὰ·
1611 1106 1807 1152 Johmmam',
1833 1109 1913 1137 circa
1929 1106 2043 1147 cht'nm
2056 1110 2241 1140 Alana-itatis
2259 1106 2329 1141 bea-

1320 1164 1352 1185 tae
1363 1158 1476 1187 Marias
1485 1182 1494 1198 ‚
1516 1153 1707 1188 celebrentur.

1348 1242 1474 1273 Niversis
1488 1242 1595 1273 Christi
1611 1242 1737 1274 fidelibus
1754 1266 1763 1280 ,
1781 1240 1923 1280 praesentes
1939 1241 2037 1271 litteras
2053 1242 2147 1272 visuris
2159 1243 2201 1273 vel
2216 1245 2326 1276 auditu·
2345 1252 2421 1283 Anu,
2435 1252 2477 1283 D⁴

1308 1319 1312 1323 q
1358 1283 1407 1318 ris,
1426 1281 1525 1318 Anna,
1544 1281 1600 1311 Dei
1616 1283 1718 1321 gratia,
1737 1281 1935 1311 Romanorum
1953 1280 2079 1318 Regina,
2092 1281 2205 1311 ialutern
2221 1285 2249 1312 in
2260 1284 2325 1314 Do-
2364 1292 2448 1329 1273,

1275 1328 1354 1348 mino
1367 1320 1570 1358 sempiternam.
2343 1333 2394 1357 An.
2412 1332 2440 1357 6,

1307 1355 1434 1388 Noverit
1453 1358 1625 1388 Universitas
1648 1357 1738 1388 vestra
1756 1357 1834 1395 quod
1861 1365 1913 1385 nos
1938 1355 2070 1385 illustrem
2093 1356 2324 1398 Hartmannum,
2345 1373 2363 1394 E
2398 1378 2419 1394 ι,

1268 1393 1417 1426 Comitem
1430 1396 1465 1426 de
1480 1396 1647 1433 Habesburg
1661 1397 1694 1426 ὃς
1710 1397 1746 1426 de
1761 1396 1802 1432 K>
1812 1397 1899 1433 burg,
1917 1394 2025 1423 Aliatize
2041 1395 2238 1433 lantgravium
2247 1420 2257 1435 ,
2277 1398 2329 1427 Fi·
2342 1406 2443 1434 Ibidem.

1267 1433 1337 1462 lium
1355 1434 1498 1472 nostrum,
1521 1435 1624 1464 inclitae
1635 1434 1795 1465 domicellae
1803 1433 1960 1471 Johannae,
1981 1434 2121 1471 magnifici
2137 1433 2259 1465 Domini
2268 1436 2327 1465 Ed-

1270 1471 1357 1501 wardi
1376 1471 1461 1511 Regis
1484 1473 1645 1511 Anglorum
1661 1472 1755 1510 Filiae,
1772 1472 1837 1501 dare
1850 1472 2038 1508 promisimus
2060 1481 2087 1500 in
2105 1472 2258 1511 Maritum,
2276 1474 2330 1505 side

1268 1509 1348 1549 super
1363 1510 1419 1541 hoc
1436 1511 1594 1548 interporita
1609 1512 1745 1550 corporali
1760 1511 1823 1540 vice
1836 1520 1869 1539 ac
1883 1510 2000 1538 nomine
2016 1509 2129 1548 nostro,

1307 1548 1383 1578 Inter
1398 1560 1468 1589 quos
1482 1549 1692 1579 Harrmannum
1714 1550 1747 1580 δε
1760 1547 1937 1586 Johannam,
1955 1547 2115 1586 sponsalibus
2132 1549 2190 1586 jam
2204 1558 2332 1582 contrac-

1268 1586 1319 1624 tis,
1337 1588 1410 1618 circa
1425 1589 1585 1627 proximum
1600 1586 1700 1616 instans
1715 1587 1828 1616 Festum
1845 1586 2005 1615 Nativitatis
2031 1587 2119 1615 beatae
2138 1587 2237 1618 Maria:
2253 1590 2334 1628 virgi-

1268 1625 1381 1662 nis-,vel
1391 1627 1517 1664 circiter,
1537 1634 1620 1665 prout
1637 1625 1685 1662 ipsi
1701 1625 1832 1655 Domino
1845 1623 1943 1654 nostro
1958 1622 2031 1661 Regi
2045 1624 2242 1655 Romanorum
2259 1637 2332 1657 con-

1268 1662 1358 1692 sultius
1370 1665 1499 1704 expedire
1511 1664 1667 1700 videbitur,
1686 1663 1736 1692 sub
1753 1663 1873 1700 ejusdem
1888 1660 2089 1704 fideipraestitae
2104 1664 2234 1701 religione
2244 1677 2330 1705 ,pro-

1267 1702 1402 1768 rPittimus
1420 1703 1631 1733 matrimonium
1651 1711 1719 1732 cum
1738 1701 1920 1731 sollemnitate
1936 1702 2067 1730 conlueta
2088 1702 2121 1731 ὃς
2142 1703 2237 1734 debitis.
2256 1714 2330 1734 con-

1288 1749 1416 1770 ummarr.

1307 1778 1339 1807 ln
1362 1779 1439 1822 eujus
1461 1780 1499 1810 rei
1521 1778 1715 1810 testimonium
1735 1777 1911 1818 praesentibus
1928 1776 2047 1815 sigillum
2062 1776 2191 1810 nostrum
2214 1779 2332 1811 fecimus

1269 1825 1381 1855 apponi.

1304 1895 1371 1927 Dat.
1391 1897 1516 1930 Wienne
1527 1900 1625 1938 quinto
1639 1898 1725 1929 Non.
1738 1896 1833 1935 Maii,
1850 1906 1927 1926 anno
1941 1896 2063 1927 Domini
2080 1896 2162 1935 1278.

1267 2044 1316 2076 De
1333 2041 1473 2086 Pottstate
1491 2041 1565 2075 data
1584 2044 1657 2088 Regi
1676 2041 1790 2087 Angliae
1804 2050 1857 2086 per
1877 2035 2059 2083 Rodolplmm
2086 2041 2194 2085 Regem
2212 2042 2326 2072 Roma·

1315 2103 1422 2124 norum
1446 2089 1636 2124 contrahendi
1654 2100 1828 2136 perpetuam
1841 2098 1945 2134 pacem
1963 2090 2039 2119 inter
2064 2088 2157 2133 ipsam
2173 2091 2209 2126 φ’*
2227 2091 2328 2121 Comi-

1318 2149 1377 2173 tcm
1393 2137 1558 2173 Sabaudiae.

1270 2229 1346 2291 M
1356 2228 1543 2275 Agnifico.&
1560 2227 1703 2259 excellenti
1713 2225 1854 2272 'Principi
1867 2224 2001 2270 Domino
2016 2222 2174 2270 Edwardo,
2193 2224 2328 2294 Deiffigra-
2341 2221 2418 2282 Anu.
2433 2222 2476 2259 D,

1365 2278 1402 2298 tia
1428 2268 1502 2307 Regi
1528 2266 1686 2307 Anglorum
1711 2265 1822 2303 illustrl,
1838 2275 1932 2295 amico
1957 2265 2006 2307 fiio
2024 2265 2165 2294 karissimo
2180 2265 2212 2294 &t
2230 2275 2246 2294 a
2279 2275 2325 2303 nr,
2358 2261 2441 2299 1-78.

1270 2305 1457 2344 Rudolphus,
1473 2316 1523 2344 per
1536 2305 1670 2344 eandem,
1688 2305 1890 2335 Romanorum
1904 2303 1967 2333 Rex
1981 2306 2088 2340 semper
2103 2302 2243 2341 Augustus
2257 2326 2266 2342 ‚
2286 2303 2325 2333 sa-
2337 2303 2389 2327 An.
2406 2302 2433 2327 6.

1269 2345 1358 2376 lutern
1370 2346 1403 2376 ὃς
1418 2345 1604 2384 integerrimae
1617 2344 1723 2384 semper
1738 2342 1894 2373 dilectionis
1908 2350 2100 2381 augmentum.
2339 2342 2376 2383 E‘.
2393 2347 2416 2365 ι.

1307 2384 1415 2414 Tantus
1433 2393 1513 2413 amor
1525 2406 1534 2422 ,
1553 2391 1680 2421 tantaque
1702 2392 1754 2412 nos
1773 2391 1838 2411 cura
1858 2379 2005 2410 sollicitant
2019 2379 2053 2409 ad
2068 2378 2222 2416 perfeetam
2234 2379 2327 2410 vobis-
2339 2377 2442 2405 Ibidem.

1270 2431 1337 2453 cum
1346 2445 1355 2460 ,
1393 2423 1473 2452 ariter
1486 2422 1519 2452 &
1535 2431 1602 2452 cum
1617 2418 1940 2457 vestris,indiiiociabilis
1955 2418 2088 2448 amicitiae
2101 2418 2324 2448 contrahendam

1268 2460 1357 2491 indivi
1370 2461 1469 2490 ibiliter
1493 2459 1629 2490 unionem
1677 2458 1754 2496 quod
1779 2456 1869 2488 vestra
1891 2455 1982 2485 domo
1996 2479 2005 2494 ,
2036 2455 2168 2485 affinitate
2197 2456 2330 2495 gratuita,

1269 2498 1384 2529 counita
1405 2508 1472 2529 cum
1489 2497 1585 2528 nostra
1598 2520 1607 2536 ‚
1630 2482 1750 2528 d’electat
1770 2505 1822 2525 nos
1841 2493 1960 2536 ejusdem
1982 2495 2100 2533 egregiae
2114 2493 2216 2524 domus
2231 2495 2329 2525 vestrae

1270 2537 1415 2577 praesignes
1429 2537 1508 2566 nobis
1523 2536 1654 2573 adoptare
1667 2534 1852 2570 ramusculos;
1872 2540 1917 2570 ut,
1935 2536 2002 2562 licut
2017 2540 2132 2574 utraque
2144 2532 2244 2562 domus
2261 2533 2328 2562 alte-

1270 2576 1325 2605 rius
1344 2575 1515 2614 amplexibus
1536 2575 1662 2613 iniignita
1676 2596 1685 2611 ,
1703 2572 1879 2612 perhenniter
1901 2571 1930 2600 iu
1944 2571 2074 2601 cootivos
2088 2576 2187 2601 tuturce
2199 2572 2329 2610 propagi-

1269 2614 1312 2643 nis
1349 2614 1452 2643 almires
1464 2612 1614 2649 adolescat3

1304 2651 1318 2681 Ι
1338 2653 1417 2682 circo
1429 2675 1438 2689 ,
1457 2659 1627 2690 magnopere
1642 2651 1783 2689 cupientes
1801 2649 1877 2688 quod
1892 2648 1965 2678 inter
1986 2657 2054 2685 nos,
2073 2647 2106 2678 &
2128 2646 2259 2677 illustrem
2278 2647 2327 2678 Sa-

1267 2690 1377 2720 baudiae
1390 2689 1537 2720 Comitem
1552 2712 1561 2727 ,
1580 2688 1748 2718 simultatum
1764 2687 1924 2728 quatumvis
1943 2687 2080 2729 extirpatis
2094 2687 2215 2715 omnino
2230 2685 2329 2716 radici·

1268 2729 1335 2766 bus,
1353 2729 1485 2758 redivivae
1499 2727 1651 2757 dulcedinis
1664 2727 1805 2756 seminaria
1820 2726 1999 2762 reviviicant,
2017 2724 2104 2754 hece!
2123 2725 2198 2761 quod
2214 2724 2325 2762 plenam

1267 2768 1300 2798 &
1316 2767 1430 2798 liberam
1445 2766 1528 2796 vobis
1542 2766 1688 2796 tribuimus
1699 2764 1857 2795 facultatem
1866 2785 1875 2800 ,
1893 2764 1964 2792 inter
1979 2771 2030 2791 nos
2044 2764 2077 2792 &
2091 2761 2239 2792 Comitem
2255 2772 2327 2800 prx-

1267 2813 1397 2836 notatum
1410 2828 1420 2842 ,
1436 2812 1577 2842 perpetuat
1598 2804 1670 2841 pacis
1688 2803 1721 2833 δεῖ
1742 2803 1872 2832 amicitia:
1893 2801 1999 2831 foedera
2019 2801 2225 2838 contrahendi,
2247 2805 2327 2838 iupet·

1267 2844 1325 2874 hoc
1340 2843 1505 2873 ordinationi
1520 2842 1620 2873 vestr-„e
1635 2852 1686 2871 nos
1700 2841 1769 2871 stare
1784 2851 1830 2880 per
1843 2841 1941 2870 omnia
1961 2838 2139 2878 pollicentes,
2157 2839 2175 2857 ᾗ
2192 2848 2325 2878 quatenus

1267 2882 1368 2921 absque
1393 2881 1634 2912 demembratione
1658 2880 1785 2910 Romani
1809 2879 1917 2918 imperii
1942 2877 1997 2920 fieri
2016 2877 2050 2920 id¹
2064 2879 2225 2916 contingat,
2243 2877 2317 2907 unde

1265 2921 1472 2952 transmittimus
1484 2919 1564 2951 vobis
1579 2919 1625 2949 has
1639 2918 1737 2949 litteras
1750 2917 1854 2948 nostras
1868 2917 1897 2945 in
1910 2915 2101 2946 testimonium
2115 2915 2194 2954 super
2207 2925 2251 2945 eo.

2341 2846 2474 2884 *Ilum-1

1303 3001 1371 3032 Dat.
1390 3001 1517 3031 Wienne
1529 2999 1628 3039 quinto
1641 2998 1726 3028 Non.
1743 2996 1830 3034 Maii,
1848 2995 2008 3038 indictione
2023 2996 2112 3034 sexta,
2130 3005 2206 3025 anno
2222 2994 2328 3025 Domi-

1266 3041 1297 3070 ni
1315 3040 1406 3079 1278,
1424 3039 1520 3078 Regni
1535 3047 1602 3069 vero
1617 3036 1705 3067 nostri
1720 3046 1795 3066 anno
1809 3043 1918 3073 quinto.

1305 3195 1354 3226 De
1372 3190 1438 3224 dote
1460 3188 1606 3237 Jolmnnae
1624 3194 1655 3223 in
1670 3189 1762 3236 fitam
1779 3191 1816 3227 (ὗν
1837 3189 2026 3220 lazrtmanni
2040 3185 2203 3217 utilitatem
2219 3195 2287 3216 con·

1723 3235 1878 3270 vertenda.

1267 3329 1501 3387 RUdolphus,
1528 3327 1585 3357 Dei
1607 3326 1692 3366 gratia
1706 3349 1715 3364 ,
1738 3325 1938 3356 Romanorum
1961 3324 2025 3355 Rex
2046 3325 2151 3366 semper
2165 3319 2304 3364 Augustus
2318 3343 2328 3358 ,
2340 3325 2415 3357 Anu,
2431 3327 2472 3358 D·

1339 3369 1469 3399 universis
1489 3365 1597 3396 Christi
1620 3364 1759 3403 fidelibus,
1778 3365 1920 3402 praesentes
1942 3362 2039 3392 litteras
2063 3363 2240 3400 impet-tuns,
2258 3359 2325 3388 salu-
2358 3366 2442 3402 1278,

1267 3415 1325 3437 tem
1339 3408 1367 3436 in
1381 3406 1522 3436 Domino.
2148 3437 2151 3441 ι
2271 3435 2275 3440 -
2335 3408 2385 3433 Aa,
2402 3407 2429 3432 6.

1306 3445 1452 3475 Noverint
1472 3441 1588 3473 universi
1603 3451 1654 3471 nos
1674 3440 1708 3470 ad
1730 3441 1788 3471 hoc
1803 3440 1932 3470 nostrum
1950 3436 2123 3478 consensum⁴
2135 3435 2254 3464 liberum
2268 3445 2323 3464 irn-
2339 3447 2365 3468 E.
2388 3453 2410 3469 1,

1268 3485 1361 3520 pertiti
1377 3506 1387 3521 ,
1403 3481 1479 3520 quod
1501 3481 1544 3510 illa
1564 3479 1664 3509 decem
1686 3479 1759 3508 milia
1776 3479 1957 3515 Marcarum,
1974 3486 2036 3515 quae
2058 3474 2167 3504 inclitus
2184 3473 2246 3502 Rex
2260 3472 2322 3502 An·
2333 3481 2436 3509 Ibidem,

1269 3522 1333 3560 gli-x
1355 3521 1453 3551 illustri
1471 3520 1612 3558 Johannae
1633 3517 1711 3547 Filiae
1733 3517 1786 3547 suae
1803 3519 1835 3548 &
1850 3516 2029 3546 Hartmanno
2043 3513 2124 3556 Nato
2138 3510 2253 3549 nostro,
2271 3521 2324 3550 pro

1269 3561 1353 3597 dote,
1371 3560 1416 3590 seu
1430 3557 1563 3589 dotalicio
1575 3578 1584 3593 ‚
1598 3555 1742 3593 assignabit
1757 3579 1765 3594 ,
1784 3565 1832 3594 per
1847 3554 1916 3584 duos
1933 3552 2080 3583 industrios
2093 3559 2164 3593 viros
2185 3550 2323 3586 (quorum

1269 3598 1385 3627 alterurn
1400 3597 1475 3627 idem
1491 3595 1554 3625 Rex
1570 3593 1698 3632 Angliae,
1717 3594 1749 3623 &
1765 3603 1816 3623 nos
1827 3593 1910 3622 alium
1927 3591 2074 3629 eligemus)
2096 3598 2124 3616 ln
2139 3597 2324 3631 communem

1269 3637 1414 3667 utilitatem
1433 3633 1559 3665 converti
1575 3632 1682 3661 valeant
1703 3632 1855 3668 utriusque·⁷
1875 3629 1947 3659 unde
1960 3629 2054 3658 damus
2074 3627 2120 3656 has
2135 3625 2241 3656 nostras
2253 3626 2325 3657 litte-

1269 3685 1326 3713 raS,
1345 3673 1443 3704 nostro
1457 3672 1556 3709 Sigillo
1569 3670 1704 3707 munitas,
1722 3671 1750 3699 in
1762 3669 1956 3699 testimonium
1971 3667 2050 3703 super
2066 3675 2106 3694 ea.

1304 3754 1371 3785 Dat.
1392 3753 1434 3784 W
1436 3754 1517 3783 ienne
1531 3760 1558 3790 4.
1573 3749 1657 3781 Non.
1673 3749 1761 3788 Maii,
1782 3748 1875 3788 Regni
1889 3746 1975 3777 nostri
1991 3755 2066 3777 anno
2078 3746 2185 3785 quinto.
