2570 4261
0 214 49 239 nn.
57 202 98 233 D.

0 251 83 281 1292„

0 283 40 313 iv.
59 289 83 308 ¹.

0 798 55 820 mn.
67 786 108 817 D.

0 834 81 865 1175.

3 2310 140 2347 ''11.563.

676 123 782 164 ET
865 120 1131 166 ACTA

118 208 166 238 cui
180 207 307 239 succeffit
319 207 481 239 W'illelmus
498 207 593 238 Frater
607 208 671 244 ejuS.
692 207 779 238 Anno
793 217 908 247 quoque
921 210 990 240 dieti
998 209 1084 248 Regis
1091 207 1175 238 Hen-

117 247 170 276 rici
183 245 298 277 decimo
310 245 403 285 sexto,
421 249 450 277 in
463 247 584 277 crastino
599 245 800 276 Coronationis
813 246 933 277 Henrici
955 248 1016 278 Filii
1033 248 1089 284 sui,
1109 247 1176 276 fecit

120 284 185 314 Rex
207 284 349 315 Henricus
371 285 453 315 Pater
472 284 664 315 Willielmum
687 283 800 323 Regem
822 285 1006 324 Scottorum,
1024 286 1057 316 ὃς
1080 283 1174 314 David

120 321 249 352 Fratrem
264 323 361 361 suum,
380 325 413 354 ὅ(
427 323 575 361 Comites,
593 323 627 352 &
648 321 769 352 Barones
790 322 886 353 Reuni
907 323 1027 361 Scotiae,
1045 323 1177 352 devenire

119 361 254 391 homines
266 363 336 391 novi
351 362 436 428 Regis
452 361 579 399 Angliae,
598 361 631 391 δί
642 361 732 403 jurare
745 361 771 390 ei
786 347 947 391 fidelitatem
962 371 1058 392 contra
1069 370 1172 390 omnes

121 399 269 436 homines,
288 399 358 429 salva
371 399 390 428 si
411 400 501 429 elitate
515 398 570 428 suxi.
589 397 658 428 Hoc
672 399 811 429 invenitur
824 400 854 428 in
869 398 1001 430 Cronicis
1015 399 1125 438 Rogen
1140 397 1176 428 de

122 436 302 475 Hovedene,
321 438 351 466 in
367 437 461 467 multis
474 437 559 466 libris.

163 513 252 544 Anno
268 512 389 542 Domini
403 511 550 542 millesimo
565 512 718 543 centesimo
733 512 825 550 septua
845 512 932 543 esimo
947 521 1054 551 quarto.
1082 513 1178 552 Regni

124 561 196 582 vero
211 550 278 580 dieti
290 550 411 580 Henrici
427 550 513 580 Patris
527 552 677 589 vicesimo,
695 550 786 580 dictus
853 551 989 589 illelmus,
1007 551 1073 581 Rex
1094 552 1178 581 Scot-

124 598 239 626 torum,
259 588 393 618 rebellare
415 589 565 626 incipiens,
582 590 659 619 venit
680 591 709 618 iii
729 589 961 620 Norhumbriam
974 600 1043 620 cum
1057 590 1179 619 exercitu

125 635 247 665 magno,
263 628 296 657 ὃ(
311 626 430 666 stragem
445 637 575 667 magnam
589 629 711 657 exercuit
726 627 754 656 in
770 629 891 668 populo:
930 627 987 658 Cui
1000 636 1181 658 occurrentes

125 664 232 695 Milites
248 664 412 695 Comitatus
427 665 611 695 Eboracensis
626 665 699 703 apud
715 665 855 704 Alnewyk
866 665 957 704 ipsum
977 674 1129 703 ceperunt,
1147 666 1181 695 &

124 702 204 735 dieto
217 702 350 734 Henrico
365 703 440 742 Regi
454 703 567 741 Angliae
581 703 759 734 tradiderunt.

164 780 252 810 Anno
273 779 397 810 Domini
418 779 567 810 millesimo
588 780 743 810 centesimo
758 779 956 819 septuagesimo
972 781 1079 818 quinto.
1119 778 1183 809 De-

126 819 205 848 cimo
227 819 328 855 quinto
349 817 413 847 Kal.
438 817 538 848 Martii
559 818 722 848 Willelmus
740 817 805 848 Rex
828 818 995 849 Scottorum
1017 819 1085 848 liber
1105 818 1182 847 abire

126 856 274 894 permiss'us
287 855 343 885 est:
364 855 465 885 Postea
479 859 549 887 vero
560 880 569 894 ,
586 856 658 894 apud
674 856 855 894 Eboracum,
873 856 974 886 eodem
995 867 1087 893 anno,
1106 856 1185 885 tertia

127 895 173 924 die
194 893 258 931 post
280 893 510 931 Assumptionem
534 896 622 925 beatae
648 895 750 924 Mariae
764 919 773 932 ,
803 895 907 925 scilicet
931 895 1046 925 decimo
1064 894 1183 931 septimo

130 932 270 963 Kalendas
289 933 461 969 Septembris
475 957 484 970 ,
510 932 581 963 fafflz
599 933 652 963 fuit
672 934 827 963 conventio
846 934 879 963 &
899 932 959 963 finis
978 934 1048 963 inter
1066 931 1186 970 praedic-

129 979 192 1040 gum
203 970 368 1015 Henricuni
384 970 497 1011 Regem
514 970 640 1011 Angliae,
658 972 691 1002 ὃς
707 970 852 1009 praefatum
866 971 1059 1002 Willielmum
1072 970 1186 1009 Regem

152 1018 243 1040 cotiae.

167 1047 257 1086 Cujus
270 1055 352 1078 tenor
368 1047 426 1079 talis
440 1047 489 1078 est.

169 1124 245 1155 Haec
272 1124 312 1155 est
340 1125 496 1154 conventio
521 1124 554 1155 ὃς
573 1123 633 1154 finis
682 1134 767 1162 quem
785 1124 829 1154 W
830 1124 947 1155 illelmus
992 1124 1056 1154 Rex
1074 1123 1190 1153 Scotto-

132 1171 215 1201 rum,
228 1163 302 1207 ‘fecit
319 1172 387 1193 curn
405 1162 538 1193 Domino
556 1162 606 1192 suo
623 1148 754 1192 Henrico
773 1162 868 1202 Rege,
891 1149 970 1193 Fssio’
982 1162 1110 1193 Matildis
1129 1160 1189 1190 Im—

155 1210 283 1232 eratricis.

133 1212 153 1239 P
171 1239 358 1278 Willielmus,
377 1239 442 1269 Rex
457 1239 622 1269 Scottorum
660 1237 774 1268 devenit
789 1238 879 1268 homo
893 1238 970 1277 ligius
986 1237 1110 1268 Domini
1131 1235 1192 1279 Re-

134 1280 192 1318 gis,
212 1287 312 1308 contra
326 1287 445 1307 omnem
456 1278 607 1306 hominem
640 1286 656 1305 e
668 1276 779 1314 Scotia,
798 1277 831 1307 ὃς
844 1275 880 1305 de
894 1276 1029 1305 omnibus
1041 1276 1099 1305 aliis
1113 1283 1191 1304 terris

135 1317 204 1354 suis,
223 1318 256 1347 δε
271 1315 431 1346 fidelitatem
446 1315 471 1344 ei
485 1314 568 1351 fecit,
586 1323 618 1345 ut
631 1314 701 1351 ligio
715 1313 849 1344 Domino
863 1314 913 1343 suo
925 1338 934 1351 ,
953 1314 1023 1344 ficut
1037 1314 1081 1344 alii
1095 1313 1192 1343 homi-

138 1364 188 1384 nes
201 1354 241 1384 sui
257 1354 306 1391 ipsi
321 1353 413 1383 facere
428 1353 527 1383 solent.

177 1391 215 1422 Et
236 1392 358 1422 similiter
380 1391 448 1421 fecit
461 1391 627 1430 homagium
642 1389 773 1421 Henrico
788 1389 865 1429 Regi
881 1389 953 1419 Filio
966 1389 1033 1428 suo,
1053 1388 1123 1420 salvi
1138 1387 1193 1418 fide

139 1430 265 1462 Domini
278 1429 366 1469 Regis
379 1429 467 1459 Patris
482 1430 530 1459 sui.

174 1468 286 1498 Omnes
298 1469 370 1498 vero
384 1467 487 1508 Episco
508 1469 534 1505 i,
552 1467 585 1497 &
599 1465 722 1497 Abbates
731 1490 740 1504 ,
749 1467 783 1497 δε
798 1465 898 1497 Clerus
910 1466 1011 1497 Terrae
1023 1465 1111 1505 Regis
1125 1465 1196 1495 Sco-

138 1509 205 1545 tiae,
223 1507 256 1537 &
280 1506 459 1536 Successores
490 1506 541 1543 ui,
560 1505 663 1535 facient
681 1504 815 1534 Domino
836 1504 935 1544 Regi,
954 1505 1022 1535 sicut
1043 1505 1111 1543 ligio
1130 1504 1196 1533 Do-

140 1546 221 1576 mino
235 1567 245 1582 ,
269 1543 431 1574 fidelitatem
452 1543 489 1573 de
514 1543 614 1581 quibus
632 1543 734 1573 habere
748 1543 868 1572 voluerit
882 1567 891 1580 ,
917 1544 986 1573 licut
1010 1543 1054 1572 alii
1079 1541 1196 1579 Episco-

140 1585 170 1621 pi
188 1583 234 1651 su}
244 1582 294 1620 ipsi
312 1581 402 1613 facere
421 1582 526 1621 solent,
544 1582 577 1612 ὃς
592 1581 726 1612 Henrico
743 1580 819 1620 Regi
840 1580 914 1611 Filio
933 1581 1000 1619 suo,
1015 1581 1047 1612 δε
1066 1580 1197 1611 Haeredi-

142 1624 196 1652 bus
229 1623 278 1651 uis.

186 1658 336 1690 Conceffit
353 1667 447 1690 autem
464 1659 530 1689 Rex
548 1658 653 1689 Scotiae
668 1680 678 1695 ,
702 1657 735 1687 &
760 1656 856 1687 David
876 1658 970 1688 Frater
987 1657 1048 1688 suus
1063 1681 1072 1695 ,
1096 1658 1129 1688 &
1148 1656 1199 1686 Ba—

142 1708 226 1729 rones
242 1721 251 1736 ,
268 1699 302 1729 &
320 1698 364 1728 alii
382 1698 513 1728 homines
532 1697 571 1727 sui
585 1720 595 1734 ,
614 1695 749 1726 Domino
768 1695 845 1725 Reoi
859 1718 869 1734 ,
889 1697 965 1734 quod
983 1696 1108 1726 Ecclesia
1127 1696 1199 1726 Sco—

139 1738 189 1767 tiae
206 1735 290 1767 talem
308 1736 514 1773 subjeetionern
531 1733 639 1765 amodo
660 1733 743 1764 faciet
761 1720 897 1764 Eccleflae
915 1735 1080 1771 Anglicanre
1093 1758 1103 1772 ,
1134 1744 1201 1772 qua-

143 1775 202 1805 lem
218 1773 258 1803 illi
278 1774 371 1804 facere
390 1773 476 1804 debet
498 1773 531 1803 ὃς
550 1772 654 1803 solebat:
677 1780 808 1810 tempore
822 1771 938 1812 Regum
951 1773 1079 1812 Angliae,
1096 1771 1203 1810 praede-

145 1812 290 1844 cessorum
303 1812 428 1842 suorum.

182 1850 317 1881 Similiter
330 1850 486 1888 Ricardus,
504 1848 661 1888 Episcopus
676 1848 771 1880 Sancti
784 1848 922 1888 Andreae,
940 1850 974 1881 &
989 1848 1145 1887 RicarduS,
1163 1848 1204 1878 E—

168 1889 276 1926 iscopus
289 1888 326 1918 de
342 1888 534 1927 Dunkeldyn,
552 1889 585 1918 δε
599 1887 760 1925 GalfriduS,
778 1887 874 1918 Abbas
889 1888 925 1918 de
937 1888 1204 1927 Dunfermelyn,&

145 1900 323 1964 flerberms,
342 1927 426 1958 Prior
437 1927 473 1957 de
487 1926 696 1965 Coldinghatn,
713 1926 929 1964 concesserunt,
947 1926 1027 1964 qued
1043 1927 1125 1956 etiam
1147 1925 1205 1956 Ec—

148 1966 229 1996 clesia
251 1965 297 1995 An
318 1965 407 1996 licana
430 1965 497 1995 illud
516 1966 560 2003 jus
572 1965 671 1994 habeat
683 1966 712 1993 in
727 1964 854 1994 Ecclesia
867 1964 989 2002 Scotiae,
1008 1964 1086 2002 quod
1098 1965 1133 1994 de
1144 1965 1207 2002 jure

147 2004 254 2035 habere
268 2003 303 2033 de
325 2013 370 2042 et,
389 2005 423 2035 ὃς
439 2003 517 2042 quod
532 2003 582 2040 ipsi
595 2013 655 2033 non
667 2010 749 2033 erunt
764 2011 862 2032 contra
871 2003 915 2040 jus
928 2002 1062 2034 Ecclefiae
1077 2002 1208 2042 Anglica-

149 2052 210 2073 nte:
230 2043 282 2080 ὃς,
300 2041 407 2072 desicut
422 2041 515 2082 ligiam
530 2041 692 2071 fidelitatem
707 2040 842 2071 Domino
857 2040 934 2080 Regi
956 2043 989 2073 &
1010 2041 1144 2072 Henrico
1161 2041 1184 2070 F
1186 2042 1208 2071 i-

149 2082 191 2112 lio
206 2080 256 2110 suo
270 2080 416 2118 fecerunt,
432 2090 481 2110 eos
496 2079 563 2109 inde
576 2078 812 2110 assecuraverunt.

190 2119 261 2149 l-loc
281 2118 358 2148 idern
378 2119 480 2149 facient
503 2118 548 2148 alii
562 2117 694 2155 Episcopi
709 2118 742 2148 &
755 2117 855 2148 Clerus
867 2118 989 2156 Scotiae,
1007 2127 1057 2158 per
1072 2117 1212 2149 Conven-

152 2158 282 2195 tionem,
299 2158 370 2188 inter
383 2157 548 2187 Dominum
564 2155 694 2195 Regem,
713 2156 747 2187 &
760 2155 876 2195 Regem
890 2156 1009 2194 Scotiae,
1028 2157 1062 2188 &
1084 2157 1211 2187 Fratrem

152 2196 251 2233 suum,
269 2196 302 2226 δε
317 2195 439 2226 Barones
453 2195 533 2233 suOS,
550 2194 670 2224 fastam:
740 2197 743 2201 ’

194 2232 326 2264 Comites
341 2235 424 2264 etiam
438 2235 471 2265 &
488 2233 628 2270 Barones,
645 2233 679 2263 δῖ
692 2231 737 2262 alii
750 2232 881 2263 homines
895 2232 931 2263 de
944 2232 1015 2263 terra
1034 2232 1121 2272 Regis
1141 2232 1214 2263 Sco-

152 2272 219 2310 tiae,
236 2273 272 2303 de
287 2273 387 2311 quibus
402 2272 549 2302 Dominus
564 2270 629 2300 Rex
642 2271 746 2300 habere
762 2271 901 2308 voluerit,
919 2271 1036 2309 facient,
1057 2272 1091 2302 δε
1111 2272 1212 2301 homa-

156 2312 236 2349 gium
251 2320 349 2341 contra
363 2320 482 2341 omnem
498 2310 649 2340 hominem
663 2308 683 2328 ³¹⁵
701 2310 734 2340 &
752 2308 914 2339 fidelitatem
925 2334 934 2347 ,
943 2319 973 2340 ut
988 2310 1057 2349 ligio
1071 2309 1214 2347 Domino,

159 2349 229 2380 sicut
240 2349 284 2380 alii
299 2349 430 2379 homines
444 2348 484 2379 sui
496 2348 587 2379 facere
601 2347 767 2390 solem-ei,
786 2348 819 2377 &
832 2347 964 2378 Henrico
979 2347 1052 2387 Regi
1070 2348 1128 2377 filio
1148 2348 1215 2386 suo,

160 2389 195 2419 ὃς
210 2387 365 2418 haeredibus
380 2387 432 2417 suis
442 2409 451 2425 ‚
467 2387 541 2416 salva
553 2385 608 2415 fide
621 2385 747 2415 Domini
762 2384 849 2422 Regis
864 2385 952 2415 Patris
967 2386 1014 2415 sui.

196 2425 327 2456 Similiter
343 2424 467 2456 haeredes
482 2424 567 2462 Regis
575 2423 697 2460 Scotiae,
714 2423 748 2452 &
761 2422 922 2460 Baronum,
941 2424 975 2453 &
990 2424 1144 2454 hominum
1152 2423 1216 2453 suo-

162 2473 228 2494 rum
241 2488 250 2502 ,
269 2464 437 2503 homagium
458 2463 492 2493 ὃς
514 2462 657 2500 ligantiam
675 2461 777 2491 facient
797 2461 951 2491 haeredibus
970 2461 1096 2492 Domini
1116 2461 1217 2501 Regis,

163 2510 263 2533 contra
274 2511 396 2532 omnem
410 2501 569 2531 hominem.

199 2540 340 2571 Praeterea
352 2539 419 2570 Rex
432 2539 537 2569 Scotiae
550 2539 584 2569 &
598 2537 729 2568 homines
745 2537 784 2567 sui
799 2538 908 2568 nullum
921 2538 1030 2569 amodo
1047 2538 1198 2577 fugitivum
1207 2562 1217 2577 ,

165 2578 203 2608 de
217 2578 289 2608 terra
305 2578 426 2608 Domini
443 2577 544 2616 Regis,
563 2586 616 2614 pro
632 2575 735 2606 felonia
750 2577 932 2613 receptabunt
946 2578 975 2606 in
993 2577 1105 2613 Scotia,
1123 2577 1168 2607 vel
1190 2578 1219 2606 in

166 2616 220 2647 alia
235 2617 306 2646 terra
318 2615 378 2655 sua,
399 2616 449 2646 nisi
463 2616 585 2646 voluerit
599 2616 694 2645 venire
707 2613 741 2643 ad
753 2614 865 2644 rectum
878 2615 907 2643 in
920 2615 997 2645 curia
1016 2615 1140 2645 Domini
1161 2614 1221 2645 Re-

166 2655 225 2694 gis,
246 2656 279 2685 <Sc
295 2654 366 2684 stare
375 2654 483 2693 judicio
500 2654 601 2684 curiaez
616 2652 655 2683 set
669 2651 734 2682 Rex
748 2652 853 2682 Scotiae
869 2654 902 2683 ὃς
915 2653 1046 2683 homines
1060 2654 1115 2691 sui,
1135 2654 1221 2690 quam

168 2694 249 2760 {titius
263 2700 508 2761 ΡιοῐεττιιτὲῑὶὶῖΓιτιᾳῐῑιΓ
516 2692 644 2759 ςαρίεῐὶξ,
661 2691 702 2758 ιῗε
711 2689 845 2721 Domino
862 2690 935 2731 Regi
955 2691 1088 2729 reddent,
1105 2692 1152 2722 vel
1169 2691 1221 2729 Ju-

195 2741 297 2761 iciariis
309 2740 355 2761 aut
426 2740 477 2761 iVlS
504 2740 543 2760 uis
557 2739 586 2759 in
681 2739 714 2758 ia.

207 2769 238 2800 Si
258 2778 368 2807 autem,
387 2769 423 2799 de
445 2777 516 2799 terra
537 2767 622 2807 Regis
631 2737 773 2810 nbgcotiae,
791 2767 884 2805 aliquis
903 2767 1034 2807 fugitivus
1056 2768 1153 2806 fuerit,
1171 2779 1223 2806 pro

169 2807 291 2847 felonia,
310 2809 339 2837 in
360 2806 480 2845 Anglia,
495 2807 546 2836 nisi
564 2806 682 2837 voluerit
700 2815 796 2836 venire
816 2806 850 2835 ad
873 2806 985 2836 redium
998 2808 1026 2836 in
1043 2808 1119 2837 curia
1135 2807 1224 2845 Regis

171 2845 279 2876 Scotiae
313 2844 358 2876 vel
379 2847 408 2876 in
429 2846 507 2876 curia
520 2842 642 2874 Domini
654 2844 761 2882 Regis,
775 2844 809 2874 ὃς
822 2843 893 2874 stare
904 2844 1014 2882 judicio
1030 2845 1126 2875 Curiae
1138 2868 1148 2882 ,
1165 2855 1224 2875 non

172 2869 1227 2959 ⁷15³eff‘kl’ciss‘sslaemp{Jfilussssffffssmliffsi}{vissetullifflisslsfflffibm

237 2969 348 2991 raeterea
358 2945 491 2990 hcimines
506 2959 631 2990 Domini
645 2959 732 2990 Reois
748 2943 891 2989 habssbiint
903 2968 986 2990 terras
999 2960 1072 2999 snas,
1092 2971 1157 2998 quas
1178 2960 1227 2990 ha-

174 2998 280 3028 bebant
290 3021 300 3037 ,
319 2999 353 3029 &
375 2998 480 3041 habere
498 2997 619 3041 debent,
637 2996 673 3028 de
693 2983 826 3028 Domino
845 2997 945 3037 Rege,
963 2999 996 3029 &
1009 2999 1044 3028 de
1058 2999 1143 3036 Rege
1155 2999 1228 3029 Sco-

175 3037 238 3073 tiae,
255 3037 289 3067 ὃς
303 3036 339 3067 de
350 3036 514 3066 hominibus
528 3035 587 3065 suis.

214 3074 358 3105 Homines
370 3074 459 3113 Regis
469 3073 573 3104 Scotiae
584 3073 727 3106 habebunt
740 3084 824 3105 terras
843 3074 899 3105 suas
908 3099 918 3113 ,
933 3084 1000 3113 quas
1023 3076 1179 3113 habebant,
1194 3076 1228 3106 &

175 3113 281 3143 habere
291 3113 414 3151 debent,
431 3112 468 3142 de
483 3110 617 3155 Domino
629 3112 729 3156 Rege,
747 3115 780 3156 ὃς
794 3113 831 3143 de
844 3113 1009 3144 hominibus
1023 3114 1082 3145 suis.

215 3150 274 3182 Pro
287 3151 339 3181 ista⁴
351 3161 420 3182 vero
433 3158 626 3181 conventione
640 3151 673 3181 &
687 3155 743 3181 nne
751 3153 868 3182 firmiter
883 3152 1075 3191 observando,
1094 3152 1229 3183 Domino

178 3189 256 3228 Regi
274 3191 307 3220 &
329 3189 462 3220 Henrico
483 3188 541 3219 filio
555 3188 623 3226 suo,
641 3189 674 3219 &
687 3189 846 3220 haeredibus
862 3190 913 3220 suis
933 3191 949 3220 a
969 3190 1052 3230 Rege
1072 3191 1177 3222 Scotiae
1197 3191 1230 3221 δε

177 3227 333 3258 haeredibus
347 3228 415 3266 suis,
432 3227 560 3259 liberavit
572 3226 638 3256 Rex
649 3227 754 3257 Scotiae
774 3227 907 3258 Domino
930 3228 1005 3268 Regi
1023 3229 1179 3260 Castellum
1197 3228 1233 3258 de

179 3265 370 3305 Rokesburg,
389 3267 422 3297 &
444 3265 602 3295 Castellum
621 3265 657 3295 de
674 3264 814 3304 Berewyk
847 3268 880 3297 ὃς
900 3266 1054 3297 Castellum
1077 3268 1111 3297 de
1133 3266 1233 3297 Gede-

179 3304 306 3341 worthe,
325 3305 359 3335 ὅ(
378 3303 536 3334 Castellum
558 3302 733 3341 Puellarum,
748 3305 782 3334 δε
799 3290 956 3336 Castellum
969 3307 1005 3336 de
1021 3306 1183 3346 Stryvelyn,
1202 3306 1232 3334 in

182 3341 374 3386 misericordia
388 3342 511 3386 Domini
525 3341 630 3380 Regis;
649 3342 699 3385 ὃς,
717 3341 751 3372 ad
766 3342 950 3374 custodienda
973 3344 1092 3374 Castelle⁴
1113 3345 1175 3382 illa,
1193 3354 1234 3373 as-

182 3380 318 3418 singnabit
339 3380 404 3409 Rex
425 3380 545 3418 Scotiae,
559 3381 596 3410 de
617 3379 724 3410 redditu
735 3380 802 3418 su0,
819 3382 1040 3413 mensurabiliter
1053 3383 1088 3413 ad
1104 3384 1234 3414 volunta-

181 3424 241 3447 tem
257 3417 383 3448 Domini
397 3418 493 3457 Regis.

204 3455 374 3499 ⁸Praeterea,
392 3466 444 3494 pro
461 3456 595 3494 praedicta
607 3457 800 3488 conventione
812 3457 845 3487 &
858 3456 915 3488 fine
934 3459 1118 3498 exequendo,
1135 3458 1237 3489 libera-

182 3501 224 3525 vit
237 3494 301 3525 Rex
314 3495 419 3525 Scotiae
434 3493 568 3525 Domino
583 3493 676 3534 Regi,

184 3572 290 3601 David
303 3575 429 3602 Fratrem
442 3569 524 3610 ficum
537 3595 548 3610 ,
577 3575 606 3602 in
626 3570 692 3611 obfi-
731 3569 882 3602 Walterum
894 3571 1028 3613 Olyfard,
1044 3572 1083 3608 &-

223 3611 281 3640 dem
289 3632 299 3648 ,
314 3609 352 3645 ᾤ’
730 3610 887 3648 Johannem
899 3612 931 3641 de
944 3611 1016 3642 Valz
1024 3634 1034 3650 ,
1052 3610 1090 3646 ὠ·

185 3652 314 3679 comitem
327 3651 507 3688 numanum,
525 3646 563 3684 &⁴
731 3647 909 3679 Willielmum
925 3650 958 3680 de
972 3653 1000 3680 L
1017 3649 1137 3690 ndesbye,
1155 3645 1193 3684 ῤ’

187 3691 314 3717 Comitem
329 3687 505 3726 Waldenum,
524 3686 563 3722 ό·
731 3685 882 3724 Philippum
896 3689 928 3717 de
945 3661 1098 3726 Vadigner,
1115 3686 1154 3723 ὠ

187 3729 315 3755 Comitem
325 3725 494 3764 Gilbertum,
513 3724 551 3760 &
732 3724 877 3754 Robertum
889 3726 1026 3756 Tremhert
1035 3750 1045 3765 ,
1060 3725 1098 3761 ὠ

188 3767 316 3794 Comitem
330 3765 361 3794 de
378 3769 516 3802 Aneguz,
531 3761 569 3798 ό·
733 3762 879 3792 Robertum
893 3764 925 3793 de
940 3765 1118 3803 Burneville,
1138 3764 1176 3800 ό·

190 3802 336 3832 Ricardum
349 3803 381 3832 de
394 3801 543 3832 Moreville
551 3800 697 3842 Constabu-
734 3803 874 3837 Hugonem

223 3838 237 3867 l
272 3843 276 3848 .
774 3842 799 3868 R
815 3837 860 3868 dl
892 3802 1026 3874 ἓξῄῑανά,
1043 3801 1082 3837 &0
1101 3806 1241 3842 Hugonem

190 3839 527 3922 Νρῖἶιῖἶῗιγῑπῑεῐηῑ,
542 3876 580 3914 «5-
738 3849 889 3922 ηᾱςῖιςῖμῖη
902 3879 934 3908 de
946 3878 1075 3918 Berkele,
1094 3878 1132 3914 ψ

190 3916 336 3946 Ricardum
353 3921 416 3947 Com
431 3929 467 3960 n,
484 3917 523 3952 ό*
739 3917 781 3945 W
780 3915 916 3961 illielmum
931 3917 962 3946 de
976 3916 1004 3946 Ia
1017 3920 1113 3958 Haye,
1131 3917 1169 3953 &-

192 3951 346 3984 Walterum
355 3959 404 3986 Cor
425 3963 471 3994 et,
487 3954 526 3992 ώ-
740 3952 918 3986 Wslhelmnm
932 3955 964 3986 de
979 3958 1133 3997 Mortiqser.

1212 124 1687 170 PUBLICA.
2185 135 2258 171 101

1249 209 1375 254 Qando
1388 222 1458 242 vero
1473 212 1594 244 Castella
1607 215 1711 245 reddita
1724 213 1841 253 fuerint,
1858 215 2048 254 Willielrnus,
2064 215 2130 246 Rex
2145 214 2259 250 Scotice,
2276 211 2349 242 Ann.
2363 200 2404 241 D.

1212 246 1245 277 ὃς
1261 247 1355 278 David
1370 249 1462 280 Frater
1481 252 1557 289 suus,
1574 253 1775 283 liberabuntur:
1800 253 1932 284 Comites
1951 253 2065 292 qudem
2083 254 2116 285 ὃ(
2140 252 2259 283 Eiron-:s
2298 258 2382 288 1292'·

1212 288 1426 326 praenominati,
1445 290 1628 332 unusquisque
1643 291 1792 328 postquam
1806 292 1932 322 liberavit
1948 291 2076 322 obsidem
2094 292 2191 328 suum,
2209 289 2261 319 sci·
2282 290 2348 318 Edv.
2367 295 2392 314 ¹·-

1212 323 1295 367 licet,
1314 323 1402 368 filium
1423 327 1582 369 legitimum
1602 338 1688 365 quem
1710 329 1821 367 habuit,
1841 331 1874 361 δε
1895 330 1940 359 alii
1961 330 2093 368 Nepotes
2112 329 2173 359 suos
2188 351 2197 365 ,
2214 327 2261 357 vel

1213 370 1427 404 propinquiores
1442 366 1492 394 libi
1509 365 1659 404 Haeredes,
1681 368 1714 397 ὃς
1728 366 1872 405 Castellis,
1890 376 1920 399 ut
1933 367 2043 398 dietum
2056 367 2113 405 est,
2131 366 2259 403 redditis,

1215 398 1413 431 liberabuntur.

1252 436 1471 482 Praeterea-Rex
1486 440 1606 480 scoti-ae,
1623 443 1656 473 &
1669 441 1788 472 Barones
1802 441 1840 472 sui
1860 444 2069 481 praenominati,
2088 442 2261 473 assecurave‘n

1215 484 1280 506 runt
1300 477 1377 514 quod
1395 478 1460 516 ipsi,
1479 479 1553 509 bona
1571 479 1642 517 fide,
1658 480 1691 510 &
1712 480 1767 509 sine
1780 481 1855 510 malo
1868 484 1997 520 ingenio,
2017 484 2050 512 &c
2064 482 2120 511 sine
2134 480 2263 511 occasio-

1216 523 1268 556 ne,
1285 513 1388 544 facient
1402 516 1485 557 “quod
1506 516 1654 555 Episcopi,
1673 517 1705 549 δε
1729 517 1866 556 Barones,
1884 520 1916 549 &
1938 520 2069 549 homine}
2092 528 2172 549 terra:
2187 518 2262 555 suae,

1217 561 1266 594 qui
1287 562 1344 582 non
1366 554 1520 592 affuerunt,
1537 556 1650 592 quando
1669 555 1733 584 Rex
1755 555 1859 585 Scotiae
1875 566 1941 587 cum
1960 557 2093 587 Domino
2108 557 2153 586 Re
2172 566 2187 586 e
2199 555 2262 585 fini—

1217 598 1276 633 vit,
1291 590 1410 621 eandem
1425 592 1566 631 ligantiam
1582 594 1615 624 ὃς
1631 593 1792 626 fidelitatem
1813 593 1944 624 Domino
1967 594 2058 634 Regi,
2078 597 2110 626 ὃς
2164 595 2264 624 enrico

1218 627 1289 657 Filio
1305 628 1370 667 suo,
1387 630 1504 668 facient,
1524 641 1608 668 quam
1623 631 1671 668 ipsi
1687 631 1812 660 fecerunt
1849 633 1882 662 &
1898 632 1974 669 quod
1992 633 2109 662 Batonem·
2123 634 2155 663 ἃ
2170 633 2265 661 homi-

1217 675 1280 733 Ees,
1300 668 1348 734 qu}
1358 667 1631 710 affuerunt,obfides
1645 669 1801 700 liberabunt
1817 654 1949 700 Domino
1966 670 2039 710 Regi
2053 670 2088 700 de
2101 671 2201 708 quibus
2215 670 2266 699 ha*-

1241 713 1287 733 ere
1300 715 1338 734 vo
1351 714 1427 735 uerit.

1254 741 1388 784 Praeterea
1405 743 1687 783 Episcopi,Comites
1696 769 1705 782 ,
1721 745 1755 775 &
1768 745 1888 776 Baiones
1902 747 2191 776 conventionaverunt
2200 744 2267 775 Do-

1219 788 1301 810 mmo
1314 780 1361 810 Re
1381 782 1406 818 i,
1425 783 1458 812 Sc
1474 782 1604 813 Henrico
1620 782 1690 812 Filio
1709 782 1774 820 suo,
1791 784 1887 822 quod,
1911 784 1929 813 ii
1952 784 2014 814 Rex
2034 784 2153 820 Scotife,
2172 784 2267 819 aliquo

1220 817 1298 855 casu,
1317 819 1332 848 a
1375 819 1484 850 delirate
1507 820 1628 851 Domini
1653 820 1699 850 Re
1721 822 1739 849 is
1761 823 1793 852 &c
1816 822 1876 852 Filii
1897 823 1958 859 sui,
1984 824 2016 853 δε
2039 822 2054 851 a
2075 822 2267 852 conventione

1220 856 1354 898 praediCla
1373 859 1535 897 recederet,
1562 859 1610 896 ipsi
1625 868 1691 888 cum
1738 861 1838 889 omino
1851 860 1931 899 Rege
1945 862 2098 898 tenebunt,
2118 860 2185 889 sicut
2200 867 2268 888 cum

1223 894 1290 933 ligio
1310 893 1441 926 Domino
1460 897 1528 934 suo,
1545 905 1643 927 contra
1662 896 1776 935 Regem
1797 898 1918 936 Scotiae,
1936 898 2028 929 donce
2043 898 2097 936 ipse
2112 897 2146 927 ad
2157 897 2269 927 fidelita-

1223 941 1283 962 tem
1295 931 1417 963 Domini
1432 933 1518 973 Regis
1533 935 1634 965 redeat.

1259 969 1428 1001 Praedietam
1446 973 1540 1009 itaque
1559 973 1780 1002 conventionem
1796 995 1805 1010 ,
1823 973 1938 1003 firmiter
1960 974 2178 1011 observandam,
2195 973 2272 1002 bona

1223 1007 1295 1046 fide,
1314 1009 1347 1039 ὃς
1369 1010 1425 1040 sine
1446 1011 1520 1040 malo
1539 1011 1655 1048 ingenio
1675 1010 1808 1040 Domino
1821 1010 1912 1049 Regi,
1929 1013 1961 1042 ὃς
1977 1012 2104 1042 Henrico
2120 1013 2192 1041 Filio
2206 1011 2272 1047 suo,

1224 1048 1258 1078 ὃς
1280 1046 1450 1078 Haeredibus
1471 1048 1539 1085 suis,
1557 1049 1573 1078 a
1590 1047 1751 1078 Willielmo
1773 1048 1854 1087 Rege
1874 1049 1978 1078 Scotiae
1993 1072 2002 1086 ,
2020 1052 2052 1080 ὃς
2076 1050 2170 1080 David
2190 1049 2273 1079 fratre

1224 1085 1291 1122 suo,
1310 1086 1343 1116 &
1357 1086 1372 1115 a
1386 1085 1539 1116 Baronibus
1553 1086 1604 1116 suis
1620 1086 1774 1124 praedictis,
1792 1087 1825 1117 &
1841 1087 1876 1116 ab
1897 1086 2050 1116 haeredibus
2070 1097 2168 1118 eorum
2178 1110 2186 1124 ,
2204 1086 2274 1117 affe·

1225 1124 1331 1155 curavit
1344 1123 1400 1161 ipse
1413 1124 1477 1153 Rex
1492 1124 1612 1161 Scotiae,
1632 1123 1726 1154 David
1742 1124 1823 1154 frater
1837 1125 1914 1162 suuS,
1930 1126 1962 1155 &
1977 1135 2075 1155 omnes
2096 1125 2213 1155 Baiones
2234 1124 2274 1154 sui

1224 1164 1439 1200 praenominati,
1455 1162 1560 1192 desicut
1577 1162 1632 1231 ligii
1648 1163 1776 1192 homines
1790 1162 1913 1192 Domini
1928 1162 2032 1200 Regis,
2042 1173 2139 1192 contra
2154 1172 2274 1192 omnem

1226 1200 1390 1267 homsinem,
1410 1201 1443 1232 ὃς
1458 1200 1579 1231 Henrici
1615 1200 1653 1230 ilii
1667 1201 1724 1238 sui,
1742 1201 1814 1232 salva
1828 1195 1956 1232 fidelitate
1970 1200 2095 1230 Domini
2110 1200 2197 1239 Regis
2220 1199 2275 1229 Pa-

1226 1245 1274 1268 tris
1301 1248 1335 1268 ui.

1609 1314 1628 1334 ¹*
1644 1313 1709 1344 Hiis
1727 1314 1861 1345 Testibus
1867 1339 1876 1353 ,

1229 1391 1343 1421 Ricardo
1357 1389 1479 1428 Episcopo
1494 1389 1648 1431 Abricenfi,
1667 1389 1704 1424 &-

1231 1429 1361 1467 Johanne
1368 1433 1386 1458 S
1388 1427 1559 1468 aresberienfi
1565 1431 1673 1458 Decano
1681 1451 1689 1466 ,
1697 1427 1735 1462 ὠ·

1230 1468 1345 1497 Roberto
1359 1467 1475 1496 Abbate
1488 1465 1718 1505 Malmesburienfi
1726 1489 1735 1505 ,

1811 1398 1838 1420 te
1854 1393 2005 1429 Piaaviae,
2026 1388 2064 1425 <ly

1774 1429 1900 1468 Galfrido
1921 1429 1987 1459 Filio
2005 1431 2113 1458 Domini
2132 1430 2211 1466 Regis
2226 1430 2277 1457 Co-

1810 1471 1873 1498 mite
1890 1471 2066 1507 Brytanniae,
2082 1465 2120 1501 &-

1774 1509 1873 1535 comite
1889 1508 1930 1536 W
1930 1505 2035 1535 illielmo
2049 1506 2079 1535 de
2094 1503 2223 1544 Effi’xia,
2240 1503 2280 1540 &-

1776 1546 1887 1581 Hugone
1904 1548 2002 1574 Comite
2017 1544 2127 1584 Cestryae
2163 1543 2200 1579 &-

1775 1584 1890 1612 Ricardo
1899 1586 2021 1612 Humetz
2030 1569 2280 1623 constassulario,&

1777 1625 1877 1650 Comite
1893 1622 1924 1650 de
1939 1620 2063 1651 Mellenc.
2084 1620 2123 1656 &-

1778 1659 1905 1697 Jordano
1919 1659 2024 1698 Coffon,
2044 1657 2082 1694 &-

1773 1701 1847 1727 Hum
1862 1700 1918 1727 ria'o
1929 1699 1960 1726 de
1974 1698 2070 1727 Bohun
2080 1721 2089 1735 ,
2106 1696 2145 1732 &-

1775 1739 1817 1765 W
1815 1735 1838 1764 il
1846 1735 1921 1764 ielmo
1935 1736 1967 1764 de
1975 1740 2055 1775 Curcy
2069 1733 2228 1775 Seneftallo,
2244 1733 2282 1768 ὀὶ

1775 1773 1896 1804 Gilberto
1918 1773 2009 1802 Illalet
2039 1773 2182 1813 senescallo
2210 1774 2285 1812 apud

1811 1811 1953 1851 Falefiam.

1230 1541 1517 1615 Radulpho&Abbate
1549 1542 1580 1572 de
1610 1543 1735 1572 Mona'es-

1269 1583 1334 1618 burg
1389 1596 1394 1602 =

1231 1603 1364 1649 Herbert’o
1401 1619 1600 1649 Archidiacono
1650 1620 1738 1648 Nort-

1270 1658 1414 1696 hampton,
1434 1655 1472 1692 ὠ·

1234 1696 1356 1726 Waltero
1371 1696 1401 1724 de
1414 1695 1595 1735 Constantiis,
1614 1694 1652 1730 (ξφ

1233 1738 1332 1772 Rogero
1346 1733 1489 1770 Capellam
1503 1738 1580 1771 Regis
1588 1757 1598 1772 ,
1616 1731 1654 1768 ὠ

1234 1772 1347 1802 Osberto
1363 1771 1460 1802 clerico
1474 1773 1505 1802 de
1518 1776 1650 1810 Camera,
1664 1770 1701 1805 &-

1234 1812 1347 1841 Ricardo
1362 1809 1428 1840 Filio
1442 1813 1551 1841 Domini
1559 1813 1635 1848 Regis
1652 1813 1738 1839 Comi-

1273 1886 1337 1918 I-liis
1358 1887 1450 1925 itaque
1471 1887 1606 1924 recitatis,
1624 1888 1652 1916 in
1672 1887 1798 1919 Ecclesia
1820 1888 1915 1919 saneti
1927 1888 2002 1919 Petri
2016 1889 2215 1926 Eboracensis,
2233 1899 2286 1919 co-

1237 1936 1296 1956 ram
1311 1926 1451 1964 praedietis
1465 1925 1593 1962 Regibus
1608 1925 1717 1964 Angliae
1739 1928 1772 1957 δε
1792 1937 1887 1957 coram
1904 1927 2002 1965 Rege,
2021 1928 2126 1958 Scotiae
2140 1929 2173 1959 &
2190 1927 2286 1958 David

1239 1965 1333 1994 Fratre
1347 1964 1414 2002 suo,
1433 1965 1466 1994 δε
1480 1963 1609 2006 universo
1632 1965 1754 2003 populo,
1772 1964 1919 2005 Episcopi,
1938 1958 2084 2003 Comites,
2101 1966 2237 2004 Barones,
2252 1968 2286 1996 &

1240 2002 1365 2040 Milites,
1385 2002 1420 2031 de
1435 2009 1507 2031 terra
1520 2000 1605 2040 Regis
1618 2001 1739 2039 Scotiae,
1755 2003 1916 2041 juraverunt
1931 2003 2063 2034 Domino
2079 2005 2151 2043 Regi
2161 2005 2287 2043 Angliae,

1240 2042 1272 2072 ὃς
1296 2040 1425 2070 Henrico
1448 2040 1519 2069 Filio
1538 2040 1604 2081 suo,
1623 2041 1655 2070 &
1678 2040 1846 2071 Haeredlbus
1865 2052 1966 2072 eorum
1980 2066 1990 2080 ,
2008 2042 2168 2073 fidelitatem
2190 2052 2290 2074 contra

1242 2089 1362 2109 omnem
1377 2079 1542 2116 hominem,
1560 2080 1630 2108 1icut
1644 2079 1713 2118 ligiis
1729 2078 1864 2110 Dominis
1875 2081 1941 2111 suis:

1282 2154 1352 2186 Post
1364 2155 1437 2185 hanc
1452 2158 1523 2186 vero
1539 2154 1776 2192 compositionem
1791 2157 1824 2187 &
1838 2156 1942 2193 finem,
1956 2165 2032 2186 anno
2053 2156 2177 2187 Domini
2201 2156 2292 2186 mille-

1247 2194 1319 2224 simo
1335 2194 1505 2232 centesimo,
1522 2193 1737 2232 septuagesimo,
1751 2194 1846 2232 sexto,
1864 2196 1897 2226 &
1912 2194 2008 2233 Regni
2022 2194 2092 2224 dieti
2104 2195 2150 2225 Re
2169 2196 2191 2224 is
2210 2195 2293 2224 Hen-

1247 2233 1298 2263 rici
1310 2232 1446 2263 vicesimo
1458 2232 1598 2270 secundo,
1615 2232 1649 2262 ad
1664 2231 1843 2270 Concilium,
1861 2233 2033 2263 celebratum
2046 2233 2118 2270 apud
2163 2233 2295 2271 orhamp-

1247 2279 1298 2302 ton
1307 2293 1316 2309 ,
1334 2272 1412 2301 venit
1428 2269 1518 2300 dietus
1531 2270 1708 2308 willelmus,
1717 2270 1780 2301 Rex
1793 2271 1975 2309 Scottorum,
1989 2281 2038 2309 per
2052 2271 2214 2302 mandatum
2227 2271 2295 2302 dicti

1248 2309 1335 2349 Regis
1348 2308 1469 2339 Henrici
1478 2331 1487 2346 ,
1505 2307 1645 2339 adducens
1659 2308 1753 2339 secum
1767 2319 1867 2339 omnes
1881 2309 2051 2348 Episcopos,
2069 2309 2298 2348 Abbates,Prio-

1249 2357 1290 2377 res
1304 2348 1388 2377 totius
1401 2346 1496 2385 Regni
1512 2346 1565 2376 sui:

1290 2385 1376 2415 Anno
1397 2395 1467 2415 vero
1488 2385 1614 2422 sequenti
1629 2385 1775 2423 proximo,
1793 2383 1868 2414 idem
1883 2383 2025 2415 Henricus
2040 2384 2104 2415 Rex
2119 2384 2230 2424 Angliae
2245 2393 2299 2416 tra-*

1250 2423 1319 2453 didit
1339 2422 1472 2453 Castrum
1492 2422 1528 2452 de
1549 2423 1739 2462 Roltesburg,
1756 2424 1786 2452 in
1799 2422 1954 2461 Custodia,
1972 2423 2131 2457 Willielmo
2151 2423 2187 2453 de
2199 2423 2295 2454 Stote-

1250 2462 1334 2498 ville,
1353 2462 1386 2492 δε
1408 2460 1578 2491 Custodiam
1600 2460 1692 2498 Castri
1715 2461 1873 2491 Puellarum
1897 2461 2018 2497 Rogero
2032 2461 2068 2491 de
2081 2460 2244 2500 Stoteville,
2262 2463 2298 2494 &

1251 2499 1420 2530 Custodiam
1433 2499 1526 2529 Castri
1542 2499 1578 2528 de
1592 2498 1725 2539 Berewyk
1739 2499 1870 2529 Galfrido
1885 2499 1921 2528 de
1934 2499 2090 2529 Noefville.

2300 1313 2429 1348 ‘II-5645

2314 2154 2389 2192 Ann.
2402 2152 2444 2190 D.

2336 2199 2419 2237 1176.

1287 2537 1374 2568 Anno
1395 2539 1465 2567 vero
1491 2537 1588 2574 Regni
1611 2537 1733 2574 ejusdem
1755 2537 1876 2567 Henrici
1896 2537 1987 2575 Regis
2011 2537 2148 2568 vicesimo
2162 2537 2297 2577 septimo,
2318 2533 2393 2565 Arm.
2408 2531 2451 2563 Di

1251 2575 1293 2605 W
1296 2576 1431 2613 illelmus,
1449 2575 1514 2604 Rex
1527 2575 1709 2613 Scottorum,
1726 2576 1804 2605 venit
1819 2577 1848 2604 in
1864 2575 2096 2614 Normanniam‚
2114 2586 2163 2613 per
2184 2576 2300 2607 manda-
2342 2572 2426 2609 1189:

1252 2622 1314 2645 tum
1336 2614 1427 2651 Regis
1449 2612 1563 2650 Angliae
1585 2613 1703 2643 Henrici
1727 2612 1852 2643 Domini
1867 2614 1924 2650 sui,
1943 2615 2019 2651 cujus
2033 2614 2251 2645 Ammonitione
2267 2616 2301 2646 &

1254 2652 1372 2683 consilio
1386 2675 1395 2690 ,
1428 2651 1506 2681 idem
1527 2651 1591 2681 Rex
1612 2651 1779 2681 Scottorum
1801 2652 1939 2682 concessit
1960 2652 2080 2682 Matheo
2102 2651 2245 2691 Episcopo
2267 2653 2304 2684 de

1257 2691 1389 2721 Aberden
1403 2691 1435 2721 δε
1447 2689 1570 2728 Johanni
1581 2689 1724 2733 Episcopo
1740 2690 1834 2720 saneti
1849 2689 1985 2734 Andreae,
2004 2701 2074 2728 quos
2092 2691 2148 2728 ipse
2169 2692 2185 2720 a
2205 2691 2304 2722 Scotia

1253 2730 1394 2769 fugaverat
1428 2729 1569 2759 licentiam
1583 2727 1757 2765 repatriandi.
1776 2728 1852 2758 Haec
1867 2730 2046 2759 inveniuntur
2060 2729 2229 2760 inCronicis
2238 2729 2303 2760 Ro—⁴

1257 2769 1317 2806 geri
1327 2767 1363 2797 de
1375 2752 1553 2805 ksovedene,
1569 2767 1600 2796 in
1612 2766 1705 2796 multis
1718 2766 1803 2796 libris.

1296 2839 1383 2874 Anno
1400 2843 1523 2874 Domini
1538 2866 1548 2881 ,
1572 2842 1739 2881 millesimo,
1765 2843 1919 2873 centesimo
1932 2866 1942 2881 ,
1973 2843 2154 2880 odlogesimo
2169 2867 2179 2882 ,
2204 2847 2306 2883 nono,

1259 2883 1339 2913 dieto
1350 2882 1429 2919 Regi
1444 2882 1558 2916 Angliae
1571 2881 1700 2911 Henrico
1713 2881 1839 2911 successit
1855 2881 1991 2912 Ricardus
2029 2882 2111 2912 Filius
2126 2883 2194 2921 ejus:
2233 2883 2308 2921 Quo

1259 2931 1352 2959 anno,
1371 2921 1465 2950 mense
1489 2917 1663 2957 Decembri,
1682 2920 1759 2950 venit
1774 2918 1954 2950 Cantuariam
1968 2905 2139 2950 willielmus
2151 2920 2308 2950 RexScot⁴

1260 2967 1374 2996 torum,
1392 2957 1426 2988 ad
1440 2958 1550 2987 distum
1564 2957 1680 2994 Regem
1696 2957 1867 2994 Ricardum,
1885 2959 1918 2988 ὅτ
1932 2958 1999 2988 fecit
2019 2960 2045 2988 ei
2065 2959 2151 2988 homa
2174 2960 2255 2996 ium,
2273 2959 2308 2990 &

1261 2999 1311 3028 suo
1324 3006 1452 3034 tempore
1466 3006 1526 3025 non
1538 2997 1679 3026 invenitur
1691 2996 1727 3026 de
1740 2995 1910 3027 Rebellione
1931 2996 2105 3027 Scottorum.
2175 3006 2212 3027 oc
2232 2998 2310 3027 inve-·

1261 3038 1336 3067 'nitur
1350 3037 1380 3065 in
1395 3034 1527 3066 Cronicis
1539 3033 1651 3072 Rogeri
1665 3033 1700 3064 de
1714 3033 1894 3072 Hovedene,
1914 3035 1942 3064 in
1958 3035 2053 3065 multis
2065 3035 2151 3065 libris.

1268 3148 1271 3150 ,
1300 3111 1387 3144 Anno
1410 3111 1533 3142 Domini
1552 3109 1702 3141 millesimo
1722 3110 1874 3141 centesimo
1895 3111 2081 3148 nonagesimo
2101 3122 2182 3142 nono
2195 3135 2205 3150 ,
2230 3111 2310 3142 dieto

1265 3151 1343 3188 Regi
1364 3150 1491 3180 Ricardo
1512 3148 1636 3179 succeffit
1652 3149 1796 3186 Johannes
1810 3172 1820 3187 ,
1840 3149 1932 3179 Frater
1955 3151 2011 3187 ejus
2027 3162 2037 3188 3
2054 3151 2101 3188 qui
2120 3150 2228 3188 statim,
2246 3149 2311 3187 post

1265 3189 1495 3219 Coronationem
1508 3188 1597 3224 suam,
1614 3187 1687 3217 milit
1702 3187 1863 3228 Philippum
1879 3187 2101 3218 Dunelmensem
2122 3188 2146 3218 E
2156 3189 2313 3225 wiscopum,

1265 3229 1298 3259 &
1320 3227 1473 3264 Rogerum
1493 3225 1610 3264 Bygod,
1631 3226 1664 3255 ὃς
1687 3225 1822 3263 quosdam
1843 3226 1910 3255 alios
1930 3226 2054 3256 Nobiles
2077 3226 2110 3255 ad
2132 3227 2147 3255 N
2175 3226 2314 3255 illelmum

1266 3266 1384 3302 Regem
1397 3265 1580 3300 Scottorum,
1595 3273 1663 3292 cum
1680 3263 1774 3293 litteris
1785 3264 1884 3301 Regiis
1900 3264 2074 3302 Parentibus,
2091 3264 2127 3294 de
2148 3264 2221 3293 salvo
2242 3273 2314 3293 con-

1267 3304 1371 3341 ductu,
1388 3305 1422 3334 ὃς
1446 3303 1536 3333 statuit
1555 3303 1581 3330 ei
1601 3301 1679 3331 diem
1700 3302 1834 3332 veniendi
1846 3302 1919 3340 apud
1931 3302 2130 3339 Lincolniam,
2148 3303 2177 3331 in
2192 3301 2313 3331 crastino

1269 3342 1366 3373 Sancti
1381 3340 1539 3372 Eadmundi
1555 3339 1651 3378 Regis.

1306 3379 1420 3410 Eodem
1441 3381 1511 3411 vero
1533 3388 1607 3407 anno
1623 3401 1633 3415 ,
1658 3378 1752 3408 mense
1773 3376 1965 3416 Novembri,
1988 3378 2091 3409 scilicet
2115 3387 2150 3407 10
2174 3376 2315 3407 Kalendas

1271 3418 1457 3457 Decembris,
1474 3415 1540 3447 feriit
1563 3415 1678 3454 quarta,
1692 3416 1767 3446 idem
1788 3417 1852 3446 Rex
1870 3417 2013 3455 johannes
2026 3418 2057 3447 δε
2076 3415 2237 3446 Willelnius
2252 3415 2317 3444 Rex

1272 3458 1438 3487 Scottorum
1454 3463 1664 3492 convenerunt,
1678 3455 1712 3485 ad
1726 3455 1901 3493 colloquium
1911 3478 1919 3493 ,
1937 3464 2011 3485 extra
2024 3454 2176 3485 Civitatem
2192 3453 2318 3493 Lyricor-

1273 3497 1345 3532 niae,
1362 3495 1441 3533 super
1457 3494 1590 3524 Montem
1607 3492 1754 3531 Arduum,
1772 3495 1804 3524 ὃς
1819 3493 1874 3530 ibi,
1893 3495 1921 3522 in
1936 3493 2088 3530 conspectu
2102 3492 2195 3521 omnis
2203 3491 2317 3531 populi,

1271 3534 1445 3564 Willielmus
1469 3533 1530 3561 Rex
1552 3531 1718 3561 Scottorum
1738 3532 1851 3561 devenit
1871 3533 1961 3561 homo
1981 3531 2068 3561 Reois
2085 3530 2220 3567 johannis
2247 3539 2320 3567 prae-v

1272 3572 1359 3610 dieti,
1377 3574 1410 3603 ὅ(
1421 3571 1520 3610 juravit
1533 3570 1558 3598 ei
1572 3568 1734 3600 fidelitatem
1746 3570 1824 3606 super
1837 3568 1964 3599 Crucem
1978 3555 2103 3599 Huberti
2118 3568 2320 3598 Cantuariensis

1273 3610 1483 3647 Archiepiicopi
1496 3607 1532 3636 de
1546 3606 1619 3644 vit-22,
1637 3608 1668 3638 δε
1686 3609 1836 3645 membro,
1854 3609 1886 3638 &
1902 3616 2014 3637 terreno
2030 3608 2139 3636 honore
2158 3606 2225 3645 suo,
2251 3615 2323 3637 con*

1272 3659 1314 3680 tra
1328 3658 1428 3678 omnes
1440 3647 1586 3684 homines,
1603 3647 1636 3676 &
1651 3645 1688 3675 de
1700 3655 1768 3684 pace
1784 3645 1915 3676 servanda
1927 3645 1976 3674 iibi
1990 3647 2023 3675 ὃς
2040 3644 2145 3681 Regno
2157 3644 2215 3674 suo.
2252 3644 2323 3676 Hoe'

1273 3688 1413 3719 invenitur
1427 3686 1455 3715 in
1467 3684 1600 3713 Cronicis
1615 3683 1727 3721 Rogeri
1739 3685 1776 3713 de
1788 3683 1966 3720 Hovedene,
1985 3684 2014 3713 in
2029 3683 2121 3713 multis
2135 3683 2220 3713 libris.

1311 3763 1398 3794 Anno
1412 3761 1532 3791 Domini
1548 3759 1715 3798 millesimo,
1732 3759 1945 3797 ducentesimo,
1963 3764 2060 3797 nono,
2078 3759 2172 3789 mense
2184 3759 2262 3798 Junii
2272 3783 2281 3798 ,
2297 3761 2326 3789 a-

1296 3802 1333 3832 ud
1356 3800 1506 3837 Berewyk,
1524 3797 1659 3828 Castrum
1679 3799 1835 3829 construxit
1856 3798 1921 3827 Rex
1943 3797 2055 3833 Angliae
2067 3797 2211 3836 johannes
2227 3806 2326 3828 contra

1323 3839 1470 3870 illielmum
1486 3837 1601 3873 Regem
1616 3837 1800 3874 Scottorum,
1819 3838 1971 3866 exercitum
1994 3837 2077 3866 etiarn
2098 3846 2254 3876 aggregans
2276 3845 2327 3865 co-

1279 3878 1408 3918 piosum,
1425 3885 1456 3905 ut
1477 3874 1626 3904 debellaret
1646 3885 1730 3914 eum,
1747 3876 1812 3913 quia
1833 3873 1944 3904 Comiti
1965 3873 2094 3904 Boloniae
2116 3875 2217 3905 Filiam
2236 3875 2329 3916 suam,

1282 3924 1381 3956 praeter
1394 3914 1477 3962 ipsius
1487 3914 1573 3981 Reffis
1584 3912 1724 3958 Johaniiis
1739 3912 1894 3951 ass'ensum,
1911 3911 2102 3957 desponderat.
2132 3913 2206 3956 Hoc
2222 3913 2332 3955 inveni-

1283 3966 1328 3986 tur
1343 3956 1372 3984 in
1388 3954 1518 3983 Cronicis
1571 3951 1702 3982 onasterii
1715 3951 1752 3981 de
1766 3950 1972 3990 Brydelyntone
2008 3952 2041 3982 &
2057 3960 2085 3980 m
2102 3952 2197 3981 multis
2209 3950 2274 3979 aliis.
2295 3948 2333 3978 Et

1284 3996 1313 4024 in
1327 3991 1460 4024 Cromcis
1476 3988 1645 4023 Monastexii
1658 3990 1693 4021 de
1708 3989 1924 4066 KgIng3eswode,
1941 3975 2148 4030 W'ygornienfi
2160 3987 2278 4021 Diocefi
2288 3988 2339 4056 ξιξ-’ἒ

2330 3100 2404 3131 Ann.
2418 3092 2461 3128 D..

2352 3148 2364 3168 1
2373 3147 2435 3176 ¹99³

2344 3743 2416 3781 Anu.
2428 3740 2473 3778 D.-

2364 3788 2447 3826 129ότ
