2570 4261
829 203 939 244 ET
1021 205 1285 246 ACTA

105 278 183 315 vAnii.
196 283 236 315 D.
252 292 329 316 tente
354 285 516 325 requirimus
536 287 568 317 &
588 295 718 326 rogamus
733 309 743 324 ,
766 289 893 325 quatinus
914 289 1041 332 praedie'ti
1062 290 1150 321 nostri
1169 291 1306 329 propositi

126 324 208 361 1283.
250 324 395 363 participes
410 324 573 362 existentes,
592 335 655 363 erga
667 324 808 356 summum
824 326 995 357 Pontincem
1010 327 1189 359 effectualiter
1202 329 1305 358 instare

105 363 172 390 Ἐάν.
196 373 218 389 i.
250 363 339 392 velitis
352 363 430 399 quod
446 363 612 392 transsationi
624 363 767 400 praedict-2
783 365 910 394 savorem
932 367 1055 405 praebeat
1068 367 1255 405 apostolicum
1271 367 1304 397 &

250 401 436 438 consensum,
454 409 485 430 ut
499 401 513 430 a
529 400 598 430 Deo
611 403 743 432 meritum
752 425 761 440 ,
778 404 810 432 &c
823 403 837 432 a
852 404 934 433 nobis
948 413 1036 442 grates
1046 405 1246 442 specialiffimas
1262 415 1305 434 re-

250 440 381 476 portetis,
399 448 453 477 pro
468 448 548 468 certo
562 448 688 469 tenentes
698 441 774 478 quod
793 441 829 471 de
844 441 969 478 dampno
982 443 1132 481 Eccleliae,
1150 443 1195 475 vel
1210 443 1304 481 perio-

249 486 347 506 narum
362 476 499 514 ejusdem,
516 477 546 506 in
560 477 617 506 hoc
631 478 722 516 facto,
742 489 801 507 non
816 479 925 516 expedit
939 491 990 510 vos
1004 483 1108 510 timere.

287 514 370 544 Nam
385 514 419 543 de
432 514 631 552 indempnitate
645 517 698 553 jam
714 518 901 554 prospeximus
917 519 1036 555 prees-atre
1051 519 1184 550 Ecclesiae
1197 530 1230 550 ac
1244 529 1305 558 per-

249 553 337 591 sonis,
355 553 454 583 scimus
468 555 573 583 etenim
589 554 682 592 quod,
699 556 716 585 si
732 555 853 585 summus
870 556 1001 587 Pontifex
1016 558 1202 588 comoditates
1216 560 1249 589 &
1263 560 1305 587 in-

250 590 437 621 comoditates
452 591 509 621 loci
523 593 707 631 cognosceret
730 594 884 633 utriusque,
902 605 952 625 nos
966 596 1000 626 ad
1020 595 1181 626 faciendum
1195 621 1206 635 ,
1227 596 1304 636 quod

248 630 389 668 petimus,
408 629 541 660 allectivis
555 631 685 668 precibus
699 633 842 670 invitaret,
859 633 962 664 etiamsi
975 634 1122 664 nollemus.

249 757 298 789 De
313 757 446 788 Servitia
472 754 641 795 Militari,
675 754 800 800 Alfonsb
821 759 892 802 Regi
915 755 1036 797 Cnstellae
1054 767 1108 802 per
1134 755 1251 799 Gaston.
1269 756 1305 789 de

447 805 545 836 Bearn
557 801 695 848 praestito,
712 801 867 849 stipendiis
883 807 968 851 Regis
985 806 1109 852 Angliie.

229 915 236 922 ,
253 887 314 948 O
324 886 444 918 Mnibus
457 887 564 918 Christi
577 887 715 928 fidelibus,
733 887 878 926 praesentes
890 889 990 921 litteras
1002 890 1097 921 visuris
1108 889 1153 920 vel
1167 889 1304 929 inspediii-

202 956 207 961 ,
326 927 378 965 ris,
395 926 505 964 Gasto,
525 926 583 956 Dei
597 927 683 965 gratia
697 950 706 965 ‚
729 928 896 958 vicecomes
917 928 1007 958 Biern.
1027 927 1172 959 Dominus
1191 928 1305 958 Montis

212 992 218 998 ,
249 963 351 994 Catani
367 967 399 995 &
415 964 507 995 Castri
522 965 646 1002 Veteris,
665 965 776 996 salutem
790 966 820 995 in
832 966 972 997 Domino.

285 1002 364 1033 Curii
375 1003 506 1043 Princeps
514 1003 698 1042 Magnificus,
715 1003 857 1035 Dominus
864 1005 1033 1043 Edwardus,
1049 1004 1108 1035 Dei
1122 1003 1225 1043 gratia,
1240 1004 1307 1034 Rex

186 1046 214 1084 f.
248 1040 362 1080 Angliae
373 1042 496 1081 illustris,
516 1042 660 1072 Dominus
674 1042 821 1072 Hiberniae
836 1044 868 1074 &c
882 1043 951 1073 Dux
963 1043 1140 1081 Aquitaniae,
1159 1042 1307 1073 Dominus

247 1074 360 1117 noster,
379 1081 461 1110 nobis
477 1081 648 1111 mandaverit
662 1089 692 1111 ut
705 1104 714 1119 ,
736 1081 787 1110 suis
802 1081 940 1119 stipendiis
954 1104 963 1119 ‚
988 1081 1143 1112 Excellenti
1162 1080 1285 1120 Principi
1295 1104 1305 1118 ,

101 1126 231 1151 PenesCa-
247 1117 380 1149 Domino
395 1119 529 1157 A1fonso,
548 1118 604 1148 Dei
615 1118 700 1158 gratia
715 1142 724 1157 ,
749 1119 823 1158 Regi
845 1119 974 1150 Castellae
992 1120 1105 1157 illustri,
1122 1120 1254 1149 auxilium
1269 1119 1303 1150 &

102 1169 196 1189 merar.
244 1156 403 1196 servitium,
420 1168 488 1188 cum
510 1157 624 1198 persona
638 1157 732 1187 nostra
745 1159 778 1188 ὃς
793 1167 910 1188 centum
926 1157 1067 1189 Militibus
1083 1158 1207 1189 Armatae
1224 1156 1305 1188 Mili-

245 1197 308 1235 tiae,
326 1197 489 1226 faceremus.

281 1235 365 1271 Nos,
383 1235 464 1273 ipsius
478 1235 599 1265 Domini
615 1232 702 1264 nostri
718 1234 882 1264 mandatum
895 1234 1111 1272 amplectentes,
1131 1233 1207 1264 mille
1222 1233 1302 1263 Mar-

245 1283 291 1303 cas
309 1273 513 1313 Sterlingorum
528 1272 563 1301 ab
574 1271 676 1302 eodem
690 1271 825 1301 Domino
848 1272 948 1302 nostro
964 1283 1013 1310 per
1032 1282 1149 1303 manum
1164 1272 1304 1310 Hugolini

244 1311 281 1341 de
294 1311 418 1351 Viquio,
437 1311 569 1341 solventis
589 1319 641 1347 pro
665 1310 766 1339 eodem
782 1311 812 1339 in
827 1310 925 1349 grossis
937 1311 1150 1341 Turonensibus
1165 1310 1301 1349 Argenti,

243 1349 371 1387 quolibet
391 1349 540 1379 Turonen.
562 1348 678 1387 Argenti
698 1357 750 1384 pro
771 1349 860 1378 tribus
874 1348 1017 1388 Sterlingis
1032 1357 1213 1387 computato,
1232 1350 1306 1379 reci-

244 1389 337 1425 pimus
352 1397 404 1425 pro
416 1387 497 1417 dietis
512 1387 644 1417 militibus
659 1385 794 1425 guisandis
808 1387 850 1416 seu
866 1387 991 1424 parandis
1003 1387 1173 1417 sufficienter
1205 1387 1303 1417 secun-

243 1426 313 1456 dum
331 1425 407 1464 quod
420 1426 503 1456 decet
522 1435 575 1463 pro
590 1425 766 1463 expeditione
788 1424 904 1455 Militari
918 1448 928 1464 ,
953 1426 1068 1465 praefato
1081 1425 1155 1465 Regi
1171 1412 1301 1456 Castellae

243 1464 361 1495 fideliter
381 1464 505 1494 facienda
519 1487 528 1500 ,
550 1463 679 1494 videlicet
691 1486 700 1499 ‚
720 1463 851 1531 ‹Ru-amdiu
873 1464 949 1494 idem
962 1463 1106 1494 Dominus
1121 1464 1214 1494 noster
1234 1464 1300 1494 Rex

244 1502 357 1541 Angliae
372 1502 467 1533 fecerit
481 1502 564 1532 nobis
577 1512 610 1533 ac
628 1502 709 1532 dietis
748 1501 867 1532 fiilitibus
885 1502 1020 1542 stipendia
1040 1501 1206 1541 ministrari,
1222 1503 1255 1533 &
1272 1514 1302 1533 e-

243 1541 358 1571 mendas
370 1551 518 1580 equorum.

277 1578 332 1616 Et,
350 1580 370 1609 fi
384 1581 483 1610 contin
505 1587 547 1618 at,
564 1579 657 1619 aliquo
672 1577 733 1609 casu
745 1601 755 1616 ,
773 1578 818 1608 seu
834 1578 912 1616 ipsius
928 1578 1049 1609 Domini
1064 1578 1150 1609 nostri
1168 1580 1299 1610 mandato

241 1619 399 1656 contrario,
418 1628 475 1658 quo
509 1618 618 1648 dicium
630 1617 770 1648 servitium
786 1618 905 1647 minime
924 1615 1079 1648 faceremus
1092 1641 1102 1655 ,
1126 1619 1255 1648 volumus
1269 1626 1300 1648 ut

241 1656 320 1686 idem
335 1655 479 1687 Dominus
494 1656 588 1686 noster
602 1655 666 1685 Rex
682 1656 793 1694 Angliae
803 1679 811 1694 ‚
830 1655 892 1693 post
908 1657 1117 1693 requisitionem
1131 1656 1175 1686 seu
1189 1658 1301 1687 amoni-

241 1695 351 1725 tionem
366 1696 449 1725 nobis
462 1695 582 1732 fat-Ciam,
599 1695 649 1725 nisi
663 1695 733 1724 infra
748 1702 802 1724 tres
817 1694 929 1724 Menses
943 1717 952 1732 ‚
974 1695 989 1724 a
1003 1703 1131 1732 tempore
1146 1695 1299 1735 requisitio·
1312 1726 1314 1729 ,

239 1734 283 1762 nis
294 1732 439 1772 praedic‘tae
454 1732 661 1772 computandos
673 1755 683 1771 ‚
704 1733 739 1762 de
762 1733 895 1769 praeditfta
914 1732 1020 1763 summa
1042 1733 1120 1764 mille
1134 1733 1299 1764 Marcarum

239 1771 335 1802 eidem
350 1771 486 1802 Domino
502 1771 601 1802 nostro
624 1771 845 1809 satisfecerimus,
862 1781 911 1808 per
930 1773 1117 1802 retentionem
1132 1772 1298 1809 pensionum

240 1809 287 1840 seu
307 1809 486 1849 reddituum,
504 1820 569 1850 quas
581 1810 626 1840 seu
639 1819 710 1849 quos
723 1811 758 1840 ab
771 1810 830 1847 ipso
871 1811 1020 1849 ercipimus
1035 1811 1118 1841 Burd.
1135 1813 1298 1849 annuatim,

238 1848 289 1878 fibi
302 1848 447 1879 consulens
460 1859 493 1879 ac
507 1849 692 1887 prospiciens,
707 1848 773 1888 ipsas
785 1859 839 1888 pen
851 1859 927 1879 iones
943 1848 988 1878 seu
1002 1849 1125 1880 redditus
1138 1849 1153 1879 ὲ
1166 1850 1212 1879 die
1225 1860 1298 1880 con-

238 1886 370 1917 feffionis
384 1887 560 1925 praesentium
580 1894 709 1917 exeuntes
723 1888 838 1917 retineat
854 1909 864 1925 ,
885 1888 919 1918 &
940 1887 1023 1917 nobis
1036 1887 1198 1925 compenset
1211 1888 1298 1926 usque

238 1925 273 1955 ad
290 1927 473 1994 quffiititatem
486 1925 533 1956 M.
543 1925 709 1956 Marcarum
718 1948 728 1964 ‚
744 1927 826 1956 nobis
840 1934 1066 1965 numeratarum,
1081 1935 1111 1956 ut
1123 1927 1243 1964 superius
1255 1926 1297 1957 est

237 1973 273 1994 ex
293 1974 322 1994 re
347 1974 404 1995 um.

275 1973 314 2032 {fit
328 2003 531 2033 nichilominus
546 2026 556 2041 ,
579 2004 607 2033 in
627 2002 688 2034 casu
705 2001 832 2041 prandisti
847 2001 947 2032 servitii
963 2011 1022 2032 non
1035 2002 1150 2040 praestiti
1166 2026 1176 2041 ,
1197 2003 1231 2033 ad
1246 2003 1299 2034 sol-

237 2041 362 2071 vendum
384 2042 525 2081 praesatam
541 2042 680 2072 summam
701 2040 777 2071 mille
796 2041 960 2071 leIarcarum
976 2063 985 2078 ,
1010 2040 1029 2070 fi
1049 2051 1098 2078 pet
1111 2043 1299 2072 retentionem

235 2078 395 2117 hujusmodi
413 2081 527 2118 praefato
544 2080 678 2110 Domino
691 2079 789 2110 nostro
801 2078 907 2109 consuli
924 2088 984 2108 non
997 2079 1105 2117 poffet,
1123 2081 1216 2110 eidem
1232 2080 1298 2111 Do*-

237 2119 319 2148 mino
332 2119 366 2149 &
380 2118 549 2148 Haeredibus
564 2119 632 2157 suis,
649 2128 703 2156 pro
718 2116 850 2158 praediCta
870 2117 1006 2147 solutione
1028 2116 1140 2148 fideliter
1152 2119 1298 2158 facienda,

236 2165 290 2186 nos
306 2156 340 2187 &
359 2156 493 2187 Haeredes
509 2156 619 2187 nostros
633 2181 643 2194 ,
667 2158 701 2188 ὃς
722 2158 819 2186 omnia
837 2156 912 2185 bona
932 2155 1046 2193 nostra,
1071 2157 1104 2187 &
1121 2165 1215 2187 totum
1234 2157 1296 2188 feo-

235 2193 322 2233 dum,
341 2195 418 2234 quod
433 2195 469 2225 de
483 2195 542 2235 ipso
558 2205 683 2226 tenemus
698 2196 728 2225 in
743 2194 897 2229 vasconia,
914 2193 1066 2231 specialiter
1081 2196 1248 2234 obligamus.

273 2232 308 2262 In
323 2243 446 2271 quorum
459 2235 590 2264 omnium
605 2234 638 2264 δε
659 2233 828 2273 singulorum
849 2231 1042 2263 testimonium
1060 2234 1238 2273 praesentibus
1254 2234 1296 2265 Si-

234 2270 334 2310 gillum
351 2272 479 2302 nostrum
495 2273 613 2302 fecimus
625 2273 737 2312 apponi.

270 2309 338 2340 Dat.
360 2309 502 2350 Btirdegal.
523 2311 597 2341 sexto
618 2310 664 2341 die
685 2309 793 2340 Mensis
810 2309 887 2347 Junii
908 2310 1032 2340 intrantis
1046 2333 1056 2348 ,
1076 2319 1153 2340 anno
1172 2310 1296 2341 Domini

241 2349 327 2389 1283.
346 2349 379 2380 &
394 2348 489 2389 Regni
503 2349 607 2389 praefati
622 2349 746 2379 Domini
761 2348 851 2378 nostri
864 2348 1023 2378 undecimo.

90 2428 223 2467 ‘11.247.
637 2424 656 2444 ἢ*
670 2424 734 2454 Hiis
749 2423 897 2462 Testibus‚

235 2504 352 2531 Domino
373 2501 505 2540 Jnhanne
524 2501 555 2530 de
570 2500 652 2541 Grely
667 2505 746 2531 Sene-
784 2503 899 2530 Domino
910 2503 1022 2537 Hugone
1036 2502 1068 2530 de
1083 2500 1257 2542 castellione,

265 2539 335 2579 ftal.
350 2540 499 2578 Vafioniae,
784 2542 899 2569 Domino
925 2538 1058 2577 Stephano
1091 2540 1122 2569 de
1157 2539 1296 2580 ll1ontefi’-

234 2580 351 2607 Domino
366 2581 464 2614 Rogero
478 2580 509 2608 de
526 2581 600 2607 Mote
609 2601 618 2616 ,
822 2578 919 2614 randi,

234 2619 350 2646 Domino
365 2618 501 2646 Guitardo
514 2616 545 2645 de
562 2619 645 2652 Burg.
785 2615 920 2656 Gaylardo
936 2615 967 2644 de
983 2613 1068 2645 Salar.

234 2658 351 2685 Domino
365 2657 393 2684 E
388 2655 505 2696 ymundo
518 2655 550 2684 de
564 2654 692 2694 Fonstis,

270 2731 308 2762 Et
318 2731 383 2762 aliis.

232 2858 282 2891 De
304 2859 431 2906 Avyano
439 2856 505 2901 filio
522 2858 613 2899 Ymr,
639 2859 675 2895 ῥ’
692 2856 761 2888 aliis
779 2853 973 2897 WZzlmfibns,
1001 2858 1056 2904 qni
1073 2855 1098 2888 lc
1117 2854 1293 2903 Croffiizeyth

478 2916 481 2918 ·
579 2905 624 2938 ad
635 2908 745 2953 Regem
762 2903 942 2938 detulerunt.

87 2998 165 3030 Anu,
179 2998 221 3029 D,
236 2989 359 3047 REX
379 2991 529 3030 omnibus,
547 2990 581 3021 ad
597 3001 682 3029 quos,
699 2991 760 3025 ὅτε.

110 3039 194 3078 1233,
257 3066 262 3071 .
328 3027 407 3072 Cum
422 3029 478 3072 jain
488 3028 597 3073 sedatis²
615 3029 777 3059 benedi<stus
790 3027 960 3073 Alriffimus,
978 3028 1144 3073 quibusdam
1157 3029 1293 3073 tui-batio-

85 3080 138 3104 An.
160 3087 168 3103 1
178 3086 201 3103 ι,
235 3065 330 3105 nibus,
349 3077 378 3104 in
391 3066 494 3097 Wallia
507 3067 621 3105 habitis,
639 3077 691 3097 nos
703 3067 805 3097 summi
822 3067 906 3106 Regis
921 3065 1082 3098 Clementia
1100 3068 1189 3097 taliter
1202 3071 1294 3097 Vllita-

88 3116 120 3141 F..
141 3124 150 3141 1
233 3107 306 3136 verit
320 3105 356 3135 ab
370 3102 497 3142 excelso,
516 3105 594 3144 quod
613 3106 696 3135 nobis
716 3115 804 3145 nuper
816 3130 826 3144 3
851 3105 925 3142 apud
939 3105 1140 3145 Aberconwey
1153 3105 1294 3136 existenti-

86 3156 143 3179 Rot.
233 3144 302 3183 bus,
323 3144 448 3174 Avianus
461 3143 531 3174 filius
541 3143 642 3182 Ynor,
660 3144 832 3182 Lewehnus,
851 3143 946 3175 David
958 3167 968 3182 ,
993 3144 1154 3183 Meylerus,
1176 3144 1208 3174 &
1223 3143 1290 3174 Go-

87 3189 163 3217 Wall,
176 3200 219 3218 ῃ,
235 3192 337 3213 ronow
350 3181 398 3212 filii
412 3181 468 3220 sui,
488 3181 643 3225 Goronow
657 3181 693 3212 fil.
714 3182 828 3220 David,
847 3182 998 3226 Avyanus,
1018 3183 1132 3220 David,
1152 3182 1292 3226 Dayhoc,

86 3232 115 3256 Ε,
139 3238 161 3256 1,
236 3221 270 3251 &
283 3221 427 3260 Tegnaret
441 3220 489 3250 filii
502 3220 541 3250 sui
555 3220 716 3259 Walenses,
733 3228 840 3258 partem
859 3221 933 3252 illam
949 3221 1131 3259 pretiosissimi
1147 3221 1293 3265 ligni-cru-

86 3275 123 3294 m·
142 3275 165 3293 ¹·
235 3259 459 3327 {insessi-13?
461 3258 1293 3334 affl?”issffrfss'ffissniiyffliiissffiknffic‘E&2323Iifiseiifflssi

234 3337 311 3380 cipes
323 3320 454 3373 Walliae}
472 3335 824 3403 habueruntbpgrspianum
839 3321 933 3380 discesti
954 3337 987 3367 &
1002 3337 1088 3368 fidelis
1101 3321 1191 3367 nostri
1204 3336 1291 3376 Regi-

233 3374 360 3449 nagog?
369 3373 785 3456 (Phireiiis’iquuigil‘elsgiitiatssiffqasli
797 3374 1059 3454 psgci‘lelggumnptione
1075 3415 1178 3457 generis
1191 3414 1290 3443 liuma-

232 3452 263 3481 ni
279 3452 309 3481 in
324 3450 426 3481 eodem
441 3451 522 3487 ligno
537 3458 659 3480 mortem
673 3450 756 3481 subiit
769 3451 971 3491 temporalem,
989 3453 1022 3483 ὃς
1037 3454 1078 3483 ob
1091 3453 1209 3490 ejuldem
1222 3452 1292 3481 San-

233 3490 290 3519 &ae
305 3491 395 3519 crucis
416 3489 573 3526 honorem,
588 3487 844 3532 praesatisrAviano,
865 3488 1029 3529 Lewelino,
1047 3490 1160 3529 David,
1181 3489 1293 3529 Meyle-

233 3539 284 3567 ro,
302 3528 456 3559 Goronow
490 3527 621 3565 Aviano‚
639 3526 752 3564 David,
769 3526 893 3567 Dayhoc
913 3529 945 3559 &
959 3528 1100 3568 Tegnaret
1114 3530 1228 3568 gratiam
1252 3529 1292 3558 sa-

232 3577 298 3598 cere
313 3567 436 3597 volentes
448 3550 612 3610 specialem,
630 3565 813 3610 concedimus
828 3567 866 3596 eis
877 3589 888 3605 ,
910 3577 965 3607 pro
982 3569 1065 3598 nobis
1086 3569 1117 3599 &c
1134 3567 1289 3597 haeredibus

230 3605 347 3644 nostris,
362 3605 437 3636 hanc
452 3605 609 3635 libertatem
618 3626 628 3642 ,
646 3612 702 3634 Viz.

272 3644 363 3683 Qiod
375 3643 441 3682 ipsi,
458 3643 504 3674 seu
517 3642 639 3673 haeredes
651 3642 690 3672 sui
702 3643 793 3682 imper
859 3652 927 3682 um,
943 3644 973 3674 in
985 3644 1080 3682 aliquo
1093 3645 1232 3682 exercitu,
1247 3644 1291 3674 seu

233 3683 413 3722 expeditione
428 3681 540 3719 nostra,
559 3689 634 3712 extra
647 3689 767 3720 quatuor
815 3681 942 3725 antreda‚
960 3692 1012 3713 nos
1030 3683 1105 3721 sequi
1121 3684 1239 3713 minime
1251 3691 1293 3726 te-

233 3720 668 3798 Effinlpgffriigi'figzogodlefiegrum
683 3718 847 3760 processerit
858 3719 1000 3752 voluntate
1012 3744 1022 3760 ‚
1047 3723 1080 3753 ὃς
1094 3730 1161 3752 tunc
1175 3721 1290 3760 sumpti-

271 3835 359 3866 Teste
374 3835 459 3874 Rege
472 3836 544 3874 apud
557 3834 674 3866 Rothel.
690 3842 736 3874 25.
751 3834 796 3865 die
805 3833 891 3872 Junii.

87 3901 164 3933 Ann.
178 3900 221 3932 D.

88 3941 205 4007 ,4ῗὸιέ
255 3970 304 4002 De
316 3969 451 4002 imizam
466 3967 598 4002 habendo
608 3968 697 4015 fhper
712 3965 840 4010 David,
855 3966 923 4011 filio
939 3967 1058 4014 Grtffini
1070 3995 1081 4011 ,
1104 3972 1266 4015 captivato.

87 4020 224 4083 32¹1}foss
297 4051 362 4083 Ex
378 4052 483 4084 ductio
496 4055 530 4090 ὃς
542 4053 615 4084 fideli
629 4054 678 4084 suo
695 4053 829 4086 Giiberto
843 4052 879 4083 de
899 4051 982 4086 crare
997 4075 1008 4091 ,
1032 4051 1143 4086 Comici
1163 4053 1294 4086 Giouce-

85 4097 117 4122 Ε.
145 4103 169 4120 1.
298 4088 372 4122 striae
383 4092 416 4123 &
430 4091 605 4124 Hertfordiae
617 4093 739 4125 salutern.

85 4140 122 4159 m.
141 4141 169 4159 2.
195 4131 221 4160 d.
1224 4120 1233 4159 Nl

1364 200 1835 249 PUBLICA.
2326 222 2399 253 221

1388 288 1472 332 Quot
1486 289 1616 334 fraudum
1630 293 1664 323 ὃς
1677 293 1916 324 machinationum
1931 290 2082 331 generibus
2098 291 2196 333 lingua
2209 295 2403 334 walensium,
2424 293 2497 324 Atm-
2514 289 2554 330 D,

1349 325 1383 355 ad
1396 327 1480 370 instar
1496 329 1638 368 vulpium,
1658 333 1848 367 progenitores
1864 332 1990 371 nostros,
2004 335 2037 364 &
2053 333 2195 371 Regnum
2215 334 2343 365 nostrum
2360 337 2404 364 in-
2447 335 2529 372 1283--

1349 364 1445 395 vaserit
1458 367 1472 396 {i
1486 374 1614 406 tempore
1627 390 1636 405 ,
1660 370 1736 405 cujus
1756 371 1848 406 potest
1863 374 1999 401 memoria
2014 374 2154 403 recordari
2170 381 2176 400 t
2203 372 2285 412 Qut
2301 373 2403 409 strages
2424 373 2491 399 Ενὲυ-
2504 381 2526 398 ¹·

1350 401 1540 442 Magnatuin,
1560 405 1730 444 Nobilium,
1749 409 1783 438 &
1797 409 1930 447 aliorum,
1949 410 2223 449 tamAnglicorum,
2239 413 2322 451 quiin]
2336 412 2404 441 alio-

1349 450 1429 484 tum,
1445 441 1590 479 Juvenum
1603 453 1660 484 atq3
1677 444 1782 476 Senum
1797 469 1806 482 ,
1831 447 1979 477 mulierum
1995 449 2027 478 ἃ
2049 450 2134 479 etiam
2148 450 2344 489 parvulorum,
2363 450 2404 479 fea

1350 488 1432 525 cerit:
1453 480 1536 519 Qiot
1550 480 1717 512 Castrorum
1733 485 1766 514 ὃς
1783 483 1979 514 Marici-iorum
1993 486 2137 525 incendia,
2152 497 2210 518 tam
2225 487 2405 525 nostrorum,

1349 525 1434 555 quam
1450 519 1568 549 aliorum
1582 519 1679 556 Regni
1694 521 1789 560 hujus,
1804 523 1939 559 posuerit:
1962 523 2101 562 Qioiiens
2120 527 2271 557 turbaverit
2285 527 2318 557 ὃ(
2334 527 2405 556 inse-

1349 557 1417 586 cerit
1430 556 1569 594 Regnum
1582 558 1710 589 nostrum
1725 582 1734 597 ,
1758 560 1854 589 Deum
1870 561 1915 590 vel
1936 562 2082 593 hominem
2104 574 2164 594 non
2186 565 2333 602 verendo,
2358 566 2406 595 vix

1349 593 1439 631 pollet
1453 595 1548 633 lingua
1561 596 1682 626 hominis
1695 607 1744 636 per
1758 598 1864 635 singula
1877 608 2015 637 enarrare,

1380 632 1493 675 ‘Verum
1507 634 1635 676 qualiter,
1655 636 1704 665 hiis
1718 635 1832 674 diebus,
1851 645 1882 666 ut
1897 639 2032 676 pi·aeterita
2051 647 2206 679 taceamus,
2226 640 2404 679 Lemnum,
2436 674 2439 677 ,

1348 669 1417 700 filius
1430 671 1562 709 Griffini,
1581 673 1695 703 walliae
1711 675 1853 711 quondam
1868 674 2000 713 Princeps
2016 699 2025 714 ,
2050 678 2083 707 &
2101 678 2194 708 David
2209 703 2217 717 ,
2241 680 2402 709 (jeremias

1289 714 1301 716 “
1348 710 1422 747 ejus,
1438 710 1529 747 spreto
1546 711 1697 749 fidelitatis,
1714 722 1798 749 quam
1812 714 1893 743 nobis
1907 714 2029 744 fecerant
2043 738 2052 753 ,
2076 716 2190 755 debito,
2206 715 2306 747 affecta
2321 718 2403 747 telin<²

1349 756 1434 786 quere
1450 759 1508 778 non
1523 749 1659 788 valentes,
1677 751 1887 787 proditionalius
1901 751 1982 782 solito
1995 753 2070 783 villas
2086 754 2190 784 nostras
2211 756 2303 786 subito
2317 766 2402 785 com-

1348 785 1514 829 busserunt,
1539 788 1573 818 δε
1594 788 1685 825 procli
1706 789 1806 819 dolor!
1834 790 1996 829 quibusdam
2020 791 2145 823 fidelibus
2169 793 2269 823 nostris
2286 795 2401 832 occisis,

1348 825 1511 868 quibusdam
1531 826 1686 856 combustis
1702 850 1712 864 ,
1737 828 1771 858 &
1785 828 1841 858 aliis
1853 829 1918 858 diris
1932 831 2085 860 carceribus
2099 833 2259 868 mancipatis
2270 855 2280 870 ,
2305 831 2403 862 Castra

1349 861 1442 892 nostra
1457 863 1603 902 invadere,
1621 864 1684 894 ausu
1699 868 1844 896 temerario
1865 868 2102 906 presumpserunt,
2120 868 2266 899 fundendo
2282 871 2402 900 inmani-

1348 909 1391 930 ter
1406 901 1564 941 sanguinem
1584 904 1769 933 innocentem
1785 926 1793 941 ‚
1817 915 1867 935 vos
1887 906 1934 944 ipsi
1949 929 1959 943 ,
1979 908 2028 944 qui
2046 907 2207 937 nostrorum
2223 909 2351 938 laborum
2367 909 2402 939 ὃ(

1348 939 1508 983 sumptuum
1523 941 1666 980 participes
1680 941 1822 980 extitistis,
1843 945 1958 980 propriis
1972 945 2060 974 oculis
2071 946 2262 976 consieztistis:

1385 977 1433 1007 Set
1451 978 1512 1014 ille,
1529 979 1576 1017 qui
1592 1001 1602 1016 ‚
1627 979 1691 1016 post
1708 982 1860 1017 peccatoris
1872 982 2085 1012 converlionem
2098 1006 2107 1021 ,
2155 986 2232 1014 iutius
2245 984 2402 1023 expetitavit

1348 1015 1454 1054 ipsum,
1471 1015 1629 1046 induratum
1643 1019 1809 1057 praecipitari
1823 1021 1974 1058 permittit,
1991 1021 2149 1057 hujusmodi
2168 1023 2324 1060 fraudibus,
2343 1033 2402 1052 ma-

1347 1054 1573 1091 chinationibus,
1591 1055 1741 1094 incendiis,
1759 1057 1791 1086 &
1805 1057 1933 1087 coedibus
1948 1058 2120 1096 inhumanis,
2137 1069 2168 1090 ut
2182 1070 2310 1100 apparet,
2328 1063 2401 1091 veri-

1347 1092 1469 1122 similiter
1482 1093 1627 1130 imponere
1644 1092 1731 1123 finem
1751 1094 1847 1124 volens
1861 1118 1871 1132 ,
1897 1096 1970 1132 prius
1989 1096 2066 1126 dieto
2082 1093 2402 1137 Piincipe‘interfeet0,

1347 1130 1458 1160 dietum
1466 1130 1578 1168 David,
1598 1132 1646 1168 qui
1662 1132 1735 1169 quasi
1747 1132 1860 1163 ultimus
1875 1133 2005 1173 superstes
2019 1134 2054 1163 de
2065 1134 2208 1166 dictorum
2224 1139 2402 1174 proditorum

1347 1177 1448 1208 genere
1461 1169 1627 1207 habebatur,
1644 1171 1814 1209 captivatum
1830 1181 1876 1207 per
1893 1171 2019 1201 homines
2034 1173 2135 1210 linguae
2155 1175 2209 1204 sure
2230 1175 2328 1204 nostro
2342 1185 2402 1205 car-

1347 1208 1405 1237 ceri
1419 1207 1583 1243 destinavit5
1604 1207 1682 1246 super
1697 1218 1755 1246 quo
1768 1209 1859 1239 eidem
1871 1211 1965 1249 gratias
1981 1209 2163 1249 exsolvimus,
2179 1213 2247 1242 sicut
2260 1214 2346 1250 ipsum
2360 1214 2402 1244 fa-

1348 1246 1457 1276 &orem
1470 1245 1702 1287 credimus-hujus
1714 1248 1760 1276 rei.

1385 1283 1422 1314 Et
1438 1285 1517 1322 quia,
1534 1285 1699 1323 vobiscum,
1717 1286 1764 1323 qui
1779 1309 1788 1323 ‚
1810 1294 1840 1316 ut
1855 1285 2031 1323 praediximus
2042 1310 2052 1325 ,
2073 1289 2148 1318 circa
2166 1291 2401 1328 expugnationem

1346 1321 1488 1352 dfflorum
1503 1323 1616 1353 fratrum
1631 1324 1664 1354 ὃς
1678 1325 1792 1354 suorum
1806 1325 1980 1362 complicum
1989 1348 1998 1362 ,
2009 1325 2148 1364 dampna,
2169 1327 2275 1357 labores
2286 1329 2318 1358 &
2330 1329 2403 1359 sum-

1347 1370 1425 1398 ptus,
1446 1372 1501 1391 una
1515 1361 1681 1400 nobiscum,
1700 1362 1857 1393 sustinuistis
1872 1386 1882 1401 ,
1907 1363 1925 1382 *³
1943 1363 2087 1403 colloquio
2104 1365 2215 1402 habito,
2233 1366 2403 1398 intendimus

1346 1398 1474 1430 ordinare
1487 1399 1552 1439 quid
1565 1400 1600 1430 de
1614 1399 1710 1432 David
1726 1401 1784 1431 fieri
1797 1401 1894 1431 debeat
1909 1411 2067 1433 memorato
2084 1403 2182 1441 (quem
2201 1404 2403 1443 susceperamus

1345 1437 1457 1468 exulem
1472 1461 1481 1477 ,
1507 1440 1707 1470 nutriveramus
1729 1440 1889 1477 orphanum
1904 1463 1913 1477 ,
1935 1441 2119 1471 ditaveratnus
2138 1442 2173 1472 de
2188 1445 2306 1483 propriis
2327 1447 2403 1476 terris

1345 1476 1465 1514 nostris,
1481 1477 1514 1507 δε
1528 1476 1578 1506 sub
1590 1477 1697 1508 alatum
1712 1477 1871 1508 nostratum
1889 1478 2005 1509 clamide
2020 1479 2177 1511 foveramus
2189 1504 2199 1519 ‚
2222 1483 2311 1522 ipsum
2330 1483 2401 1513 inter

1346 1514 1471 1553 Majotes
1484 1514 1577 1545 Palatii
1591 1515 1677 1546 nostri
1692 1516 1872 1554 collocantes)
1887 1518 1967 1548 vobis
1981 1517 2144 1549 mandamus
2156 1520 2232 1559 quod
2251 1522 2281 1550 in
2295 1520 2401 1552 Crasti-

1346 1563 1387 1583 no
1401 1553 1496 1584 Sancti
1511 1553 1676 1592 Michaelis,
1695 1556 1828 1595 proximo
1842 1556 1936 1585 futuro
1948 1579 1957 1593 ,
1980 1557 2032 1586 sitis
2044 1557 2077 1587 ad
2089 1567 2140 1588 nos
2152 1558 2225 1598 apud
2241 1558 2397 1600 Salopiam,

1343 1591 1423 1631 super
1438 1592 1495 1622 hoc
1510 1593 1543 1623 ὃς
1558 1593 1615 1623 aliis
1626 1592 1755 1625 locuturi.
1792 1593 1831 1624 Et
1845 1594 1901 1624 hoc
1916 1594 2070 1625 nullatenus
2082 1597 2223 1628 omittatis.

1381 1668 1468 1699 Teste
1479 1668 1562 1709 Rege
1575 1669 1648 1707 apud
1662 1669 1825 1701 Rotheland
1841 1670 1887 1701 2⁰.
1900 1671 1946 1702 die
1953 1671 2040 1710 Junii.

2424 1377 2551 1415 *112482

1492 1745 1661 1778 Confimiles
1671 1747 1771 1778 litterae
1785 1746 1939 1787 diriguntur
1952 1747 2085 1779 omnibus
2096 1748 2258 1790 subscriptis.

1342 1824 1486 1852 Edmundo
1496 1822 1589 1863 fratri
1604 1827 1682 1862 Regis
1697 1827 1792 1853 Comi'ti
1807 1824 1951 1863 Lancastr.

1342 1864 1440 1898 Rogero
1455 1861 1480 1891 le
1494 1863 1588 1902 Bygoa'
1597 1866 1694 1892 Comiti
1708 1861 1800 1901 Norff
1814 1861 1851 1896 ὠ
1865 1862 2026 1902 Illarefiallo
2041 1863 2172 1902 Angliae,

1341 1900 1470 1937 Johanni
1485 1901 1515 1930 de
1531 1903 1671 1931 Warenna
1684 1904 1782 1930 Comt'ti
1795 1904 1870 1930 Surr.

1342 1940 1459 1968 Henrico
1473 1940 1504 1968 de
1518 1942 1594 1978 Lacy
1608 1943 1704 1969 Comitl
1719 1939 1842 1969 Lincoln.

1343 1976 1491 2007 Willielmo
1505 1978 1536 2006 de
1551 1977 1692 2016 Valencia‚

1340 2017 1416 2044 Hmn
1431 2017 1487 2046 rido
1505 2016 1536 2045 de
1550 2015 1646 2046 Bohun
1662 2020 1757 2046 comiti
1773 2015 1912 2056 Hereford
1922 2013 1960 2050 ὠ·
1976 2015 2076 2055 Effex,

1342 2053 1406 2090 Wil
1415 2053 1490 2083 ielmo
1505 2056 1537 2084 de
1550 2054 1626 2084 Bello
1640 2059 1736 2093 Campo
1751 2059 1847 2084 Comiti
1861 2057 1952 2084 Warr.

1339 2092 1455 2122 Roberto
1469 2093 1501 2122 ὡ
1515 2096 1579 2122 Veer
1593 2097 1688 2122 Comiti
1700 2098 1788 2124 Oxon.

1339 2131 1461 2160 Gilberto
1473 2132 1505 2160 de
1520 2130 1703 2171 Umframvill
1715 2137 1783 2163 Com.
1800 2132 1831 2161 de
1848 2134 1973 2169 Anegos,

1336 2169 1451 2199 Roberto
1465 2171 1496 2199 de
1512 2172 1584 2199 Brus
1601 2173 1700 2201 comiti
1713 2173 1745 2202 de
1761 2171 1889 2208 Carrick,

1377 2248 1454 2277 Adae
1469 2246 1493 2276 le
1508 2245 1670 2287 Despenfi’r‚

1377 2288 1461 2315 Petro
1474 2286 1505 2315 de
1518 2285 1606 2324 Gousl.

1376 2326 1469 2360 Regin.
1485 2325 1516 2354 de
1530 2327 1618 2362 Grey,

1378 2362 1499 2392 Gilberto
1515 2362 1546 2391 de
1559 2366 1653 2392 Gaunt
1662 2386 1672 2401 ,

1375 2400 1508 2429 Nicholao
1523 2400 1554 2429 de
1571 2404 1706 2439 Segnwe,

1378 2438 1505 2468 Mathaeo
1522 2439 1554 2467 de
1570 2442 1718 2478 Lovayne,

1378 2476 1507 2514 Johanni
1522 2478 1554 2506 de
1569 2476 1598 2506 la
1613 2481 1698 2507 filare
1707 2499 1718 2515 ²

1376 2518 1493 2544 Henrico
1508 2513 1595 2552 Husee

1375 2556 1472 2590 Rogero
1487 2555 1584 2582 Lanca
1609 2564 1631 2582 r.

1376 2591 1508 2620 Nicholao
1524 2592 1554 2620 de
1571 2590 1703 2630 Meynill‚

1377 2630 1491 2659 Roberto
1507 2630 1539 2659 de
1553 2628 1689 2667 Tatefhall
1696 2653 1701 2659 .

1376 2668 1491 2697 Ricardo
1507 2669 1539 2698 de
1552 2671 1622 2708 Grey
1630 2691 1640 2707 ‚

1376 2706 1491 2736 vaerto
1505 2707 1536 2736 de
1544 2709 1617 2736 Brur
1631 2710 1748 2737 Domino
1760 2705 1846 2737 Vallis

1412 2745 1528 2774 Anand.

1376 2783 1501 2851 Gaffrido
1515 2784 1547 2812 de
1562 2782 1674 2821 Nevill,

1374 2822 1415 2861 Jo
1436 2825 1502 2851 anni
1516 2822 1547 2851 de
1564 2825 1744 2862 Stayngrene,

1375 2860 1515 2899 Radulpho
1530 2861 1562 2889 de
1573 2861 1684 2901 Thony,

1375 2898 1496 2929 lValtero
1509 2899 1542 2928 de
1558 2901 1689 2939 Wygeton
1697 2923 1707 2938 ,

1373 2938 1487 2967 Roberto
1498 2936 1562 2976 filio
1576 2937 1695 2968 Walteri
1712 2938 1745 2968 de
1762 2941 1844 2968 Dau-

1412 2987 1483 3006 more
1493 2998 1501 3011 ‚

1375 3018 1473 3052 Rogero
1485 3013 1514 3042 ln
1532 3013 1653 3052 Zufihe,

1374 3054 1487 3082 Roberto
1492 3051 1554 3093 filio
1564 3055 1660 3090 Rogeri
1667 3075 1676 3091 ‚

1373 3091 1504 3130 Johanm'
1517 3091 1548 3120 de
1565 3093 1701 3130 Wautmz,

1372 3132 1532 3159 Normanno
1547 3130 1578 3158 de
1591 3132 1684 3169 Arcy,

1372 3168 1506 3207 Johanne
1518 3168 1549 3197 de
1563 3169 1660 3197 Sanc‘lo
1675 3167 1825 3206 Johanne‚

1372 3206 1520 3237 Willielmo
1536 3205 1567 3234 de
1582 3206 1671 3244 Vesty,

1372 3245 1484 3275 Thomae
1501 3245 1532 3274 de
1546 3244 1675 3281 Benene,

1926 2245 2041 2275 Ricardo
2047 2244 2109 2285 filio
2129 2245 2283 2286 Johannis‚

1925 2283 2053 2362 Jofhzrlzni
2067 2279 2181 2323 Giffizrd
2197 2286 2230 2316 de
2244 2287 2397 2329 Brummef·

1975 2334 1988 2351 e

1924 2345 2062 2398 Raduffiho
2073 2361 2105 2390 de
2118 2360 2280 2401 Crumwell,

1922 2398 2050 2436 Johanm'
2063 2400 2094 2428 de
2110 2400 2195 2428 Breus
2203 2423 2213 2438 ,

1922 2437 2037 2466 Ricardo
2051 2437 2083 2466 de
2096 2440 2199 2476 Breier,

1922 2477 2004 2504 Petro
2016 2476 2048 2505 de
2060 2474 2141 2505 filalo
2155 2479 2251 2516 Lacu,

1923 2513 2037 2542 Roherto
2049 2514 2080 2542 de
2096 2516 2167 2552 Ros,

1922 2551 2052 2589 Johanni
2066 2551 2097 2581 de
2113 2555 2140 2582 E
2137 2551 2215 2593 yvill
2217 2575 2228 2592 ,

1923 2592 1965 2618 W
1964 2589 2068 2619 illielmo
2084 2590 2218 2631 Bardolfe

1920 2627 2032 2657 Thomae
2046 2629 2077 2658 de
2091 2616 2235 2659 Furni-'val
2243 2653 2253 2668 ‚

1921 2669 1965 2695 W
1965 2666 2069 2696 ilhelmo
2082 2667 2114 2697 de
2129 2665 2330 2710 Huntingfeld,

1919 2705 2034 2734 Roberto
2048 2705 2142 2745 Baffi’t
2157 2706 2188 2736 de
2204 2707 2356 2748 Welledon,

1919 2743 2045 2780 Johanm·
2059 2744 2091 2774 de
2105 2744 2198 2783 Bisa),

1919 2779 2056 2820 Radulpho
2070 2783 2165 2822 Baffit
2179 2783 2210 2813 de
2225 2787 2369 2826 Drayton,

1920 2823 1947 2849 T
1943 2819 2016 2850 heah.
2032 2820 2063 2849 de
2077 2822 2198 2859 Verdun,

1919 2860 2055 2889 Marmed.
2070 2860 2103 2888 de
2116 2863 2226 2898 Tweng.

1919 2899 1963 2926 W
1961 2896 2067 2927 illielmo
2080 2898 2112 2927 de
2129 2901 2198 2938 Ros,

1921 2935 2068 2965 Willielmo
2081 2936 2113 2965 de
2127 2941 2197 2976 Say,

1917 2976 2017 3010 Rogero
2030 2975 2062 3004 de
2074 2978 2178 3015 Somery
2187 2998 2196 3013 ,

1918 3011 2039 3042 Waltero
2051 3013 2082 3042 de
2096 3011 2300 3053 Faucomberge‚

1918 3049 2046 3088 Johanni
2060 3051 2092 3080 de
2108 3051 2188 3081 Bella
2202 3055 2304 3092 Aqua,

1918 3088 2028 3156 Thonzae
2031 3089 2095 3131 filio
2111 3092 2154 3120 W
2153 3089 2255 3121 illielmi
2271 3093 2303 3122 de
2315 3095 2390 3124 δνσὶ·

1978 3139 1992 3157 o
2010 3139 2024 3157 e

1948 3151 2047 3196 ohamii
2061 3166 2093 3196 de
2109 3165 2243 3206 Vallum,

1916 3204 2023 3271 Thlomae
2054 3206 2086 3235 de
2111 3205 2231 3235 Il1oleton
2257 3206 2289 3235 de
2313 3209 2388 3247 Hoy-

1963 3244 2022 3273 and
2035 3267 2045 3281 ,

1371 3286 1469 3321 Rogero
1486 3284 1517 3313 de
1533 3281 1648 3311 Colevill
1660 3280 1823 3321 deByham‚
1917 3280 2023 3311 Thomae
2046 3282 2078 3311 de
2107 3280 2226 3310 Molettm
2248 3282 2281 3311 de
2303 3282 2386 3313 Gille-

1371 3322 1485 3351 Almar.
1498 3322 1529 3350 de
1543 3322 1642 3350 Sancto
1657 3320 1804 3359 Amando,
1917 3319 2076 3390 Βὶζὶῖἴὲίςᾶε
2088 3360 2175 3395 Grey'

1372 3360 1430 3389 Gal
1444 3361 1500 3390 rido
1513 3361 1632 3404 de'Lucy

1371 3399 1413 3437 Jo
1434 3397 1568 3465 anniflm
1589 3382 1714 3438 GaZfridt'
1727 3398 1759 3427 de
1772 3401 1841 3427 San—

1372 3437 1507 3505 Νῗίοιῖἕ
1514 3446 1653 3512 22⁷²&ss

1370 3513 1493 3543 Gilberto
1508 3511 1617 3542 Pecche.

1370 3552 1500 3591 Johanm'
1513 3552 1545 3580 de
1558 3549 1654 3579 Bohun
1669 3551 1700 3580 de
1714 3549 1822 3589 Suffix‚

1371 3590 1498 3629 Johanni
1511 3589 1542 3618 de
1553 3587 1682 3627 Wahull,

1371 3628 1491 3667 Philippo
1505 3628 1536 3656 de
1548 3628 1633 3665 Kyme
1641 3650 1650 3664 ,

1370 3667 1496 3706 Johanni
1511 3667 1542 3695 de
1558 3663 1692 3704 Ballioni,

1373 3709 1470 3742 Rogero
1485 3705 1516 3734 de
1532 3703 1683 3743 Moubray‚

1373 3747 1479 3780 Hugom'
1493 3742 1517 3771 le
1530 3741 1693 3781 De’spenser,

1916 3398 2008 3433 Regin.
2021 3397 2053 3426 de
2066 3400 2239 3434 Argenteyn‚

1916 3436 1958 3463 W
1957 3434 2063 3463 illielmo
2075 3434 2106 3462 de
2119 3437 2143 3462 F
2142 3443 2227 3474 errar.

1914 3473 2035 3501 Ger-ardo
2049 3472 2080 3501 de
2093 3470 2184 3509 Insula
2193 3495 2203 3507 ‚

1913 3513 2012 3547 Rognro
2027 3511 2058 3539 de
2071 3510 2198 3548 Leylmrn
2207 3532 2217 3546 ‚

1916 3548 2045 3587 Johanni
2058 3548 2089 3576 de
2103 3547 2178 3576 Bello
2193 3551 2306 3587 Campo,

1918 3586 2012 3615 Alana
2026 3587 2057 3615 de
2072 3585 2219 3625 Plukenet,

1917 3627 2024 3661 Hugoai
2039 3627 2126 3653 Poinz
2133 3647 2143 3662 ‚

1915 3663 2044 3701 Jolmnni
2056 3662 2089 3691 de
2102 3666 2201 3699 cogan.

1914 3700 2056 3739 Radulpho
2071 3700 2102 3729 de
2118 3701 2216 3732 Albin.

1912 3741 2002 3768 Henr.
2015 3739 2045 3768 de
2058 3741 2184 3778 Urtiaco‚

1370 3782 1486 3813 Roberto
1498 3782 1520 3810 Ρ
1517 3780 1618 3820 ypasa',
1915 3780 2015 3806 Simoni
2029 3777 2060 3806 de
2075 3780 2172 3807 Monte
2186 3778 2291 3814 Acuta,

1371 3820 1485 3850 Roberto
1498 3820 1529 3848 de
1544 3816 1749 3854 Everingham,
1915 3815 2027 3845 olivero
2039 3818 2172 3856 Dynant,

1371 3859 1497 3898 Johanni
1511 3857 1542 3886 de
1555 3855 1660 3896 Sullye‚
1914 3855 2021 3890 Hugom'
2032 3854 2064 3883 de
2078 3858 2230 3894 Curtenay‚

1912 3894 1955 3921 W
1954 3891 2062 3922 illielmo
2076 3896 2193 3933 Martyn
2201 3914 2211 3930 ‚

1914 3933 1958 3961 W
1956 3929 2062 3960 illielmo
2073 3931 2106 3961 de
2117 3933 2218 3968 Breus,

1913 3972 2046 4006 Mangero
2059 3969 2091 4000 de
2102 3970 2200 4000 Sanan
2212 3964 2334 4005 Albino,

1371 3898 1447 3927 Adae
1461 3897 1492 3926 αἰ»
1504 3898 1632 3932 Banent,

1373 3935 1459 3966 Alex.
1474 3934 1505 3964 de
1513 3931 1628 3962 Balliolo
1643 3932 1675 3961 de
1687 3928 1838 3968 Chileham,

1374 3973 1520 4005 Willielmo
1554 3971 1588 4002 lio
1597 3973 1705 4001 Warini
1717 3971 1749 4000 de
1757 3972 1839 3999 Mon-

1409 4020 1436 4042 te
1451 4015 1519 4042 Cani
1531 4021 1554 4040 10
1563 4035 1572 4048 ‚
1913 4007 2044 4038 Nicholao
2056 4009 2088 4038 de
2101 4005 2278 4045 Monteforti,
2405 4008 2419 4027 ὓ*
2430 4008 2535 4046 Ihm-9,

1371 4054 1413 4083 W
1411 4049 1517 4084 illielmo
1531 4050 1562 4079 de
1576 4050 1673 4078 Monte
1686 4046 1805 4087 canifio‚
1916 4045 1936 4066 ²*
1952 4045 2068 4086 Philippo
2083 4046 2114 4076 de
2129 4043 2236 4083 Albin,

1526 4088 1557 4118 de
1572 4085 1768 4126 Edwardeston
1775 4108 1786 4124 ,
1915 4087 2013 4124 Rogero
2026 4087 2186 4122 Extraneo‚

1796 4121 1822 4154 E
1830 4130 1846 4152 e
1866 4130 1880 4161 3
2263 4116 2385 4150 Edmmn
