2570 4261
721 219 835 262 ET
919 217 1196 260 ACTA

704 329 726 346 „
740 308 833 372 {riori
841 305 879 373 :ile
886 306 968 373 ἒῐοκ
975 327 1005 372 ‚R

703 367 725 422 3}
742 354 855 411 Ᾱὶῗὲη
861 355 899 411 212
908 343 1092 421 ii‘iss'kstbb'iss’

0 302 76 334 Ann.
90 301 132 333 D·
151 330 173 347 ,‚
191 307 305 339 Abbati
320 307 398 347 salop
407 331 418 346 ,
477 347 480 349 Α

22 342 106 380 1264.
151 369 172 385 „
189 347 305 377 Abbati
319 349 350 377 de
361 345 481 383 Hulmo,

0 385 66 412 Heu·
87 389 114 418 3·
152 408 173 424 „
191 385 304 416 Abbati
317 387 349 415 de
363 385 519 422 Bardenei,

152 446 173 463 ‚‚
192 424 305 454 Abbati
318 425 350 454 de
364 421 438 452 Colce
462 432 508 460 re,
705 444 726 460 „
742 420 855 449 Abbati
869 421 900 449 de
914 423 1009 459 Tame,

153 485 174 501 „
193 466 284 492 Priori
299 462 330 491 de
343 464 411 491 Dun
437 458 512 498 aple,
705 482 725 498 „
745 461 837 488 Priori
851 460 883 488 de
896 457 1125 497 Burmundeffl’ie,

154 523 177 540 „
195 500 308 531 Abbati
320 499 352 529 de
364 503 405 528 Be
417 497 442 526 lo
454 497 524 534 loco,
705 520 727 537 „
745 499 834 526 Priori
847 497 878 526 de
892 496 1050 534 Bernwell,

707 559 727 575 „
745 535 857 564 Abbati
872 535 903 564 de
919 533 1075 574 Merivall‚

708 597 728 613 „
746 573 859 603 Abbati
873 577 898 603 S.
915 573 1062 613 Augustini
1074 570 1194 612 Brzstoll.

709 635 729 651 „
746 612 857 641 Abbati
870 613 902 641 de
916 611 1125 650 Malmesburie,

709 673 730 690 ³²
748 650 859 680 Abbati
872 651 904 679 de
917 649 1081 689 Michelnei,

710 712 730 728 „
748 689 861 718 Abbati
874 690 905 718 de
919 692 952 718 A
955 688 1060 718 bindon.

710 750 730 767 ,‚
745 727 858 757 Abbati
871 731 898 757 S.
913 729 992 756 Petri
1005 726 1096 756 Glouc.

709 789 730 805 „
744 765 856 795 Abbati
873 767 904 795 de
917 763 1058 803 Perfhore,

710 827 730 843 „
747 804 861 834 Abbati
874 805 906 833 de
921 801 1146 843 l‘Vyncbecumbe,

710 866 731 882 „
750 846 839 872 Priori
852 843 883 872 de
896 846 1026 871 Coventr.

711 904 731 921 „
751 884 840 911 Priori
853 882 885 911 de
899 881 997 910 Santlo
1011 881 1109 909 Neoto.

160 945 182 960 ,‚
201 924 290 952 Priori
303 925 330 951 S.
345 924 493 951 Trinitatis
507 924 640 949 cantuar.
712 943 733 959 9,
749 922 839 950 Priori
852 923 879 949 S,
896 918 1027 949 Swithini
1041 919 1167 957 Wynton.

159 984 181 1001 2,
201 960 316 992 Abbati
336 961 368 990 de
385 960 463 990 Hida
477 959 568 997 juxta
589 960 674 987 Win-
713 982 732 997 „
751 958 863 988 Abbati
878 959 909 987 de
925 956 1042 995 Lesnes,

161 1005 542 1078 „Az’1,2‘2}²2.1.M.a.t0.‚
712 1020 732 1075 ξς
752 1000 840 1065 {5125}
854 998 886 1065 Ξῖ
897 996 1021 1070 {aa

160 1099 183 1117 „
199 1075 313 1107 Abbati
327 1077 359 1106 de
373 1080 457 1106 cerne
466 1098 476 1114 ‚
711 1098 732 1114 „
752 1077 842 1104 Priori
854 1075 887 1104 de
900 1071 1046 1111 Spalding,

161 1138 183 1155 „
202 1114 316 1145 Abbati
331 1116 363 1144 de
374 1113 593 1152 Abbotesburie,
713 1136 733 1152 „
754 1116 841 1142 Priori
854 1116 881 1142 S.
896 1108 1026 1141 Barthol.
1041 1106 1165 1137 London.

159 1177 181 1194 „
200 1153 312 1184 Abbati
325 1154 357 1183 de
370 1152 527 1193 Tavistoke‚
713 1174 734 1190 „
755 1154 844 1181 Priori
863 1152 894 1180 de
907 1145 1105 1183 Kenelwortb,

161 1216 182 1232 „
201 1195 293 1222 Priori
306 1193 338 1222 de
352 1192 549 1229 Huntingdon,
714 1213 735 1229 υ
750 1189 863 1219 Abbati
876 1189 908 1218 de
923 1183 1110 1226 Ofhlvestone,

161 1254 182 1270 „
200 1230 314 1260 Abbati
327 1231 359 1260 de
372 1230 485 1270 Suleby,
714 1251 734 1267 ‚,
753 1227 867 1258 Abbati
880 1227 911 1256 de
923 1222 1112 1261 Teuleesburie,

161 1293 182 1309 „
201 1268 314 1299 Abbati
330 1270 360 1299 de
376 1270 515 1307 Wardon,
715 1289 735 1305 „
752 1269 842 1296 Priori
854 1266 885 1295 de
899 1261 1077 1301 Finesheved,

162 1331 183 1347 „
200 1307 315 1338 Abbati
333 1311 359 1337 S.
379 1307 482 1347 Jacobi
496 1303 676 1341 Northampt.
715 1327 737 1343 „
756 1303 869 1334 Abbati
881 1304 912 1332 de
925 1299 1047 1338 Nuttle,

162 1370 183 1386 „
201 1346 314 1376 Abbati
326 1347 358 1376 de
369 1345 503 1385 Leicestre
511 1368 521 1383 ,
717 1365 737 1381 „
756 1342 869 1372 Abbati
883 1342 914 1371 de
929 1339 1048 1370 Vallea'ei
1056 1362 1066 1376 ‚

162 1408 183 1423 ,2
202 1384 316 1415 Abbati
330 1385 362 1415 de
376 1382 539 1423 Kirkqsi‘ed,
719 1402 739 1420 „
758 1379 870 1410 Abbati
885 1380 917 1410 de
931 1383 1060 1409 Croxton.

151 561 174 578 2,
191 538 305 569 Abbati
319 537 351 567 de
368 540 454 566 Parca
469 534 546 576 lude,

151 600 173 616 ,‚
190 576 304 607 Abbati
317 577 349 606 de
364 573 494 610 Stanlegh
503 597 513 612 ,

151 637 173 654 „
189 614 303 645 Abbati
317 615 350 644 de
363 611 510 650 Lillqlhul‚

155 675 177 693 „
194 652 309 683 Abbati
325 654 357 682 de
372 649 542 690 Bittlesden,

156 714 178 731 ,‚
195 695 286 722 Priori
298 692 331 722 de
344 694 466 720 Beuver.

156 752 178 770 „
195 733 286 761 Priori
301 731 333 760 de
345 732 436 767 Lens,

155 791 177 808 „
195 768 309 799 Abbati
323 769 355 798 de
370 767 515 797 Clervans.

158 829 179 846 ‚2
196 810 290 838 Priori
306 807 338 836 de
351 804 489 844 Stodeley,

158 868 180 885 „
199 845 313 876 Abbati
326 848 353 874 S.
368 843 517 884 Augustini
536 845 671 872 Cantuar.

160 906 184 923 „
204 883 317 915 Abbati
328 883 361 912 de
376 881 515 922 Certeffie,

235 1484 256 1500 „
276 1464 348 1491 Item
361 1459 491 1500 informa
498 1459 637 1537 pradia}
647 1458 809 1537 {asan-datum
823 1456 859 1498 est
878 1454 1025 1487 Comitibus
1040 1451 1078 1489 ό
1093 1450 1155 1482 aliis

629 1508 645 1526 u
678 1504 777 1536 criptis.

202 1574 272 1606 Dat.
287 1573 361 1616 apud
371 1572 556 1606 Wodestock
564 1596 574 1612 ,
592 1582 632 1613 24
642 1573 687 1605 die
701 1573 880 1605 Decembris.

162 1654 186 1692 ζ,
201 1656 273 1683 Com.
286 1650 415 1692 Leicestr.

166 1714 187 1731 ,‚
205 1695 277 1722 Com.
292 1690 389 1721 Glauce
413 1700 436 1720 r.

165 1752 186 1769 „
203 1734 275 1761 Com.
302 1689 426 1796 Nossbll‘c.
449 1726 488 1763 ὠ
513 1725 679 1767 Marescallo

164 1829 185 1846 „
200 1771 431 1845 cdbissssffissſs
439 1827 450 1843 ‚

163 1867 184 1884 „
203 1848 275 1874 Com.
292 1843 380 1874 Derb.

163 1906 184 1922 „
202 1884 273 1913 Rad.
287 1884 319 1913 de
333 1887 458 1922 Camoys,

164 1944 185 1961 „
203 1925 303 1959 Rogero
320 1923 351 1952 de
365 1925 391 1951 S.
408 1920 556 1960 Johanne,

164 1983 184 2000 „
204 1963 314 1998 Hugoni
335 1959 359 1990 le
380 1958 527 2000 Despenser
542 1982 552 1998 ,
577 1957 678 1999 Justic.

164 2060 185 2076 „
205 1999 404 2079 ῗιῗίοαῖφῗῖξῖό
416 2035 575 2076 Johmnis,

164 2098 186 2115 „
206 2079 249 2106 W
248 2075 357 2106 illielmo
372 2077 404 2106 de
419 2074 599 2115 Mzmcloenff,

165 2136 186 2153 „
204 2114 339 2144 Nicholao
354 2115 385 2144 de
399 2118 537 2152 Segrave,

716 1674 736 1690 „
754 1650 883 1689 Johanni
897 1651 928 1680 de
943 1648 1029 1691 Vefiy.
1083 1679 1085 1681 ,

716 1712 736 1729 ‚‚
752 1688 1063 1767 attentastis
1077 1681 1216 1725 Dm...)

717 1751 738 1805 ζ
753 1765 812 1795 Gal
824 1766 881 1795 rido
895 1767 926 1795 de
942 1738 1047 1806 Lucy‚g
1069 1748 1079 1764 ²

717 1828 738 1845 „
758 1808 798 1834 Ro
818 1812 874 1834 erto
889 1806 919 1834 de
935 1807 1004 1841 Ros,

718 1867 738 1883 „
755 1843 886 1883 Johanni
900 1844 931 1873 de
950 1845 976 1872 E
973 1839 1049 1882 yvill
1053 1864 1063 1880 ,

717 1905 738 1921 „
757 1883 833 1912 Adae
851 1882 882 1911 de
896 1883 1113 1917 Novomercaw,

718 1944 738 1960 „
757 1920 879 1951 Waltero
894 1921 925 1950 de
940 1917 1071 1957 Colevill,

718 1982 738 1999 „
757 1958 906 1989 Willielmo
922 1962 1087 1999 Marmyun,

718 2021 739 2038 „
757 2001 856 2035 Rogern
869 2001 1020 2034 Remum,

719 2059 739 2076 „
757 2035 898 2074 Radulpho
915 2034 1010 2074 Baffi’t
1029 2034 1073 2071 (de
1085 2032 1206 2070 Sapcote)

720 2098 741 2114 „
759 2074 882 2105 Gilberto
897 2075 928 2105 de
943 2078 1049 2104 Gaunt.

202 2213 223 2229 a,
242 2190 315 2221 Item
330 2190 493 2222 mandatum
506 2190 547 2220 est
563 2190 671 2229 singulis
685 2190 913 2222 Vicecomitibus
929 2198 976 2228 per
987 2186 1119 2227 Angliam
1128 2208 1139 2225 ,
1156 2184 1235 2223 quod

162 2231 186 2269 '„
205 2230 301 2259 venire
314 2230 417 2260 faciant
428 2229 498 2260 duos
515 2229 621 2259 Milites
634 2228 669 2258 de
681 2230 871 2269 legalioribus,
888 2227 1066 2267 probioribus
1085 2225 1119 2255 &
1134 2224 1236 2254 discre-

165 2291 186 2307 „
204 2269 322 2298 rioribus
335 2268 476 2299 Militibus
489 2267 660 2307 singulorum
681 2268 881 2299 Comitatuum
891 2290 900 2306 ,
917 2266 951 2298 ad
966 2266 1078 2304 Regem
1099 2263 1236 2293 London.

166 2329 187 2346 „
202 2308 230 2337 in
245 2307 353 2337 OCtab.
367 2306 521 2346 praedietis,
540 2308 568 2336 in
583 2306 676 2336 forma
691 2306 852 2348 supradiffli.

202 2368 223 2384 „
240 2345 314 2376 Item
329 2347 359 2376 in
373 2345 466 2375 forma
487 2344 621 2383 praedieta
639 2345 767 2376 scribitur
790 2345 910 2376 Civibus
930 2343 1017 2373 Ebor.
1033 2339 1153 2371 Civibus
1167 2339 1239 2370 Lin-

166 2407 187 2423 „
202 2384 280 2415 coln.
294 2385 327 2415 &
341 2385 448 2414 caeteris
466 2383 563 2423 Burgis
582 2383 694 2423 Angliae
705 2407 714 2422 ,
734 2384 811 2421 quod
827 2384 939 2413 mittant
956 2383 985 2411 in
999 2379 1092 2411 forma
1106 2378 1240 2418 praedicSffi

165 2446 186 2462 „
204 2423 274 2453 duos
289 2422 324 2453 de
337 2423 540 2453 discretioribus
555 2445 565 2461 ,
589 2422 763 2460 legalioribus
776 2445 786 2461 ,
812 2423 845 2453 &
867 2420 1063 2461 probioribus,
1081 2418 1140 2447 tam
1156 2416 1241 2448 Civi-

168 2484 189 2500 ,‚
207 2462 276 2501 bus,
295 2463 380 2499 quam
394 2460 578 2500 Burgensibus
590 2460 649 2490 suis.

205 2502 222 2517 ²*
238 2523 258 2539 „
279 2499 349 2529 item
363 2500 392 2528 in
406 2498 499 2528 forma
514 2497 649 2536 praedffitfi
664 2498 828 2529 mandatum
842 2495 883 2527 est
898 2496 1053 2526 Batonibus
1067 2517 1077 2533 ,
1091 2494 1125 2524 &
1145 2492 1242 2530 probis

167 2561 188 2578 „
205 2537 520 2606 {rominifbu'ssQiinque
534 2537 671 2568 Portuum
683 2560 694 2576 ,
716 2545 800 2576 prout
818 2536 980 2567 continetur
999 2535 1029 2566 in
1044 2533 1127 2564 Brevi
1139 2532 1241 2561 irrotu-

167 2599 188 2616 „
217 2584 264 2606 ato
279 2587 308 2606 in
321 2586 401 2606 enus.

13 2495 29 2517 Ψ
42 2499 65 2527 1.
80 2497 145 2534 804.

10 2650 90 2678 Idem.

11 2697 50 2717 m.
60 2698 86 2724 7.

169 2677 189 2695 „
276 2652 302 2684 E
312 2651 343 2683 X
358 2652 533 2683 Vicecomiti
545 2651 656 2683 Suffex:
674 2651 807 2683 Salutem.

315 2715 336 2731 „
351 2692 537 2722 Summonito
552 2701 600 2731 per
616 2699 734 2729 quatuor
750 2690 891 2730 lega-liores
911 2687 1020 2719 Milites
1038 2687 1076 2718 de
1091 2686 1242 2717 Comitatu

169 2754 190 2771 υ
208 2737 260 2760 tuo
274 2730 414 2768 praedffito
423 2753 433 2769 ,
453 2730 569 2760 Petrum
582 2729 617 2759 de
629 2728 765 2761 Sabaudia
778 2727 852 2767 apud
865 2727 1046 2758 Pevenseiam
1055 2749 1065 2765 ,
1079 2725 1242 2764 Johannem

167 2794 189 2810 2,
207 2769 244 2799 de
258 2769 405 2812 Warenna
418 2769 493 2806 apud
509 2768 625 2806 Lewes‚
643 2769 676 2799 ὃ(
692 2767 852 2808 Hugonem
864 2767 890 2796 le
902 2765 992 2805 Bigod
1009 2764 1083 2806 apud
1090 2764 1244 2800 Boseham,

169 2833 191 2848 ,‚
208 2807 284 2848 quod
298 2810 350 2838 lint
372 2817 470 2837 coram
485 2808 567 2837 nobis
587 2808 622 2837 &
642 2806 772 2837 Consilio
792 2805 891 2836 nostro
907 2828 916 2843 ,
943 2806 972 2834 in
987 2805 1120 2844 proximo
1138 2802 1243 2833 Parlia-

167 2871 189 2888 „
205 2845 419 2890 mentonostro
436 2845 574 2876 London.
588 2847 683 2884 primo
696 2845 743 2876 die
752 2844 832 2884 Junii
846 2867 855 2882 ‚
877 2842 1019 2883 Justitiam
1037 2842 1138 2873 fafturi
1151 2842 1185 2873 &
1200 2851 1243 2870 re-

211 2896 246 2916 ce
268 2893 338 2916 turi:

171 2910 192 2927 ’³
207 2947 227 2964 „
269 2932 280 2954 t
293 2924 323 2954 in
335 2923 421 2964 pleno
434 2922 582 2954 Comitatu
597 2929 648 2953 tuo
665 2922 833 2962 proclamari
851 2921 933 2952 facias
949 2943 958 2959 ,
985 2919 1062 2959 quod
1084 2920 1245 2960 quicunque

169 2986 190 3003 „
207 2963 242 2993 ad
258 2972 329 3000 opus
343 2961 545 3004 praedietorum
559 2960 653 3000 Petri,
668 2961 806 3006 johannis
821 2984 830 2999 ,
852 2961 886 2991 &
899 2959 1032 2999 Hugonis
1046 2960 1159 2989 interim
1172 2966 1243 2998 ⁴pro-

170 3024 191 3042 ‚,
208 3010 322 3039 curare,
341 3004 387 3031 leu
404 3001 552 3040 impetrare
570 3000 691 3031 voluerit
705 3023 714 3039 ,
738 2999 844 3030 salvum
865 2999 899 3029 &
919 2999 1047 3029 securum
1064 2997 1241 3028 conductum

168 3062 192 3081 υ
212 3038 342 3068 nostrum
361 3039 397 3069 ad
416 3048 468 3068 nos
483 3038 639 3077 veniendi,
664 3039 794 3069 morandi
817 3039 850 3069 ὃς
871 3037 960 3067 standi
978 3036 1059 3067 ret-'co
1073 3059 1083 3075 ,
1106 3037 1135 3066 in
1156 3033 1242 3065 Curia

171 3100 193 3117 ‚,
211 3076 323 3115 nostra,
343 3077 363 3107 si
379 3077 440 3114 quis
453 3077 620 3119 *versus-eos
634 3078 711 3116 loqui
730 3077 851 3109 voluerit
866 3098 876 3114 ,
899 3075 992 3106 secure
1005 3075 1114 3105 veniat:
1135 3073 1173 3104 Et
1192 3082 1243 3102 nos

170 3139 191 3156 „
210 3114 397 3145 Condustum
412 3114 568 3152 hujusmodi
589 3116 616 3145 ei
636 3115 693 3145 fieri
710 3115 854 3146 faciemus.
897 3114 936 3146 Et
955 3113 1055 3145 habeas
1069 3114 1111 3144 ibi
1124 3112 1242 3143 nomina

171 3176 193 3194 „
213 3161 332 3192 quatuor
345 3152 495 3192 Militum,
509 3153 543 3184 &
557 3152 615 3184 hoc
628 3153 728 3185 Breve.

208 3253 230 3270 „
245 3230 335 3262 Teste
348 3230 430 3271 Rege
441 3229 514 3271 apud
528 3229 698 3261 Westmon.
715 3240 751 3270 19
766 3230 812 3262 die
826 3230 934 3262 Martii.

792 3309 846 3338 Per
860 3313 948 3337 totum
961 3306 1110 3348 confilium.

210 3386 232 3424 '„
249 3382 363 3414 Eodem
376 3381 466 3413 modo
479 3383 645 3414 mandatum
659 3383 701 3413 est
715 3383 889 3416 Vicecomiti
904 3384 1097 3422 Hertfordiae,
1116 3382 1151 3413 de
1161 3381 1245 3413 Sum-

182 3445 202 3462 „
221 3432 300 3454 mon.
311 3422 366 3454 W.
378 3422 414 3453 de
427 3421 554 3453 Valence
568 3422 642 3460 apud
654 3421 831 3453 Brekendon.

819 3501 872 3529 Per
886 3505 973 3530 totum
987 3497 1136 3541 confilium.

218 3622 453 3661 Marchionibus
470 3624 581 3659 Walliae
593 3650 602 3665 ‚
626 3625 679 3668 qni
696 3622 771 3668 siant
783 3634 838 3669 pro
851 3635 940 3670 parte
959 3626 1064 3671 Regis,
1091 3636 1126 3656 ne
1142 3619 1219 3670 quid

508 3681 682 3718 attemplent
698 3680 801 3703 contra
811 3682 927 3718 pacem·

64 3761 125 3802 Rege
181 3762 204 3800 ζ,
289 3760 355 3792 ΕΧ
378 3758 508 3790 Hamoni
535 3757 675 3788 Extraneo
719 3755 843 3795 Johanni
868 3756 905 3787 de
927 3757 1096 3788 Trublevill.
1119 3757 1219 3788 seniori
1236 3780 1245 3796 ,

30 3802 144 3832 eaptzvo-
185 3821 206 3838 „
292 3800 426 3831 Roberto
447 3798 484 3842 dg
502 3795 671 3827 Tmbieviu.
689 3779 748 3839 lun⁴
761 3796 811 3824 oni
830 3794 867 3838 <ie
885 3795 1052 3827 Tmbievni.
1072 3796 1194 3828 Mathiae
1211 3796 1248 3827 de

31 3832 111 3900 A1112n6-
124 3831 166 3862 D·
184 3859 204 3876 „
223 3836 380 3906 Gagiages,
397 3838 430 3868 &
444 3837 498 3867 aliis
511 3833 754 3904 Cffmarclffini
773 3843 803 3863 us
803 3832 870 3901 l{uis
880 3833 1003 3865 salutem.
1044 3874 1048 3880 ,

0 3934 1 3938 ¹
99 3880 147 3945 4⁴9:
187 3936 207 3953 „
222 3896 269 3943 a.
282 3877 482 3953 rasisti
494 3875 555 3959 ⁴15²..
574 3882 812 3956 effrata
829 3881 937 3955 sats
947 3872 1247 3942 screws

22 3952 68 3975 Ἠ·
91 3957 116 3985 3-
187 3975 207 3991 „
225 3959 330 3982 certam
343 3953 465 3984 formam
480 3962 554 3993 pacis
566 3949 715 3981 nobiscum
729 3957 856 3988 inierint,
875 3949 908 3980 &
920 3949 1006 3979 udem
1017 3950 1068 3981 Ro
1087 3961 1165 3990 eruS,
1184 3951 1248 3981 Ro-

22 3989 92 4014 Pat-
100 3995 147 4022 49·
186 4013 206 4030 ‚‚
223 3998 320 4029 gerus,
337 3992 371 4022 &
383 3991 514 4032 Rogerus
527 4014 536 4030 ,
560 3990 662 4030 greffus
683 3988 744 4019 suos
765 3987 854 4032 versus
870 3987 1052 4019 Kenilworth
1089 3991 1197 4020 uxerint
1212 3988 1247 4018 ad

33 4027 70 4052 H.
80 4034 105 4061 3·
115 4035 140 4053 ἢ·
184 4052 205 4068 ,,
223 4029 399 4067 loquendum
412 4040 480 4061 cum
493 4028 634 4061 Edwardo
649 4029 838 4068 primogenito
858 4026 956 4057 nostro
970 4049 980 4065 ,
1005 4027 1039 4058 &
1051 4027 1086 4058 ad
1100 4037 1201 4068 pacem
1217 4028 1249 4057 il-

23 4069 65 4096 -4.
80 4063 98 4091 d
183 4090 203 4106 „
222 4067 280 4096 lam
297 4067 403 4105 plenius
417 4067 607 4106 firmandam,
630 4068 763 4097 miramur
784 4065 1022 4110 quamplurimum
1043 4066 1077 4096 &
1100 4075 1250 4097 movemur

184 4127 204 4145 ‚‚
222 4104 302 4145 quod
315 4115 368 4138 vos
383 4107 544 4147 permittitis
561 4106 692 4138 homines
707 4104 813 4137 vestros
826 4126 836 4144 ‚
857 4114 888 4136 in
903 4103 1025 4144 partibus
1037 4104 1089 4136 ubi
1099 4114 1177 4136 nunc
1192 4104 1251 4144 agi-

1278 218 1758 262 PUBLICA.
2259 230 2312 271 93

1259 325 1279 342 „
1296 303 1346 341 tis,
1363 303 1598 348 depraedationes,
1615 304 1752 344 dampna,
1767 305 1802 336 &
1814 303 1894 336 toltas
1905 302 2011 342 facere,
2028 300 2106 341 quod
2118 301 2201 333 vobis
2220 301 2320 332 cedere
2338 299 2414 330 Ann.
2435 299 2477 331 D,

1258 364 1278 380 „
1295 342 1384 380 polset
1397 353 1428 372 in
1442 353 1577 382 magnum
1590 343 1780 382 dispendium,
1799 344 1831 374 &
1847 343 1989 373 laesionem
2002 342 2077 380 pacis
2088 340 2266 381 supradi&ae‚
2283 341 2316 371 ὃς
2364 339 2448 377 1264.

1261 402 1281 418 „
1301 379 1377 417 quod
1393 381 1470 411 nullo
1484 381 1574 411 modo
1587 381 1717 412 sustinere
1730 382 1873 412 deberetis.
2337 382 2401 407 Hen-
2418 387 2443 415 3-

1300 440 1320 456 „
1337 418 1483 457 roirca
1494 419 1576 449 vobis
1589 420 1753 450 mandamus
1768 442 1777 457 ,
1803 419 1917 449 firmiter
1930 419 2120 457 injungentes,
2136 416 2212 455 quod
2230 416 2326 447 homi-

1264 478 1283 494 „
1301 464 1349 485 nes
1358 456 1466 500 vestros
1479 457 1628 496 praedieios
1640 458 1675 487 ab
1692 458 1849 494 hujusmodi
1869 456 2135 495 depraedationibus,
2150 456 2276 495 dampnis
2290 457 2325 487 &

1264 517 1284 533 „
1303 495 1376 525 toltis
1394 495 1526 526 faciendis
1563 497 1652 526 enitus
1670 495 1795 525 desistere
1810 496 1932 525 faciatis·
1965 495 1998 525 &
2010 496 2045 525 de
2059 494 2327 534 depraedationibus,

1263 555 1283 571 „
1301 533 1334 563 &
1349 533 1427 578 toltis·
1444 535 1482 578 sic
1502 534 1528 564 fa
1561 535 1581 564 is
1595 557 1605 572 ,
1628 541 1820 573 competentes
1835 519 1964 563 emendas
1977 555 1986 570 ,
2009 533 2066 563 fine
2087 533 2168 562 omni
2181 532 2330 570 dilatione,

1264 593 1284 610 ,‚
1303 571 1361 602 fieri
1374 572 1494 610 faciatis,
1513 573 1549 603 ita
1563 572 1640 612 quod
1657 582 1717 602 non
1730 579 1856 609 oporteat
1871 581 1922 600 nos
1936 570 2011 600 aliter
2025 571 2059 601 ad
2079 571 2135 600 hoc
2151 580 2266 601 manum
2281 580 2331 608 apa

1265 632 1286 648 ,‚
1306 620 1429 649 ponere,
1447 612 1480 641 &
1496 621 1533 640 ne
1547 621 1595 649 ea,
1610 621 1673 650 quae
1683 611 1741 649 jam
1753 610 1862 648 provisa
1874 608 1934 638 sunt
1949 609 1983 639 ad
1998 619 2097 648 pacem
2112 610 2147 640 ὃς
2161 609 2330 649 tranquilita-

1266 670 1285 687 „
1303 657 1362 679 tem
1374 648 1469 688 Regni
1486 649 1590 688 nostri,
1605 659 1653 689 per
1666 648 1825 687 hujusmodi
1839 646 1963 677 excelsus
1977 648 2171 686 impediantur.

1308 748 1327 764 „
1341 724 1431 756 Teste
1447 725 1528 765 Rege
1543 725 1617 764 apud
1631 725 1767 765 Wigorn.
1785 733 1816 763 15
1833 724 1878 755 die
1891 723 2070 755 Decembris.

1336 852 1386 884 De
1401 851 1545 884 condutta
1557 862 1612 898 pro
1631 850 1812 899 quibasdam
1830 850 1866 884 de
1879 849 2021 898 partibus
2041 847 2207 883 borealibus
2223 848 2268 883 ad

1640 903 1749 946 Regem
1766 898 1960 933 venientibus.

1268 1006 1288 1023 „
1379 982 1442 1014 EX
1456 984 1589 1028 omnibus
1604 984 1730 1023 Ballivis,
1745 986 1805 1028 βω.
1820 984 1942 1028 salutem.
2382 990 2443 1024 Rege

1271 1083 1292 1099 ,,
1309 1067 1371 1089 mm
1385 1022 1869 1099 ..affiffigffinffiefiss‘ffilioffi
1883 1019 2333 1097 ssslgffmfflcesgffigfflgggssgg
2350 1032 2488 1093 ‘ffiss‘h

1270 1122 1291 1138 „
1307 1097 1344 1166 ξε
1358 1098 1476 1166 Nevillll,
1494 1098 1678 1167 EfffiaChffffi'
1693 1098 1862 1166 liehBafflQl'’
1883 1097 1931 1127 Ste
1950 1098 2058 1164 hanurkn¹
2069 1097 2104 1127 de
2119 1097 2248 1136 Meinill,
2266 1096 2333 1127 Gil-
2373 1100 2456 1139 1265,

1269 1160 1291 1214 ζ
1307 1145 1552 1220 Γεῗῗὲοὺεᾚιὲζ
1569 1160 1605 1206 <ie
1623 1140 1908 1219 Siotlbgilllffehtildgii
1921 1196 1931 1212 ,
1947 1136 2066 1217 affilitels
2077 1158 2090 1211 ’,
2110 1135 2333 1211 ἓέιῖᾒεῗέεῗὲἓ
2352 1143 2470 1213 ’ἔτι-ξφ

1271 1237 1292 1253 ,‚
1306 1213 1372 1257 alios
1386 1213 1422 1243 de
1436 1214 1558 1253 partibus
1572 1214 1729 1244 borealibus
1734 1236 1744 1251 ,
1759 1213 1794 1243 ad
1806 1222 1858 1242 nos
1878 1221 1946 1242 cum
1961 1212 2022 1249 ipsis
2035 1221 2131 1241 venire
2147 1212 2271 1241 volentes
2280 1235 2289 1249 ,
2303 1212 2334 1241 in
2355 1219 2411 1242 Par.
2426 1223 2474 1250 49.

1272 1276 1293 1291 „
1310 1252 1450 1295 veniendo
1463 1252 1496 1282 ad
1510 1262 1580 1289 nos,
1598 1252 1632 1282 ad
1649 1252 1799 1282 instantem
1820 1250 2004 1290 Qindenam
2021 1249 2116 1280 Sancti
2137 1248 2264 1287 Hiliarii,
2281 1258 2335 1279 no·
2354 1258 2388 1280 H.
2407 1262 2432 1288 3.
2445 1262 2472 1280 n.

1272 1314 1293 1330 „
1311 1290 1420 1320 biscum
1435 1291 1591 1329 morando,
1606 1291 1640 1321 ὅτ
1653 1290 1812 1327 redeund03
2014 1325 2019 1330 ·
2360 1292 2421 1318 106.

1310 1328 1446 1397 f„digltfinut
1458 1329 1576 1397 sefifurius
1590 1329 1633 1398 ac}1
1639 1339 1691 1359 nos
1712 1329 1814 1397 veflir?3
1828 1326 1932 1396 poffigt
1947 1348 1963 1370 ,·
1980 1324 2143 1394 trniserirgcu}
2153 1324 2290 1393 dilledfflm
2304 1325 2338 1356 δί

1275 1391 1296 1446 :³
1311 1378 1476 1450 daverimii?
1486 1367 1801 1446 qffigilljdcgrianrgffiibis
1816 1374 1955 1442 tilgiqtrise?
1957 1374 2015 1432 1(dee
2016 1372 2342 1442 rga'itibiisnbtiizlibiisl,

1276 1469 1297 1485 „
1312 1452 1343 1488 ut
1357 1445 1406 1482 ipsi
1419 1445 1548 1484 praefatos
1559 1445 1739 1483 johannem,
1758 1443 1892 1480 Petrum,
1912 1442 2076 1473 Robertum
2091 1465 2101 1479 ,
2123 1441 2156 1471 &
2169 1441 2235 1471 alios
2250 1440 2343 1478 supra-

1276 1507 1297 1524 „
1315 1482 1405 1513 diffitos
1417 1483 1451 1514 ad
1466 1493 1517 1513 nos
1533 1484 1552 1503 *²
1568 1483 1643 1514 salvo
1659 1484 1691 1514 ὃς
1710 1483 1802 1513 secure
1822 1480 2015 1512 conducerent
2032 1502 2041 1517 ,
2065 1479 2173 1510 dictum
2189 1480 2342 1509 terminum
2363 1479 2377 1498 ί
2389 1480 2413 1513 Ι,
2427 1478 2493 1515 Βοςξ

1277 1546 1299 1562 „
1317 1521 1366 1552 sub
1380 1521 1431 1552 hac
1444 1522 1532 1552 forma
1546 1521 1675 1553 duximus
1687 1520 1896 1559 prorogandum
1906 1542 1915 1557 ,
1933 1518 2081 1561 videlicet,
2098 1519 2113 1547 a
2126 1518 2238 1555 praefata
2247 1517 2345 1556 Qiin-

1277 1584 1297 1601 ,‚
1315 1560 1386 1591 dena
1402 1559 1499 1590 Sanffi
1512 1560 1625 1590 Hillarii
1638 1583 1648 1598 ,
1669 1560 1753 1599 usque
1766 1559 1800 1589 ad
1816 1558 2002 1597 Quindenam
2022 1556 2146 1587 instantis
2160 1556 2222 1586 festi
2244 1555 2346 1586 Purifi-

1278 1623 1298 1639 „
1316 1600 1435 1629 cationis
1448 1599 1537 1629 beatae
1553 1598 1671 1629 Mariae:

1315 1632 2347 1706 iffssgfftz‘ssnwiffz&affirmussssufflnfiffffiffiigglfflffls’diei{3²

1278 1700 1299 1755 Ξῖ
1317 1714 1411 1759 Adam
1420 1738 1429 1753 ,
1444 1687 1626 1754 Ro’berturif,
1641 1686 1765 1758 ΜἭὶἷεε,
1799 1696 1948 1757 cutifero's,
1962 1711 1995 1741 δε
2007 1711 2089 1754 alios,
2107 1695 2146 1754 de
2155 1682 2347 1750 IJZrtlilinisubo³

1281 1777 1300 1793 „
1319 1754 1452 1792 realibus,
1468 1753 1502 1784 ad
1517 1763 1569 1783 nos
1583 1763 1650 1783 curn
1665 1756 1727 1791 iplis
1741 1762 1835 1782 venire
1855 1750 1981 1780 volentes
1996 1773 2006 1788 ‚
2031 1759 2060 1779 in
2082 1749 2224 1779 veniendo
2245 1749 2280 1779 ad
2293 1758 2348 1779 nos

1278 1816 1300 1832 ,‚
1319 1802 1386 1822 cum
1402 1792 1528 1822 hernelio
1548 1793 1581 1823 &
1597 1791 1676 1822 rebus
1697 1791 1748 1821 suis
1762 1813 1771 1829 ,
1797 1789 1945 1820 nobiscum
1968 1787 2107 1819 morando
2125 1788 2158 1818 ὃ(
2180 1786 2324 1818 redeundo
2336 1809 2346 1825 ‚

1278 1855 1299 1871 ,‚
1318 1841 1377 1861 non
1392 1831 1529 1869 inferatis,
1548 1830 1593 1861 vel
1608 1830 1702 1860 inferri
1717 1829 1880 1867 permittatis
1894 1828 2038 1866 injuriam,
2052 1825 2227 1864 molestiam,
2246 1826 2348 1863 damp-

1279 1893 1299 1909 „
1314 1879 1385 1900 num
1398 1892 1411 1913 ,
1425 1871 1667 1912 impedimentum
1682 1890 1692 1907 ,
1714 1869 1759 1898 seu
1773 1876 1940 1910 gravamen,
1958 1866 1996 1896 ita
2010 1874 2105 1896 tamen
2123 1865 2200 1903 quod
2217 1866 2246 1895 in
2260 1863 2347 1894 Curii}

1277 1932 1298 1948 ‚,
1317 1908 1410 1938 nostra
1419 1908 1553 1946 justitiam
1567 1908 1668 1937 faciant
1682 1907 1715 1937 &
1730 1907 1864 1944 recipiant
1879 1927 1889 1942 ,
1912 1913 1995 1941 prout
2008 1902 2113 1941 justum
2129 1904 2228 1942 fuerit,
2249 1903 2269 1933 si
2287 1903 2347 1942 quis

1277 1970 1298 1987 „
1316 1947 1407 1977 versus
1421 1957 1468 1976 eos
1482 1946 1516 1976 de
1532 1945 1784 1985 transgreffionibus
1794 1943 1930 1981 aliquibus
1942 1942 2019 1982 loqui
2034 1942 2163 1972 voluerit.

1314 2009 1335 2025 ,‚
1354 1985 1558 2022 Injunxerimus
1572 1987 1656 2015 etiam
1671 1983 1789 2021 praefato
1801 1981 1924 2020 Johanni
1940 1981 1975 2010 de
1991 1980 2084 2019 Burgo
2097 2003 2107 2019 ,
2129 1988 2160 2010 ut
2175 1979 2230 2019 ipse
2248 1978 2347 2017 praefa-

1277 2048 1298 2064 „
1314 2033 1358 2054 tos
1371 2023 1548 2062 Johannem,
1565 2023 1681 2053 Petrum
1698 2045 1707 2061 ,
1731 2021 1909 2057 Robertum,
1928 2019 2131 2057 Eustachium,
2150 2018 2344 2058 Stephanum,

1277 2086 1298 2103 „
1316 2063 1500 2102 Gilbertum,
1517 2062 1703 2101 Radulphum
1720 2083 1730 2098 ,
1752 2058 1862 2098 Adam,
1883 2058 2062 2095 Romnum,
2080 2056 2204 2095 Milites,
2223 2055 2346 2086 Scutife-

1278 2125 1299 2141 „
1314 2112 1374 2140 ros,
1393 2102 1425 2132 &
1440 2102 1523 2141 alios,
1541 2101 1576 2131 de
1591 2100 1712 2138 partibus
1726 2099 1896 2136 borealibus,
1914 2097 1948 2127 ad
1963 2106 2014 2127 nos
2028 2106 2095 2126 cum
2110 2096 2171 2135 ipsis
2184 2096 2279 2125 venire
2293 2103 2347 2124 vo-

1279 2164 1300 2180 ‚,
1316 2141 1421 2177 lentes,
1438 2139 1472 2184 ad
1485 2150 1536 2171 nos
1550 2139 1625 2170 salvo
1640 2139 1673 2169 &
1688 2138 1780 2168 secure
1794 2137 1934 2167 conducat
1948 2136 1977 2165 in
1993 2135 2084 2179 forma
2098 2133 2240 2201 prtedigta.
2304 2171 2309 2176 ·

1280 2241 1300 2257 „
1315 2178 1500 2248 ’rigiditas
1509 2173 2284 2251 piiiiStlzffssssessssffiiffiiiassssaefflt‘Astiis‘
2302 2180 2332 2200 ¹¹¹

1319 2317 1339 2334 ‚,
1355 2294 1444 2325 Teste
1455 2294 1539 2334 Rege
1551 2292 1624 2334 apud
1640 2291 1766 2323 Westm.
1784 2300 1818 2330 17
1834 2290 1880 2321 die
1890 2289 2025 2329 Januarii.

1322 2394 1343 2411 2,
1361 2371 1416 2402 Per
1432 2371 1563 2410 Regem,
1582 2370 1732 2402 Simonem
1745 2369 1780 2400 de
1793 2367 1964 2399 Monteforti
1978 2365 2127 2396 Comitem
2134 2360 2351 2401 Leicestn'aeJu·

1387 2433 1407 2449 „
1426 2410 1574 2441 sticiarium
1583 2432 1593 2448 ,
1609 2410 1642 2440 ὃ(
1655 2409 1806 2448 Rogerum
1820 2407 1856 2438 de
1871 2406 1979 2437 Saneto
1986 2403 2126 2443 Johanne.

1319 2509 1340 2525 „
1357 2486 1396 2517 Et
1410 2486 1573 2517 mandatum
1586 2485 1626 2515 est
1637 2484 1762 2523 Johanni
1775 2484 1810 2514 de
1824 2481 1934 2523 Vescy,
1951 2481 2082 2524 Henrico
2095 2479 2131 2510 de
2146 2478 2282 2517 Hasting,
2295 2478 2349 2515 Jo-

1285 2547 1304 2564 „
1320 2526 1406 2555 hanni
1422 2526 1457 2556 de
1472 2524 1582 2564 Eynill,
1600 2524 1672 2554 Adae
1687 2524 1722 2554 de
1741 2522 1837 2553 Novo
1856 2521 1988 2552 Mercato
2001 2544 2011 2559 ,
2036 2518 2184 2562 Nicholao
2198 2518 2234 2548 de
2252 2518 2350 2556 Segta-

1285 2585 1305 2602 ,2
1325 2573 1376 2601 ve,
1391 2564 1425 2593 &
1441 2563 1530 2593 Sociis
1543 2563 1608 2600 suis,
1628 2561 1808 2592 existentibus
1821 2562 1850 2589 in
1864 2561 1985 2600 partibus
1998 2558 2170 2594 borealibus,
2186 2556 2263 2600 quod
2279 2564 2351 2594 prae-

1286 2624 1307 2640 „
1325 2602 1384 2632 fatis
1395 2602 1532 2640 Johanni,
1551 2600 1656 2638 Petro,
1673 2602 1706 2631 &
1722 2599 1853 2629 Roberto
1866 2622 1876 2637 ,
1903 2600 1936 2630 &
1951 2598 2042 2628 Sociis
2057 2596 2106 2626 suis
2120 2594 2259 2638 praedici-is
2270 2616 2279 2630 ‚
2305 2593 2352 2623 seu

1283 2663 1306 2679 „
1326 2639 1487 2670 hominibus
1508 2638 1630 2679 ipsorum
1644 2662 1652 2676 ,
1679 2640 1755 2668 terris
1778 2639 1811 2669 &
1830 2636 2039 2677 poffessionibus
2059 2634 2110 2665 suis
2124 2657 2134 2673 ,
2154 2643 2213 2664 non
2233 2632 2353 2676 inferant

1286 2702 1306 2718 „
1322 2679 1367 2710 vel
1382 2680 1475 2709 inferri
1489 2679 1649 2718 permittant
1665 2678 1816 2715 injuriam,
1839 2674 1999 2706 molestiam
2013 2697 2022 2713 ,
2043 2673 2216 2713 dampnum,
2235 2669 2353 2709 impedi·

1286 2740 1306 2756 „
1324 2727 1470 2756 mentum,
1488 2719 1533 2749 leu
1568 2726 1698 2746 ravamen
1712 2739 1722 2755 ,
1747 2715 1785 2746 set
1806 2715 1877 2755 ipsos
1890 2714 1983 2753 potius
2006 2713 2118 2744 interim
2133 2716 2353 2747 manuteneant,

1284 2779 1305 2796 ,‚
1323 2765 1486 2796 protegant,
1503 2756 1536 2787 &
1570 2754 1709 2786 efendant.

1324 2855 1343 2872 „
1360 2832 1448 2864 Teste
1463 2841 1494 2864 ut
1508 2833 1595 2871 supra.

1753 2930 1772 2948 ,‚
1791 2906 1846 2938 Per
1859 2905 1973 2946 Regem
1988 2904 2021 2936 &
2037 2903 2103 2935 alios
2117 2910 2150 2934 ut
2162 2895 2249 2941 supra.

1313 3036 1433 3068 Littera
1454 3033 1604 3067 Alianorae
1622 3034 1733 3079 Regina
1745 3042 1799 3077 per
1815 3043 1909 3077 qaam
1925 3028 2100 3077 recognosbit
2108 3028 2143 3074 fi·
2164 3025 2293 3073 recepiffi’
2310 3036 2332 3059 a

1372 3086 1438 3116 Ma
1435 3084 1502 3128 jore
1526 3084 1562 3120 ώ-
1583 3083 1806 3113 communitate
1823 3079 1858 3112 de
1878 3079 1997 3112 Oleron.
2018 3089 2031 3111 1
2042 3089 2085 3123 24
2101 3075 2170 3110 libr.
2186 3076 2263 3110 1³13.

1288 3166 1466 3224 ALienora
1480 3167 1537 3198 Dei
1550 3167 1634 3206 gratia
1681 3163 1793 3204 Regina
1809 3163 1922 3204 Angliae
1936 3186 1947 3202 ,
1972 3161 2100 3193 Domina
2120 3161 2270 3192 Hiberniae
2282 3182 2292 3198 ,
2316 3158 2350 3190 δῦ
2407 3166 2468 3199 Rege

1353 3206 1471 3237 Ducissa
1485 3206 1580 3245 Aquit.
1616 3189 1764 3234 &niverfis
1779 3204 1923 3243 praesentes
1936 3203 2035 3232 litteras
2055 3201 2102 3231 ins
2114 3202 2213 3230 ecturis
2228 3199 2347 3229 salutem.
2369 3203 2481 3237 captivo.

1322 3244 1469 3275 Noveritis
1483 3254 1534 3275 nos
1547 3242 1679 3280 recepisse
1695 3243 1725 3272 in
1739 3242 1918 3273 Watderoba
1934 3239 2027 3270 nostra
2042 3240 2055 3269 a
2071 3239 2097 3269 lv
2110 3241 2200 3278 ajore,
2217 3246 2349 3268 commu-
2371 3237 2448 3268 Ann.
2465 3236 2507 3268 D.

1286 3284 1349 3321 nia,
1367 3283 1400 3313 &
1416 3284 1576 3314 horninibus
1589 3281 1692 3311 Prioris
1706 3281 1802 3311 Sanc'ti
1824 3280 1943 3319 Georgii
1957 3279 1993 3308 de
2013 3278 2141 3308 Olerone
2154 3300 2164 3315 ,
2189 3277 2234 3306 sex
2248 3275 2347 3313 viginti
2398 3276 2482 3314 1265.

1286 3323 1318 3352 δε
1334 3330 1453 3359 quatuor
1466 3322 1546 3351 libras
1567 3320 1711 3350 pictaven.
1730 3328 1780 3357 per
1801 3329 1917 3349 manum
1938 3317 2057 3347 Fulcon.
2080 3314 2214 3345 Richardi
2235 3313 2348 3351 junioris
2370 3318 2483 3351 An.49.

1286 3360 1404 3399 Burgen.
1421 3360 1540 3391 Oleron.
1555 3358 1590 3388 de
1605 3359 1711 3388 summa
1724 3357 1875 3396 librarum,
1896 3366 1961 3395 quas
1975 3355 2023 3392 ipsi
2038 3355 2121 3384 nobis
2134 3363 2167 3382 ex
2184 3353 2266 3390 gratia
2282 3361 2349 3389 pro·
2370 3357 2404 3381 H.
2417 3362 2442 3389 3.

1285 3399 1412 3429 miserant
1448 3409 1500 3439 pro
1511 3397 1638 3428 succursu
1652 3396 1782 3427 faciendo
1792 3396 1927 3426 Domino
1941 3392 2039 3424 nostro
2053 3392 2145 3431 Regi,
2161 3391 2194 3422 &
2208 3389 2350 3421 Edwardo
2370 3395 2400 3418 L.
2416 3396 2447 3419 13.
2457 3389 2486 3428 f.

1286 3438 1358 3468 Filio
1373 3422 1473 3468 nostro
1486 3435 1635 3467 karissimo.
2128 3469 2133 3473 Ι
2208 3467 2213 3472 ’
2376 3429 2436 3463 198.
2450 3439 2480 3457 a.

1323 3476 1356 3506 ln
1376 3478 1454 3515 cujus
1471 3476 1510 3506 rei
1534 3473 1729 3505 testimonium
1753 3471 1800 3504 has
1827 3473 1934 3503 nostras
1955 3471 2053 3501 litteras
2076 3467 2135 3498 fieri
2162 3466 2278 3497 fecimus
2296 3464 2351 3497 Pa·
2371 3471 2443 3495 Penes
2451 3469 2509 3502 cti-1

1287 3523 1385 3546 tentes.
2373 3515 2467 3533 merar.

2373 3549 2492 3574 δεήσεων.

1324 3591 1391 3621 Dat.
1404 3592 1477 3630 apud
1491 3591 1627 3622 Sanctum
1643 3587 1839 3626 Macharium,
1860 3595 1894 3627 13
1911 3586 1958 3617 die
1971 3584 2052 3615 Febr.
2065 3591 2141 3612 anno
2155 3581 2252 3622 Regni
2265 3580 2354 3621 Regis

1286 3630 1327 3661 H.
1345 3630 1467 3660 Domini
1482 3628 1570 3660 nostri
1585 3638 1635 3667 49.

1288 3758 1406 3790 Littera
1425 3756 1469 3788 A.
1489 3756 1601 3800 Regina
1622 3753 1758 3799 Angliae‚
1779 3762 1833 3797 per
1850 3761 1943 3796 quam
1958 3747 2094 3794 promisit
2116 3744 2198 3793 quod
2213 3758 2272 3778 non
2287 3754 2354 3776 tra·
2373 3745 2473 3815 “3320

1334 3803 1452 3836 heretur
1469 3801 1512 3834 ad
1527 3802 1761 3848 confiquentiam
1778 3804 1809 3832 in
1817 3797 1962 3845 pisterum
1973 3824 1983 3839 ‚
2003 3807 2059 3842 pro
2076 3808 2106 3828 eo
2124 3793 2207 3841 quod
2215 3794 2331 3838 Major
2342 3818 2351 3834 ,
2374 3816 2450 3845 Arm-
2466 3815 2498 3846 D

1333 3856 1369 3891 &⁶
1389 3854 1578 3892 communiit,
1606 3862 1643 3882 ac
1666 3848 1796 3881 homines
1824 3849 1938 3880 Prioris
1962 3845 2064 3878 Sanc‘li
2088 3846 2209 3890 Georgii
2227 3841 2264 3874 de
2285 3840 2356 3873 Ole-
2398 3855 2481 3892 1265.
2499 3838 2507 3846 '

1336 3913 1399 3934 ron.
1416 3898 1616 3946 promiserunt
1632 3900 1746 3945 Regina
1767 3908 1832 3941 390
1851 3893 1921 3928 libr.
1942 3894 2099 3927 Pitiaven.
2376 3896 2427 3920 An.
2442 3902 2489 3928 49.

2375 3935 2409 3958 H.
2430 3940 2454 3967 3.

1295 3987 1352 4050 A
1393 3984 1451 4015 Dei
1471 3984 1573 4023 gratia,
1591 3982 1702 4022 Regina
1718 3980 1845 4024 Angliae,
1862 3979 1991 4010 Domina
2007 3977 2174 4015 Hiberniae,
2190 3977 2224 4006 &
2238 3971 2358 4016 Duciffii
2375 3973 2406 3997 L.
2421 3973 2451 3995 Β.
2459 3966 2488 4004 f.

1357 4036 1367 4046 ·
1392 4023 1487 4060 Aquit.
1507 4021 1652 4052 Universis
1665 4043 1676 4060 ,
1700 4022 1845 4060 praelentes
1864 4019 1964 4049 litteras
1984 4017 2144 4056 inspeeturis
2158 4037 2167 4053 ,
2191 4013 2305 4043 salutem
2326 4021 2356 4040 m
2378 4009 2437 4041 Ι96-
2451 4016 2477 4032 a.

1294 4063 1429 4096 Domino
1444 4060 1648 4098 sempiternam.
2122 4091 2126 4095 Ι
2297 4086 2302 4092 .
2376 4049 2444 4072 Penes
2453 4046 2505 4071 Ca-

1332 4099 1479 4133 Noveritis
1492 4099 1570 4138 quod
1583 4097 1679 4130 dileffl
1691 4096 1773 4127 nobis
1787 4094 1902 4134 Major,
1919 4095 1954 4127 &
1968 4093 2161 4128 Communia,
2177 4097 2211 4121 ac
2222 4087 2353 4129 homines
2379 4091 2470 4109 mcrar.

1783 4133 1821 4164 M
1841 4143 1856 4173 3
2251 4124 2354 4156 Prior-is
2383 4124 2498 4154 Scamm-
