2580 4261
1172 248 1304 289 AD

251 416 576 499 LE
797 414 875 496 0
1068 358 1915 490 ToRE
2093 409 2207 492 M.

274 638 335 673 Es
351 638 411 671 ID
427 636 634 671 ERATA
658 638 691 669 δε
716 645 790 680 quae
809 632 897 679 apud
924 631 1109 666 Historicos
1131 629 1246 665 frustra
1273 641 1417 675 quaeras,
1444 627 1496 662 hic
1526 639 1565 662 ex
1593 626 1823 667 Autlienticis‚
1851 639 1888 662 ut
1914 629 2111 675 plurimum,
2137 630 2195 665 tibi
2220 641 2306 678 para-¹

291 697 320 721 ta
347 684 538 720 exhibentur
566 697 574 716 :
622 687 707 727 Qus:
730 682 871 727 ejusdem
895 681 959 717 aevi
986 680 1161 726 Scriprores
1188 679 1301 713 latuere
1327 678 1456 723 antiqua
1481 687 1702 717 monumenta,
1726 676 1785 709 tibi
1816 676 1943 720 videre,
1967 675 2018 711 hic
2039 678 2098 712 tibi
2117 678 2191 712 scire
2209 680 2308 715 abuna

153 736 195 769 de
220 737 329 769 clatum
356 733 412 768 est.

202 785 256 818 De
285 782 425 817 adventu
451 781 591 816 Comitis
618 779 769 814 Flandriae
791 778 829 814 ad
860 776 1048 812 Doverham
1073 775 1247 811 Eadmerus
1276 774 1396 808 disertis
1420 774 1524 807 verbis
1550 773 1612 814 ait,
1634 772 1808 818 nihilfuiffle
1826 776 1989 820 agnitum3
2035 775 2086 807 En
2103 773 2159 806 tibi
2179 774 2242 809 illas
2260 777 2309 822 ip-

160 830 202 866 sas
231 843 270 866 ex
297 829 518 877 Autographis
544 829 804 871 Conventiones,
828 827 923 862 saetas
950 830 982 861 &
1015 825 1141 872 scriptas
1169 823 1256 870 apud
1278 821 1487 863 Doverliam3
1517 820 1599 855 unde
1626 821 1780 856 adventus
1809 820 1878 865 ejus
1906 821 1992 855 causa
2013 833 2122 860 nunc,
2149 825 2181 855 &
2202 823 2234 856 in
2250 836 2311 870 po-

160 878 278 914 sterum
300 879 402 926 agnita
425 882 457 913 &
485 879 610 926 cognita
637 887 734 923 pateat
754 875 921 911 univerfis.
942 887 974 922 p.
1002 887 1014 909 1
1033 897 1042 912 ‚
1077 887 1114 913 2,
1141 885 1179 917 3,
1203 884 1243 917 4,
1273 882 1310 913 5,
1337 875 1370 903 6·
1391 874 1453 913 (a)-

205 929 238 962 Si
265 929 342 964 vero
372 926 435 961 hoc
463 940 525 960 non
555 926 592 961 sit
623 937 735 973 praeter
754 926 957 972 expeCmtum
985 923 1015 956 in
1042 921 1221 958 Eadmero,
1253 917 1421 953 Monacho
1449 917 1565 952 scilicet
1592 920 1651 964 qui
1671 932 1774 954 rerum
1807 919 2011 953 Saecularium
2030 919 2239 966 negligentior
2259 919 2312 954 ha-

156 974 296 1018 beatur-3
343 987 443 1011 tamen
467 976 576 1013 etiam,
613 979 645 1009 &
672 975 725 1008 ubi
751 975 878 1008 minime
907 971 1074 1017 expe5³ce3‚
1101 968 1164 1015 ipse
1194 969 1247 1001 M.
1273 964 1448 1001 Parifienfis
1474 965 1597 1006 noster,
1621 967 1683 1014 ipse
1709 968 1888 1002 mortalium
1915 966 2164 1010 oculatissimus,
2192 972 2224 1002 ὃ(
2254 973 2314 1009 (111

155 1024 286 1068 credas)
309 1029 362 1072 qni
384 1034 481 1057 totum
501 1023 606 1070 scibile
624 1025 719 1069 scivit
741 1049 750 1063 ‚
785 1023 849 1069 ipse
873 1022 1001 1065 inquam
1030 1019 1084 1052 M.
1114 1021 1149 1051 P.
1177 1015 1244 1050 sive
1271 1015 1400 1049 Nuncii
1428 1013 1694 1054 (Ambassiatores
1723 1014 1829 1062 postea
1851 1014 1953 1058 dieti)
1979 1027 2054 1050 eunt
2073 1043 2082 1058 ,
2122 1014 2187 1051 five
2214 1017 2315 1051 Nun·
2336 1017 2378 1044 M.
2399 1015 2429 1045 Ρ,

156 1073 199 1107 cii
224 1074 376 1113 veniunt,
408 1072 499 1118 quasi
528 1085 587 1118 pro
619 1071 739 1106 solenni
765 1072 863 1106 verbo
892 1068 1001 1109 habet,
1035 1065 1079 1099 ad
1100 1065 1176 1113 quid
1195 1061 1387 1110 nesciebatur.
1439 1063 1537 1097 Venit
1564 1063 1595 1095 in
1623 1064 1773 1108 Angliam
1803 1063 1980 1098 Toletauus
2009 1065 2162 1105 Eleous,
2189 1077 2250 1110 qua
2279 1065 2314 1098 de
2336 1054 2375 1113 αἱ]
2390 1058 2449 1107 {4⁷²

155 1122 246 1168 causta
270 1120 460 1167 nestiebatur.
506 1123 559 1156 De
581 1120 720 1154 adventu
742 1119 831 1163 ejus,
857 1122 889 1152 &
905 1129 970 1162 qua
987 1115 1026 1150 de
1045 1115 1132 1148 causa
1149 1114 1255 1153 venit,
1281 1111 1335 1146 hic
1355 1111 1445 1146 1131)θῖ
1470 1122 1502 1156 Ρ·
1534 1122 1616 1156 557,
1644 1117 1704 1155 562
1720 1139 1729 1154 ‚
1757 1122 1816 1156 571
1835 1138 1844 1152 s
1876 1112 1952 1154 539·
2335 1102 2440 1160 Ξῆῗᾝ),

202 1172 368 1204 Dominus
401 1170 504 1204 Abbas
528 1166 891 1209 Westmonasterienfis,
917 1169 950 1199 &
970 1161 1126 1210 Magister
1144 1160 1333 1198 Rustandus
1352 1159 1552 1204 Ele&usque
1568 1162 1679 1194 Sarum
1693 1184 1702 1199 ‚
1730 1172 1789 1206 pro
1809 1160 1945 1193 Domini
1965 1160 2065 1206 Regis
2083 1161 2231 1207 negotio,
2259 1174 2313 1196 eo·
2331 1170 2370 1198 ad
2386 1172 2448 1199 An.

156 1217 230 1253 dem
257 1221 349 1266 Rege
378 1218 421 1253 sic
449 1219 592 1256 volente,
617 1214 796 1262 nesciebatur
820 1214 864 1248 ad
883 1213 974 1261 quid,
999 1212 1051 1246 sed
1067 1211 1110 1245 ob
1131 1222 1250 1245 arcanas
1277 1207 1396 1247 causas,
1420 1207 1539 1242 utinam
1566 1208 1682 1242 bonas!
1701 1206 1990 1242 transfretaverunt.
2038 1209 2152 1250 Qud,
2182 1214 2213 1243 &
2234 1223 2312 1255 qua-
2339 1209 2422 1246 1256.

156 1266 186 1301 le
216 1266 280 1301 fuit
308 1266 394 1301 istud
420 1268 521 1311 Regis
549 1265 735 1311 negotium,
770 1268 803 1298 ὅ(
829 1276 904 1308 quae
931 1273 1046 1295 arcanae
1075 1258 1192 1300 causae,
1219 1256 1302 1292 unde
1327 1268 1391 1291 tam
1417 1256 1529 1290 anxius
1559 1260 1591 1290 &
1624 1255 1813 1303 suspiciosus
1839 1256 2023 1290 Monachus
2048 1256 2170 1300 noster,
2196 1270 2233 1291 ex
2263 1260 2313 1303 ip-

161 1313 200 1348 fis
223 1315 355 1350 Bullatis
383 1304 606 1361 Autographis
629 1311 681 1347 hic
704 1311 742 1346 ad
762 1313 891 1358 plenum
917 1309 1052 1344 docearis
1076 1320 1084 1340 :
1113 1319 1168 1342 nec
1184 1304 1272 1341 istud
1290 1316 1436 1340 arcanum
1454 1304 1534 1339 ultra
1550 1303 1734 1339 defenditur
1749 1305 1786 1338 ab
1804 1305 1907 1339 oculis
1926 1304 2151 1342 Curiosorum,
2175 1317 2207 1352 p.
2228 1307 2293 1340 608
2308 1330 2318 1346 ‚

163 1368 250 1402 611,
275 1369 362 1404 612,
389 1368 466 1408 613.
1647 1379 1652 1383 -
2340 1362 2384 1389 M.
2403 1360 2436 1389 Ρ.

206 1410 325 1446 Miffus
349 1410 393 1445 est
416 1423 431 1444 a
458 1409 599 1445 Domino
627 1413 727 1456 Papa,
753 1407 934 1455 nesciebatur
959 1405 1003 1439 ad
1026 1405 1119 1453 quid,
1149 1403 1425 1450 Archiepiscopus
1455 1394 1668 1436 Messanensis.
1720 1400 1776 1435 Ad
1802 1412 1879 1446 quae
1904 1401 2060 1435 tratftanda
2087 1403 2210 1449 negotia
2235 1403 2319 1437 venit
2339 1399 2379 1426 acl
2392 1401 2452 1427 A&

157 1460 210 1494 ille
236 1458 509 1506 Archiepiscopus
527 1484 537 1499 ,
577 1462 609 1493 &
636 1457 709 1505 ipsae
739 1457 936 1492 credentiales
964 1455 1075 1489 litterae
1104 1454 1140 1487 ab
1173 1451 1357 1486 Alexandro
1393 1454 1474 1498 Papa
1494 1478 1503 1493 ‚
1549 1453 1581 1485 &
1612 1450 1711 1497 Regis
1735 1449 1772 1484 ad
1798 1449 1935 1484 eundem
1965 1449 2184 1485 Alexandrum
2211 1450 2321 1485 litterae
2344 1442 2425 1475 ¹²57⁵

157 1506 385 1551 demonstrant.
411 1520 444 1554 p.
471 1512 538 1543 612
553 1531 563 1546 ‚
586 1512 648 1552 613
664 1533 674 1548 ‚
698 1511 779 1540 620.

204 1555 266 1590 Sed
291 1555 451 1591 redeamus
473 1555 512 1590 ad
535 1567 656 1590 veteres
687 1556 825 1595 amicos,
854 1557 886 1588 &
911 1554 1003 1588 Paeta
1028 1550 1209 1588 Flandrica,
1233 1560 1266 1583 ac
1292 1548 1478 1591 videamus,
1505 1548 1584 1583 dum
1603 1560 1660 1582 nos
1680 1547 1875 1582 ambulamus
1892 1547 1923 1580 in
1945 1547 2099 1590 tenebris,
2126 1560 2161 1581 an
2180 1547 2321 1582 Histori-

159 1604 205 1639 cis
221 1604 392 1639 Flandricis
409 1605 601 1639 luculentior
619 1603 769 1650 affulgeat
786 1602 864 1637 dies.

206 1653 376 1697 Quandam
410 1654 554 1701 pecuniae
589 1652 741 1687 summam
769 1650 918 1685 Flandriae
943 1650 1131 1684 Comitibus
1159 1647 1318 1682 annuatim
1343 1659 1358 1680 a
1385 1648 1533 1695 Regibus
1565 1645 1688 1691 Angliae
1722 1657 1775 1691 per
1802 1644 1951 1678 nonnulla
1980 1643 2092 1678 saecula
2121 1643 2216 1689 pendi
2244 1658 2321 1679 0011-
2343 1663 2398 1692 Ad
2411 1662 2472 1692 An,

159 1702 277 1737 suetam
295 1714 353 1749 pro
379 1713 467 1736 certo
495 1701 552 1737 est.
602 1700 661 1735 Est
685 1700 728 1735 fic
750 1712 814 1735 rem
837 1709 957 1733 narrant
977 1699 1095 1732 annales
1121 1694 1293 1734 Flandriae,
1321 1708 1436 1743 genero
1462 1695 1520 1730 suo
1547 1693 1750 1735 (VVillielmo
1768 1693 1900 1739 primo)
1924 1692 2039 1738 praesto
2059 1692 2121 1726 fuit
2143 1692 2295 1728 Flandrus
2310 1722 2319 1735 ‚
2347 1701 2432 1730 1066.

159 1750 311 1796 suamque
334 1763 463 1798 operam
489 1755 522 1786 &
545 1750 702 1785 auxilium
724 1747 872 1796 promisit
892 1774 902 1788 ,
947 1746 1004 1781 hac
1031 1745 1214 1781 conditione
1236 1771 1245 1787 ‚
1290 1755 1326 1778 ut
1352 1745 1416 1791 ipse
1443 1743 1614 1789 omnesque
1638 1740 1770 1789 posthac
1800 1742 1928 1788 Angliae
1957 1744 2061 1789 Reges
2092 1740 2261 1788 penderent
2290 1743 2321 1776 in

161 1810 354 1847 perpetuum
380 1798 522 1834 Flandris
549 1798 734 1833 Comitibus
763 1810 848 1844 300,
874 1797 905 1830 in
926 1808 1020 1830 annos
1041 1793 1182 1841 singulos
1196 1820 1206 1835 ‚
1233 1794 1359 1827 Mai-cas
1380 1793 1528 1840 Argenti.
2344 1797 2399 1826 Ad
2412 1798 2472 1826 An,

210 1847 376 1883 Robertus
407 1847 546 1891 (Friso)
570 1849 602 1882 in
627 1847 711 1882 vivis
734 1845 794 1881 esse
815 1843 928 1886 desiit3
959 1843 1102 1878 statuerat
1123 1841 1243 1876 bellum
1268 1852 1396 1877 movere
1422 1842 1536 1889 Anglis
1566 1850 1697 1888 propter
1728 1837 1855 1873 censum
1887 1849 1952 1883 300
1982 1841 2168 1873 Marcarum
2196 1841 2322 1886 Argen·
2348 1844 2430 1874 1093·

162 1897 210 1938 ti,
237 1909 308 1941 quo
334 1896 373 1931 de
396 1896 489 1944 supra
514 1896 649 1932 fecimus
671 1896 881 1935 mentionem,
909 1892 960 1929 sed
986 1903 1087 1927 morte
1105 1900 1286 1938 praeventus
1304 1903 1367 1924 non
1386 1891 1506 1938 potuit.
2344 1902 2400 1931 Ad
2416 1903 2477 1931 An.

212 1944 357 1980 Poscenti
386 1946 517 1994 pa&um
544 1945 648 1980 multo
673 1954 742 1978 ante
766 1943 928 1978 tributum
941 1970 950 1985 ,
976 1940 1133 1981 Flaudro,
1160 1938 1217 1986 (de
1240 1940 1321 1972 Hen.
1342 1943 1379 1977 ὠ·
1402 1937 1470 1972 Rob.
1490 1943 1566 1971 inter
1583 1948 1651 1983 quos
1668 1933 1722 1968 haec
1733 1936 1849 1981 praeftns
1868 1938 2028 1968 conventio
2042 1936 2131 1980 fabia
2148 1935 2184 1978 cst
2198 1962 2207 1977 ‚
2231 1937 2326 1983 loqui·
2349 1950 2434 1971 1111.

164 1998 239 2035 tur)
271 1994 435 2029 Heni-icus
456 1993 642 2041 respondet,
668 2006 731 2027 non
756 1992 814 2027 effe
834 1990 992 2038 dignitatis
1018 1989 1127 2035 Regni
1161 1987 1290 2032 Anglici
1312 1986 1477 2021 Flandritis
1496 1985 1632 2031 veffigal
1656 1984 1788 2031 pendere
1810 1999 1818 2018 z
1846 1996 1900 2017 nec
1926 1985 1965 2018 111
1984 1985 2088 2018 multo
2108 1983 2179 2029 post
2201 1986 2232 2018 in
2250 1987 2320 2019 Co-

164 2042 277 2075 :nitiva
301 2042 403 2089 Regis
426 2042 583 2081 anciae,
612 2041 700 2076 faeto
729 2053 803 2075 cum
823 2039 939 2086 Anglis
968 2039 1098 2085 praelio,
1124 2033 1259 2071 suffosso
1281 2047 1389 2081 equo,
1416 2033 1519 2080 lapsus
1535 2031 1787 2080 oppressusque,
1814 2032 1907 2066 tertio
1934 2030 2005 2078 post
2023 2032 2072 2066 die
2095 2032 2234 2067 decessit.
2349 2048 2403 2077 Ad
2417 2047 2477 2075 An,

212 2089 416 2124 Baldwinum
440 2090 656 2125 Flandrensem
683 2088 754 2123 caesi
783 2089 915 2136 parentis
947 2087 1030 2122 bello
1057 2086 1199 2133 Anglico
1232 2085 1380 2119 memoria
1398 2112 1408 2128 ‚
1443 2088 1475 2118 &
1500 2093 1648 2131 negatum
1673 2079 1752 2124 fibi,
1785 2079 1823 2115 de
1850 2092 1919 2126 quo
1947 2080 2039 2127 supra
2064 2082 2325 2126 memoravimus,
2355 2094 2438 2123 1119.

167 2138 352 2173 Tributum
378 2138 410 2172 in
439 2139 566 2185 Anglos
586 2138 795 2173 stimulabant.

214 2189 300 2221 Haec
324 2186 430 2222 eadem
459 2188 663 2230 Mezeraius,
691 2190 724 2222 &
749 2187 853 2223 neseio
878 2196 962 2231 quot
987 2185 1149 2219 minorum
1172 2184 1332 2218 Gentium
1349 2181 1515 2220 historici,
1541 2181 1657 2215 iterum
1677 2190 1774 2224 atque
1797 2179 1913 2214 iterum
1930 2188 2076 2224 repetunt
2098 2182 2131 2212 Sc
2150 2179 2327 2216 inculcant:

168 2239 227 2270 Par
250 2235 295 2270 est
324 2235 447 2271 credere
475 2235 523 2270 his
546 2236 646 2271 ansam
666 2234 788 2270 errandi
805 2233 922 2270 dediffe
937 2234 1033 2269 Will.
1054 2233 1367 2268 Malmesburiensem
1389 2229 1555 2268 nostrum3
1583 2227 1636 2262 hic
1657 2228 1689 2262 in
1706 2229 1754 2262 H.
1786 2241 1814 2262 1.
1844 2239 1908 2263 rem
1935 2238 2034 2261 totam
2058 2238 2160 2261 narrat
2181 2240 2196 2261 a
2215 2229 2335 2274 princi-

166 2284 224 2331 pio
241 2284 372 2318 seriatim
389 2285 420 2318 in
439 2283 526 2319 hunc
543 2285 689 2319 modum.

217 2332 405 2367 Baldwinus
434 2334 651 2368 Willielmum
677 2334 709 2367 in
736 2331 887 2378 Angliam
918 2331 1091 2366 venientem
1126 2328 1259 2365 consilio
1279 2328 1470 2364 &militum
1487 2325 1699 2362 additamento
1716 2325 1869 2359 vivaciter
1891 2323 2033 2367 juverat3
2061 2323 2108 2358 his
2128 2325 2179 2359 ille
2198 2323 2332 2359 illustres

170 2381 281 2416 crebro
309 2382 532 2417 retributiones
554 2381 727 2423 refuderat3
758 2378 928 2423 omnibus,
955 2391 991 2414 ut
1017 2379 1142 2421 ferunt,
1171 2379 1257 2413 annis
1280 2390 1346 2424 300
1362 2377 1482 2424 argenti
1506 2377 1628 2409 Marcas
1647 2386 1707 2420 pro
1728 2373 1813 2417 fide,
1842 2376 1874 2407 δε
1892 2372 2041 2407 affinitate
2061 2372 2168 2407 socero
2186 2385 2334 2407 annume⁴

168 2442 249 2465 rans,
299 2433 346 2464 Ea
369 2430 586 2465 munificentia
612 2431 643 2465 in
671 2429 740 2465 filio
767 2428 936 2463 Baldwino
963 2441 1025 2462 non
1045 2429 1210 2462 imminuta
1225 2454 1235 2469 ‚
1261 2425 1397 2461 haefitvin
1419 2425 1568 2459 Roberto
1591 2423 1734 2463 Frisone3
1765 2434 1860 2468 porro
1880 2420 1936 2456 iste
1958 2421 2124 2456 Robertus
2144 2421 2278 2456 Frisonis
2296 2421 2336 2456 fi-

169 2478 233 2512 lius
250 2479 400 2514 omissum
414 2492 531 2514 munus
548 2493 563 2513 a
582 2479 764 2515 Willielmo
786 2490 817 2511 2.
843 2491 905 2511 non
924 2474 1101 2511 difficulter
1124 2477 1354 2523 impetraverat.
1406 2475 1531 2507 Verum
1553 2473 1638 2507 Hen.
1668 2484 1695 2505 1.
1716 2471 1865 2506 Roberto
1887 2470 1923 2503 ab
1947 2469 2172 2517 Hierosolyma
2195 2469 2337 2513 reverso,

172 2530 209 2560 ⁴&
234 2527 324 2573 quafi
354 2540 412 2573 pro
442 2529 583 2575 Imperio
615 2540 680 2575 300
709 2526 847 2574 Argenti
867 2529 990 2561 Marcas
1007 2526 1168 2573 exigenti,
1190 2525 1225 2558 in
1241 2522 1320 2558 hanc
1344 2521 1514 2569 respondet
1535 2520 1735 2563 sententiam,
1760 2531 1824 2553 non
1844 2518 1953 2552 solitos
1974 2521 2080 2565 Reges
2100 2518 2228 2566 Angliae
2249 2518 2340 2552 Flan-

176 2574 268 2610 dritis
297 2576 433 2623 veftigal
449 2576 595 2623 pendere.

224 2625 279 2657 Ex
302 2625 395 2671 vulgi
421 2624 560 2659 sermone
588 2629 620 2659 &
647 2623 841 2669 conjeeturis
864 2623 897 2657 in
928 2622 1014 2657 hunc
1041 2619 1178 2656 modum
1196 2619 1451 2655 consarcinantur
1468 2617 1663 2659 historiolae,
1689 2629 1765 2662 quae
1782 2615 1877 2650 nullis
1896 2615 2077 2648 innituntur
2093 2614 2333 2652 monumentist

175 2669 238 2705 Ast
259 2684 357 2717 quam
383 2671 502 2707 diversa
530 2685 635 2707 rerum
653 2674 745 2708 facies
767 2671 774 2707 1
806 2671 828 2705 fi
846 2670 1106 2717 quenquamipsa
1126 2670 1290 2703 Actorum
1301 2666 1526 2715 Chirographa
1546 2665 1694 2713 inspicere
1715 2664 1903 2710 contigerit,
1934 2675 1998 2696 non
2017 2664 2150 2707 veetigai
2163 2690 2172 2704 ‚
2198 2677 2261 2698 non
2279 2666 2335 2699 tri-

174 2719 295 2754 butum
319 2720 456 2755 Flandro
481 2721 577 2768 pendi
599 2721 748 2763 solitum,
774 2719 826 2755 sed
848 2731 988 2754 annuum
1014 2717 1160 2754 Feodum
1184 2719 1310 2752 Comiti
1336 2715 1490 2751 Flandriae
1516 2715 1581 2750 dari
1604 2715 1641 2748 ab
1667 2713 1784 2747 Amico
1813 2717 1845 2747 δε
1865 2712 2013 2745 Domino
2029 2712 2086 2745 suo
2104 2714 2196 2759 Rege
2214 2714 2342 2761 Angliae

177 2779 238 2815 pro
265 2767 416 2804 fidelitate
440 2769 558 2814 jurata,
584 2780 643 2815 pro
671 2768 822 2817 homagio
847 2767 956 2807 fausto,
985 2771 1018 2802 &
1046 2778 1106 2814 pro
1130 2766 1257 2801 servitio
1288 2764 1503 2813 impendendo
1524 2779 1532 2799 ι
1599 2763 1681 2797 Haec
1707 2762 1824 2796 docent
1855 2759 1910 2794 ista
1937 2760 2036 2807 prima
2060 2764 2093 2794 &
2113 2773 2186 2807 quae
2204 2761 2344 2808 sequun-

175 2827 256 2860 tur,
284 2829 340 2864 per
367 2818 516 2853 nonnulla
551 2817 680 2861 saecula,
708 2817 961 2853 conventiones.
2363 2824 2475 2863 Depff„

227 2868 324 2900 Salva
337 2865 487 2910 fidelitate
511 2869 654 2901 Lodovici
677 2871 763 2916 Regis
786 2870 982 2901 Francorum.
1031 2864 1122 2900 Hinc
1146 2864 1276 2899 habeant
1308 2863 1418 2898 Franci
1444 2860 1528 2897 uncle
1552 2861 1684 2909 probare
1713 2857 1830 2906 possint
1857 2855 2010 2891 Flandriae
2044 2858 2190 2893 Comites
2209 2857 2246 2892 ab
2266 2858 2345 2894 anti·
2366 2875 2406 2893 mo
2415 2867 2492 2903 Cym⁴

178 2927 252 2961 quo
282 2913 376 2949 fuisse
401 2915 508 2951 fideles
538 2919 571 2950 δέ
599 2915 740 2951 homines
767 2918 900 2962 Regum
930 2915 1078 2948 Franciae.
2252 2944 2256 2951 ,
2365 2902 2476 2941 grapho.

228 2965 306 2998 Hoc
317 2976 406 3010 agens
418 2967 462 2999 V.
478 2964 532 2999 Cl.
547 2968 583 2999 P.
601 2968 756 2999 Puteanus
772 2964 896 2998 inlibro
907 2962 957 2997 des
972 2961 1065 2996 droits
1080 2961 1122 2996 du
1139 2965 1197 3009 Roy
1208 2987 1217 3003 ‚
1245 2962 1350 3009 primo
1363 2960 1440 2996 loco
1457 2960 1533 2994 citat
1547 2962 1585 2993 P.
1602 2956 1641 2992 de
1660 2955 1885 3004 Oudergeest,
1897 2953 1935 2991 ad
1950 2968 1994 2990 an.
2006 2955 2071 2989 viz.
2094 2965 2192 2998 1192.
2209 2955 2342 3002 quando

188 3012 322 3047 Baldwi.
353 3025 378 3046 is
403 3026 438 3060 7.
467 3012 544 3048 fecit
568 3012 754 3060 homagium
784 3011 937 3058 Philippo
964 3010 1132 3058 Auguste.

228 3060 290 3095 Ast
311 3060 415 3096 nostra
434 3060 503 3097 haec
538 3062 683 3109 probatio
706 3073 777 3097 toto
799 3060 863 3096 fere
889 3059 1004 3095 saeculo
1021 3060 1158 3094 anterior
1177 3057 1243 3100 est,
1271 3062 1305 3094 ὃ(
1325 3071 1340 3093 a
1357 3055 1506 3093 Roberto
1527 3053 1811 3091 Hierosolimitano
1833 3064 1915 3089 certe
1932 3052 2029 3100 magis
2047 3052 2152 3086 nobile
2169 3065 2203 3086 ac
2226 3052 2346 3088 ineluc-

186 3109 278 3145 tabile
305 3108 534 3145 testimonium.

228 3160 273 3193 Et
294 3157 420 3193 videant
444 3158 612 3207 scriptores
637 3155 853 3193 Ecclefiastici
879 3166 1039 3204 quantum
1064 3168 1124 3204 pro
1148 3153 1339 3191 authoritate
1368 3153 1522 3190 Ecclefiae
1546 3164 1580 3188 ac
1607 3150 1759 3200 potestate
1783 3151 1923 3186 clavium
1950 3149 2071 3185 faciunt
2105 3148 2175 3184 haec
2199 3149 2347 3195 quinque

183 3207 296 3247 verba,
320 3207 387 3241 viz.
399 3208 491 3254 fhlva
502 3208 650 3253 fidelitate
667 3207 809 3241 Lodovici
826 3211 912 3254 Regis
931 3209 1127 3240 Francorum.
2287 3242 2293 3250 ι

233 3255 406 3289 Sciendum
429 3256 511 3290 enirn
535 3256 649 3303 quod,
674 3256 752 3290 dum
779 3254 849 3290 haec
874 3254 979 3298 fiunt,
1007 3253 1173 3289 Lodovici
1203 3257 1312 3294 Pater,
1339 3254 1416 3289 Rex
1436 3252 1629 3297 Philippus,
1654 3245 1760 3283 adhuc
1784 3248 1816 3282 in
1830 3248 1915 3282 vivis
1931 3245 1995 3288 est3
2024 3245 2075 3282 sed
2093 3253 2350 3281 excommunica-

186 3313 259 3345 tus,
284 3303 389 3349 Papali
412 3304 475 3338 telo
504 3303 669 3339 confossus
696 3304 795 3349 jacet3
827 3303 872 3338 fic
897 3303 1000 3338 omnis
1022 3302 1156 3338 fidelitas
1178 3302 1217 3336 ad
1237 3301 1449 3337 Lodovicum
1469 3300 1575 3334 filium
1591 3296 1802 3339 transfertur,
1829 3301 1861 3330 &
1883 3296 2007 3343 regium
2027 3307 2151 3329 nomen.

237 3354 344 3397 Negat
367 3352 477 3387 David
496 3353 683 3388 Blondellus
699 3354 730 3387 in
747 3353 825 3388 bene
842 3365 957 3400 magno
972 3352 1157 3395 volumine,
1183 3351 1238 3385 cui
1255 3350 1392 3385 Titulus
1415 3348 1601 3395 deformata
1613 3372 1622 3387 ,
1649 3355 1787 3393 regnante
1807 3343 1919 3389 Christo
1931 3370 1940 3384 ‚
1964 3342 2155 3390 Philippum
2174 3336 2349 3376 anatliema-

186 3410 219 3435 te
240 3400 279 3435 de
301 3399 387 3434 sadio
412 3400 539 3439 laesum.
563 3413 616 3437 aut
644 3402 749 3448 Papali
769 3400 904 3436 fulmine
921 3399 1044 3447 quovis
1064 3398 1164 3434 modo
1184 3400 1317 3434 tacitum.
1369 3399 1513 3446 Regium
1531 3407 1666 3434 nomen,
1690 3395 1751 3437 ait,
1777 3394 1904 3427 vivente
1924 3391 2077 3436 Philippo
2098 3403 2263 3435 nunquam
2283 3393 2351 3424 Lo-

188 3448 311 3483 dovico
336 3447 495 3490 delatum,
517 3450 549 3484 111
576 3450 691 3484 chartis
719 3461 795 3496 quae
819 3449 937 3484 finiunt
964 3447 1011 3483 his
1038 3449 1164 3486 verbis,
1192 3448 1257 3481 viz.
1284 3447 1366 3482 faeta
1395 3457 1443 3481 an.
1467 3445 1504 3479 ab
1520 3442 1729 3478 incarnatione
1750 3441 1886 3475 Domini
1909 3451 1994 3474 1100
2012 3450 2071 3485 pro
2092 3438 2175 3473 1108
2195 3437 2352 3484 scriptum

190 3497 397 3542 pronunciat,
422 3508 456 3531 ac
482 3498 559 3533 male
583 3498 712 3545 vapulat
741 3497 941 3532 Hovedenus
966 3494 1071 3531 noster
1090 3496 1224 3531 scribens
1239 3495 1334 3542 quod
1357 3498 1421 3535 An.
1448 3505 1530 3528 1101
1552 3490 1747 3526 Lodovicus
1764 3492 1838 3525 Rex
1856 3492 2051 3522 Francorum
2072 3486 2217 3521 interfuit
2238 3487 2353 3520 Curiae

188 3546 293 3591 Regis
323 3545 458 3580 Henrici
485 3544 665 3584 Lundortiae
691 3547 723 3581 in
749 3547 927 3581 Nativitate
950 3545 1100 3580 Domini.
1154 3546 1200 3578 At
1223 3544 1308 3590 quid
1324 3543 1436 3590 plura}
1467 3543 1499 3576 in
1515 3540 1578 3575 hoc
1601 3538 1670 3586 ipso
1691 3535 1921 3585 Cliirographo
1940 3536 2033 3569 toties
2052 3535 2221 3582 repetitum
2241 3533 2356 3568 Lodo-

189 3595 256 3677 ἔίῗΙί
279 3594 381 3676 Regifs
410 3606 522 3675 nsmien
535 3622 545 3637 ,
571 3593 652 3629 mihi
681 3594 753 3630 sunt
779 3607 840 3643 pro
862 3595 941 3630 bene
968 3606 1082 3641 magno
1103 3593 1270 3629 volumine
1289 3603 1326 3628 ut
1344 3602 1453 3627 contra
1471 3587 1615 3630 credam,
1643 3591 1675 3622 &
1693 3587 1771 3621 bene
1791 3583 1941 3621 monstrat
1961 3594 2059 3629 quam
2078 3583 2175 3618 inanis
2196 3582 2234 3617 fit
2252 3583 2353 3617 Blou-

215 3655 229 3677 e
256 3643 265 3676 i
291 3647 324 3677 &
351 3642 420 3676 =uti
434 3642 458 3676 is
486 3643 573 3676 abor.

240 3694 376 3724 Annum
395 3703 466 3736 quo
487 3690 557 3725 haec
575 3691 760 3726 Conventio
776 3690 859 3726 fa8m
875 3689 941 3736 est,
969 3690 1012 3726 fic
1030 3691 1163 3738 colligo.
2372 3690 2388 3707 ²
2410 3689 2471 3718 Ae·

237 3741 259 3762 ⁹*
284 3738 370 3786 Julii
391 3751 434 3785 14
448 3750 536 3786 capm
553 3739 597 3774 est
616 3739 852 3788 Hierosolyma.
1991 3775 1997 3783 .
2378 3734 2461 3765 ¹⁰99'

238 3792 256 3826 †
279 3788 466 3834 Repatriant
491 3789 657 3824 Robertus
678 3789 780 3836 Regis
799 3789 926 3837 Angliae
951 3788 1062 3828 frater,
1088 3787 1255 3823 Robertus
1272 3784 1446 3823 Flandriae‚
1473 3786 1505 3818 &
1524 3779 1720 3817 Eustachius
1736 3778 1880 3815 Boloniae
1901 3779 2059 3811 Comites.
2376 3768 2398 3834 ’ξ
2407 3769 2472 3834 fg}

240 3839 328 3919 Iifiiter
350 3835 551 3918 rediundugl
576 3837 742 3872 Robertus
767 3838 870 3885 Regis
896 3838 1023 3885 Angliae
1054 3835 1147 3871 frater
1176 3846 1317 3870 moratur
1344 3833 1475 3881 Apuliae
1501 3831 1540 3865 ad
1569 3829 1711 3877 Nuptias
1739 3839 1815 3862 cum
1845 3824 1986 3872 Sibylla,
2013 3823 2152 3859 Comitis
2177 3822 2355 3858 Conversa-
2374 3870 2394 3889 *
2414 3863 2478 3898 Ed

192 3892 241 3915 nae
291 3885 348 3927 lia,
373 3896 408 3919 ce
422 3885 511 3918 ebran
537 3898 579 3919 as.
1559 3896 1561 3899 '
2442 3880 2455 3898 ⁹
2476 3887 2482 3897 ³

241 3931 269 3958 *ἓ
294 3945 310 3966 2
333 3931 477 3980 Augusti
495 3933 693 3969 Willielmus
720 3935 769 3969 ΙΙ.
799 3935 874 3968 Rex
894 3934 1021 3982 Angliae
1039 3934 1189 3968 moritur.
2378 3913 2438 3942 An.

245 3990 260 4024 5
291 3983 384 4028 Aug.
411 3980 463 4015 die
487 3982 662 4016 Dominica
689 3981 853 4017 Henricus
874 3984 904 4015 1.
925 3983 957 4016 in
978 3984 1102 4028 Regem
1120 3992 1304 4017 coronatur.

239 4040 262 4075 7
288 4029 373 4063 Maii
390 4030 541 4076 proximo
559 4030 739 4077 sequentis,
766 4029 833 4065 viz.
867 4032 912 4064 A.
930 4031 979 4065 D.
1003 4041 1102 4065 1101.
1114 4033 1148 4064 δι
1169 4033 1235 4066 An.
1253 4026 1364 4076 Regni
1382 4026 1525 4072 ejusdem
1541 4025 1629 4061 Hen.
1649 4022 1752 4072 Regis
1773 4022 1879 4070 primo
1891 4020 1993 4067 ‚faeta
2008 4019 2053 4055 est
2072 4016 2140 4055 haec
2159 4013 2358 4097 (Σοηνῧὲἱζὲ

193 4138 407 4217 Μὲαῖξίθνῖηες
420 4143 557 4174 Editionis
568 4140 743 4182 Londinenfis
751 4144 914 4181 paginarum
925 4143 1048 4179 numeri,
1064 4143 1111 4181 qui
1129 4144 1159 4174 in
1174 4140 1226 4172 hac
1240 4140 1281 4172 ad
1291 4138 1433 4172 Leflorem
1445 4135 1611 4196 Ρνίἷαῑὶοπε
1624 4136 1807 4175 reperiuntur,
1823 4136 1853 4165 ¹¹7¹
1865 4134 1985 4170 margine
1998 4127 2077 4168 hujus
2092 4128 2230 4161 Edimm?
2242 4121 2358 4166 ‘’fieris‘'

275 4189 286 4207 ι
308 4189 344 4209 un
361 4201 368 4208 .
1524 4185 1539 4214 3
