2570 4261
0 258 67 301 [mn.
80 254 121 286 D.

14 304 98 335 1241.

0 341 99 370 Heny3·

2 1103 49 1134 ⁹1.
65 1112 128 1141 397.

0 1237 75 1270 Ann.
90 1236 129 1268 D.

20 1286 105 1316 1241.

0 1320 51 1344 An.
70 1324 113 1350 25.

0 1391 57 1421 Lib.
76 1395 111 1419 A.

0 1429 116 1468 fhl.331.

1 1468 26 1496 b.
44 1475 111 1504 penes

0 1510 136 1534 Gamerar.

1 1550 116 1573 διαιταν.

14 3318 142 3353 Ann.D.

32 3368 118 3399 1241.

12 3402 64 3427 An.
81 3408 126 3435 25.

2 3441 48 3466 Ἠ.
66 3447 91 3474 3.

13 3474 70 3504 Lib.
84 3478 120 3502 A.

7 3512 61 3551 fol.
82 3522 146 3550 330⁴

12 3550 39 3578 b.
49 3557 116 3588 penes

13 3592 146 3617 Camerar.

15 3632 126 3655 scaccar.

2 3700 66 3729 ³⁸1.
84 3701 146 3738 398.

686 166 797 207 ET
881 161 1152 206 ACTA

138 263 306 294 perpetuum
319 252 512 291 observandis,
532 251 669 282 Domino
686 251 761 290 Regi
777 251 811 282 &
823 250 980 282 haeredibus
993 250 1062 293 suis,
1078 257 1130 286 pro
1146 254 1194 289 me

140 296 173 326 &
188 294 343 324 haeredibus
358 294 443 329 meis,
462 291 571 321 cavebo
584 301 634 328 per
650 289 760 333 obsides
774 290 807 320 δε
824 290 956 332 pignora,
975 291 1007 320 &
1022 288 1077 317 aliis
1092 285 1195 321 modis,

140 333 240 371 quibus
254 332 399 362 Dominus
412 330 478 360 Rex
492 329 588 358 dicere
601 328 721 359 voluerit
730 352 738 364 ,
756 327 801 357 vel
817 328 930 369 dictare.

178 370 213 401 In
236 372 312 409 cujus
334 370 373 399 rei
388 367 583 398 testimonium
596 367 723 404 praesenti
738 366 841 403 scripto
857 366 974 405 sigillum
989 373 1087 395 meum
1107 369 1196 398 appo-

141 409 190 440 sui.
1168 437 1172 442 ι

177 447 243 478 Αᾶ.
258 444 329 486 apud
344 443 498 480 Asnaum,
512 443 589 481 juxta
604 442 734 472 Fluvium
746 441 845 480 Elwey
860 441 895 471 de
911 441 1017 471 Saneto
1041 438 1148 476 Asaph,
1166 446 1195 466 m

141 485 213 517 festo
228 483 419 514 decollationis
434 481 671 519 SanffiJohannis
686 479 824 516 Baptistae.
1030 518 1035 522 η
1160 514 1164 518 Α
1190 513 1195 518 .

180 523 218 553 Et
239 520 355 552 crastina
373 519 419 549 die
438 529 607 549 renovatum
620 518 693 556 apud
709 517 859 548 Rothelan.
873 518 901 547 in
915 517 1058 547 Tentorio
1074 515 1197 556 Domini

141 562 229 601 Regis
241 583 251 596 ,
282 566 357 589 anno
383 558 479 598 Regni
506 557 632 595 praedicti
660 556 781 587 Domini
802 555 889 595 Regis
909 555 1031 586 Henrici
1059 555 1195 585 vicesimo

163 607 251 629 uinto.

140 610 162 638 q
181 637 219 667 Et
241 635 276 665 ad
293 637 391 666 omnia
410 633 541 672 praedista
561 633 677 664 firmiter
695 631 814 662 tenenda
833 641 887 671 ego
908 631 1003 663 David
1013 630 1103 670 juravi
1116 629 1195 668 super

140 675 271 706 Crucem
286 674 423 710 sanctam,
442 681 526 711 quam
542 681 641 703 coram
656 681 703 701 me
715 670 854 708 deportari
867 670 949 700 facio.

179 712 352 744 Venerabilis
373 713 457 742 etiam
476 710 559 740 Pater
580 710 672 747 Hugo
695 708 849 748 Episcopus
870 708 905 738 de
919 708 1025 739 Sancto
1040 705 1148 743 Asaph,
1163 704 1198 734 ad

142 753 310 791 petitionem
332 759 442 787 meam,
465 748 581 779 firmiter
603 747 745 786 promisit,
772 748 801 776 in
822 746 921 777 ordine
940 747 988 776 suo
1002 771 1011 784 ,
1035 745 1113 783 quod
1135 744 1197 773 haec

1232 154 1711 204 PUBLICA.
2206 170 2286 213 139

1232 243 1353 273 voluerit
1369 245 1488 274 retinere
1502 246 1531 275 in
1546 256 1629 277 manu
1643 247 1704 285 sua,
1723 257 1776 284 pro
1787 238 1934 279 voluntate
1947 246 1992 277 sua
2006 253 2068 276 eam
2082 244 2213 281 retineat,
2232 241 2288 271 sine
2306 236 2381 267 Arm·
2392 236 2431 267 D<

1232 283 1314 311 omni
1329 282 1431 312 clamio
1447 284 1504 312 mei
1525 285 1557 314 δε
1573 285 1731 315 Haeredum
1747 294 1886 315 meorum.

2322 283 2407 314 ¹24¹-

1272 319 1408 350 Conceffi
1430 322 1514 350 etiam
1537 323 1614 360 quod
1631 325 1764 353 omnium
1784 323 1925 354 Baronum
1939 324 1972 355 δε
1987 322 2112 353 fidelium
2126 319 2206 359 ipsius
2223 318 2291 348 Do*
2305 319 2365 342 Hm·
2386 322 2414 351 3-

1234 358 1303 387 mini
1324 357 1371 388 Re
1391 360 1411 388 is
1434 367 1533 397 terras,
1551 369 1701 398 occupatas
1722 362 1737 390 a
1757 370 1889 398 tempore
1909 371 2033 400 guerrae,
2051 368 2123 391 ortae
2136 362 2206 389 inter
2223 356 2289 386 Do-

1234 397 1344 426 minum
1380 397 1522 427 ohannem
1546 397 1661 441 Regem
1677 422 1686 436 ,
1719 400 1754 429 &
1779 400 1944 442 praedidtum
1973 400 2154 431 Lewelinum
2175 396 2290 426 Patrem

1235 444 1351 472 meum,
1367 436 1395 464 in
1416 435 1544 465 manibus
1560 437 1641 474 ipsius
1662 436 1785 467 Domini
1807 437 1892 476 Regis
1913 437 2038 476 tradam,
2056 439 2089 469 &
2111 435 2204 466 eidem
2227 433 2290 464 red-

1234 472 1317 510 dam,
1336 473 1380 503 vel
1397 475 1443 503 cui
1459 473 1646 512 mandaverit3
1664 483 1694 505 ut
1707 475 1743 504 de
1754 475 1815 512 ipsis
1831 476 1954 513 disponat
1966 476 2000 505 ad
2014 477 2190 507 voluntatem
2203 474 2288 505 suam:

1234 510 1309 541 salvo
1333 511 1403 541 mihi
1419 512 1482 550 jure
1502 514 1676 550 proprietatis
1697 514 1842 543 cu'ussibet
1862 515 1933 550 pacti
1953 516 1985 544 ὃς
1999 515 2192 551 instrumenti,
2210 514 2291 551 super

1234 559 1293 587 quo
1305 548 1420 580 stabitur
1430 550 1504 588 juri,
1519 551 1586 581 hinc
1600 551 1665 581 inde
1676 551 1706 580 in
1752 551 1809 581 uria
1824 552 1904 587 ipsius
1922 552 2044 581 Domini
2060 553 2155 591 Regis.

1273 587 1408 618 Conceffi
1428 589 1512 618 etiam
1533 590 1610 627 quod
1628 589 1789 619 satisfaciam
1809 589 1858 626 ipsi
1873 588 2006 620 Domino
2022 590 2097 630 Regi
2110 593 2146 621 de
2163 590 2293 631 dampnis

1236 626 1270 655 ὃς
1285 627 1388 664 injuriis
1401 626 1480 657 illatis
1494 627 1544 657 sibi
1558 629 1590 658 &
1603 628 1655 658 suis
1670 627 1824 657 secundum
1840 627 2091 658 considerationem
2104 629 2199 659 Curiae
2220 639 2290 667 prae-

1234 663 1334 702 dietae,
1352 664 1398 694 vel
1413 665 1602 696 malefactores
1616 666 1687 706 ipsos
1702 666 1751 704 ipsi
1767 666 1900 696 Domino
1915 666 1992 705 Regi
2008 666 2132 697 reddam.

1272 701 1395 732 Reddidi
1416 712 1510 733 autem
1533 704 1625 734 eidem
1648 704 1781 734 Domino
1806 704 1881 743 Regi
1894 706 1992 735 omnia
2005 704 2136 749 homagia
2148 715 2212 743 quaa
2226 705 2293 736 Do-2

1236 741 1327 770 minus
1337 740 1480 778 johannes
1496 741 1560 772 Rex
1576 742 1659 772 Pater
1670 742 1731 772 suus
1742 743 1855 780 habuit,
1872 744 1906 773 &
1923 749 1987 782 quae
2008 743 2154 773 Dominus
2171 743 2235 774 Rex
2257 745 2294 774 de

143 792 243 822 omnia
262 788 394 828 praedieta
411 787 511 826 ficiet,
529 788 563 818 ὃς
582 786 743 824 procurabit
761 785 854 815 modis
873 786 974 823 quibus
989 785 1091 823 poterit
1105 781 1201 812 obser-
1230 779 1294 815 jure
1307 779 1410 809 habere
1424 779 1523 818 debet3
1544 781 1578 811 &
1592 780 1743 818 specialiter
1759 781 1849 811 dimisi
1864 782 1889 811 ei
1900 781 2032 821 homagia
2045 783 2178 812 omnium
2193 782 2294 813 Nobi-

142 839 355 897 varEllilenevech
369 889 378 903 ,
396 863 531 902 siquidem
545 888 555 902 ‚
573 862 690 903 Vaghan
703 886 713 901 ‚
731 872 781 900 per
803 869 977 900 praeceptum
998 869 1115 896 meum,
1133 856 1200 887 illud

146 904 223 936 idem
233 906 335 944 juravit
349 903 428 943 super
442 904 568 932 Crucem
583 902 755 939 praeditstam.

184 980 292 1011 Actum
305 979 378 1019 apud
393 979 529 1009 Alnetum
542 987 571 1009 ut
587 978 671 1017 supra.

148 1105 176 1133 ’ἦ
201 1109 250 1140 De
268 1103 506 1139 conventionibus
515 1107 582 1150 five
593 1107 688 1152 passis
714 1105 889 1147 antcdifbis,
908 1115 962 1151 per
986 1102 1142 1137 Davidem
1159 1102 1203 1147 fi·

516 1154 624 1187 deliter
643 1153 841 1199 obftrvandis.

216 1241 334 1272 Mnibus
354 1240 461 1271 Christi
481 1240 626 1277 fidelibus,
646 1237 680 1268 ad
703 1248 773 1275 quos
816 1236 941 1267 &sentes
955 1236 1053 1279 litterae
1066 1245 1203 1279 pervene-

231 1282 301 1320 rint,
321 1279 434 1318 David,
451 1279 535 1309 Filius
551 1277 690 1309 Lewelini
704 1286 782 1314 quon
804 1285 849 1305 am
868 1275 1004 1314 Principis
1017 1274 1203 1312 Norwalliae‚

146 1319 270 1349 salutem.

182 1357 278 1388 Sciatis
299 1355 393 1395 quod,
412 1366 480 1387 cum
502 1352 632 1393 quasdam
651 1351 847 1391 promissiones
868 1351 902 1381 &
917 1350 996 1394 padia
1008 1351 1118 1394 inierim
1134 1360 1203 1381 cum

152 1395 285 1427 Domino
300 1405 368 1425 meo
383 1395 515 1425 Henrico
528 1393 611 1431 Rege
625 1392 753 1430 Angli-ee,
772 1391 846 1421 Filio
860 1389 983 1419 Domini
993 1389 1130 1426 johannis
1144 1389 1206 1419 Re-

148 1435 205 1474 gis,
223 1435 251 1463 in
264 1434 466 1464 reformatione
479 1433 570 1470 pacis,
590 1433 661 1461 inter
682 1429 778 1472 ipsum.
793 1431 826 1460 ὃς
847 1437 894 1457 me
915 1437 1004 1471 nuper
1016 1427 1116 1471 fastae,
1135 1427 1204 1472 sicut

151 1474 313 1502 continetur
324 1472 355 1500 ‘in
367 1472 477 1508 litteris,
494 1470 574 1507 super
588 1469 691 1499 eisdem
708 1468 793 1506 pastis
807 1468 840 1497 &
855 1467 1109 1510 conventionibus,
1124 1466 1204 1496 factis

151 1510 224 1547 apud
239 1510 389 1548 Alnetum,
403 1510 480 1547 quta
493 1509 626 1539 Fluvium
639 1507 675 1537 de
690 1507 788 1543 Elwey
801 1505 837 1535 de
849 1505 945 1548 sancto
960 1504 1051 1548 Asaph
1060 1527 1069 1543 ,
1088 1515 1117 1534 m
1131 1504 1205 1548 sesto

150 1548 343 1578 decollationis
354 1547 440 1579 sandi-i
448 1547 584 1586 johannis
598 1544 742 1583 Baptistae,
761 1546 794 1576 &
816 1543 933 1574 crastina
951 1542 997 1572 die
1017 1552 1162 1587 renovatis
1177 1553 1206 1587 a7

172 1586 209 1617 ud
224 1586 386 1626 Rothelan‚
403 1587 432 1616 in
445 1586 589 1616 Tentorio
602 1584 726 1614 Domini
740 1583 844 1622 Regis,
861 1592 937 1624 anno
948 1581 1055 1626 'Regni
1077 1581 1206 1620 praedicti

149 1597 275 1656 Domini
288 1624 376 1665 Regis
389 1625 525 1655 vicesimo
540 1625 657 1661 quinto,
674 1624 708 1653 &
723 1622 742 1652 si
764 1622 811 1651 illo
826 1631 894 1651 meo
907 1623 925 1650 ii
946 1620 1039 1663 illatis,

189 1663 236 1695 Ut
250 1663 334 1693 dieiae
347 1664 551 1695 conventiones
565 1663 598 1693 ὃς
619 1661 714 1699 ρῑιέὶα,
732 1670 751 1699 p
762 1670 814 1690 ene
835 1661 868 1690 &
887 1670 903 1689 e
937 1668 1054 1697 caciter,
1066 1669 1122 1703 *per
1142 1669 1206 1699 me,

150 1703 186 1734 &
204 1701 342 1732 Haeredes
362 1704 459 1740 meos,
478 1700 611 1731 Domino
628 1700 702 1738 Regi
723 1698 878 1736 praediisto,
898 1699 931 1729 &
954 1696 1125 1728 Haeredibus
1138 1698 1205 1736 suis,

150 1742 180 1770 in
201 1747 369 1779 perpetuum
390 1740 586 1778 observentur,
605 1738 749 1769 voluntate
766 1736 916 1775 spontanei}
935 1735 999 1766 meai
1012 1760 1028 1779 ³,
1039 1736 1073 1766 ad
1094 1736 1206 1774 plenam

151 1779 326 1810 securitatem
345 1779 426 1818 ipsius
445 1778 570 1809 Domini
589 1778 647 1807 mei
670 1776 757 1816 Regis
777 1779 810 1807 ὅ(
833 1775 992 1805 Haeredurn
1012 1778 1125 1805 suorum
1141 1800 1150 1813 ,
1168 1775 1204 1805 de

151 1817 286 1848 consensu
304 1818 338 1849 δε
357 1818 502 1849 voluntate
523 1816 609 1847 saneti
622 1814 724 1852 ,Asaph
738 1816 770 1845 δε
787 1813 966 1857 Bangorensis
981 1812 1206 1857 Episcoporum,

153 1857 188 1887 δε
203 1856 423 1887 consiliariorum
438 1865 587 1893 meorum,
606 1864 654 1884 me
667 1854 700 1884 &
714 1862 816 1884 omnes
827 1852 904 1896 illos,
921 1862 969 1890 qui
984 1862 1012 1881 in
1035 1852 1110 1890 hoc,
1127 1853 1206 1890 quod

152 1904 252 1925 contra
271 1895 352 1933 pa&a
372 1897 406 1926 &
427 1895 632 1924 conventiones
647 1891 793 1932 praedistas
804 1901 931 1921 venirem
941 1914 950 1928 ,
968 1891 1014 1921 vel
1028 1899 1127 1921 contra
1140 1892 1207 1921 Do-

153 1934 265 1962 minum
280 1933 394 1973 Regem
409 1933 514 1970 essem,
532 1932 603 1962 mihi
614 1931 765 1968 favebunt,
784 1930 829 1960 vel
842 1929 1062 1967 consilium‚vel
1075 1930 1207 1960 auxilium

153 1972 338 2010 praebebunt,
357 1972 390 2002 ὅτ,
404 1980 493 2002 totam
508 1980 608 2001 terrain
624 1980 717 2000 meam
735 1969 864 2006 suppono
881 1967 1064 2011 jurisdictioni
1085 1967 1210 1999 Cantua-

153 2010 246 2040 riensis
263 2010 473 2048 Archiepiscopi
508 2008 730 2045 Londonienfis,
748 2006 1210 2048 Elyensis,Herefordiensis,Co-

154 2048 306 2079 ventrensis
340 2033 556 2080 Lichefeld’ensis
571 2046 793 2089 Episcoporum,
811 2047 942 2078 omniurn
959 2045 1054 2088 simul,
1071 2046 1104 2076 &
1120 2046 1212 2084 cujus-

155 2085 225 2117 libet
240 2088 269 2116 in
283 2073 402 2118 sosidum
440 2097 527 2125 quem
540 2085 631 2116 dietus
643 2085 787 2128 Dominus
802 2084 868 2127 Rex
879 2084 1006 2122 elegerit:
1149 2124 1153 2128 ι

191 2125 335 2155 Praediffis
351 2110 467 2163 praesatis
480 2125 576 2162 simul,
595 2125 628 2155 &
642 2124 756 2154 cuilibet
770 2133 799 2152 m
813 2122 947 2160 solidum,
968 2132 1054 2159 quern
1062 2121 1208 2152 Dominus

155 2162 224 2193 Rex
237 2163 365 2203 elegerit,
384 2172 469 2203 prout
481 2163 649 2202 praedictum
663 2161 720 2200 est,
738 2161 804 2191 dans
818 2160 1027 2204 &concedens
1043 2161 1163 2204 *plenam
1177 2162 1211 2192 &-

155 2202 273 2232 liberam
292 2202 460 2240 potestatem
478 2212 509 2233 ut
525 2227 534 2240 ,
568 2201 602 2231 ad
626 2211 655 2230 re
677 2200 835 2230 uisitionem
851 2200 932 2240 ipsius
955 2199 1080 2229 Domini
1100 2199 1189 2237 Regis
1202 2224 1212 2238 ,

155 2241 229 2271 nulla
242 2240 292 2270 alia
306 2243 465 2272 monitione
478 2241 566 2278 faeta,
585 2249 634 2278 per
675 2239 960 2269 xcommunicationis
973 2239 1001 2267 in
1016 2247 1080 2276 me,
1094 2239 1131 2282 ,ὃς
1150 2239 1212 2269 dic-

155 2287 200 2310 tos
214 2279 283 2309 mihi
296 2279 434 2317 faventes,
452 2279 627 2310 consulentes
636 2301 645 2315 ‚
659 2287 706 2308 aut
718 2277 892 2314 auxiliantes3
913 2278 947 2307 δε
959 2277 1101 2320 interdicti
1113 2278 1142 2305 in
1156 2284 1212 2307 ter-

155 2327 217 2348 ram
231 2318 392 2357 sententias,
410 2318 445 2348 ad
458 2318 685 2349 observationem
697 2316 777 2353 ipsius
793 2315 894 2345 formae
916 2316 950 2345 &
969 2323 1214 2353 conventionum,

156 2366 222 2393 quae
243 2358 273 2386 in
292 2357 373 2387 dietis
394 2357 489 2388 litteris
502 2357 700 2392 continentur,
718 2353 900 2392 distringant,
918 2354 951 2383 &
965 2354 999 2384 ad
1014 2354 1127 2391 plenam
1142 2354 1214 2384 satis-

154 2395 327 2433 factionem,
341 2397 419 2434 juxta
431 2396 606 2426 voluntatem
619 2394 699 2431 ipsius
715 2392 837 2423 Domini
860 2392 963 2430 Regis,
981 2392 1171 2431 compellant,
1190 2393 1210 2423 fi

156 2433 245 2471 forte,
263 2433 341 2471 quod
361 2434 441 2465 Deus
459 2442 580 2470 avertat,
605 2434 634 2462 in
657 2432 750 2469 aliquo
764 2436 864 2461 contra
878 2430 1010 2468 praedicta
1025 2441 1074 2469 per
1087 2441 1151 2469 me,
1168 2430 1216 2462 vel

157 2480 239 2501 meos
250 2482 384 2502 venirem.

196 2508 234 2539 Et
249 2512 347 2540 omnia
359 2511 422 2541 haec
437 2511 515 2540 bona
528 2509 583 2539 fide
600 2509 633 2540 &
648 2509 847 2546 inperpetuum
860 2507 990 2538 servanda
1004 2507 1139 2538 Domino
1153 2507 1215 2538 Re-

155 2548 186 2587 gi
198 2548 232 2578 &
247 2547 416 2579 Haeredibus
430 2548 480 2579 suis
489 2573 498 2586 ,
514 2558 563 2585 per
578 2557 625 2577 me
638 2548 671 2578 &
685 2546 824 2577 Haeredes
837 2556 934 2584 meos,
953 2547 1107 2585 promitto:
1127 2556 1215 2576 vene-

156 2585 256 2615 rabiles
277 2586 386 2624 insuper
404 2595 491 2624 patres
509 2587 544 2615 de
565 2585 660 2615 sandio
683 2585 783 2622 Asaph.
799 2587 832 2616 δί
848 2585 1011 2624 Bangorens.
1026 2584 1160 2652 EpiscIo—pi
1171 2585 1215 2615 su-

157 2623 292 2662 pradicti,
309 2624 344 2654 ad
364 2626 531 2662 petitionem
549 2633 644 2653 meam
677 2623 795 2660 praefato
815 2623 949 2653 Domino
970 2623 1093 2662 Regi&
1142 2632 1211 2653 cere-

156 2662 238 2692 dibus
255 2662 323 2700 suis,
342 2673 394 2701 pro
409 2664 435 2693 se
450 2664 483 2694 &
498 2645 700 2693 successoribus
714 2661 765 2692 suis
779 2662 809 2691 in
830 2662 880 2692 suo
898 2661 1013 2700 ordine,
1032 2661 1217 2704 promiserunt

155 2701 235 2739 quod
255 2701 412 2739 sententias,
431 2701 580 2731 occasione
599 2699 733 2739 praedicta
751 2700 815 2730 latas
830 2723 840 2738 ‚
855 2699 902 2730 vel
922 2699 1065 2737 ferendas,
1084 2703 1153 2730 sicut
1175 2702 1214 2730 eis

157 2739 350 2778 mandabitur,
369 2740 553 2777 publicabunt
563 2740 596 2769 Sc
613 2738 719 2775 plenius
733 2738 939 2776 observabunt3
957 2739 991 2770 &
1005 2749 1022 2769 a
1039 2735 1151 2769 subditis
1173 2739 1216 2769 di-

157 2777 253 2807 strici&
265 2778 506 2811 &inviolabiliter
521 2777 625 2807 facient
639 2776 788 2807 observari.

194 2816 227 2846 In
241 2817 318 2854 cujus
333 2818 375 2847 rei
386 2816 581 2847 testimonium
594 2823 654 2845 tarn
701 2824 738 2852 o,
756 2815 843 2853 quam
858 2815 926 2845 diffl
941 2815 1112 2846 venerabiles
1127 2819 1222 2853 patres

157 2853 193 2896 de
207 2854 303 2884 samito
320 2855 346 2885 A
358 2855 421 2893 aph.
435 2855 469 2886 δε
484 2853 650 2894 Bangorens.
692 2854 816 2892 piscopi,
835 2853 917 2893 sigilla
929 2855 1024 2885 nostra
1038 2854 1216 2893 praesentibus

157 2894 275 2924 fecimus
289 2902 342 2931 app
365 2895 401 2924 ni.

192 2969 260 3000 Ast.
281 2969 355 3008 apud
374 2970 526 3000 Rothelan.
545 2971 575 2999 in
594 2969 738 3001 Tentorio
753 2969 833 3008 ipsius
848 2969 972 3001 Domini
987 2969 1093 3010 Regis,
1110 2969 1215 3001 tricesi-

158 3018 210 3038 mo
225 3009 320 3046 primo
332 3008 378 3039 die
393 3008 528 3048 Augusti,
545 3018 620 3039 anno
632 3009 746 3039 eodem.

159 3137 278 3169 Littera
296 3135 411 3170 David
433 3136 507 3169 Filii
532 3136 678 3168 Lewelini
697 3163 707 3178 ,
727 3147 782 3183 per
807 3149 901 3183 qnam
929 3135 1055 3180 conccffit
1087 3140 1217 3171 Domino

205 3185 280 3230 Regi
304 3185 438 3231 Angliae,
464 3183 546 3230 quod
564 3182 661 3226 stabit
682 3187 751 3230 juri
766 3189 798 3217 in
815 3189 902 3218 curia
911 3185 973 3230 fita
981 3187 1073 3233 sitper
1084 3191 1217 3233 portione

205 3243 287 3265 terrae
303 3245 361 3278 quae
370 3233 439 3276 fuit
454 3236 552 3278 patris
559 3233 623 3278 fhi.

238 3318 357 3349 Mnibus
376 3317 484 3348 Christi
502 3318 653 3356 fidelibus,
683 3318 717 3348 ad
738 3329 808 3357 quos
829 3322 974 3359 praesentes
996 3322 1093 3353 litterae
1116 3327 1216 3360 perve-

245 3359 337 3388 nerint
351 3380 360 3395 ,
387 3356 483 3388 David
496 3380 506 3394 ,
526 3357 609 3387 Filius
633 3356 771 3389 Lewelini
786 3381 796 3397 ‚
812 3360 957 3397 quondam
977 3360 1114 3399 Principis
1132 3360 1216 3391 Nor-

161 3395 276 3434 walliae,
292 3396 417 3426 salutem.

201 3434 297 3465 Sciatis
334 3435 389 3464 uod
405 3432 529 3464 concessi
542 3432 677 3464 Domino
691 3439 760 3465 meo
773 3434 903 3467 Henrico
918 3436 994 3477 Regi
1015 3437 1125 3477 Angliae
1142 3437 1215 3468 illus-

162 3474 215 3511 tri,
235 3473 307 3503 Filio
354 3474 446 3503 omini
457 3472 593 3511 johannis
610 3472 716 3511 Regis,
793 3473 811 3503 d
826 3474 906 3505 st'abo
915 3477 969 3514 juri
983 3478 1012 3506 in
1026 3478 1102 3507 curia
1114 3476 1157 3517 sua
1172 3476 1216 3506 su-

753 3483 791 3503 uo

162 3521 212 3549 per
232 3513 362 3549 portione
379 3519 475 3548 terrae,
495 3519 558 3548 quae
577 3510 629 3540 fuit
651 3482 775 3550 prandisti
797 3512 935 3545 Lewelini
948 3516 1030 3554 patris
1044 3515 1118 3552 mei,
1137 3515 1216 3552 cujus

163 3550 287 3581 seisinam
307 3560 383 3580 nunc
401 3550 493 3580 habeo
512 3549 546 3579 &
564 3556 648 3578 teneo
662 3572 672 3586 ,
689 3548 709 3578 si
728 3559 782 3586 qua
801 3550 961 3583 Griffinum
981 3553 1093 3583 fratrem
1115 3562 1216 3582 meum

162 3590 327 3628 contingere
340 3588 424 3618 debet
436 3586 587 3618 secundum
601 3586 832 3630 consuetudinem
850 3589 978 3629 Walliae,
997 3591 1042 3623 vel
1062 3591 1216 3622 secundum

159 3627 219 3666 jus,
238 3635 321 3666 prout
337 3627 482 3657 Dominus
496 3625 560 3655 Rex
575 3625 696 3664 elegerit.
1155 3664 1158 3666 q

183 3697 185 3699 ,
198 3665 253 3703 Et,
272 3666 292 3696 si
306 3665 382 3696 idem
398 3664 544 3695 Dominus
558 3663 623 3693 Rex
637 3672 737 3700 pacem
750 3663 845 3695 fecerit
858 3667 931 3697 inter
942 3675 990 3698 me
1004 3668 1217 3706 &praedistum

162 3703 321 3735 Griffinum
340 3704 453 3734 fratrem
470 3711 586 3739 meum,
604 3701 690 3743 ipsam
703 3702 808 3745 tenebo
823 3704 856 3734 ὃς
871 3703 1005 3744 servabo,
1022 3707 1041 3726 ²¹⁸
1062 3707 1095 3737 ὃς
1109 3706 1145 3745 de
1159 3706 1215 3744 ipsa

159 3742 280 3773 tenenda
300 3743 411 3774 cavebo
429 3740 585 3772 secundum
606 3739 859 3771 considerationem
881 3742 977 3773 Curiae
992 3745 1073 3782 ipsius
1093 3745 1219 3775 Domini

158 3780 191 3810 R
227 3791 255 3810 is.

191 3790 334 3850 {onceffi
355 3820 440 3850 etiam
461 3817 538 3857 quod
553 3818 613 3848 tam
628 3825 699 3857 ego,
719 3817 805 3855 quam
819 3817 968 3854 praedidffls
988 3819 1128 3851 Griffinus
1151 3832 1219 3859 por-

159 3857 266 3895 tiones,
289 3868 354 3895 quae
367 3867 419 3888 nos
433 3858 615 3896 contingent,
633 3858 669 3887 de
684 3854 822 3894 praediffls
835 3856 927 3895 terris,
945 3866 1090 3890 teneamus
1103 3861 1131 3890 in
1143 3861 1219 3898 capi-

160 3899 189 3924 te
203 3894 239 3924 de
252 3896 389 3932 praedicto
402 3896 536 3926 Domino
551 3895 638 3933 Rege.

195 3931 318 3962 Terram
336 3935 421 3964 etiarn
441 3934 477 3963 de
498 3933 622 3963 Muhaut
644 3932 737 3963 eidem
755 3932 890 3962 Domino
911 3942 978 3965 meo
1001 3932 1079 3975 Regi
1094 3935 1220 3975 reddidi,

160 3969 231 3999 ficut
245 3971 271 3999 ei
283 3971 356 4007 prius
370 3972 571 4009 promiseram,
587 3974 623 4001 ita
639 3971 716 4008 qnod
726 3995 734 4008 ,
752 3971 771 3999 si
787 3980 851 4000 eam
866 3969 908 4000 alii
929 3971 1096 4011 reddiderit,
1114 3974 1221 4005 salvum

162 4008 193 4037 sit
203 4008 246 4045 jus
262 4010 434 4044 proprietatis
446 4009 592 4048 cujussibet
604 4010 678 4049 paeri
695 4009 728 4039 &
747 4008 941 4047 instrumenti,
959 4010 1037 4049 super
1058 4021 1117 4049 quo
1137 4012 1221 4042 stabi*-

162 4046 483 4115 turTjuri,Ihi11,iclinde‚
512 4049 543 4080 in
562 4047 651 4080 Curia
669 4047 750 4087 ipsius
772 4047 898 4080 Domini
914 4047 1024 4089 Regis3
1043 4050 1077 4082 &
1089 4072 1101 4089 ‚
1118 4049 1139 4083 fi
1156 4060 1219 4083 eam

220 4094 270 4115 om«
310 4107 317 4116 t
360 4102 369 4115 ὁ
407 4101 415 4114 .“

1234 816 1305 846 lium
1319 817 1504 847 Walensium.

1275 854 1411 885 Conceffi
1433 856 1516 886 etiam
1538 856 1614 894 quod
1636 856 1714 887 idem
1729 857 1875 888 Dominus
1889 857 1955 888 Rex
1966 868 2026 888 non
2041 858 2161 889 dimittat
2173 859 2295 898 aliquem

1237 891 1273 935 de
1294 893 1344 922 suis
1365 894 1496 932 inprisiis,
1515 895 1548 925 &
1562 895 1640 933 quod
1654 896 1703 932 ipsi
1716 895 1849 926 Domino
1863 896 1938 935 Regi
1952 898 1986 927 δί
1999 897 2050 927 suis
2067 907 2243 936 remaneant,
2260 899 2295 929 ὃς

1238 930 1340 960 seismae
1355 931 1427 970 suae,
1446 932 1515 963 sicut
1529 933 1697 969 praedietum
1711 934 1768 972 est3
1783 936 1817 965 &
1833 934 1910 972 quod
1921 943 1993 964 terra
2007 935 2043 965 de
2057 935 2213 974 Ailleisine,
2226 946 2297 966 cum

1237 970 1410 1005 pertinentiis
1427 970 1477 999 suis
1491 994 1501 1007 .,
1525 971 1560 1001 &
1580 979 1653 1001 terra
1673 972 1709 1001 de
1729 971 1876 1010 Engelfeld
1897 982 1965 1002 cum
1984 975 2155 1010 pertinentiis
2175 974 2241 1012 suis,
2267 975 2297 1004 in

1238 1016 1407 1044 perpetuum
1429 1017 1590 1038 remaneant
1607 1008 1741 1040 Domino
1760 1010 1835 1048 Regi
1854 1011 1886 1040 ὅς
1906 1011 2061 1041 haeredibus
2083 1011 2152 1049 suis3
2170 1013 2203 1043 ὃς
2217 1012 2296 1050 quod

1238 1044 1363 1075 castrum
1385 1046 1419 1076 &
1438 1054 1599 1076 tenementa
1619 1046 1655 1076 de
1678 1047 1820 1085 Gannoc,
1837 1057 1905 1077 curn
1920 1050 2092 1085 pertinentiis
2104 1050 2170 1087 suis,
2189 1051 2218 1079 in
2234 1060 2297 1087 per-

1238 1092 1356 1123 petuum
1376 1092 1538 1114 remaneant
1558 1084 1692 1115 Domino
1713 1085 1789 1124 Regi
1807 1087 1841 1116 &
1853 1086 2009 1116 haeredibus
2024 1088 2092 1124 suis,
2111 1098 2163 1125 pro
2174 1088 2299 1126 expensis

1260 1132 1306 1151 uas
1327 1121 1403 1152 idem
1423 1121 1568 1152 Dominus
1590 1122 1656 1153 Rex
1671 1124 1705 1155 &
1721 1123 1869 1163 Magnates
1885 1124 1922 1153 sui
1937 1124 2064 1156 fecerunt
2078 1127 2107 1155 in
2121 1127 2298 1166 expeditione

1239 1132 1285 1190 sua
1296 1161 1369 1200 apud
1385 1160 1538 1191 Rothelan.

1275 1198 1390 1236 Insuper
1404 1199 1519 1237 promisi
1535 1199 1613 1237 quod
1628 1200 1665 1230 de
1679 1208 1785 1230 caetero
1797 1209 1857 1230 non
1870 1202 2023 1238 receptabo
2033 1202 2062 1230 in
2074 1209 2145 1232 terra
2157 1212 2299 1242 mea,nec

1240 1239 1376 1275 receptari
1392 1239 1551 1274 permittam
1565 1237 1715 1277 utlagatos‚
1731 1239 1776 1269 vel
1788 1238 1986 1269 forisbannitos
2000 1240 2008 1268 i
2030 1239 2080 1270 sius
2095 1239 2218 1270 Domini
2238 1242 2299 1272 Re-

1241 1277 1298 1314 gis,
1316 1276 1362 1306 vel
1384 1275 1527 1306 Baronum
1547 1276 1660 1306 suorum
1679 1277 1714 1308 de
1730 1276 1879 1314 Marchia·,
1899 1278 1931 1307 &
1946 1287 2004 1315 quo
2037 1277 2074 1308 de
2086 1286 2191 1308 caetero
2204 1282 2301 1312 omnia

1243 1314 1370 1382 mandaga
1384 1315 1465 1383 ipsliug
1479 1314 1603 1345 Domini
1619 1315 1709 1353 Regis
1723 1316 1842 1346 libenter
1852 1315 2014 1354 admittam,
2031 1317 2065 1347 &
2080 1326 2112 1346 ea
2124 1326 2177 1354 pro
2195 1318 2301 1349 viribus

1241 1362 1311 1382 meis
1324 1363 1338 1382 a
1361 1362 1398 1382 irn
1431 1363 1446 1383 e
1467 1363 1495 1383 o.

1282 1390 1387 1421 Conce
1411 1402 1419 1421 ι
1442 1392 1526 1422 etiam
1550 1392 1627 1430 quod
1651 1401 1705 1437 ego
1719 1393 1752 1424 δε
1765 1392 1888 1422 haeredes
1900 1393 1972 1431 mei,
1989 1392 2082 1423 eidem
2096 1392 2231 1424 Domino
2243 1393 2305 1425 Re-

1243 1430 1271 1458 tri
1285 1431 1319 1461 &
1332 1429 1487 1460 haeredibus
1509 1430 1577 1468 suis,
1595 1432 1730 1461 omnibus
1751 1431 1847 1461 diebus
1867 1432 1933 1461 vitae
1951 1431 2074 1470 nostrae,
2089 1431 2249 1463 constanter
2268 1435 2303 1465 &

1242 1453 1361 1498 fideliter
1375 1469 1582 1507 observiemus,
1600 1479 1654 1499 nec
1666 1469 1760 1507 aliquo
1776 1479 1905 1507 tempore
1920 1478 2019 1500 contra
2033 1480 2082 1500 eos
2097 1472 2208 1501 erimus.

1282 1506 1393 1546 Qod‚
1411 1507 1430 1537 si
1450 1507 1524 1538 forte
1544 1509 1670 1538 evenerit
1710 1507 1767 1538 uod
1789 1509 1804 1538 a
1826 1508 1901 1538 fideli
1919 1508 2031 1539 servitio
2043 1509 2108 1547 suo,
2148 1509 2206 1540 uod
2219 1510 2304 1549 abfit,

1245 1545 1454 1584 recesserimus,
1479 1554 1538 1576 tota
1558 1554 1627 1576 terra
1645 1557 1685 1576 no
1712 1557 1740 1576 ra
1761 1556 1824 1586 erga
1845 1546 1935 1584 ipsum
1948 1546 2112 1577 Dominum
2164 1558 2247 1588 egem
2269 1550 2304 1580 δε

1245 1584 1369 1653 ῌεξῑεάεε
1385 1584 1446 1615 suos
1460 1585 1634 1624 incurratur,
1651 1586 1685 1616 &
1699 1586 1729 1615 in
1744 1585 1805 1615 usus
1819 1595 1919 1616 eorum
1934 1587 2073 1624 perpetuis
2093 1585 2173 1617 cedat
2190 1595 2306 1625 tempo-

1244 1632 1267 1652 ri
1290 1634 1328 1653 us.

1278 1661 1329 1692 De
1349 1663 1483 1693 omnibus
1505 1671 1599 1693 autem
1621 1663 1740 1694 articulis
1762 1662 1935 1701 supradietis,
1954 1664 1988 1694 δε
2012 1663 2123 1702 singulis
2137 1663 2255 1695 firmiter
2275 1666 2305 1695 in

1244 1709 1412 1738 perpetuum
1426 1700 1620 1739 observandis,
1639 1701 1773 1732 Domino
1788 1701 1864 1741 Regi
1877 1702 1910 1732 &
1925 1701 2083 1733 haeredibus
2095 1703 2163 1740 suis,
2183 1713 2237 1741 pro
2252 1713 2301 1733 me

1244 1741 1278 1769 &
1299 1739 1455 1770 haeredibus
1477 1741 1563 1777 men,
1589 1742 1651 1770 cavi
1672 1741 1705 1771 &
1725 1741 1835 1770 cavebo
1857 1750 1906 1777 per
1925 1740 2035 1771 obsides
2055 1742 2088 1772 &
2108 1742 2243 1781 pignora,
2268 1743 2302 1773 &

1243 1778 1300 1807 aliis
1315 1778 1407 1808 modis
1420 1779 1520 1816 quibus
1535 1778 1681 1809 Dominus
1694 1778 1760 1809 Rex
1775 1779 1868 1808 dicere
1882 1779 2001 1809 voluerit
2015 1780 2048 1809 &
2062 1780 2175 1811 dietare.

1282 1815 1321 1847 Et
1341 1817 1370 1846 in
1392 1817 1443 1846 hiis
1462 1818 1496 1848 ὃς
1517 1818 1545 1846 in
1567 1818 1701 1847 omnibus
1714 1818 1770 1847 aliis
1785 1817 1865 1847 stabo
1878 1818 2016 1848 voluntati
2031 1819 2063 1848 ὃς
2077 1817 2213 1849 mandatis
2224 1818 2306 1859 ipsius

1246 1854 1369 1885 Domini
1386 1855 1489 1894 Regis,
1508 1856 1541 1886 &
1552 1855 1614 1893 Juri
1630 1856 1734 1893 parebo
1747 1857 1777 1885 in
1791 1856 1924 1885 omnibus
1938 1857 1966 1885 in
1982 1858 2056 1886 curia
2070 1856 2123 1887 sua.

1283 1893 1329 1924 Ad
1345 1893 1391 1924 has
1404 1893 1518 1932 quidem
1533 1894 1748 1932 promissiones,
1766 1893 1961 1924 concessiones
1975 1895 2008 1925 &
2021 1895 2100 1932 pacta
2116 1895 2233 1925 firmiter
2253 1895 2309 1926 ob-

1245 1931 1376 1962 servanda
1396 1933 1429 1963 &
1452 1931 1588 1970 tenenda,
1606 1932 1750 1963 voluntate
1766 1931 1932 1971 spontanea,
1950 1931 1984 1962 ad
2003 1934 2115 1971 plenam
2134 1934 2309 1965 securitatem

1246 1971 1255 1999 i
1278 1971 1328 2000 sius
1341 1970 1464 2000 Domini
1480 1970 1566 2010 Regis
1582 1972 1615 2002 ὃ(
1630 1971 1775 2002 haeredum
1786 1971 1917 2009 suorum,
1936 1981 1992 2008 ego
2008 1971 2104 2003 David
2120 1973 2211 2010 juravi
2230 1970 2311 2010 super

1248 1981 1378 2040 grucem
1393 2009 1517 2039 san&am
1530 2019 1615 2047 quam
1629 2020 1728 2040 coram
1745 2019 1793 2039 me
1803 2009 1944 2047 deportari
1957 2010 2039 2040 facio.

1286 2047 1343 2090 Et²
1367 2047 1404 2081 de
1426 2047 1559 2078 consensu
1581 2049 1615 2080 &
1635 2049 1781 2079 voluntate
1800 2047 1837 2078 de
1860 2047 1964 2079 Sancto
1989 2048 2080 2086 Asaph
2103 2048 2135 2080 &
2152 2049 2309 2089 Bangoren,

1248 2085 1473 2125 Episcoporum,
1492 2087 1526 2118 ὃς
1540 2085 1776 2117 Consiliariorum
1800 2096 1949 2124 meorum,
1968 2097 2031 2125 me,
2051 2089 2085 2118 ὃς
2108 2098 2209 2118 omnes
2232 2089 2310 2126 illos,

1249 2126 1298 2163 qui
1317 2126 1346 2155 in
1368 2125 1443 2163 hoc,
1461 2124 1540 2163 quod
1560 2134 1659 2156 contra
1679 2125 1760 2163 pasta
1787 2126 1821 2156 &
1843 2127 2048 2157 conventiones
2070 2126 2215 2164 praedifflis
2228 2128 2311 2158 veni-

1249 2173 1330 2202 rem,
1355 2164 1401 2194 vel
1420 2172 1522 2194 contra
1543 2163 1708 2194 Dominum
1732 2163 1847 2203 Regem
1869 2164 1972 2202 essem,
1998 2165 2070 2194 mihi
2089 2165 2242 2204 favebunt,
2265 2165 2312 2196 vel

1250 2203 1397 2232 consilium
1413 2203 1446 2234 &
1460 2202 1592 2233 auxilium
1606 2203 1791 2241 praebebunt,
1807 2203 1841 2234 δε
1855 2210 1945 2233 totam
1958 2212 2061 2233 terram
2075 2213 2169 2234 meam
2182 2204 2313 2242 suppono

1245 2240 1439 2310 {iluisdid'tioni
1460 2240 1640 2272 Cantuarien.
1667 2241 1903 2280 Archiepiscopi,
1928 2241 2151 2281 Londoniensis‚
2176 2242 2312 2281 Eliensis,

1285 2279 1475 2310 erefordiensis
1488 2304 1497 2318 ‚
1522 2279 1769 2318 Conventriensis,
1793 2280 1827 2311 &
1848 2279 2067 2310 Lichefeldensis
2086 2279 2314 2319 Epffcoporum,

1251 2319 1385 2349 omniurn
1397 2318 1496 2358 simul,
1515 2319 1549 2349 ὅ(
1563 2319 1710 2357 cujussibet
1721 2319 1751 2349 in
1763 2318 1883 2349 solidum
1917 2329 2004 2357 quem
2017 2318 2164 2350 Dominus
2179 2319 2246 2350 Rex
2260 2319 2317 2351 ele-

1252 2358 1339 2396 gerit,
1357 2357 1498 2395 praedit‘tis
1518 2357 1642 2388 Praelatis
1661 2357 1742 2388 simul
1764 2358 1798 2389 &
1821 2341 1937 2388 cuilibet
1949 2358 1977 2387 in
1991 2357 2128 2398 solidum,
2147 2368 2234 2397 quem
2247 2357 2317 2389 Do-

1253 2396 1347 2426 minus
1360 2396 1427 2426 Rex
1442 2395 1570 2435 elegerit,
1589 2405 1674 2433 prout
1686 2396 1855 2434 praedietum
1868 2395 1910 2426 est
1915 2419 1926 2434 ‚
1943 2395 2010 2426 dans
2024 2397 2058 2428 &
2073 2397 2235 2428 concedens
2255 2397 2315 2435 ple-

1252 2443 1320 2464 nam
1341 2435 1375 2466 &
1393 2435 1510 2464 liberam
1531 2434 1699 2472 potestatem
1720 2442 1750 2465 ut
1764 2457 1773 2473 ‚
1803 2434 1838 2464 ad
1857 2435 2068 2472 requisitionem
2087 2436 2170 2473 ipsius
2190 2435 2315 2466 Domini

1253 2472 1358 2512 Regis,
1377 2472 1452 2503 nulla
1464 2473 1515 2502 alia
1536 2474 1696 2503 monitione
1715 2473 1806 2511 fasta,
1826 2483 1876 2510 per
1895 2474 2198 2505 excommunicationis
2218 2475 2248 2504 in
2268 2483 2317 2504 me

1252 2511 1286 2541 &
1308 2511 1399 2541 dieios
1421 2511 1491 2541 mihi
1507 2510 1647 2549 faventes,
1665 2512 1699 2542 &
1719 2511 1910 2549 consulentes,
1928 2512 1963 2543 δε
1982 2512 2154 2551 auxiliamen
2172 2513 2206 2544 &
2228 2513 2316 2543 inter-

1252 2548 1321 2579 dic'ti
1340 2550 1369 2579 in
1388 2557 1488 2579 terram
1511 2550 1673 2588 sententias,
1689 2549 1724 2580 ad
1744 2550 1970 2580 observationem
1991 2549 2226 2588 promissionum,
2244 2560 2318 2581 con-

1254 2587 1413 2618 cessionum
1427 2588 1460 2618 &
1472 2588 1637 2626 pactorum,
1657 2599 1722 2626 quae
1734 2589 1763 2618 in
1777 2588 1903 2628 praesenti
1915 2588 2034 2627 scripto,
2053 2590 2087 2620 &
2100 2590 2130 2619 in
2149 2589 2319 2627 quibusdam

1253 2626 1326 2664 aliis,
1342 2625 1436 2656 eidem
1458 2626 1593 2656 Domino
1612 2626 1689 2665 Regi
1711 2626 1777 2657 inde
1795 2626 1893 2665 factis,
1912 2628 2110 2666 continentur,
2135 2627 2317 2667 distringant²

1254 2665 1287 2696 δε
1308 2664 1342 2694 ad
1363 2665 1476 2703 plenam
1490 2664 1706 2695 satisfaCtionem
1715 2690 1724 2703 ‚
1740 2666 1818 2704 juxta
1829 2665 2006 2696 voluntatem
2021 2666 2102 2703 ipsius
2116 2665 2241 2696 D'omini
2253 2665 2318 2696 Re-

1252 2704 1294 2741 gis
1307 2703 1498 2741 compellant,
1517 2702 1536 2732 si
1550 2703 1640 2742 forte,
1659 2703 1737 2742 quod
1753 2703 1833 2734 Deus
1846 2712 1968 2742 avertat,
1983 2705 2012 2734 in
2024 2704 2120 2743 aliquo
2131 2713 2231 2736 contra
2244 2713 2318 2743 prae⁴

1253 2742 1344 2780 dicta,
1362 2752 1414 2779 per
1427 2752 1491 2780 me,
1508 2741 1554 2772 vel
1572 2752 1669 2780 meos,
1685 2743 1822 2774 venirem.

1253 2819 1270 2850 s
1286 2779 1326 2825 ‘In
1344 2782 1423 2819 cujus
1441 2781 1482 2811 rei
1503 2779 1697 2812 testimonium
1717 2780 1846 2820 praesenti
1865 2781 1968 2819 scripto
1980 2781 2099 2820 sigillum
2112 2791 2213 2814 meum
2228 2789 2317 2821 appo⁴

1265 2829 1301 2850 uit

1292 2897 1312 2916 ³¹³
1329 2896 1394 2928 Hiis
1405 2896 1558 2935 Teffibus,
1576 2892 1793 2928 Venerabilibus
1807 2897 1950 2935 Patribus,

1255 2977 1299 3005 W.
1313 2974 1516 3013 Archiepiftopo
1532 2977 1557 3004 E
1561 2974 1681 3005 boracen.
1696 2978 1764 3005 An-

1801 2974 1935 3013 Johanne
1950 2974 1983 3004 de
2000 2977 2120 3005 Manem.

1287 3013 1327 3051 gl.
1346 3016 1485 3058 Primqte,

1803 3012 1934 3051 Johanne
1940 3011 2002 3054 filio
2016 3013 2157 3053 Ga‘lfridi,

1255 3055 1289 3082 R.
1309 3056 1389 3082 Linc.
1409 3059 1447 3087 (9·
1804 3053 1847 3080 W
1847 3050 1954 3080 illielmo
1968 3052 2000 3081 de
2014 3051 2177 3091 Cantilupo,

1256 3094 1288 3120 P.
1309 3089 1451 3129 Hereford.
1468 3088 1616 3128 Episcopir,
1802 3089 1938 3119 Herberto
1945 3088 2009 3130 filio
2023 3090 2140 3129 Machi,

1257 3132 1301 3158 W.
1320 3131 1352 3159 de
1367 3131 1499 3158 Ferrariis
1511 3133 1582 3158 Com.
1600 3127 1687 3157 Derb.
1804 3129 1921 3157 Werimo
1937 3129 1968 3157 de
1983 3128 2094 3169 Erioyl,

1255 3171 1289 3198 R.
1309 3167 1332 3197 le
1348 3168 1438 3204 Bigod
1450 3172 1520 3197 Com.
1541 3166 1625 3204 Norf.
1803 3165 1932 3205 Gaffrido
1947 3165 2071 3206 Dispenfi

1254 3209 1295 3236 H.
1310 3207 1343 3236 de
1357 3206 1503 3235 Albiniaco
1523 3209 1593 3235 Com.
1614 3203 1765 3235 Arundell.
1803 3207 1928 3242 Drogone
1943 3205 1974 3235 de
1990 3208 2156 3243 Wrentin,

1256 3248 1337 3274 Petro
1352 3246 1384 3274 de
1398 3244 1517 3274 Sabaud.

1291 3319 1331 3351 Et
1344 3320 1407 3350 aliis.

1588 3449 1648 3480 Pro
1670 3450 1782 3483 Comite
1798 3443 1968 3479 Sabandm.

1256 3532 1370 3590 REX
1383 3532 1533 3578 omnibus,
1549 3531 1610 3562 &c.
1630 3530 1753 3561 salutem.

1347 3572 1443 3603 Sciatis
1463 3580 1515 3601 nos
1533 3569 1699 3600 concessisse
1718 3569 1804 3598 Petro
2299 3609 2305 3613 Ι

1256 3610 1403 3640 NVarenna
1415 3612 1445 3640 in
1460 3608 1583 3640 Suffexia
1596 3609 1629 3638 &
1643 3607 1738 3645 Suria,
1757 3607 1790 3638 &
1804 3606 1948 3637 honorem
1961 3606 1997 3636 de
2009 3606 2129 3645 Aquila,
2147 3613 2216 3652 cum
2228 3615 2320 3653 ’perti-

1256 3650 1373 3693 nentiis,
1391 3647 1526 3687 quamdiu
1550 3647 1632 3676 nobis
1655 3645 1808 3683 placuerit,
1825 3644 1861 3675 ad
1880 3645 1906 3676 se
1925 3644 2135 3681 sustentandum
2147 3646 2214 3679 uide
2225 3656 2255 3679 m
2266 3647 2321 3679 ser-

1256 3696 1329 3756 Ἧῗὲ
1341 3686 1447 3765 ἓῧξξὲῗ·
1457 3725 1518 3755 &0

1295 3802 1386 3834 Teste
1398 3801 1483 3840 Rege
1495 3799 1568 3839 apud
1584 3797 1712 3830 Westm.
1730 3806 1766 3837 25
1781 3798 1827 3830 die
1839 3797 2022 3837 Septembris

1756 4087 1776 4120 S
1796 4096 1814 4120 a
2253 4085 2320 4118 Lite

2338 2902 2387 2940 *ἱ
2403 2915 2475 2948 399ι

1822 3568 1858 3597 de
1876 3563 2012 3598 'sabaudia
2025 3574 2110 3598 terras
2120 3567 2258 3607 Johann‘is
2278 3567 2316 3599 de
2333 3542 2463 3594 ΛΜΨ-Π

2359 3600 2432 3631 1241

2334 3636 2387 3661 An.
2403 3615 2450 3667 25·³

2333 3676 2369 3698 H.
2389 3680 2413 3707 3.
2460 3707 2466 3715 v

2333 3712 2391 3739 Pati
2404 3714 2465 3741 n.4.
