2570 4261
198 168 275 195 110

50 242 117 274 Ann
142 239 182 270 D.
235 239 271 270 Et
286 236 362 268 idem
376 235 439 265 Rex
454 233 541 271 ipsum
564 229 686 267 sigillum
702 237 787 258 manu
804 225 850 257 sua
872 221 986 267 propris
1005 228 1127 259 recepit,
1144 220 1177 250 &
1196 216 1264 247 illud

71 266 154 310 1³o8.
197 277 311 309 tradidit
327 274 459 305 Domino
474 269 631 302 Willielmo
645 268 681 297 de
696 266 809 297 Melton
819 288 829 303 ,
847 262 1030 294 deterendum
1043 259 1139 289 secum
1153 268 1182 287 in
1189 256 1263 286 Gar-

51 303 120 347 Ειλξκ-
139 327 165 344 2·
202 315 308 347 dcroba
323 313 356 342 ad
372 320 458 349 partes
472 308 669 349 transmarinas1
770 343 774 348 .

240 353 275 384 Et
291 351 382 381 statim
398 348 540 378 Dominus
556 345 621 375 Rex
635 342 708 374 aliud
725 341 847 379 sigillum
869 339 964 376 suum,
983 335 1058 381 quod

202 401 252 430 pro
268 388 409 422 regimine
424 386 535 423 Regni,
553 386 624 413 dum
636 390 709 412 extra
721 381 799 410 idem
814 379 952 421 Regnum
959 376 1071 417 dictum
1108 381 1193 415 egem
1200 380 1265 400 mo-

198 430 249 460 rari
265 418 434 462 contigerit,
450 431 505 453 erat
528 422 563 452 de
584 431 662 451 novo
682 419 814 449 London.
832 417 1015 456 fabricatum,
1028 413 1158 456 'liber-ayn
1181 418 1264 452 manu

196 467 241 498 sua
256 464 383 502 propria,
403 464 431 492 in
466 460 563 491 uadam
579 459 661 489 bursa
675 457 779 495 rubea,
797 454 897 493 sigillo
913 453 1036 484 Domini
1046 448 1201 493 wilhelmi
1216 446 1263 476 In-

197 515 234 542 ge
248 500 407 541 coiiiignata
416 524 425 537 ,
441 498 615 530 Lancessario
630 504 801 534 memorat03
819 503 848 524 ut
862 492 943 530 inde,
960 490 1029 520 dum
1043 487 1131 526 ipsum
1146 486 1263 522 Regem

196 542 336 574 absentem
352 550 367 569 a
382 538 489 575 Regno
503 536 559 567 elle
574 535 741 572 contigerit,
759 541 893 577 uteretur}
1126 564 1131 568 ¹

236 580 306 617 Quo
323 577 436 616 quidem
463 576 553 612 sigillo
573 575 650 604 idem
665 572 852 603 Cancellarius
866 569 911 599 die
928 568 1036 608 Lunae,
1048 573 1182 608 ‘proxima
1196 570 1262 592 tunc

200 610 323 655 sequenti
338 618 407 653 (quo
420 615 466 645 die
484 614 560 644 idem
574 613 636 642 Rex
658 611 770 641 summo
791 607 1067 651 mane'transtretavrt
1089 601 1177 646 ¹(apud
1197 599 1262 643 Do-

199 666 260 686 vor.
279 656 307 684 in
323 653 475 691 Hospitali,
495 652 569 690 quod
584 651 685 681 dicitur
701 649 814 678 Domus
828 647 886 677 Dei
904 643 981 688 (post.
993 641 1147 683 passagium
1160 637 1260 675 Regis)

199 694 315 730 Brevia,
333 693 382 723 sub
395 691 558 722 testimonio
574 689 647 719 Petri
662 688 698 718 de
711 686 856 717 Gavaston
871 684 997 714 Comitis
1004 679 1176 716 Cornubiae,
1192 686 1262 707 tunc

200 732 334 763 Custodis
349 730 444 768 Regni
458 729 584 767 Angliae,
601 726 757 764 consignari
767 724 844 755 fecit.

1095 333 1158 365 aulo
1182 340 1244 362 ante
1254 354 1264 369 ,

227 870 276 902 De
299 863 455 899 occurendo
477 867 571 909 Regi,
603 874 672 895 cum
701 863 810 908 Regina
836 870 856 891 a
870 854 1008 904 partibus
1025 853 1236 899 transmarinis

643 910 788 943 redeunti.

53 1003 127 1035 Ann.
141 1001 183 1031 D.
269 999 330 1031 EX
350 999 460 1036 dileffle
479 998 527 1029 sibi
547 997 664 1035 Alicize,
701 1006 745 1026 uae
756 994 811 1036 suit
826 1004 894 1025 uxor
908 991 1014 1034 Rogeri
1025 989 1051 1019 le
1060 987 1159 1029 Bygod
1169 995 1260 1025 quon-

74 1041 157 1081 1308.
285 1039 353 1069 dam
367 1037 490 1068 Comitis
506 1035 603 1067 Norff.
617 1037 649 1066 &
666 1034 692 1064 N
704 1033 820 1064 areicalli
834 1031 958 1071 Angli-ae,
975 1029 1096 1070 salutem.
1221 1063 1225 1067 .

55 1084 107 1108 Aa.
130 1089 154 1107 ι,
240 1079 335 1116 Qiia,
354 1077 464 1107 circiter
476 1076 553 1105 diem
569 1074 759 1111 dominicam,
783 1072 940 1113 proximam
963 1068 1028 1111 post'
1043 1065 1145 1096 festum
1163 1061 1261 1094 Purifi-

52 1123 74 1147 Ε
104 1127 117 1144 2
205 1117 321 1147 cationis
344 1116 430 1145 beat-‚e
457 1113 574 1150 Mariae,
600 1113 733 1150 proximo
761 1110 899 1146 futurum,
926 1106 1107 1142 intendimus,
1124 1109 1261 1134 annuente

205 1155 354 1192 Domino,
370 1165 386 1184 a
401 1153 519 1191 partibus
533 1152 656 1182 Franciae
672 1159 739 1180 cum
754 1147 890 1179 (biisorte
906 1146 1001 1176 nostra
1019 1143 1109 1174 versus
1127 1140 1261 1178 Angliim

207 1203 444 1268 reregasrsogamus
457 1236 587 1267 quatenus
600 1227 696 1265 nobis,
713 1225 785 1264 apud
806 1224 916 1255 Dovor.
937 1230 1085 1252 occurrere
1102 1218 1209 1255 velitis,
1225 1217 1262 1246 ita

205 1270 281 1309 quod
304 1269 356 1299 sitis
370 1268 476 1298 ibidem
488 1266 566 1297 dicia
585 1266 631 1296 die
644 1264 806 1307 dominici,
822 1262 866 1292 vel
882 1261 977 1304 saltem
990 1260 1037 1306 die
1058 1258 1152 1301 Lunae*
1170 1256 1264 1297 proxi-

205 1311 257 1339 mo
273 1316 341 1338 tunc
357 1306 495 1343 sequenti,
512 1305 546 1335 ad
560 1304 740 1334 Comitivam
755 1302 840 1333 didi-ee
856 1299 977 1331 consoiti
989 1297 1098 1333 „nostrae
1111 1295 1210 1326 exinde
1222 1297 1263 1324 ui-

203 1357 258 1386 que
273 1345 432 1376 Londonias
446 1343 612 1374 faciendam.

238 1421 326 1453 Teste
341 1421 424 1451 Petro
438 1420 473 1451 de
487 1419 646 1451 Gravaston
662 1418 777 1449 Comite
796 1416 923 1447 Cornub.
943 1414 1016 1454 apud
1030 1413 1142 1444 Dovor.
1155 1420 1202 1442 22.
1216 1409 1262 1440 die

199 1462 410 1530 JmCugrrilimiles
423 1497 509 1528 literae
524 1496 680 1534 diriguntur
692 1494 862 1532 subscriptis,
879 1494 935 1523 viz.

53 1138 140 1192 Citius.
161 1165 184 1182 ι.

53 1196 81 1222 13.
103 1203 129 1220 2.
148 1204 183 1221 m.

58 1241 99 1258 ii.
119 1232 145 1259 d.

243 1573 432 1612 Elizabethae,
451 1571 590 1611 Comitiffie
605 1570 700 1610 Heres:
715 1569 752 1606 όν
769 1568 858 1610 Effix.

238 1616 373 1650 Hemim,
392 1613 423 1641 de
440 1612 614 1651 Lancastria.

240 1652 375 1689 Roherto,
394 1652 425 1680 de
442 1653 539 1680 stlonte
556 1648 636 1679 Alto.

238 1689 391 1728 Almarico,
408 1689 438 1718 de
456 1689 556 1718 Sant‘lo
575 1687 714 1717 Amando.

393 1823 442 1854 De
468 1822 665 1862 Proteffione,
691 1816 770 1861 Teste
795 1821 829 1851 P.
851 1817 886 1850 de
911 1813 1073 1860 Gavaston.

58 1915 133 1946 Arm,
148 1913 189 1944 D,
267 1907 392 1939 Uillorus
406 1907 432 1937 le
443 1906 605 1945 Santreonr‚
623 1905 671 1944 qui
691 1913 758 1934 cum
776 1901 932 1946 Margaret&
944 1899 1063 1938 Regini
1085 1898 1217 1944 Angfiae,
1235 1897 1265 1926 in

79 1954 162 1993 1308.
235 1987 239 1991 .
286 1947 408 1989 partibus
417 1945 617 1989 transmarinis,
635 1944 670 1974 de
690 1942 806 1972 licentia
820 1941 913 1983 Regis
917 1964 930 1994 ἓ,
949 1949 1061 1970 moram
1082 1938 1149 1968 facit
1152 1937 1266 2005 i²habet

57 1996 109 2020 Aa,
122 2003 144 2019 l.
160 1996 187 2019 E.
208 1986 309 2016 Literas
331 1984 422 2021 Regis
437 1984 472 2014 de
488 1986 679 2022 protectione,
696 1982 835 2011 duraturas
858 1983 940 2017 usque
961 1978 995 2008 ad
1020 1976 1132 2007 Festum
1177 1975 1266 2006 aiche

60 2039 87 2057 2.
205 2025 337 2062 proximo
353 2022 490 2060 futurum,
507 2032 576 2053 curn
593 2020 720 2052 Clausula
735 2019 865 2050 volumus
879 2019 912 2049 &
926 2017 1060 2054 exceptis,
1077 2016 1136 2046 &c.

57 2072 180 2170 {nafpg
245 2099 331 2131 Teste
345 2098 430 2130 Petro
445 2098 480 2130 de
493 2098 638 2130 Gavaston
651 2096 723 2136 apud
738 2096 843 2135 Ledec,
863 2095 908 2126 26.
923 2094 969 2125 die
980 2092 1109 2134 Januraii.

64 2153 74 2171 1
81 2164 87 2171 ι
97 2153 134 2172 m·
146 2153 159 2170 2
185 2163 192 2171 ι
919 2164 922 2168 ›

249 2176 303 2208 Per
319 2175 408 2207 Breve
423 2175 459 2206 de
471 2177 578 2214 privato
594 2174 692 2212 sigillo.

244 2253 292 2284 De
308 2251 614 2291 ProtefflonePagani
626 2251 764 2290 Tybotot.
785 2249 920 2289 Johannis
934 2247 969 2279 de
989 2246 1148 2283 Bracebrig.
1162 2243 1267 2284 Johan-

208 2293 250 2323 nis
265 2292 299 2322 de
314 2291 421 2328 Haulo,
440 2292 468 2320 in
483 2291 659 2328 Obsequium
674 2289 772 2327 Regis.

240 2329 328 2362 Teste
342 2339 390 2359 22.
403 2329 449 2359 die
461 2329 588 2368 Januarii.

231 2453 393 2488 Concordia
417 2454 582 2498 refirmata
605 2456 640 2491 (ῤ’
665 2451 818 2494 ratificata
842 2454 921 2482 inter
945 2452 1035 2495 Reges
1056 2447 1173 2494 Anglia
1194 2448 1230 2484 (ῤ’

364 2505 513 2545 Francis,
538 2505 574 2540 0²·
600 2501 636 2534 de
655 2500 791 2548 homagio
814 2499 932 2532 Bolom'ae
952 2495 1086 2543 praestito.

60 2593 135 2625 Anu.
150 2592 190 2624 D.
209 2577 267 2640 A

81 2633 164 2671 1308.

59 2673 111 2700 An.
129 2680 151 2700 i.

283 2599 383 2630 Toutl.
396 2605 483 2636 ceuz,
501 2598 530 2636 qi
545 2607 590 2628 ces
604 2596 737 2635 presentes
750 2596 839 2627 lettres
851 2603 962 2626 verront
976 2594 1009 2626 &
1023 2601 1135 2632 orront,

246 2679 340 2706 Amez
358 2678 441 2704 Cuem
460 2674 491 2704 cle
508 2677 624 2713 Savoie,

60 2713 90 2737 Σ·
104 2718 128 2738 ²·
246 2718 334 2745 Henri
352 2718 437 2743 Cuens
455 2714 488 2742 de
505 2712 617 2751 Nicole,
635 2711 673 2747 (θ’

58 2747 190 2824 Ξξέἰζῗ·
244 2757 325 2784 oties
341 2753 372 2782 de
386 2755 532 2782 Grantzon
549 2751 689 2782 chivaler.

59 2808 89 2887 ᾗ·
110 2832 135 2888 ¹1·
243 2829 384 2867 Messages
397 2829 429 2860 ὃς
443 2828 610 2859 Procureurs
631 2827 668 2858 de
679 2824 883 2858 Tresexcellent
905 2823 1008 2854 Prince
1024 2822 1159 2861 Edward,
1176 2831 1225 2860 par
1241 2820 1266 2851 la

208 2878 290 2906 grace
305 2869 340 2898 de
355 2868 448 2906 Dieu,
467 2867 524 2897 Roi
534 2867 744 2903 d'Engleterre,
761 2865 882 2901 Seignor
896 2861 1014 2893 d'Irland
1048 2862 1081 2892 &
1097 2861 1164 2891 Duc
1178 2861 1266 2891 d’Ac-

209 2908 345 2945 quitaine,
362 2906 467 2936 Establi
480 2906 512 2936 &
524 2906 645 2935 envoiez
657 2905 860 2942 especiaument
873 2912 889 2932 a
903 2911 973 2940 ceo,
990 2900 1007 2932 s
1027 2908 1083 2932 utz.

248 2945 331 2975 Nous
345 2944 443 2975 feisons
458 2945 473 2973 a
486 2943 575 2974 savoir
589 2954 659 2982 que,
1258 2976 1264 2981 .

245 2982 341 3012 Corne
362 2982 547 3012 tresexcellent
562 2981 663 3011 Prince
685 2980 796 3018 Philip,
813 2989 860 3016 par
876 2978 935 3009 cele
957 2977 1062 3008 mesine
1084 2986 1185 3015 grace,
1205 2975 1266 3006 R01

209 3019 245 3051 de
260 3021 379 3059 France,
394 3020 452 3055 &a
465 3027 544 3059 prout
557 3021 588 3050 de
601 3023 673 3050 Dat.
688 3021 770 3049 Paris
783 3028 831 3048 20.
846 3020 929 3047 Maii.

246 3096 325 3127 Don.
353 3107 369 3126 a
394 3095 485 3134 Paris,
502 3096 526 3127 le
540 3096 670 3128 vintisme
689 3097 754 3134 jour
777 3094 813 3126 de
838 3094 926 3135 May,
945 3093 1013 3124 L’an
1029 3091 1064 3122 de
1084 3101 1169 3130 grace
1192 3091 1266 3121 Mill.

209 3135 296 3166 Trois
308 3134 418 3172 Centz,
435 3135 467 3164 &
482 3136 575 3165 Trois.

209 3212 296 3274 ET
317 3221 386 3242 nous
402 3210 510 3248 Philip,
529 3210 589 3240 Roi
609 3210 644 3241 de
666 3211 788 3241 Fraunce
809 3209 939 3247 desusdit,
955 3216 1032 3239 toute
1053 3207 1078 3238 la
1096 3214 1195 3250 tenour
1219 3207 1266 3237 des

284 3250 354 3281 dites
365 3249 454 3280 lettres
466 3249 778 3287 pleinemententenduz
786 3250 818 3279 ὃ(
826 3247 969 3279 considere
977 3270 987 3286 ,
1001 3247 1119 3277 *&eue
1132 3246 1267 3288 diligente

210 3289 392 3320 deliberation
412 3288 453 3318 sur
474 3295 562 3317 tontes
582 3287 619 3317 les
639 3287 736 3316 choses
756 3287 953 3324 desusescrites,
977 3294 1127 3316 contenues
1147 3293 1175 3313 es
1197 3284 1266 3313 dites

212 3328 320 3366 lettres,
337 3327 464 3364 voloms,
483 3326 592 3364 looms,
610 3324 762 3362 ratifioms,
775 3334 965 3363 approvomS,
982 3324 1016 3354 &
1029 3322 1220 3354 confermoms
1233 3322 1268 3352 de

211 3367 315 3396 certein
330 3366 466 3396 Science:

247 3403 281 3434 Et
296 3413 365 3434 totes
379 3405 395 3433 e
409 3402 547 3433 chescune
560 3401 595 3431 de
611 3400 686 3431 celes
698 3400 793 3432 choses
805 3402 956 3431 innovoms
968 3411 1016 3438 per
1030 3398 1117 3431 cestes
1132 3398 1265 3436 presentes

206 3441 313 3480 lettres,
330 3443 362 3473 &
379 3450 563 3479 promettoms
576 3451 626 3478 pur
640 3449 725 3478 nous,
742 3449 793 3476 pur
812 3449 863 3469 nos
876 3439 980 3477 heires,
998 3440 1032 3469 &
1051 3448 1101 3476 pur
1122 3446 1175 3467 nos
1197 3436 1267 3479 Suc-

209 3478 345 3518 ceffours,
362 3480 434 3510 Rois
450 3480 486 3510 de
509 3479 631 3516 france,
649 3486 719 3508 totes
741 3480 758 3507 e
780 3477 917 3507 chescune
937 3477 984 3506 des
1006 3476 1102 3507 choses
1124 3474 1266 3505 desusdites

208 3518 368 3556 acompler,
384 3528 478 3556 tener,
495 3517 527 3548 &
542 3517 656 3554 garder,
677 3517 692 3546 a
706 3525 774 3546 touz
784 3516 876 3553 jours,
894 3515 1044 3545 loiaument
1055 3513 1266 3551 &firmement3

209 3555 272 3586 sanz
284 3557 371 3593 james
384 3558 462 3587 venir
477 3564 610 3586 encontre
623 3564 671 3592 per
684 3564 773 3592 nouS,
789 3564 826 3584 ou
840 3563 888 3591 per
902 3561 987 3591 autre,
1143 3564 1147 3569 ·
1208 3589 1213 3594 ²

244 3593 280 3623 Et
297 3604 348 3623 ceo
362 3605 460 3624 avoms
474 3603 544 3624 nous
557 3594 678 3630 proruis,
694 3593 727 3623 ὃς
748 3601 920 3629 prometoms
940 3589 1154 3628 expreffeinent,
1176 3588 1264 3619 loiau-

210 3641 305 3669 ment,
323 3633 339 3661 e
358 3642 393 3662 en
413 3634 489 3662 bone
504 3632 547 3661 foi
581 3632 614 3662 &
630 3641 679 3669 per
700 3631 844 3669 Serment,
862 3629 911 3660 fait
932 3628 974 3659 sur
995 3639 1050 3658 ceo
1065 3639 1101 3658 en
1119 3627 1209 3657 ralme
1227 3626 1263 3657 de

209 3679 297 3705 nous,
314 3671 330 3698 e
345 3679 379 3699 en
393 3670 484 3700 nosti-e
497 3654 643 3708 presence,
661 3679 711 3708 per
727 3668 818 3698 nostre
832 3677 915 3698 amez
934 3668 967 3697 ὃ(
982 3667 1033 3696 fea]
1045 3667 1136 3705 Johan
1151 3665 1263 3708 Coimte

209 3706 245 3737 de
270 3707 395 3745 DreueS,
419 3708 540 3746 present,
560 3709 576 3737 e
600 3715 663 3737 eant
680 3707 715 3737 de
739 3716 808 3737 nous
831 3707 872 3737 sur
887 3716 940 3737 ceo
964 3705 1165 3743 expreffement
1187 3703 1263 3742 plein

208 3747 285 3781 poair
293 3768 302 3784 ,
319 3746 352 3777 &
365 3746 478 3783 especial
489 3745 696 3776 maundement.

246 3782 282 3812 Et
295 3783 335 3812 est
346 3793 450 3814 uncore
463 3783 598 3821 affivoir,
615 3794 669 3820 que
683 3782 775 3813 nostre
791 3783 873 3813 chere
887 3783 919 3814 &
933 3782 986 3813 feal
998 3781 1046 3812 fiiz
1060 3779 1197 3817 Edward,
1212 3789 1262 3816 per

209 3819 235 3849 la
259 3830 342 3856 grace
365 3821 402 3851 de
421 3822 511 3861 Dieu,
536 3821 598 3851 Roi
623 3821 830 3859 d'Engleterre,
845 3821 980 3857 Seigneur
1001 3818 1141 3855 d'Irland,
1159 3819 1176 3846 ὲ
1193 3817 1262 3847 Duc

209 3857 425 3895 d’Acquitajgne
438 3859 536 3889 devant
551 3868 682 3897 nometz,
700 3869 769 3889 nous
788 3858 821 3888 ad
838 3858 887 3889 fait
902 3859 1103 3895 personalment
1118 3857 1264 3893 homage,

209 3894 306 3924 solone
317 3895 353 3924 les
367 3897 472 3927 formes
484 3898 531 3927 des
543 3897 628 3936 Pees,
646 3900 663 3927 e
676 3897 724 3927 des
737 3896 882 3934 Acordes,
898 3897 974 3926 faites
988 3907 1035 3934 per
1050 3893 1208 3931 Messages,
1225 3902 1263 3923 ou

213 3932 395 3970 Procureurs,
411 3944 448 3964 ou
467 3944 636 3973 auti-ement,
654 3944 730 3965 entre
748 3945 834 3973 nous,
849 3936 866 3964 e
886 3944 937 3964 nos
958 3934 1110 3965 devantieis
1135 3931 1207 3961 Rois
1225 3931 1262 3961 de

212 3970 331 4008 France,
350 3972 367 4000 e
387 3972 479 4001 nostre
502 3972 632 4002 treschere
655 3973 739 4002 cosen
760 3972 880 4003 Edward
891 3973 960 4010 jadis
975 3971 1036 4002 Roi
1056 3969 1263 4009 d'Engleterre,

187 4008 349 4047 -Scigneur
364 4008 479 4039 d'lrland
493 4011 509 4039 e
522 4009 590 4040 Duc
599 4011 820 4050 ,d’Aquitaigne‚
836 4009 906 4042 Pete
915 4011 995 4042 dudit
1008 4009 1088 4043 Edw.
1104 4007 1165 4040 Roi
1175 4006 1261 4039 d'En-

59 3241 190 3278 >it11158.

620 121 1857 185 coNVENTIONEs,‘L1TERAE,

1299 213 1416 251 gleterre
1434 212 1527 243 nostre
1548 211 1614 250 fitz,
1631 213 1648 242 ὲ
1668 212 1706 243 les
1728 213 1805 244 seons
1829 210 2041 243 Predeeeffours
2065 209 2139 241 Rois
2158 208 2365 249 d'Engleterre,
2380 209 2454 242 Ann.
2471 211 2515 244 D.

1301 252 1450 288 seigneurs
1469 250 1606 281 d'Irlaund
1615 273 1625 289 ,
1640 253 1657 280 'e
1670 251 1753 282 Ducs
1767 252 1974 290 d'Acquitaine.
2402 251 2488 290 1308.
2548 245 2555 257 ⁴

1339 289 1375 320 Et
1389 299 1460 319 nous
1475 288 1506 319 fit
1519 299 1626 319 uncore
1636 289 1662 319 le
1677 290 1720 320 dit
1733 290 1870 328 Edward,
1888 289 1980 319 nostre
2000 287 2063 326 filz,
2080 287 2148 328 Roy
2160 286 2363 325 d’Engleterre,
2383 292 2448 317 Ελν.
2466 299 2496 320 2.

1301 327 1427 362 homage
1441 337 1492 364 pur
1506 327 1532 357 le
1547 326 1662 358 Counte
1674 328 1710 358 de
1723 327 1831 366 Pontis,
1844 337 1904 358 tout
1919 338 1953 358 ne
1967 327 2021 358 fust
2036 328 2055 356 ii
2070 327 2129 356 tien
2143 326 2179 356 de
2194 325 2248 356 celi
2262 326 2363 356 homa-

1299 375 1335 405 ge
1347 366 1383 395 de
1398 364 1500 395 Puntif
1507 374 1650 396 contenuz
1659 389 1669 404 ,
1687 377 1722 396 ne
1738 368 1864 397 mention
1876 367 1926 396 fait
1938 376 1966 396 es
1979 366 2047 396 dites
2060 364 2128 395 Pees
2142 365 2160 394 e
2175 363 2317 395 Accordz.

1337 403 1381 433 En
1396 403 1607 441 testrioignance
1626 405 1675 435 des
1687 405 1780 443 queles
1791 405 1904 444 choses,
1926 414 1997 435 nous
2012 413 2110 434 avoms
2130 403 2180 434 fait
2195 412 2295 433 mettre
2309 412 2363 432 no—

1300 440 1353 472 stre
1368 441 1428 472 Seal
1442 442 1458 472 ἓι
1473 442 1561 473 cestes
1573 444 1708 480 presentes
1720 444 1816 474 lettres.

1339 517 1417 549 Don.
1435 519 1450 549 a
1467 518 1597 556 Boloign.
1616 518 1642 550 le
1664 518 1802 550 derreiner
1822 520 1887 558 jour
1908 518 1944 550 de
1963 518 2112 558 Janevoir,
2130 518 2199 549 L’an
2217 517 2252 549 de
2273 527 2361 555 grace

1299 556 1374 587 Mill.
1393 566 1458 597 300.
1474 560 1509 589 &
1522 557 1599 595 Sept.

1568 680 1627 714 Ad
1650 684 1766 727 Papam
1784 692 1838 727 pro
1862 683 1974 714 Comite
1996 678 2088 716 Ftixi.

1347 770 1372 800 A
1383 769 1407 800 P
1416 769 1457 800 AE
1478 769 1558 809 Rex,
1573 769 1673 801 devota
1687 769 1797 802 Pedum
1811 770 1903 802 oscula
1916 772 2070 802 beatorum.
2374 772 2449 804 Arm¹
2465 774 2508 806 D.

1382 808 1477 846 Auget
1492 808 1635 846 condigne
1650 808 1853 846 supplicationis
1865 810 2007 840 materiam
2024 809 2113 840 vestra
2127 807 2244 848 gradosa
2258 807 2354 839 Pater·
2396 815 2480 853 1308,

1297 849 1365 878 nitas
1376 857 1584 887 praeconcepta:
1605 847 1698 885 Qae,
1716 848 1785 878 dum
1805 847 1859 878 suae
1875 847 2088 878 mansuetudinis
2107 848 2220 879 donaria
2240 846 2352 884 conspi-
2368 855 2420 880 Aa.
2443 863 2467 881 i.

1296 888 1387 916 cimus
1399 886 1427 915 in
1444 886 1512 925 hiis,
1530 896 1593 924 quae
1607 895 1661 915 nos
1681 887 1713 916 ὅ(
1729 886 1835 917 nostros
1847 886 1993 918 benivolos
2006 889 2193 926 contingunt,
2209 887 2291 917 nobis
2304 895 2351 916 ext*
2373 895 2402 917 ε,
2421 901 2446 918 2.

1295 924 1444 955 auditionis
1457 925 1572 960 gramm
1588 925 1763 962 repromittit.
2377 929 2442 963 msc.
2458 939 2482 958 i.

1331 962 1411 993 Cum
1426 963 1510 1000 igitur
1525 962 1643 993 dilectus
1656 962 1737 993 nobis
1750 962 1851 994 Gai-sio
1864 962 1971 994 Comes
1979 963 2062 1002 Fuxi,
2079 964 2127 1002 qui
2139 962 2286 993 nobiscum
2295 972 2356 992 cer·
2372 971 2399 993 Ε.
2417 978 2441 994 2.
2455 979 2493 995 m.

1296 1001 1330 1031 tis
1341 1001 1377 1031 de
1393 1002 1493 1038 causis,
1513 1011 1561 1038 per
1582 1001 1672 1039 aliqua
1687 1010 1812 1039 tempora
1827 1012 1940 1033 moram
1961 1002 2059 1041 trahit,
2082 1002 2354 1032 excommunicatio·
2373 1015 2416 1042 23.
2431 1006 2454 1032 d.
2469 1008 2498 1033 1'22

1296 1041 1338 1069 nis
1355 1040 1514 1078 Sententia,
1531 1049 1567 1070 eo
1582 1039 1678 1078 quod,
1696 1049 1795 1070 contra
1808 1040 1926 1072 vestram
1939 1041 2165 1078 ordinationem,
2179 1049 2281 1070 terram
2290 1038 2354 1069 Co-
2369 1044 2475 1073 cedula.

1297 1079 1374 1109 mitis
1387 1078 1570 1109 Armanienfis
1579 1079 1705 1116 intravit,
1723 1078 1771 1118 sit,
1789 1087 1817 1110 ut
1830 1079 1948 1118 dicitur,
1965 1079 2127 1118 innodatus,
2143 1087 2266 1117 terraque
2285 1077 2356 1116 ejus-

1297 1116 1365 1147 dem
1380 1117 1542 1147 auctoritate
1556 1116 1721 1155 Apostolica
1732 1116 1866 1156 supposita
1880 1118 2045 1157 interdicto,

1338 1154 1446 1185 Vestrae
1466 1155 1613 1185 Sanititati
1636 1165 1719 1193 prece
1735 1157 1790 1193 quai
1812 1155 1976 1195 possumus,
2002 1155 2185 1194 supplicamus
2200 1178 2210 1194 ,
2233 1155 2359 1193 quatinus

1298 1193 1422 1232 praefatas
1434 1195 1772 1225 excommunicationis&
1782 1194 1921 1226 interdicti
1928 1194 2097 1233 Sententias,
2110 1194 2198 1225 saltim
2207 1193 2360 1224 cumidem

1299 1231 1405 1262 Comes
1426 1241 1535 1262 moram
1551 1231 1702 1263 nobiscum
1723 1231 1821 1264 fecerit
1840 1233 2031 1272 personalem,
2053 1232 2158 1263 nostrae
2178 1231 2361 1270 requisitionis

1298 1270 1442 1309 instantia,
1460 1281 1545 1308 quam
1560 1280 1594 1301 ex
1608 1271 1713 1301 intimo
1728 1271 1820 1302 cordis
1834 1271 1938 1302 affeetu
1960 1271 2130 1302 Clementiae
2153 1271 2251 1302 vestrae
2270 1271 2360 1308 porri-

1296 1311 1406 1348 gimus,
1423 1309 1511 1340 vestra
1525 1309 1655 1346 dignetur
1668 1309 1836 1341 Sanffirudo
1851 1309 1982 1342 munifica
2001 1310 2136 1349 relaxare,
2153 1309 2193 1340 Ita
2214 1309 2289 1348 quod
2309 1318 2360 1340 ve-

1300 1347 1687 1417 strgobnesatitudin‘isscuberiores
1698 1350 1845 1388 gratiarum
1853 1349 1974 1380 afflones
1984 1348 2121 1381 exsolvere
2134 1357 2284 1380 teneamur.

1412 1394 1487 1417 ervct
1495 1409 1505 1424 ,
1561 1396 1589 1417 c.

1335 1463 1402 1494 Dat.
1419 1463 1491 1501 apud
1512 1462 1681 1502 NVhitsand,
1700 1472 1715 1503 5
1727 1463 1775 1495 die
1788 1464 1868 1495 Febr.

1298 1590 1358 1625 Ad
1377 1590 1581 1641 Reymundum
1604 1590 1654 1625 del
1675 1594 1755 1625 Gont
1777 1602 1903 1639 nepotem
1922 1595 2004 1640 Papae
2017 1605 2072 1639 pro
2089 1591 2224 1640 praediflo
2239 1593 2362 1626 Comite·

1299 1676 1497 1745 VEnerabili
1513 1679 1541 1707 in
1554 1677 1671 1708 Christo
1686 1676 1780 1717 Patri,
1798 1677 1929 1708 Domino
1936 1678 1972 1709 R.
1987 1678 2045 1710 Dei
2059 1677 2165 1717 g'ratiii,
2176 1677 2288 1709 Sanstae
2295 1677 2363 1709 Ma-
2379 1671 2452 1702 Ann-
2463 1670 2504 1703 D·

1375 1717 1424 1745 riae
1436 1725 1521 1746 novae
1534 1715 1668 1746 Diacono
1681 1715 1837 1755 Cardinali,
1855 1718 1949 1747 amico
1960 1716 2009 1748 suo
2024 1717 2176 1755 kariffimo,
2190 1716 2362 1755 Edwardus,
2404 1712 2485 1751 ¹308-

1300 1754 1361 1785 &c.
1380 1754 1494 1784 salutem
1507 1754 1540 1785 &
1555 1754 1668 1785 fincerae
1682 1754 1839 1785 dilectionis
1853 1754 1996 1786 affieetum.
2377 1753 2431 1777 ΑΒ·
2453 1760 2478 1778 ¹·

1340 1792 1489 1823 Faecundae
1509 1792 1666 1823 dilectionis
1680 1794 1836 1832 integritas,
1856 1804 1939 1832 quam
1960 1794 1994 1824 ad
2009 1793 2176 1832 personam,
2192 1792 2289 1824 dilecti
2309 1800 2363 1823 rio-
2380 1792 2410 1815 E·
2429 1798 2455 1816 2-

1302 1831 1344 1861 bis
1359 1830 1502 1861 Garfionis
1518 1829 1642 1861 Comitis
1661 1831 1728 1861 Fiuii
1743 1833 1884 1870 gerimus,
1901 1842 1952 1862 nos
1973 1833 2075 1863 excitat
2095 1833 2128 1863 ὅτ
2143 1830 2252 1862 inducit
2269 1839 2300 1863 ut
2313 1841 2364 1870 ea,
2384 1827 2451 1862 Vasc,
2470 1836 2494 1855 ¹·

1302 1879 1365 1908 quae
1378 1868 1462 1900 statiis
1475 1869 1555 1907 ipsius
1571 1870 1604 1900 &
1623 1870 1737 1900 honoris
1751 1871 1957 1901 incrementum
1977 1872 2168 1910 contingunt,
2185 1869 2280 1902 sedulo
2301 1879 2366 1908 pro-
2382 1868 2412 1892 Ε·
2429 1874 2508 1930 221⁰?-

1303 1918 1445 1938 curemus
2383 1911 2429 1939 ²3-
2461 1913 2511 1930 -m

1338 1945 1418 1976 Cum
1431 1947 1517 1984 igitur
1530 1945 1656 1985 Comes,
1672 1946 1839 1985 nobiscum,
1858 1948 1942 1978 certis
1957 1946 1993 1978 de
2008 1947 2109 1987 causis,
2125 1957 2175 1986 per
2187 1947 2277 1986 aliqua
2291 1954 2365 1977 tem·
2383 1941 2495 1977 Cedulu,

1302 1994 1369 2023 pora
1393 1994 1546 2015 moraturus
1560 2008 1570 2024 ‚
1593 1987 1894 2016 excommunicationis
1916 1986 2072 2026 Sententia,
2090 1996 2126 2017 eo
2150 1986 2243 2025 quod,
2266 1994 2366 2017 contra

1304 2023 1512 2054 ordinationem
1527 2023 1649 2054 Domini
1664 2023 1749 2062 Papae
1764 2034 1864 2056 terram
1884 2023 2009 2055 Comitis
2028 2025 2215 2056 Armaniensis
2236 2025 2368 2062 intravit,

1304 2061 1351 2100 sit,
1369 2070 1398 2092 ut
1416 2061 1519 2093 dicitur
1541 2062 1701 2093 innodatus:
1721 2063 1870 2102 Terraque
1891 2062 2030 2102 ejusdem,
2046 2064 2208 2095 auclioritate
2226 2061 2368 2101 Apostoli-

1327 2100 1336 2108 *
1371 2100 1505 2169 stffiposita
1518 2100 1687 2140 interdicto,

1342 2123 1386 2169 <le
1425 2149 1471 2169 am
1495 2137 1692 2170 paternitatem
1711 2139 1791 2170 omni
1811 2138 1979 2179 affeetione,
1998 2140 2054 2179 qua
2076 2139 2236 2179 poffumus,
2253 2140 2368 2179 requiri-

1305 2187 1367 2208 mus
1379 2177 1412 2208 &
1426 2187 1574 2215 rogamuS,
1593 2180 1716 2216 quatinus
1731 2187 1793 2218 erga
1808 2178 1919 2209 dietum
1933 2178 2095 2210 Dominum
2110 2179 2252 2210 summum
2267 2178 2369 2209 Ponti-

1304 2215 1407 2254 ficem,
1425 2226 1478 2254 pro
1491 2215 1609 2254 praefatis
1619 2217 1923 2247 excommunicationis
1943 2218 1977 2248 &
1993 2217 2137 2248 interdiffl
2155 2217 2302 2248 Sententiis
2319 2227 2365 2247 re-

1303 2254 1423 2285 laxandis
1426 2277 1441 2300 2
1458 2254 1528 2285 dum
1544 2254 1622 2284 idem
1637 2254 1746 2284 Comes
1766 2254 1912 2286 nobiscum
1932 2265 2045 2286 moram
2069 2257 2166 2286 fecerit
2189 2255 2363 2294 personalem

1302 2294 1369 2362 gpm
1384 2303 1438 2331 qua
1452 2293 1615 2323 relaxatione
1627 2292 1795 2332 optinenda,
1813 2294 1952 2332 praediCto
1966 2293 2038 2325 Patri
2052 2293 2147 2324 nostro
2154 2293 2253 2325 litteras
2259 2293 2364 2325 nostras

1324 2332 1452 2369 irigimus
1468 2333 1486 2351 ³*
1498 2331 1636 2368 speciales)
1662 2332 1752 2361 velitis
1769 2332 1959 2370 interponere,
1976 2332 2063 2363 nostri
2076 2334 2231 2363 interventu
2245 2327 2511 2373 rogami-*11L59i

1303 2372 1362 2408 nis,
1380 2379 1466 2407 partes
1482 2369 1599 2408 vestras3
1615 2378 1644 2400 ut
1657 2370 1690 2400 ad
1704 2381 1752 2409 ea,
1770 2380 1833 2408 quae
1854 2371 1935 2401 vobis
1952 2371 1986 2402 &
2002 2369 2098 2401 vestris
2113 2379 2189 2408 grata
2209 2370 2310 2402 fuerint
2330 2371 2364 2402 &

1301 2417 1434 2447 accepta,
1452 2409 1638 2446 promptiores
1654 2408 1802 2439 reddamur
1816 2408 1966 2446 specialiter
1981 2418 2014 2439 ex
2030 2409 2083 2440 hac
2100 2409 2190 2440 causa.

1340 2446 1408 2477 Dat.
1422 2446 1494 2484 apud
1507 2446 1673 2490 Whitfiind,
1692 2456 1707 2486 5
1725 2447 1771 2478 die
1786 2447 1946 2487 Februarii,
1963 2448 2051 2479 Anno
2063 2447 2187 2478 Domini
2197 2457 2289 2490 1307,
2305 2446 2366 2479 Re-

1303 2487 1355 2523 gni
1371 2495 1438 2516 vero
1452 2484 1539 2515 nostri
1557 2486 1661 2524 primo.

1299 2611 1348 2643 De
1373 2611 1450 2656 Rege
1475 2612 1512 2648 φ’
1538 2611 1672 2655 Regina,
1696 2621 1789 2655 quam
1812 2613 1947 2644 Bonom'ae
1969 2609 2123 2655 duxerat,
2146 2607 2362 2658 applicantibus

1651 2657 1734 2705 apud
1753 2660 1982 2693 Durovernum.

1302 2743 1568 2812 MEmorandum
1584 2743 1680 2782 quod,
1697 2743 1744 2774 die
1764 2742 1920 2782 Mercurii,
1937 2745 2067 2782 proxima
2088 2743 2154 2783 post
2167 2743 2269 2775 festum
2283 2742 2364 2773 Puri-
2377 2731 2452 2762 Ann-
2469 2731 2512 2764 D⁴

1394 2781 1533 2812 ficationis
1546 2782 1634 2812 beatae
1647 2781 1751 2812 Mariae
1764 2781 1906 2820 Virginis,
1925 2783 2011 2814 Anno
2023 2783 2117 2824 Regni
2133 2783 2224 2821 Regis
2244 2781 2363 2813 Edwar-
2399 2772 2486 2809 ¹308·

1302 2820 1331 2850 di
1368 2819 1415 2850 fflii
1430 2820 1517 2859 Regis
1527 2819 1672 2857 Edwardi,
1690 2821 1794 2858 primo.
2376 2812 2429 2837 “¹''-
2447 2819 2471 2837 ¹·

1340 2842 1423 2889 ldem
1438 2858 1520 2897 Rex,
1538 2858 1646 2889 rediens
1659 2859 1674 2888 a
1686 2859 1806 2896 partibus
1826 2857 2025 2898 transmarinis,
2041 2859 2188 2898 videlicet,
2206 2859 2243 2890 de
2264 2858 2361 2890 Bono-
2375 2852 2405 2893 E:
2424 2857 2451 2877 ²·

1302 2897 1349 2927 nia
1363 2897 1441 2935 supra
1455 2906 1549 2934 mare,
1563 2897 1613 2927 ubi
1628 2896 1789 2928 Dominam
1803 2896 1944 2934 isabellam
1960 2897 2046 2928 filiam
2062 2898 2150 2936 Regis
2168 2898 2291 2929 Franciae
2307 2897 2360 2927 du·
2375 2891 2395 2914 F
2393 2897 2428 2913 m.
2451 2895 2475 2913 ¹·
2499 2927 2502 2931 ,

1302 2944 1376 2966 xerat
1390 2937 1419 2965 in
1433 2945 1564 2973 uxorem,
1581 2935 1714 2974 applicuit
1727 2934 1799 2974 apud
1810 2934 1936 2966 Dovorr.
1949 2936 1979 2966 in
1992 2936 2089 2977 Bargis
2101 2937 2148 2968 sua
2162 2939 2240 2968 circa
2259 2937 2357 2967 horam
2374 2929 2405 2952 E.
2419 2934 2444 2952 ²·
2463 2934 2502 2953 mr

1302 2984 1422 3013 nonam,
1442 2973 1575 3004 Domino
1586 2973 1714 3012 l-lugone
1727 2973 1753 3004 le
1762 2972 1925 3013 Dispensei‘,
1941 2975 1975 3005 &
1989 2974 2122 3006 Domino
2141 2975 2178 3006 de
2191 2974 2359 3006 Castellione
2372 2972 2403 2998 9·

1301 3016 1338 3043 de
1353 3012 1487 3043 Vasconia
1496 3035 1505 3050 ,
1521 3012 1615 3043 secum
1629 3013 1661 3042 in
1675 3011 1772 3043 eadem
1786 3011 1887 3048 Burgia
1899 3012 2096 3054 existentibus,
2111 3015 2142 3044 in
2159 3012 2320 3044 Comitiva:

1342 3051 1378 3082 Et
1393 3051 1524 3081 Domina
1537 3050 1650 3087 Regina
1666 3059 1761 3089 parum
1774 3049 1838 3088 post
1852 3050 1950 3081 horam
1973 3061 2080 3083 nonam
2101 3052 2235 3092 applicuit
2255 3050 2363 3083 ibidem

1302 3100 1369 3121 curn
1383 3089 1548 3128 quibusdam
1568 3088 1763 3127 Dominabus,
1781 3089 1831 3118 fibi
1842 3088 2008 3121 facientibus
2023 3090 2210 3121 Comitivam.

1339 3128 1391 3166 Et,
1409 3128 1472 3166 quia
1485 3137 1621 3165 magnum
1635 3127 1766 3164 Sigillum
1781 3126 1885 3165 Regis,
1903 3128 1978 3166 quod
1994 3138 2061 3159 curn
2075 3129 2134 3167 ipso
2147 3135 2287 3167 portatum
2301 3127 2362 3158 fue-

1302 3176 1340 3198 rat
1354 3167 1420 3198 ultra
1437 3176 1529 3203 mare,
1546 3174 1614 3196 tunc
1630 3166 1660 3196 in
1675 3164 1809 3196 Custodia
1823 3165 1956 3197 Custodis
1975 3166 2170 3206 Garderobae,
2188 3167 2236 3205 qui
2250 3165 2299 3196 illo
2313 3165 2360 3196 die

1304 3205 1442 3236 Mercurii
1456 3212 1569 3242 portum
1581 3203 1704 3234 Dovorr.
1720 3205 1839 3242 arripere
1851 3215 1911 3235 non
1917 3206 2024 3243 potuit,
2041 3205 2222 3244 remanserat,
2237 3214 2297 3234 non
2304 3212 2362 3235 erat

1301 3245 1338 3274 ab
1353 3242 1440 3282 hori,
1458 3243 1513 3280 qua
1527 3241 1670 3272 Dominus
1684 3241 1747 3272 Rex
1761 3242 1909 3281 applicuit,
1927 3251 1956 3273 ut
1971 3243 2139 3280 praedictum
2161 3242 2219 3283 est,
2235 3242 2319 3282 usque
2332 3243 2362 3272 in

1302 3282 1379 3312 diem
1392 3281 1508 3312 Veneris
1521 3280 1679 3318 sequentem
1692 3281 1778 3311 breve
1792 3281 1904 3320 aliquod
1919 3281 2072 3322 sigillatum.

1340 3321 1404 3358 Set,
1422 3319 1525 3350 eodem
1539 3318 1586 3348 die
1600 3318 1732 3357 Veneris,
1750 3319 1893 3350 Dominus
1906 3319 2059 3350 Cicestren.
2068 3319 2236 3359 Episcopus,
2250 3318 2360 3349 Domi-

1302 3361 1333 3389 ni
1349 3359 1440 3396 Regis
1455 3356 1659 3395 Cancellarius,
1677 3359 1752 3388 circa
1765 3358 1863 3388 horam
1877 3367 1984 3388 nonam
2003 3358 2130 3389 liberavit
2151 3358 2230 3389 dieto
2243 3357 2320 3395 Regi
2331 3358 2362 3387 in

1303 3397 1403 3427 Castro
1418 3396 1543 3426 Dovorr.
1558 3396 1588 3424 in
1608 3394 1728 3427 Camera
1741 3396 1788 3426 sua
1802 3395 1925 3435 ibidem,
1943 3396 2010 3428 illud
2026 3396 2157 3435 Sigillum
2171 3407 2227 3436 quo
2241 3397 2365 3428 utebatur

1305 3438 1336 3466 in
1353 3435 1472 3473 Anglia,
1488 3433 1559 3463 dum
1572 3433 1634 3463 Rex
1649 3443 1723 3464 extra
1737 3434 1872 3472 Regnum
1885 3434 1952 3466 fuit:
2415 3444 2420 3448 ·

1340 3473 1375 3504 Et
1393 3473 1471 3503 idem
1492 3471 1574 3509 Rex,
1600 3471 1726 3511 Sigillum
1745 3472 1812 3503 illud
1838 3474 1988 3512 recipiens,
2007 3473 2074 3504 illud
2096 3473 2206 3504 tradidit
2231 3472 2362 3504 Domino

1301 3512 1462 3541 willielmo
1475 3510 1510 3540 de
1519 3509 1630 3540 Melton
1639 3532 1648 3547 ,
1667 3510 1918 3542 Contrarotulatori
1925 3511 2101 3542 Garderobae
2108 3511 2176 3550 suae,
2183 3512 2217 3542 &
2225 3519 2359 3550 magnum

1299 3550 1432 3587 Sigillum
1445 3548 1522 3578 suum
1537 3548 1702 3586 praedie‘tum
1717 3548 1810 3579 statim
1826 3550 1948 3588 ibidem,
1964 3550 2014 3580 sub
2027 3550 2130 3587 Sigillis
2150 3550 2273 3580 Domini
2283 3548 2310 3588 J.
2321 3547 2360 3577 de

1298 3588 1432 3618 Benstede
1447 3586 1580 3617 Custodis
1593 3586 1764 3617 Garderobae
1778 3587 1850 3625 suae,
1867 3588 1900 3618 &
1918 3587 2050 3625 Magistri
2059 3588 2194 3628 Johannis
2202 3586 2359 3623 Fraunceis,

1299 3627 1378 3657 dieto
1393 3625 1567 3657 Cancellario
1582 3634 1664 3656 manu
1678 3625 1724 3656 sua
1739 3626 1853 3665 propria
1865 3626 2010 3665 liberavit,

1337 3701 1516 3732 Praesentibus
1521 3723 1532 3740 ,

1336 3777 1486 3816 Dominis,
1510 3777 1617 3808 Thomae
1637 3782 1739 3808 Comite
1759 3778 1946 3818 Laencastriae,
1968 3779 2010 3810 ὅτ.

1334 3818 1417 3845 Petro
1431 3819 1532 3845 comite
1546 3818 1688 3847 Cornubiae
1697 3829 1706 3846 .·

1336 3853 1371 3884 Et
1394 3854 1532 3891 similiter,
1556 3857 1671 3885 Domino
1689 3857 1801 3893 Hugone
1818 3854 1843 3885 le
1860 3854 2021 3894 Desponsa,

1337 3892 1475 3921 Willielmo
1494 3895 1610 3933 Martyn
1644 3894 1678 3924 &

1336 3929 1474 3959 Willielmo
1487 3933 1569 3969 Inge,
1587 3916 1742 3970 Nsiliribusg
1762 3930 1798 3962 Et

1337 3970 1433 4000 Adam
1448 3968 1480 3998 de
1493 3968 1628 4009 Osgodby,
1646 3968 1778 4001 Clerico:
