2570 4261
17 283 91 314 Ann.
103 278 145 310 D.

43 318 127 359 1236-

15 364 77 390 Hm.
87 367 127 406 -.3‘

744 199 856 239 ET
937 199 1203 241 ACTA

162 292 194 316 to
210 294 326 324 quoquc
339 285 454 316 bovatas
467 291 549 315 tei-rae
562 283 591 314 in
603 283 762 314 Ottrinton.
778 294 833 315 nec
847 294 907 315 non
921 283 1059 325 redditus,
1077 283 1224 324 posseffio-

164 334 213 354 nez
235 326 267 354 δε
289 325 338 354 alia
359 325 434 354 bona
450 322 539 354 vestra
554 323 623 353 sicut
637 332 667 352 ea
682 323 778 352 omnia
789 322 864 360 juste
878 334 910 354 ac
933 324 1052 362 pacifice
1067 323 1228 362 possidetis,

165 364 198 394 δε
216 365 244 393 in
260 363 354 393 litteris
375 361 474 391 exinde
495 361 633 391 contestis
653 360 755 391 dicitur
775 361 883 398 plenius
905 364 1061 402 contineri,
1080 363 1161 393 vobis
1175 364 1227 400 &‚

118 416 122 419 «
165 412 215 440 per
229 412 295 438 vos,
314 400 452 443 Hospita-li
466 399 584 436 pretii-to
597 399 763 429 autstoritate
777 399 942 437 Apostolica
955 400 1159 431 confirmamus
1168 424 1176 439 ,
1194 402 1228 432 &

20 994 97 1025 Arm.
111 991 153 1023 D.

43 1031 125 1071 1236.

21 1076 72 1101 An.
89 1080 134 1098 20.

19 1116 54 1139 H.
77 1119 102 1146 3.

21 1153 79 1176 ΡΜ.
92 1156 135 1183 ¹9.

22 1192 56 1215 H.
78 1196 137 1224 3.n.

27 1234 70 1252 ii.

29 1753 105 1785 Ann.
119 1751 160 1783 D.

53 1792 138 1830 1236.

29 1835 84 1860 An.
100 1841 144 1858 20.

29 1875 65 1898 H.
87 1879 112 1906 3.

30 1908 135 1937 Ibidem.

33 2108 165 2145 'il-359-

54 3031 182 3065 Ann.D.

74 3072 159 3112 1236.

55 3116 110 3141 An.
126 3121 171 3139 20.

161 439 304 479 praesentis
324 438 414 477 scripti
436 439 593 475 patrocinio
616 438 837 468 communimus.
856 438 942 469 Nulli
957 448 1026 479 ergo
1040 440 1161 470 omnino
1174 440 1229 470 ho-

163 479 277 509 minum
304 476 384 506 liceat
404 476 477 506 hanc
497 477 627 514 paginam
642 475 746 506 nostrae
760 477 944 514 protectionis
958 479 991 509 &
1007 478 1228 508 confirmationis

165 517 334 554 infringere,
353 514 397 545 vel
413 515 437 545 ei
452 514 515 544 ausu
529 515 677 544 temerario
689 516 844 553 contraire3
881 515 972 554 Siquis
992 525 1088 546 autem
1111 517 1168 547 hoc
1192 525 1232 547 at-

165 562 303 591 temptare
316 552 532 590 praesurnpserit,
551 552 773 591 indignationem
793 554 1001 592 omnipotentis
1016 555 1089 593 Dei,
1109 555 1143 585 &
1163 556 1230 586 bea-

165 601 262 625 torum
278 591 354 622 Petri
368 593 401 623 &
417 591 496 622 Pauli
510 590 721 628 Apostolorum
733 592 790 630 ejus
802 592 829 622 se
843 594 955 623 noverit
968 594 1153 624 incursurum.

201 668 272 700 Dat.
287 667 409 699 Viterbii
426 667 462 698 16
475 666 540 697 Kal.
555 666 676 706 Api-ilis,
694 667 854 699 Pontificat.
867 668 958 699 nostri
970 679 1045 700 anno
1059 680 1147 701 nono.

916 745 1006 784 sigillo
1020 745 1126 786 avulsb.

216 873 266 906 De
291 868 421 903 navibus
433 867 630 915 providendis
648 869 693 903 ad
709 881 778 916 opus
794 870 922 916 Islzbellae
932 871 1045 916 sororis
1062 873 1189 904 Domini

652 921 751 966 Regis.

173 1005 259 1063 RE
270 1005 300 1036 X
319 1005 454 1035 omnibus
469 1003 578 1034 Ballivis
594 1004 645 1034 suis
660 1004 800 1036 Portuum
814 1005 993 1036 Norffolciae
1011 1006 1045 1036 ὃς
1066 1004 1233 1042 Suffolciae,

245 1044 279 1074 ad
294 1054 365 1082 quos
379 1042 524 1081 praesentes
537 1042 635 1072 litterae
648 1045 844 1082 pervenerint,
860 1044 982 1074 salutem.

212 1083 356 1113 Mittimus
370 1081 404 1111 ad
419 1091 471 1112 vos
487 1080 623 1112 dileetum
636 1083 668 1113 ὃς
682 1082 795 1112 fidelem
811 1082 942 1112 nostrum
955 1082 1106 1112 Thornam
1121 1082 1157 1113 de
1172 1082 1236 1112 He-

173 1122 351 1160 minegrave,
370 1120 583 1151 Vicecomitem
604 1119 736 1151 nostrum
756 1121 935 1151 Norffolciae
959 1121 992 1151 &
1013 1120 1162 1151 Suffolciae
1178 1145 1187 1159 ,
1202 1120 1237 1150 ad

174 1159 338 1190 faciendum
359 1158 531 1199 provisiones
549 1157 650 1189 decem
673 1159 803 1189 Navium
817 1184 826 1197 ‚
845 1161 985 1189 bonarum
1006 1160 1040 1190 ὃς
1059 1159 1237 1198 securarum,

173 1208 272 1229 contra
292 1198 547 1229 transfretationem
568 1196 679 1227 dilectae
697 1197 797 1227 sororis
817 1197 923 1228 nostrie
936 1197 1073 1235 Isabellae,
1094 1198 1127 1228 ὃ(
1141 1198 1174 1228 ad
1189 1208 1238 1228 na-

174 1248 224 1269 ves
247 1238 312 1274 ipsas
330 1238 403 1267 bene
424 1234 588 1266 muniendas
610 1235 645 1265 de
660 1236 742 1265 bonis
755 1237 920 1274 marinellis,
939 1237 973 1268 &
987 1236 1043 1266 aliis
1057 1237 1237 1268 armamentis

173 1276 339 1308 necessariis.

212 1313 249 1345 Et
269 1314 334 1344 ideo
354 1313 435 1345 vobis
455 1312 619 1343 mandamus
641 1320 792 1350 quatenus,
810 1322 878 1342 curn
901 1312 1050 1350 praedici-us
1065 1313 1238 1344 Vicecomes

172 1353 270 1384 noster
285 1352 319 1382 ad
333 1363 385 1383 vos
397 1352 522 1388 venerit,
541 1360 594 1388 pro
608 1350 743 1387 praedicta
756 1351 915 1387 provisione
927 1351 1069 1389 facienda,
1088 1353 1125 1382 ita
1139 1363 1191 1384 vos
1214 1355 1240 1383 ei

174 1393 205 1421 in
221 1392 273 1422 hac
289 1400 366 1429 parte
379 1390 529 1420 exhibeatis
543 1390 572 1418 in
585 1388 724 1425 praedit‘to
738 1390 856 1428 negotio
877 1390 1071 1428 expediendo,
1090 1392 1123 1422 &
1146 1391 1241 1421 eidem

174 1429 349 1460 consulentes
371 1428 423 1458 sitis
440 1429 473 1458 &
492 1427 665 1464 auxiliantes,
687 1427 765 1465 quod
787 1438 839 1458 nos
860 1428 1047 1459 devotionem
1066 1429 1191 1460 vestram
1205 1432 1239 1462 &

174 1468 351 1506 diligentiam
362 1467 390 1496 in
404 1466 456 1496 hac
471 1474 548 1503 parte
559 1465 710 1496 debeamus
722 1465 875 1504 specialiter
888 1467 1101 1499 commendare.

212 1543 304 1576 Teste
319 1543 403 1583 Rege
415 1541 489 1581 apud
501 1541 638 1573 Hetham.
657 1552 699 1582 24
712 1543 758 1574 die
774 1543 882 1575 Martii.

544 1671 639 1715 Super
651 1671 762 1715 negotio
779 1668 890 1704 eodem.

180 1754 267 1812 RE
277 1754 309 1786 X
334 1754 441 1786 dilecto
452 1755 486 1786 &
501 1753 575 1784 fideli
589 1754 638 1785 suo
657 1753 785 1785 Thomae
806 1755 842 1786 de
858 1755 1101 1797 Emmenegrave,
1119 1757 1246 1789 viceco-

253 1794 315 1823 miti
336 1793 516 1825 Norffolciae
536 1793 570 1824 &
596 1791 745 1823 Suffolciae
759 1818 769 1832 ,
801 1794 925 1826 salutem.
965 1795 1138 1827 Mandamus
1165 1798 1246 1828 vobis

180 1832 277 1871 quod,
295 1832 371 1864 salvo
385 1843 437 1872 eo,
457 1830 536 1871 quod
546 1831 629 1862 vobis
642 1832 831 1872 injunximus,
847 1833 883 1864 de
899 1833 1016 1865 denariis
1029 1837 1164 1866 omnibus
1173 1846 1244 1874 quos

181 1873 286 1910 poteris
298 1871 332 1902 ad
355 1871 477 1902 uirendis
489 1870 523 1901 ad
537 1880 608 1908 opus
620 1870 769 1908 nostrum,
787 1872 816 1901 in
830 1874 941 1910 propria
955 1873 1070 1911 persona
1089 1873 1180 1905 vestra
1200 1884 1248 1905 ac-

181 1910 285 1941 cedatis
297 1883 471 1941 adcl³0rtum
484 1909 521 1939 de
535 1908 695 1947 Dunewic,
713 1910 747 1940 δε
762 1910 830 1940 alios
843 1911 946 1941 Portus
959 1911 995 1942 de
1016 1911 1119 1943 Balliva
1140 1912 1249 1951 vestra,

182 1949 201 1979 fi
225 1949 337 1980 neceffe
358 1949 454 1980 fuerit:
493 1947 531 1978 Et
552 1947 654 1977 decem
675 1947 764 1978 bonas
783 1959 866 1980 naves
882 1950 915 1980 &
930 1950 1036 1981 securas
1051 1951 1193 1989 provideri
1210 1952 1250 1982 fa-

183 1989 277 2027 ciatis,
296 1996 396 2019 contra
409 1987 563 2026 passagium
576 1986 689 2017 dilectae
703 1986 804 2018 sororis
818 1987 940 2027 nostrae,
960 2000 1046 2027 quam
1059 1992 1088 2020 in
1103 1990 1194 2021 Portu
1214 1991 1250 2021 de

183 2027 311 2057 Orewell
324 2027 473 2065 volumus,
491 2025 576 2056 dante
590 2025 741 2064 Domino,
759 2027 950 2067 transfretare3
968 2029 1001 2058 &
1016 2039 1099 2059 naves
1108 2030 1164 2059 illas
1176 2030 1252 2060 bene

182 2066 290 2095 muniri
311 2066 414 2096 faciatis
433 2066 516 2095 bonis
538 2063 687 2094 marinellis
705 2065 739 2094 ὃς
758 2068 938 2096 armamentis
959 2069 1076 2098 navium
1092 2068 1249 2099 necessariis

184 2104 218 2135 &
237 2105 257 2123 ³¹²
276 2103 493 2134 sufficientibus:
513 2103 562 2141 δε,
582 2103 601 2132 si
616 2111 788 2133 armamenta
807 2105 924 2135 navium
945 2106 1074 2146 illarum,
1093 2118 1159 2145 quas
1185 2110 1250 2138 reti-

184 2143 269 2173 nuitis
285 2167 294 2181 ,
320 2142 483 2173 sufficientia
503 2152 565 2172 non
586 2141 710 2180 fuerint,
746 2142 822 2172 bona
843 2144 877 2174 &
899 2144 992 2174 secura
1013 2148 1076 2184 capi
1096 2147 1200 2178 faciatis
1224 2149 1254 2177 in

186 2182 244 2212 aliis
263 2182 399 2220 navibus,
417 2182 447 2211 in
467 2180 568 2219 quibus
586 2180 648 2211 talia
665 2180 779 2211 fuerunt
799 2182 930 2220 inventa3
949 2185 987 2214 ita
1004 2184 1082 2223 quod
1109 2186 1252 2224 praedietae

185 2220 289 2251 decem
312 2230 395 2251 naves
413 2228 518 2288 promit>

187 2268 252 2290 tum
270 2259 307 2289 de
327 2258 471 2298 Orewell‚
508 2259 516 2288 i

186 2297 361 2337 pedimento.

226 2336 283 2377 Er,
301 2345 333 2368 ut
354 2335 538 2367 commodius
559 2336 592 2368 ὃς
612 2334 726 2366 liberius
748 2337 896 2377 negotium
916 2337 996 2369 illum
1016 2342 1117 2379 exequi
1133 2340 1257 2380 possitis,

187 2377 327 2407 mittimus
347 2375 430 2406 vobis
452 2376 554 2406 litteras
573 2374 678 2405 nostras
731 2382 836 2414 tentes,
853 2376 971 2407 dimetas
989 2379 1124 2410 omnibus
1146 2380 1257 2411 Ballivis

188 2414 333 2445 Portuum
345 2413 381 2445 de
395 2413 585 2444 Comitatibus
600 2413 670 2443 Nor
696 2413 779 2444 olciae
793 2415 826 2446 ὃς
845 2414 1010 2456 Suffolciae,
1028 2417 1107 2456 quod
1129 2419 1164 2450 ad
1184 2429 1258 2457 prae-

190 2453 265 2484 dieta
279 2452 442 2492 exequenda
455 2453 538 2483 vobis
553 2451 707 2481 intendant.

232 2491 375 2523 Mittimus
397 2492 483 2522 etiam
503 2489 538 2520 ad
555 2500 608 2521 vos
626 2489 764 2521 dilectum
784 2491 932 2523 Clericum
951 2493 1083 2525 nostrum
1097 2493 1259 2526 Ricardum

192 2529 230 2560 de
244 2529 385 2561 Hertford
394 2531 459 2569 ,qui
472 2529 528 2559 una
542 2528 693 2560 vobiscum
708 2529 845 2567 praedietis
860 2533 979 2570 negotiis
986 2535 1155 2572 exequendis
1167 2536 1260 2565 inten-

192 2567 258 2606 det,
275 2578 328 2599 vos
353 2577 447 2599 autern
468 2567 550 2606 inde,
568 2568 601 2597 &
620 2566 656 2597 de
677 2568 843 2605 quibusdam
864 2570 921 2600 aliis
935 2571 1142 2608 provisionibus
1156 2572 1263 2603 facien—

194 2606 256 2645 dis,
274 2606 310 2637 de
325 2606 425 2645 quibus
440 2606 542 2636 littei-as
557 2605 663 2636 nostras
679 2606 716 2636 de
729 2615 868 2645 computo
883 2609 965 2639 vobis
980 2609 1103 2641 similiter
1123 2612 1261 2642 transmit-

195 2646 299 2715 tsirnus,
317 2645 406 2677 taliter
419 2655 471 2677 vos
485 2645 689 2682 intromittatis,
709 2645 787 2683 quod
802 2645 838 2676 de
851 2647 1018 2686 negligentia
1029 2651 1106 2689 argui
1118 2660 1179 2680 non
1194 2661 1261 2689 pos-

209 2692 259 2715 itis.

520 2227 556 2249 tae
576 2218 630 2249 sint
649 2219 683 2262 ὅς
705 2218 872 2250 sufficienter
893 2222 1059 2261 eskippatae,
1078 2224 1112 2254 ad
1134 2225 1254 2263 praedic-

517 2267 534 2288 e
558 2257 650 2289 Lunae
669 2267 698 2287 in
713 2257 846 2290 Crastino
859 2259 984 2292 instantis
997 2262 1112 2293 Pascha:
1126 2264 1184 2294 sine
1198 2264 1256 2294 im-

234 2760 327 2793 Teste
338 2759 425 2799 Rege
438 2768 470 2791 ut
484 2758 573 2799 supra.

201 2886 323 2919 Littera
343 2887 425 2933 Papae
451 2886 636 2934 responsbria
657 2887 694 2920 de
712 2889 841 2936 proceffu
868 2895 1058 2926 matrimonii
1074 2896 1152 2926 inter
1168 2896 1267 2941 Impe-

505 2946 637 2970 ratorem
655 2940 691 2976 ej·
702 2938 839 2983 Jbrorcm
856 2939 961 2984 fitam.

204 3018 486 3081 DOminosapae
499 3020 613 3052 salutem
622 3046 632 3060 ,
649 3023 684 3054 &
699 3022 824 3055 debitam
839 3031 918 3056 tanto
933 3023 1068 3059 Domino
1082 3028 1116 3060 &
1128 3029 1203 3060 Patri
1225 3039 1272 3060 re-

290 3066 446 3089 verentiam
460 3059 495 3090 &
507 3060 660 3091 honorem.

249 3096 358 3136 Qod,
376 3104 411 3127 ex
421 3096 576 3128 affectione
609 3097 720 3139 aterna,
738 3101 858 3133 libenter
868 3102 951 3134 nobis
965 3103 1106 3144 suggeritis
1121 3117 1152 3137 ea
1165 3107 1272 3138 facien-

56 3156 93 3179 H.
113 3161 139 3187 3·
211 3133 263 3203 das,
282 3145 347 3173 quae
361 3134 466 3179 nostrae
478 3136 574 3167 celsitu
594 3138 646 3167 inis
658 3139 868 3172 incrementum
882 3142 1018 3181 respicere
1032 3144 1152 3184 sentitis,
1171 3147 1204 3177 ὃς
1223 3156 1273 3184 per

54 3189 197 3227 eluas-¹9·
211 3184 241 3212 ip
251 3183 284 3204 os
295 3184 348 3218 V.⁰⁵
360 3173 511 3219 liberaliter
526 3174 625 3220 eadem
644 3184 776 3221 ternpore
793 3182 949 3225 procuratis
969 3190 1153 3226 opportuno,
1170 3185 1273 3216 sanctae

58 3232 96 3255 H.
114 3237 139 3264 3,
151 3233 177 3264 Ρ,
213 3219 368 3250 paternitati
380 3212 481 3243 vestrae
494 3214 618 3252 copiosas
632 3214 777 3246 referimus
789 3226 940 3257 gratiarum
954 3220 1087 3251 astiones.

61 3267 169 3294 2.m.6.

249 3250 297 3295 Ad
319 3260 350 3295 ep
370 3260 435 3288 quae
455 3251 535 3295 duxit
556 3253 639 3282 nobis
659 3253 783 3285 sanffims
804 3256 895 3287 vestra
907 3258 1114 3291 consulendum
1127 3261 1163 3291 de
1176 3261 1273 3292 matri-

210 3299 312 3320 monio
331 3297 403 3319 inter
423 3288 596 3321 kariffimum
615 3292 740 3322 amicum
756 3316 767 3331 ,
784 3294 819 3324 &
837 3295 952 3327 fratrem
975 3297 1107 3330 nostrum
1127 3299 1272 3338 futurum,

211 3328 414 3366 Fredericum,
432 3326 490 3358 Dei
511 3330 612 3368 gratia,
631 3329 836 3362 Romanorum
854 3333 1060 3372 Imperatorem
1080 3339 1190 3376 semper
1210 3338 1273 3369 Au—

210 3366 344 3406 gustum,
359 3365 511 3405 Jerusalem
527 3368 560 3398 &
576 3366 679 3398 Siciliae
690 3367 806 3408 Regem
818 3370 971 3412 illustrem,
989 3375 1023 3406 δε
1042 3375 1175 3407 dilectam
1195 3377 1274 3408 soro—

212 3414 276 3435 rem
290 3405 416 3435 nostram
431 3404 573 3435 isabellam
588 3406 799 3446 contrahendo,
817 3409 851 3440 δε
863 3413 1057 3452 complendo,

250 3443 343 3474 Vobis
364 3443 546 3484 fignificantes
569 3443 648 3481 quod
669 3454 738 3475 cum
760 3447 829 3476 certi
851 3448 934 3480 fimus
955 3452 1089 3483 &securi
1125 3453 1204 3491 quod
1220 3464 1274 3492 pro

211 3481 411 3514 sublimatione
423 3481 536 3520 nostra,
553 3482 666 3512 honore
676 3482 777 3523 etiam,
794 3486 828 3516 &
843 3487 958 3519 utilitate
973 3489 1069 3521 Reoni
1083 3476 1172 3522 n’ostri
1197 3503 1261 3530 quae

210 3522 336 3590 1exstanti
357 3520 495 3565 Rrincipis
512 3519 775 3561 confoederatione,
793 3525 928 3564 consequi
948 3517 1120 3570 potei’imuffi
1138 3517 1203 3561 inde
1218 3516 1273 3561 11οὲ

223 3570 243 3590 0
254 3568 413 3590 icitaveritis
420 3584 430 3598 ‚

233 3598 388 3643 *Volentes
408 3600 438 3628 in
460 3608 497 3629 eo
517 3598 550 3629 &
571 3598 645 3636 aliiS,
664 3607 729 3636 quae
749 3600 833 3631 nobis
852 3601 983 3636 duxeritis
1001 3606 1171 3638 consulenda
1185 3609 1218 3639 δε
1232 3607 1274 3638 fa-

212 3637 314 3667 cienda
327 3662 337 3675 ,
355 3644 490 3676 tanquam
510 3635 581 3668 filius
602 3636 715 3667 Sanetae
734 3636 877 3670 Romanae
897 3642 1035 3675 Ecclesiae
1053 3645 1249 3678 devotissimus
1264 3670 1274 3685 ,

210 3675 356 3706 humiliter
381 3686 414 3706 ac
434 3675 557 3714 devote,
575 3675 657 3706 simul
675 3676 709 3707 &
728 3676 906 3715 beneplacito
924 3682 1019 3713 vestro
1038 3694 1091 3715 nos
1106 3709 1116 3723 ,
1135 3685 1205 3715 sicut
1223 3684 1274 3714 de-

211 3722 260 3744 cet
275 3737 286 3753 ‚
307 3715 491 3745 committere
505 3737 515 3753 ,
540 3715 724 3745 matrimonio
748 3715 888 3753 praedicto
907 3719 942 3750 ad
962 3722 1127 3754 mandatum
1148 3722 1275 3755 vestrum

211 3753 413 3783 consensimus.

253 3790 389 3830 Receptis
399 3792 477 3822 enim
498 3790 620 3822 hilariter
633 3791 759 3823 Nunciis
780 3791 960 3831 Imperatoris
978 3797 1123 3838 praedicti,
1141 3800 1175 3831 &
1198 3800 1278 3838 ipsis,

214 3834 350 3867 tanquam
364 3841 380 3860 a
394 3831 479 3861 latere
493 3832 562 3861 tanti
575 3829 713 3869 Principis
734 3829 891 3871 destinatis,
910 3833 978 3865 ficut
1000 3835 1118 3868 decebat
1153 3839 1279 3869 honora-

214 3867 266 3905 tis,
283 3869 313 3912 in
331 3869 473 3909 praesentia
494 3868 665 3908 Magnatum
684 3868 867 3909 nostrorum,
885 3871 967 3903 nobis
990 3880 1057 3905 tunc
1076 3863 1279 3915 affi'fflentium,

213 3905 378 3941 praedictam
392 3907 519 3938 sororem
534 3907 662 3938 nostram
678 3908 771 3938 eidem
788 3907 955 3946 Imperatori
968 3911 1156 3945 concessimus
1171 3916 1201 3945 in
1210 3925 1280 3946 uxo—

214 3951 294 3987 rem3
305 3944 367 3987 *ipsa
382 3945 478 3976 sorore
489 3945 599 3985 nostra,
618 3946 654 3977 de
666 3947 812 3978 voluntate
827 3947 921 3978 nostra
932 3957 982 3986 per
996 3952 1082 3981 verba
1102 3952 1139 3983 de
1180 3954 1279 3984 raesen-

214 3987 291 4018 ti‚in
301 3982 395 4025 ipsum
409 3983 613 4022 Imperatorem
626 3985 818 4016 consentiente
833 3995 883 4024 per
898 3988 992 4017 virum
1003 3988 1154 4020 discretum
1187 4000 1280 4022 etrum

216 4018 256 4048 de
268 4017 360 4050 Vinea
371 4020 527 4053 Nuncium
542 4023 622 4061 ipsius
646 4023 841 4068 Imperatoris,
858 4025 1010 4063 specialiter
1031 4028 1066 4058 ad
1085 4028 1144 4059 hoc
1162 4028 1283 4060 destina-

217 4064 300 4101 tum,
316 4067 385 4088 cum
404 4059 542 4104 potestate
559 4062 753 4106 consentiendi
773 4064 803 4095 in
821 4063 910 4102 ipsam
927 4063 1055 4099 sororem
1065 4066 1210 4108 nostram,
1228 4079 1284 4101 no-

220 4104 300 4128 mine
315 4096 457 4136 saepedidti
470 4098 659 4138 Imperatoris.

1285 193 1750 247 PUBLICA.
2242 216 2321 258 125

1304 285 1366 329 Qi
1389 286 1522 330 quidem,
1541 290 1660 320 nomine
1679 290 1746 330 su0,
1763 292 1791 322 in
1812 292 1898 330 ipsam
1921 288 2024 324 mutuo
2038 302 2088 332 per
2102 288 2188 324 verba
2201 291 2237 322 de
2252 301 2323 330 prae-
2342 284 2416 319 Anu.
2429 287 2469 332 D.

1266 321 1335 367 senti
1358 329 1511 364 consensit,
1531 329 1615 370 &in
1637 330 1759 359 animam
1782 331 1905 368 ejusdem
1919 331 2096 370 Imperatoris
2106 332 2226 371 juravit,
2246 331 2323 368 quod
2369 331 2454 367 1236.

1269 363 1303 392 &
1325 363 1411 400 ipsam
1433 364 1550 394 duceret
1571 375 1600 394 in
1622 375 1739 396 uxorem
1753 392 1762 406 ,
1796 370 1829 399 &
1851 371 1879 399 in
1899 371 1969 401 facie
1988 370 2122 401 Ecclefiae
2144 369 2324 406 solempniter
2344 372 2405 395 Hen.
2430 377 2454 403 3,

1265 399 1455 440 desponsaret,
1473 412 1505 432 ac
1529 412 1591 433 eam
1614 404 1724 435 honore
1746 407 1882 444 imperiali
1899 419 1933 439 ac
1946 409 2099 440 affeftione
2115 407 2238 440 Maritali
2252 417 2324 437 trac-

1265 446 1343 469 taret.

1301 477 1352 508 Ut
1364 478 1448 515 igitur
1461 478 1496 509 de
1511 479 1642 517 processu
1656 484 1806 523 memorati
1819 486 1925 522 negotii
1949 486 2055 523 plenius
2073 485 2207 516 sanCtitati
2225 482 2326 515 vestrae

1267 516 1394 555 constet,
1415 517 1448 547 &
1470 518 1547 556 quod
1570 529 1585 548 a
1607 520 1724 549 coniih'o
1747 521 1841 551 vestro
1865 524 1993 553 recedere
2014 534 2073 554 non
2094 534 2241 561 curamuS,
2257 522 2326 552 sicut

1268 564 1323 585 nec
1345 555 1498 595 debemus,
1519 565 1653 595 quatenus
1674 559 1836 595 processum
1857 560 1897 589 est
1917 562 1945 590 in
1965 562 2103 598 praedictis
2124 573 2175 593 vos
2196 562 2328 591 duximus

1271 593 1482 632 certificandos,
1500 603 1603 626 attente
1619 604 1745 635 rogantes
1760 598 1792 627 δε
1813 597 1917 628 devote
1937 610 2070 637 quatenus
2092 601 2214 630 eundem
2232 599 2329 637 Impe-

1271 640 1410 676 ratorem,
1430 643 1481 670 pro
1502 634 1570 664 loco
1592 635 1625 665 &
1645 643 1702 664 tem
1723 645 1792 675 ore,
1808 646 1926 667 movere
1948 638 2036 667 velitis
2057 639 2089 669 &
2110 640 2260 676 inducere,
2280 645 2332 675 ut,

1270 680 1339 700 cum
1362 671 1454 701 eidem
1475 673 1504 702 in
1525 673 1659 703 omnibus
1680 684 1789 711 pacere
1814 674 1931 706 libenter
1945 677 2138 715 intendamus,
2157 677 2257 714 nobis,
2276 685 2330 706 vo·-

1270 709 1369 739 luntati
1384 709 1438 739 suae
1453 711 1486 740 ὃ(
1501 711 1604 741 honori
1619 713 1761 750 expolitis,
1781 713 1904 744 debitam
1917 714 2007 745 servet
2018 716 2188 753 amicitiam,
2205 716 2330 745 &corn-

1270 747 1393 791 moduni
1407 748 1502 785 Regni
1517 749 1605 779 nostri
1619 759 1767 790 procuret,
1787 753 1820 783 <Sc
1836 753 1943 782 utilitati
1958 753 2117 784 constanter
2137 752 2277 790 intendat,
2297 752 2330 782 &

1271 786 1430 828 potissime,
1446 787 1508 817 data
1525 790 1733 827 oportunitate,
1751 790 1784 819 ad
1800 792 1811 829 j
1817 801 1862 820 tua
1881 791 1975 822 nostra
1994 791 2181 824 recuperanda
2201 798 2332 829 potenter

1272 824 1354 854 nobis
1367 824 1474 854 assistat.
2063 826 2071 830 ⁴

1308 861 1458 906 Ira-quod,
1477 873 1511 893 ex
1524 864 1677 895 affeffiooe
1692 866 1825 905 fraterna,
1845 877 1928 906 quarn
1943 869 2025 899 nobis
2046 867 2217 907 ostenderit,
2234 868 2335 897 sentia-⁷

1272 910 1334 930 mus
1350 911 1378 930 in
1399 903 1583 933 matrimonio
1602 904 1740 940 praedicto
1761 916 1809 943 pei·
1833 907 1983 937 consilium
2005 906 2150 945 vestrum,
2168 905 2334 937 commodo

1270 938 1373 969 nostro
1388 940 1421 970 ὃς
1436 939 1540 971 honori
1553 942 1704 979 provideri.

1307 1014 1397 1044 Teste
1409 1014 1491 1054 Rege
1506 1017 1579 1053 apud
1593 1018 1636 1047 W
1640 1018 1903 1058 estmonasterium,
1921 1030 1955 1059 25
1972 1021 2018 1051 die
2034 1021 2147 1059 Aprilis.

1273 1135 1300 1163 ³&
1320 1136 1481 1183 Ejusmodi
1500 1141 1620 1172 Littera
1642 1141 1793 1184 Uniwtfis
1814 1143 1949 1174 Romame
1967 1142 2092 1184 Ecclcfiae
2115 1140 2338 1177 Cardinalibus.
2361 1140 2411 1166 *1-
2427 1139 2491 1175 3⁶0t

1277 1222 1339 1283 V

1348 1222 1543 1254 Enerabilibus
1566 1226 1707 1264 patribus,
1725 1227 1758 1256 &
1780 1227 1876 1256 amicis
1897 1227 1926 1256 in
1950 1226 2068 1256 Christo
2091 1226 2257 1264 karissimis,
2274 1228 2339 1256 uni·
2362 1223 2437 1253 Ann-
2450 1223 2490 1253 Dx

1359 1262 1442 1292 verlis
1456 1286 1466 1300 ‚
1494 1264 1527 1294 δι’
1549 1263 1658 1302 singulis
1673 1289 1683 1303 ,
1708 1263 1767 1294 Dei
1789 1266 1874 1304 gratia
1887 1287 1896 1303 ‚
1915 1264 2026 1295 Sancite
2042 1264 2185 1294 Romana:
2204 1265 2338 1295 Eccleliae
2382 1264 2467 1302 1236.

1277 1298 1471 1331 Cardinahbus
1485 1325 1494 1339 2
1513 1301 1654 1332 Henricus
1666 1327 1677 1342 ‚
1695 1303 1794 1333 eadem
1815 1304 1901 1341 gratia
1915 1328 1925 1341 ,
1943 1303 2009 1334 Rex
2029 1303 2142 1342 Angliae
2157 1328 2167 1342 ‚
2193 1305 2254 1333 &c.
2271 1303 2339 1333 salu-
2361 1306 2411 1329 Aa.
2427 1313 2471 1328 20-

1278 1344 1346 1367 tem.

2361 1345 2430 1377 ΗΞ

1314 1376 1499 1408 Universitati
1512 1379 1613 1409 vestrae
1624 1379 1809 1417 significamus
1824 1379 1919 1418 quod,
1938 1390 2006 1410 cum
2029 1379 2174 1410 Dominus
2194 1379 2268 1418 Papa
2289 1390 2342 1410 nu·
2361 1379 2497 1416 Ciaus-¹55⁴

1277 1425 1326 1453 per
1343 1425 1391 1453 per
1404 1416 1506 1447 litteras
1518 1418 1575 1448 suas
1587 1428 1639 1448 nos
1654 1427 1802 1458 moveret,
1822 1421 1856 1450 &
1872 1429 1925 1456 pro
1941 1418 2059 1449 consilio
2071 1419 2170 1449 salubri
2183 1429 2236 1449 nos
2257 1419 2340 1455 iigni-
2362 1421 2395 1444 H·
2415 1424 2473 1454 3·P·

1277 1453 1390 1492 ficaret,
1407 1454 1486 1493 quod
1507 1455 1641 1486 dilectam
1663 1457 1791 1488 sororem
1813 1456 1941 1488 nostram
1962 1457 2106 1488 isabellam
2125 1458 2233 1488 dilecto
2245 1459 2342 1487 amico
2365 1465 2390 1482 2·
2409 1465 2444 1484 m·
2470 1461 2498 1490 ἴα

1278 1492 1380 1523 nostro
1397 1493 1549 1525 Frederico
1564 1495 1621 1525 Dei
1655 1497 1736 1534 ratia,
1759 1497 1819 1527 &c.
1835 1495 2059 1527 concederemus
2072 1497 2101 1526 in
2118 1506 2253 1534 uxorem,

1322 1531 1391 1562 Nos
1408 1533 1582 1564 attendentes
1603 1535 1630 1563 in
1653 1534 1791 1565 ubitanter
1813 1534 1891 1572 quod
1906 1559 1916 1573 ,
1941 1545 1993 1573 pro
2015 1535 2212 1565 sublimatione
2232 1533 2344 1572 nostra,

1281 1570 1394 1601 honore
1414 1572 1518 1610 etiam,
1536 1573 1570 1604 δε
1590 1573 1707 1604 utilitate
1726 1572 1823 1612 Regni
1844 1572 1950 1606 nostri,
1970 1583 2034 1611 quae
2048 1582 2082 1603 ex
2097 1573 2347 1604 confoederatione

1282 1610 1352 1639 tanti
1367 1608 1506 1647 Principis
1522 1611 1658 1649 consequi
1670 1613 1843 1650 poterimus,
1860 1612 1925 1642 inde
1948 1621 2018 1650 nos,
2037 1612 2075 1642 sui
2097 1613 2200 1651 gratia,
2217 1612 2349 1642 sollicita-

1281 1649 1369 1685 verit,
1388 1650 1504 1679 monitis
1518 1650 1552 1681 &
1567 1650 1687 1681 consiliis
1704 1650 1831 1681 Domini
1846 1650 1929 1688 Papae
1951 1659 2111 1681 reverenter
2132 1650 2347 1689 adquievimus,

1284 1687 1317 1716 &
1334 1688 1519 1718 matrimonio
1534 1688 1730 1720 contrahendo
1744 1690 1816 1719 inter
1832 1688 2351 1728 pi·aedi&um1mperatorem,&prat*

1285 1724 1391 1756 distam
1403 1726 1534 1757 sororem
1548 1727 1674 1758 nostram
1689 1728 1888 1759 consensimus.

1320 1763 1359 1794 Et
1381 1765 1411 1794 in
1430 1766 1548 1805 negotio
1568 1766 1707 1803 praediCto
1730 1774 1843 1797 eatenus
1869 1766 2032 1804 processum
2048 1766 2105 1806 est,
2126 1766 2206 1806 quod
2220 1766 2355 1805 praediffli

1284 1802 1364 1832 soror
1383 1803 1497 1842 nostra,
1514 1814 1564 1842 per
1584 1805 1670 1835 verba
1688 1805 1725 1835 de
1746 1805 1888 1843 praesenti,
1907 1806 1936 1835 in
1957 1806 2048 1844 ipsum
2063 1805 2270 1844 Imperatorem
2282 1815 2355 1835 con-

1287 1841 1368 1871 sensit
1383 1852 1433 1880 per
1449 1844 1543 1873 virum
1559 1843 1710 1874 discretum
1727 1843 1846 1874 Petrum
1861 1844 1896 1873 de
1910 1843 2019 1883 Vinea,
2037 1844 2072 1874 N
2075 1846 2195 1874 uncium
2208 1844 2356 1882 ipsiusIm==

1290 1882 1424 1918 peratoris
1444 1905 1453 1918 ‚
1488 1882 1639 1919 specialiter
1661 1883 1695 1912 ad
1717 1882 1775 1913 hoc
1797 1882 1966 1912 destinatum
1989 1892 2057 1913 cum
2077 1882 2216 1920 potestate
2238 1883 2357 1913 consens

1287 1918 1375 1962 tiendi
1396 1920 1425 1949 in
1446 1920 1533 1958 ipsam
1555 1921 1681 1951 sororem
1702 1920 1830 1951 nostram
1843 1946 1853 1959 ,
1885 1922 2003 1951 nomine
2028 1921 2172 1959 sepedicti
2199 1920 2357 1959 imperato«

1289 1967 1333 1987 ris.

1326 1996 1390 2034 Qii
1406 1996 1541 2036 quidem,
1558 1998 1676 2028 nomine
1690 1997 1757 2036 fiio,
1776 1997 1805 2028 in
1821 1998 1907 2036 ipfiim
1923 1999 2045 2036 mutuo,
2061 2008 2111 2036 per
2123 1997 2211 2030 vei-ba
2227 1997 2264 2029 de
2286 2007 2359 2036 prae=

1288 2032 1373 2073 senti,
1392 2035 1547 2073 consensit,
1567 2038 1600 2067 ὃς
1616 2037 1645 2066 in
1658 2037 1781 2067 animam
1802 2037 1925 2075 ejusdem
1947 2036 2126 2074 Imperatoris
2142 2038 2261 2075 juravit,
2281 2036 2361 2075 quod

1289 2073 1376 2110 ipsam
1397 2073 1515 2105 duceret
1530 2075 1560 2104 in
1580 2084 1701 2105 uxorein
1714 2100 1723 2114 ,
1750 2076 1784 2106 ὃς
1805 2076 1833 2105 in
1854 2076 1927 2105 facie
1949 2075 2085 2105 Ecclesiae
2108 2075 2288 2114 solempniter
2309 2075 2359 2105 des

1291 2112 1448 2152 spons-aret,
1462 2123 1496 2143 ac
1515 2122 1579 2143 earn
1600 2114 1712 2144 honore
1733 2113 1888 2152 Imperiali,
1907 2116 1940 2146 ὃς
1963 2113 2117 2145 affectione
2131 2115 2248 2144 maritali
2261 2114 2361 2144 uaera-

1291 2158 1343 2181 ret.

1330 2188 1486 2227 Cupientes
1512 2191 1595 2230 igitur
1616 2191 1782 2229 processum
1804 2192 1954 2223 memorati
1976 2201 2012 2221 ne
2031 2192 2084 2222 otii
2101 2190 2135 2221 ad
2151 2192 2283 2221 notitiam
2298 2198 2361 2221 vess

1291 2236 1365 2260 tram
1379 2230 1548 2267 pervenire,
1566 2229 1632 2260 inde
1646 2241 1699 2261 vos
1713 2230 1843 2262 duximus
1858 2230 2001 2261 certifican
2022 2241 2072 2268 os,
2091 2239 2220 2269 rogantes
2235 2231 2363 2260 attentius

1295 2269 1425 2306 quatinus
1446 2268 1552 2306 placeat
1572 2269 1671 2308 vobis,
1690 2279 1744 2308 pro
1757 2269 1826 2300 loco
1841 2271 1874 2301 ὃ(
1890 2278 2039 2307 ternpore,
2055 2270 2225 2307 praedictum
2238 2268 2364 2306 Impera-

1293 2313 1389 2336 torem
1404 2316 1540 2345 movere,
1559 2308 1592 2339 ὅτ.
1607 2307 1678 2339 sicut
1692 2309 1804 2347 expedit
1816 2308 1966 2346 inducere,
1982 2310 2072 2346 quod,
2097 2308 2168 2339 ficut
2181 2309 2211 2337 in
2226 2308 2363 2338 omnibus

1294 2345 1389 2375 eidem
1401 2346 1512 2383 placere
1524 2348 1618 2376 sumus
1633 2348 1766 2386 expositi,
1782 2347 1907 2377 debitam
1928 2348 2010 2378 nobis
2032 2347 2120 2377 servet
2141 2347 2309 2377 amicitiam:
2330 2348 2364 2377 &

1295 2384 1329 2414 ad
1338 2385 1400 2422 jura
1417 2384 1514 2415 nostra
1526 2385 1731 2424 recuperanda,
1748 2386 1811 2416 data
1824 2387 2034 2424 oportunitate,
2053 2394 2185 2423 potenter
2197 2395 2231 2415 ac
2247 2385 2363 2423 utiliter,

1295 2422 1365 2453 sicut
1386 2431 1513 2461 tenetur,
1530 2424 1613 2454 nobis
1633 2424 1742 2455 assistat.
1779 2423 1818 2455 Et
1841 2424 1920 2468 quod
1942 2424 2086 2454 Dominus
2103 2423 2177 2466 Papa
2191 2424 2268 2454 idem
2281 2424 2364 2454 faciat

1298 2470 1451 2499 procurare
1464 2462 1571 2500 velitis,
1590 2463 1627 2493 ita
1642 2463 1737 2502 quod,
1753 2472 1788 2493 ex
1804 2463 1987 2493 matrimonio
1995 2462 2136 2500 praesenti,
2156 2464 2304 2493 ientiamus
2312 2462 2366 2492 ho-

1298 2501 1362 2530 nori
1378 2500 1502 2531 similiter
1517 2501 1550 2531 &
1565 2501 1726 2532 commodo
1740 2501 1840 2532 nostro
1854 2501 2005 2539 provideri.

1337 2575 1427 2608 Teste
1439 2577 1523 2617 Rege
1538 2577 1611 2618 apud
1627 2577 1937 2617 VVestmonasterium,
1953 2586 1989 2617 25
2004 2577 2050 2608 die
2065 2576 2177 2616 Aprilis.

1300 2720 1496 2765 Imperatoris
1523 2719 1714 2753 Mandatum
1753 2722 1838 2753 Daci
1863 2717 2029 2753 Brabantiae
2060 2720 2096 2753 de
2134 2721 2300 2768 recipienda
2335 2725 2369 2755 J-

1341 2766 1479 2813 sabella,
1497 2769 1602 2814 sorore
1625 2772 1713 2816 Regis
1737 2771 1887 2812 Henrici,
1915 2772 1951 2807 ὠ*
1978 2768 2150 2803 deducenda
2171 2770 2215 2804 ad
2230 2773 2369 2817 Impera-

1348 2827 1362 2849 t
1363 2829 1443 2850 orem
1446 2840 1454 2851 ι

1305 2908 1449 2972 NOS
1474 2908 1635 2951 Henricus,
1654 2909 1724 2942 Dux
1740 2910 1912 2950 Brabantiae,
1929 2922 1978 2950 per
1987 2912 2104 2950 praesens
2117 2911 2254 2953 scriptum
2268 2921 2372 2944 notum

1401 2951 1461 2981 fieri
1482 2950 1617 2982 volumus
1638 2951 1787 2989 universis,
1806 2951 1952 2988 praesentes
1973 2951 2073 2982 litteras
2096 2951 2142 2981 ins
2156 2954 2274 2990 ecturis,
2293 2952 2372 2991 quod

1305 3000 1322 3020 a
1344 2989 1479 3020 Domino
1500 2988 1601 3019 nostro
1624 2988 1793 3027 Frederico,
1813 2989 1871 3020 Dei
1891 2991 1975 3028 gratia
1988 3012 1998 3028 ,
2014 2989 2113 3020 invisti
2138 3000 2199 3020 imo
2220 2991 2373 3022 Rornano-

1309 3038 1373 3059 rum
1387 3028 1561 3066 Imperatore
1574 3027 1683 3065 semper
1699 3027 1845 3067 Augusto,
1860 3028 2013 3066 Jerusalem
2028 3029 2062 3059 ὃς
2082 3028 2186 3059 Siciliae
2204 3029 2306 3070 Rege,
2325 3040 2374 3068 per

1310 3068 1396 3098 sacras
1415 3067 1516 3097 litteras
1537 3067 1610 3104 suas,
1628 3068 1661 3097 &
1683 3075 1734 3104 per
1756 3066 1926 3105 Magistrum
1947 3066 2064 3097 Petrum
2086 3066 2122 3097 de
2136 3066 2243 3106 Vinea,
2262 3077 2372 3108 magnae

1310 3105 1463 3143 Imperialis
1485 3105 1581 3135 Curia:
1598 3104 1732 3142 Judicem
1748 3129 1757 3142 ,
1776 3105 1896 3135 latorem
1918 3115 2016 3136 earum
2029 3129 2040 3144 ,
2067 3107 2227 3144 recepimus
2244 3108 2274 3137 in
2294 3115 2374 3136 man—

1310 3144 1387 3213 datisf
1400 3152 1432 3175 ut
1451 3143 1485 3174 ad
1505 3142 1641 3173 illustrem
1664 3143 1778 3183 Regem
1798 3143 1909 3183 Angliae
1927 3143 2094 3175 deberemus
2121 3146 2301 3183 personaliter
2321 3155 2374 3175 nos

1311 3191 1369 3214 con
1382 3193 1456 3213 erre·

1346 3221 1406 3252 Pro
1427 3207 1485 3252 re’ci
1507 3219 1587 3250 ienda
1609 3218 1740 3250 Domina
1761 3219 1889 3260 Isabella,
1905 3221 2002 3252 sorore
2025 3221 2114 3261 Regis
2132 3220 2272 3260 ejusdem,
2291 3231 2377 3259 quam

1332 3260 1439 3291 raefatus
1494 3259 1590 3298 agister
1603 3257 1701 3289 Petrus
1713 3258 1749 3289 de
1761 3259 1868 3299 Vinea,
1887 3269 2031 3299 tamquam
2045 3260 2166 3298 specialis
2179 3262 2212 3291 δε
2237 3261 2377 3300 legitimus

1339 3307 1485 3329 rocurator
1505 3297 1682 3336 Imperatoris
1703 3297 1841 3337 ejusdem,
1858 3299 1992 3329 consensu
2014 3300 2049 3328 ab
2067 3309 2114 3336 ea,
2133 3299 2166 3329 St
2186 3300 2214 3327 in
2229 3308 2309 3337 eam,
2325 3309 2374 3337 per

1312 3338 1398 3368 verba
1411 3337 1447 3367 de
1462 3336 1603 3374 praesenti,
1623 3335 1737 3374 habito,
1756 3337 1929 3368 sacramento
1943 3338 2028 3367 etiarn
2048 3336 2231 3374 corporaliter
2250 3338 2376 3375 praestito

1311 3378 1340 3406 in
1354 3377 1447 3406 anima
1463 3378 1496 3406 ὅ(
1510 3375 1628 3404 nornine
1643 3375 1722 3412 ipsius
1738 3375 1917 3413 Imperatoris
1952 3376 2078 3414 legitime
2099 3374 2290 3414 desponsavit,
2308 3386 2377 3406 nec-³

1311 3424 1371 3444 non
1387 3416 1420 3446 &
1434 3424 1485 3452 pro
1500 3413 1597 3443 eadem
1613 3412 1743 3443 Domina
1756 3417 1790 3444 ad
1807 3414 1896 3452 ipsum
1911 3400 2077 3444 Dominum
2092 3412 2314 3453 Imperatorem,
2334 3415 2378 3445 fe*

1312 3453 1412 3484 licibus
1427 3452 1550 3490 auspiciis
1565 3451 1738 3482 deducenda.

1350 3491 1519 3529 Recipimus
1531 3491 1615 3520 etiam
1629 3491 1658 3520 in
1671 3490 1805 3521 mandatis
1819 3499 1834 3519 a
1849 3489 1983 3520 Domino
1997 3487 2172 3527 Imperatore
2183 3490 2318 3530 praefato,
2336 3500 2378 3530 ut,

1311 3531 1430 3560 nomine
1450 3530 1500 3560 suo
1512 3552 1522 3567 ,
1547 3531 1580 3560 &
1602 3530 1630 3558 in
1651 3531 1708 3568 ejus
1726 3530 1819 3559 anima
1834 3551 1843 3566 ,
1858 3529 2014 3570 juraremus
2039 3528 2116 3570 quod
2137 3528 2193 3569 ipse
2210 3529 2377 3567 praedictam

1311 3567 1471 3599 Dominam
1485 3570 1514 3598 in
1528 3567 1598 3598 facie
1611 3567 1744 3598 Ecclesiae
1764 3568 1944 3603 solempniter
1962 3565 2153 3605 deipoiiiabit,
2172 3568 2206 3598 &
2227 3570 2379 3599 coronabit

1311 3607 1449 3675 eansdegn,
1468 3608 1501 3637 &
1524 3606 1604 3645 quod
1627 3607 1714 3645 ipsam
1738 3605 1874 3645 Imperiali
1896 3605 2023 3642 honore,
2042 3606 2075 3635 ὃς
2095 3605 2251 3638 αῑῑεᾶἰοηε
2261 3608 2379 3638 maritali

1310 3655 1367 3677 trac
1382 3656 1396 3675 a
1418 3655 1447 3676 it.

1351 3684 1388 3714 Et
1403 3706 1413 3722 ,
1437 3684 1456 3713 si
1475 3682 1570 3720 forte,
1594 3682 1672 3720 quod
1702 3682 1771 3713 absit
1785 3704 1794 3720 ,
1821 3683 1999 3723 contingeret
2027 3681 2229 3720 Imperatorem
2252 3684 2377 3716 eundern

1314 3724 1389 3761 prius
1401 3725 1431 3752 in
1445 3722 1500 3752 fata
1513 3720 1691 3759 concedere,
1708 3730 1793 3760 quam
1806 3720 1940 3760 praedicta
1956 3721 2053 3750 omnia
2067 3723 2284 3761 compleantur,
2299 3723 2377 3762 quod

1314 3762 1445 3792 Domina
1456 3761 1510 3798 ipsa
1524 3761 1552 3789 in
1568 3759 1706 3798 Regnum
1720 3759 1832 3798 Anglice
1847 3759 1943 3789 secure
1958 3760 1991 3789 &
2006 3759 2095 3790 libere
2107 3760 2266 3793 reducetur.

1353 3800 1372 3819 ’ἕ
1394 3798 1485 3837 Qod
1506 3799 1710 3828 sacramentum
1731 3807 1783 3828 nos
1806 3797 1932 3835 praefatus
1956 3796 2041 3836 Dux,
2062 3799 2122 3829 tam
2135 3799 2170 3829 de
2184 3799 2316 3831 Domina
2329 3799 2378 3830 de-

1314 3837 1482 3876 sponsanda,
1501 3840 1534 3868 &
1549 3835 1712 3867 coronanda
1724 3847 1740 3866 a
1754 3835 1889 3866 Domino
1907 3835 2093 3876 imperatore,
2111 3838 2196 3876 quam
2219 3839 2254 3869 de
2277 3849 2308 3869 ea
2330 3848 2379 3878 pei·

1317 3885 1420 3907 terram
1439 3876 1566 3906 nostram
1587 3874 1715 3905 ducenda
1735 3874 1770 3905 ad
1791 3884 1872 3912 eum,
1894 3876 1945 3912 &,
1967 3875 1985 3905 sl
2008 3875 2114 3906 linister
2137 3878 2212 3907 casus
2225 3877 2379 3914 accideret,

1318 3914 1494 3952 reducenda,
1513 3913 1592 3944 tactis
1605 3912 1782 3946 sacrosanffls
1795 3913 1969 3953 Evangeliis,
1988 3915 2016 3944 in
2030 3915 2173 3953 praeseritia
2192 3915 2297 3953 praefati
2320 3915 2381 3944 Re-

1340 3954 1360 3983 is
1380 3953 1492 3991 Angliae
1512 3950 1659 3982 existentes
1671 3976 1680 3990 ,
1706 3952 1884 3990 praesentibus
1904 3952 2010 3983 ibidem
2031 3955 2235 3993 venerabilibus
2258 3953 2382 3991 patribus

1319 3963 1355 4021 ᾗ.
1376 3989 1509 4021 Cantuar.
1532 3990 1714 4028 Archiepisco
1763 4014 1773 4028 ,
1787 3990 1815 4028 J.
1838 3990 1956 4021 Batlion.
1979 3991 2017 4022 R.
2042 3992 2181 4023 Dunolm.
2202 3991 2240 4021 R.
2259 3991 2380 4022 Cicestr.

1321 4030 1445 4059 Domini
1467 4028 1554 4068 Regis
1571 4027 1684 4066 Angliae
1736 4028 1885 4059 ancellario
1934 4030 1987 4061 W.
2007 4029 2121 4061 Carless.
2143 4029 2314 4068 Episcopis3
2341 4029 2379 4059 R.

1321 4067 1443 4097 Comite
1463 4066 1622 4098 Cornubiae
1642 4068 1726 4099 fratre
1746 4067 1874 4106 praedisti
1892 4053 1980 4108 Regis
2003 4066 2113 4109 Angliae
2127 4091 2136 4105 ,
2165 4067 2207 4098 H.
2229 4069 2266 4098 de
2285 4068 2381 4107 Burgo

1323 4105 1443 4137 Comite
1456 4105 1626 4146 Kantiae,&
1641 4105 1683 4139 H.
1697 4105 1817 4138 Comite
1830 4106 1984 4139 Hereford.
1996 4107 2032 4139 &
2046 4105 2141 4139 multis
2153 4107 2209 4139 aliis
2222 4107 2382 4144 nobilibuS‚

1805 4145 1873 4186 (λς
2344 4140 2387 4172 fe·

2396 2915 2473 2948 Ann.
2483 2914 2523 2948 D

2424 2957 2509 2996 1236.

2395 3001 2448 3023 An.
2463 3006 2508 3023 20.

2393 3040 2427 3062 H.
2452 3042 2477 3071 3.

2393 3073 2528 3109 Clausit>-

2396 3116 2429 3139 H.
2442 3117 2529 3148 3.p.2‹

2397 3160 2433 3179 m.
2448 3160 2475 3183 4-

2402 3820 2418 3836 ⁸
2431 3814 2455 3849 I.
2470 3817 2533 3856 361.
