2570 4261
618 187 745 228 ET
827 190 1146 231 ACTA
1236 187 1812 232 PUBLICA.

17 263 93 296 Ann.
107 261 147 292 D.

44 301 126 343 1308.

19 343 84 370 Edu.
92 349 118 367 2.

172 277 234 307 teris
249 274 406 305 Parentibus
421 273 620 312 praeditstorum
633 273 744 304 Decani
766 275 798 305 ὃς
814 273 955 312 Capituli,
972 274 1051 313 quod
1073 273 1108 304 de
1129 281 1234 304 caetero

174 316 203 345 in
219 313 409 343 vacationibus
424 312 544 349 ejusdem
560 311 691 342 Ecclesia:
705 323 762 342 non
778 313 973 352 procedentad
988 312 1170 349 elestionem,
1189 312 1234 341 ni-

173 354 193 383 si
207 352 289 390 petita
310 351 381 388 prius
397 351 521 387 anobis,
539 350 584 380 vel
608 350 763 380 haeredibus
784 350 882 381 nostris
900 350 1012 381 licentia
1031 350 1168 389 eligendi,
1185 350 1234 387 &,

174 391 238 429 post
252 389 419 419 elediionem
435 388 510 418 suam
520 412 529 426 ,
546 387 674 417 nostrum
689 388 733 418 vel
756 388 897 418 haeredum
917 387 1077 418 nostrorum
1097 389 1234 427 requirent

173 427 325 465 assensum,
342 427 376 456 &
387 425 453 463 alia,
471 436 534 464 quae
549 426 577 455 in
598 425 694 456 talibus
711 427 900 464 requiruntur,
920 425 1121 464 observabunt,
1139 426 1233 458 eidem

172 466 314 505 Episcopo
330 463 493 501 temporalia
507 463 640 502 praedie‘ca
653 463 769 494 liberetis
778 487 788 502 ,
806 464 873 494 ficut
889 464 1055 502 praedictum
1072 463 1122 494 est.

212 541 300 573 Teste
317 540 400 578 Rege
414 540 486 578 apud
500 539 694 581 Wyndesore,
714 548 757 579 15.
773 539 818 585 die
830 539 903 579 julii.

223 617 253 648 T
269 616 432 647 mandatum
446 615 486 646 est
501 615 646 653 militibus,
663 615 753 646 liberis
767 616 942 653 hominibus,
961 616 1000 646 ’δε
1012 616 1142 645 omnibus
1163 615 1238 652 aliis,

242 655 399 687 tenentibus
410 654 445 684 de
461 653 597 692 praedicto
612 653 636 684 E
656 654 777 692 iscopatu
787 678 796 692 ,
815 654 890 692 quod
905 653 995 684 eidem
1007 653 1138 683 Gilberto
1150 676 1159 690 ,
1177 662 1236 682 tan-

177 704 264 732 quam
281 693 422 731 Episcopo
435 693 467 723 &
483 691 617 722 Domino
642 703 694 730 uo,
711 695 739 722 in
756 692 904 730 omnibus,
923 701 985 729 quae
998 691 1031 721 ad
1038 691 1236 730 Episcopatum

178 733 259 801 ὲΗὲὶῑη
275 733 435 775 pertinent,
459 730 630 761 intendentes
647 730 699 761 sint
721 731 753 761 &
774 730 983 768 respondentes,
1000 731 1029 759 in
1049 728 1141 760 forma
1165 738 1238 766 prae-

198 782 206 801 1
238 781 260 800 a.

217 808 250 839 In
266 808 361 845 cujus,
379 807 440 837 &c.

214 882 302 915 Teste
323 891 353 914 ut
365 882 453 921 supra.

182 1015 240 1050 Ad
259 1020 372 1064 Papam
390 1029 446 1065 pro
469 1016 645 1098 Fredericol‚
671 1017 854 1062 Manfredi,
879 1015 1029 1063 quondam
1055 1019 1142 1062 Regis
1161 1020 1239 1049 Sici-

629 1069 677 1108 iae,
704 1067 791 1100 Filio.

29 1153 104 1185 Ann.
118 1150 158 1182 D.

51 1192 135 1231 1303.

29 1234 100 1259 Ana
120 1251 127 1257 .

31 1273 61 1298 R
81 1278 107 1294 2.

31 1311 137 1335 Rom.2.

31 1349 61 1373 E.
88 1355 112 1373 2.

9 1385 15 1391 ‘
31 1392 71 1411 m.
87 1392 114 1417 7.

226 1149 321 1181 APAE
340 1150 418 1189 Rex,
436 1151 537 1181 devota
556 1150 663 1180 Pedum
678 1150 769 1181 oscula
782 1150 936 1181 Beatorum.

263 1190 344 1220 Dum
365 1190 398 1220 ad
422 1199 517 1226 graves
540 1186 740 1226 persecutiones
763 1189 795 1219 ὃς
816 1188 967 1225 angustias,
985 1197 1050 1226 quas
1068 1187 1182 1218 Nobilis
1200 1189 1242 1219 vir

180 1228 339 1260 Fredericus
347 1250 357 1266 ,
374 1233 452 1258 natus
464 1227 607 1265 quondam
624 1225 767 1257 Manfredi
784 1227 871 1263 Regis
883 1226 986 1256 Siciliae
994 1248 1005 1264 ,
1014 1225 1242 1262 Consanguineus

181 1266 274 1298 noster
282 1276 368 1305 ,non
381 1265 420 1296 sui
437 1264 525 1295 reatus
544 1265 662 1302 merito,
684 1264 721 1294 set
734 1265 870 1295 saevientis
894 1265 982 1302 potius
997 1263 1114 1303 fortunae
1129 1264 1240 1303 injuria,

182 1306 280 1336 divino
295 1313 380 1342 nutu,
397 1304 516 1341 diutius,
532 1310 561 1332 ut
578 1303 698 1333 vestram
713 1312 770 1332 non
784 1303 920 1333 credimus
942 1303 1022 1332 latere
1037 1301 1222 1332 Clementiam
1232 1327 1241 1340 ,

182 1344 223 1374 est
239 1341 391 1381 perpessus,
409 1342 442 1372 ὃς
457 1341 490 1371 ad
506 1340 627 1377 ejusdem
644 1340 784 1370 Frederici
802 1340 901 1371 statum
924 1340 1060 1370 humilem
1081 1341 1113 1370 &
1136 1340 1242 1378 depres-

182 1383 242 1412 sum
254 1381 355 1411 nostrae
368 1379 591 1420 considerationis
605 1380 734 1410 intuitum
742 1378 905 1415 dirigimus,
923 1379 1009 1416 intus,
1027 1379 1055 1408 in
1065 1378 1150 1409 corde
1159 1389 1242 1409 com-

184 1421 357 1458 pungimur,
374 1418 406 1448 &
422 1418 449 1448 ei
466 1417 603 1447 nimirum
618 1418 806 1454 compatimur
820 1426 853 1446 ex
868 1415 979 1446 affeetu.

224 1457 440 1496 Quamobrem,
458 1455 597 1485 desirantes
614 1455 692 1493 ipsius
708 1455 845 1485 Frederici
859 1455 1023 1491 indigentiae
1035 1454 1188 1492 subveniri,
1205 1455 1242 1484 ne

185 1495 269 1526 Filius
283 1496 350 1525 tanti
364 1494 453 1530 Regis
462 1493 644 1531 compellatur
657 1502 752 1532 egere,
769 1493 858 1532 ipsum
871 1493 969 1524 vestrae
982 1491 1156 1531 Apostolicae
1171 1492 1242 1524 Mu-

183 1533 333 1564 nificentiae
345 1526 475 1563 duximus
489 1531 761 1562 commendandum.

223 1571 388 1602 Beatitudini
409 1569 507 1601 vestrae
526 1570 627 1600 devota
651 1569 776 1600 instantia
797 1568 993 1607 supplicantes,
1009 1570 1150 1608 quatinus,
1169 1570 1244 1600 circa

186 1609 270 1640 status
284 1610 403 1649 ejusdem
418 1608 555 1638 Frederici
571 1607 783 1645 relevationem,
800 1609 899 1638 vestrae
913 1607 1077 1637 liberalitatis
1097 1607 1245 1645 providen-

186 1650 223 1679 tia
236 1649 362 1693 dignetur
375 1648 462 1678 taliter
477 1647 618 1684 ordinare,
636 1646 729 1684 quod,
746 1655 780 1676 ex
797 1645 888 1676 nostrii
909 1645 1115 1684 intercessione,
1132 1647 1245 1676 uberio-

186 1688 222 1717 ris
224 1696 339 1756 ngiii'oe
353 1686 476 1756 Ὲωᾶὅιὲπ]
489 1696 503 1715 a
518 1683 606 1716 vestra
624 1684 774 1715 Sanffiraoe
789 1683 814 1714 se
826 1684 919 1715 sentiat
932 1683 1090 1722 reportasse.

304 1733 398 1764 ervet,
449 1734 476 1755 c.

225 1801 295 1833 Dat.
307 1801 383 1840 apud
396 1799 568 1842 Wyndesor,
586 1809 631 1839 17.
647 1799 695 1830 die
709 1798 784 1839 Julii.

198 1931 259 1968 Ad
289 1935 405 1980 Papam
438 1932 623 1979 Responsbriae
639 1932 729 1977 fitper
751 1927 937 1964 Liberatione
960 1931 1185 1977 Epssvporum,
1211 1934 1249 1969 ὠ·

412 1980 448 2014 de
469 1978 643 2015 Annalibus
663 1984 695 2013 in
717 1980 835 2026 Anglia
851 1978 1027 2025 colligendis.

248 2067 304 2099 ΑΡ
315 2065 356 2097 AE
373 2065 437 2097 Rex
468 2066 528 2098 &c.

272 2106 344 2136 Odit
361 2089 459 2136 Ffflaii's
475 2105 608 2142 devotio,
625 2112 710 2143 quam
724 2101 758 2134 ad
773 2101 934 2141 praedie‘tam
949 2101 1118 2133 Romanam
1133 2101 1253 2133 Ecclesi-

43 2145 97 2171 ΑΒ·
116 2151 140 2168 2·
191 2155 256 2183 am,
276 2145 401 2175 Martem
413 2143 554 2182 nostram,
572 2144 711 2180 gerimus,
730 2143 877 2180 quicquam
894 2139 998 2179 facere,
1017 2151 1064 2178 per
1087 2141 1163 2178 quod
1180 2142 1251 2170 inter

27 2184 75 2222 ,1¹3-
94 2189 119 2206 2·
192 2184 278 2221 ipsam
293 2183 326 2213 &
337 2192 406 2220 nos,
425 2182 617 2219 Regnumque
633 2180 778 2217 nostrum,
798 2179 851 2209 ulla
865 2180 974 2209 materia
988 2177 1076 2218 posset
1091 2179 1252 2218 quomodo-

44 2222 116 2246 Rom.
146 2226 172 2243 ²·
193 2222 263 2252 libet
280 2221 413 2259 suboriri,
431 2220 573 2251 dislidium
588 2220 622 2250 &
636 2219 737 2249 odium
750 2218 877 2256 paritura.

46 2260 77 2284 Ε·
88 2265 160 2284 2·m·
232 2259 277 2290 Ad
291 2261 364 2290 hanc
379 2267 472 2289 autem
487 2258 690 2295 devotionem,
707 2266 740 2287 ac
759 2256 839 2293 ipsius
851 2254 911 2285 Piae
927 2254 1026 2285 Matris
1045 2255 1160 2286 honoris
1179 2266 1252 2286 con—

47 2302 75 2331 7-
196 2297 380 2328 servationem
389 2320 399 2336 ,
417 2298 606 2334 unitatemque
622 2297 698 2333 pacis
709 2296 742 2326 &
758 2293 923 2324 concordiae
935 2316 944 2332 ,
970 2294 1108 2324 faciendas
1123 2304 1176 2331 pro
1188 2295 1254 2324 viri-

43 2063 117 2096 Ann.
133 2061 175 2094 D.

63 2103 148 2143 1308.

193 2337 259 2374 bus,
275 2337 308 2367 δε
322 2335 478 2374 servandas,
496 2335 555 2365 tam
572 2333 731 2364 nostrorum
746 2332 963 2370 Progenitorum
979 2332 1162 2362 memoranda
1178 2333 1254 2369 prio·
1294 2338 1315 2368 11

193 2376 274 2413 ritas,
293 2375 378 2414 quain
394 2373 470 2404 Sedis
490 2372 663 2413 Apostolicae
685 2372 857 2408 benignitas,
875 2372 904 2400 in
926 2369 1024 2400 nostris
1036 2371 1150 2408 agendis
1169 2371 1255 2402 exhu-

195 2413 310 2451 berans,
330 2422 381 2443 nos
394 2413 514 2442 excitant
526 2411 681 2449 propensius
693 2410 726 2440 &
741 2409 887 2439 inducunt.

234 2450 316 2481 Pater
331 2449 522 2488 Sanffiffime,
539 2449 649 2487 pridem
662 2447 761 2478 vestrae
783 2445 960 2477 Beatitudinis
981 2446 1112 2485 Litteras,
1130 2456 1179 2484 per
1197 2444 1258 2477 Ve-

198 2490 350 2519 nerabilem
368 2489 471 2519 Virum
484 2511 494 2526 ,
521 2487 690 2525 Magistrum
712 2485 858 2515 Sicardum
879 2484 915 2515 de
937 2484 1031 2514 Vauro
1044 2507 1054 2523 ,
1072 2484 1259 2516 Archidiaco-

197 2537 269 2558 num
285 2527 451 2565 Coi-bariae,
465 2527 496 2556 in
509 2525 634 2556 Ecclesia
647 2523 825 2555 Narbonensi
834 2546 843 2562 ,
862 2521 904 2553 Ca
925 2522 1044 2553 ellanum
1058 2523 1258 2561 vestrum,no-

196 2566 240 2596 bis
254 2565 359 2603 missas,
376 2565 500 2602 honore,
517 2574 573 2602 quo
589 2563 700 2602 decuit,
717 2563 889 2600 recepimu53
930 2569 1031 2592 aternae
1044 2561 1196 2591 dulcedinis
1210 2570 1258 2591 ex-

188 2604 368 2634 'hortationes
380 2605 412 2635 &
427 2603 598 2635 credentiam
606 2625 616 2640 ,
633 2611 718 2640 quam
731 2600 807 2631 idem
816 2599 1037 2631 Archidiaconus
1043 2600 1125 2629 nobis
1140 2609 1173 2629 ex
1182 2608 1258 2638 parte

55 2642 72 2676 ‚⁶
83 2641 184 2676 III-97·
201 2642 290 2674 vestra
301 2641 440 2681 exposuit,
455 2641 474 2662 ²*
491 2640 662 2679 audivimus,
679 2639 711 2670 ὅτ
725 2638 907 2669 intelleximus
922 2648 1006 2676 quam
1023 2639 1156 2675 benigne.

241 2680 330 2711 Porro
336 2681 428 2720 super,
441 2690 495 2718 eo,
514 2679 589 2718 quod
597 2678 681 2709 dieite
696 2678 790 2708 litterae
805 2676 904 2708 vestrae
917 2677 1115 2714 continebant,
1133 2676 1207 2714 quod
1223 2675 1258 2706 ad

205 2719 395 2750 nunciandum
409 2717 505 2749 vestrae
521 2717 690 2748 Clementiae
705 2715 805 2746 nostrae
823 2715 982 2746 intentionis
999 2714 1171 2752 propositum
1184 2714 1260 2752 super

205 2758 404 2788 deliberatione
422 2756 474 2787 W.
492 2756 587 2787 Sanffi
604 2754 724 2786 Andreae
740 2776 750 2793 ,
774 2754 807 2784 &
825 2752 863 2783 R.
884 2752 1058 2790 Glasguensis
1073 2776 1083 2792 ,
1107 2752 1262 2791 Episcopo-

206 2806 287 2827 rum:
307 2796 350 2827 Ac
367 2797 452 2826 etiam
471 2795 548 2833 super
570 2803 606 2824 eo
620 2816 629 2832 ,
654 2792 731 2831 quod
757 2792 923 2822 Executores
939 2791 1024 2822 vestri
1039 2790 1073 2822 ad
1092 2791 1197 2822 annalia
1214 2791 1263 2821 ali-

205 2844 324 2873 quarum
338 2834 522 2865 Ecclesiarum
538 2833 570 2864 &
582 2832 781 2862 beneficiorum
793 2829 1065 2867 Ecclesiasticorum,
1082 2830 1112 2860 in
1118 2829 1197 2860 disto
1204 2829 1263 2859 Re·-

207 2883 268 2909 gno
281 2874 459 2910 vacantium,
476 2870 633 2907 colligenda
646 2870 785 2908 deputati,
803 2868 859 2907 ipsa
872 2868 978 2899 annalia
994 2867 1127 2905 colligere
1148 2878 1196 2906 per
1210 2878 1263 2898 no-

210 2911 278 2948 stros
296 2910 442 2941 Ministros
459 2910 643 2951 impediuntur
658 2921 668 2948 3
687 2908 819 2939 Nuncios
841 2906 947 2937 nostros
962 2906 996 2937 ad
1010 2906 1129 2937 vestram
1145 2905 1262 2943 praesen-

208 2950 278 2979 tiam
295 2960 353 2980 non
367 2949 490 2979 misimus
505 2971 515 2986 ,
532 2949 600 2978 sicut
617 2947 758 2977 Dominus
772 2946 924 2976 Sabinensis
945 2944 1096 2983 Episcopus
1111 2944 1144 2975 &
1166 2943 1265 2982 Magi-

210 2986 418 3054 stelisthanneS
431 2986 466 3017 de
479 2986 605 3016 Ferreriis
618 2986 698 3016 vobis
711 2986 784 3015 vivae
796 2985 874 3014 vocis
887 2983 1039 3014 referebant
1052 2982 1185 3020 oracul03

282 3025 382 3056 estram
396 3024 589 3055 Paternitatem
603 3026 729 3062 cupimus
742 3032 799 3053 non
819 3021 917 3060 latere,
934 3021 1011 3059 quod
1021 3044 1030 3059 ,
1046 3032 1062 3052 a
1075 3029 1201 3059 ternpore
1214 3029 1267 3051 no-

212 3065 274 3097 strae
290 3063 487 3094 Coronationis
522 3072 588 3092 cum
623 3063 762 3094 roceribus
776 3060 872 3098 Regni
885 3059 986 3098 nostri,
1004 3059 1081 3098 super
1093 3058 1212 3097 praefatis
1219 3069 1269 3089 ne-

235 3104 298 3134 otiis
307 3126 316 3140 ,
334 3110 379 3132 aut
393 3101 464 3139 aliis,
481 3085 580 3131 {satum
595 3073 691 3137 Regni
706 3100 793 3130 nostri
806 3099 976 3138 tangentibus
985 3121 995 3136 ,
1012 3099 1051 3128 ob
1064 3097 1190 3136 quasdam
1204 3107 1269 3128 cau-

222 3153 247 3173 as
266 3143 367 3172 habere
379 3139 549 3178 colloquium
564 3139 757 3177 nequivimus,
773 3146 826 3168 nec
847 3137 992 3168 trastatum
1007 3159 1017 3175 ,
1045 3136 1218 3175 quamquam
1236 3135 1267 3166 id

215 3178 455 3221 quamplurimum
471 3176 699 3209 affectaverimus.

254 3218 378 3254 Verum,
396 3217 477 3254 licet,
494 3214 778 3256 faelicisqmemoriae,
795 3213 873 3245 Pater
890 3213 984 3244 noster
1004 3212 1153 3252 praedictos
1176 3211 1271 3243 Sancti

216 3257 339 3288 Andreae
355 3256 387 3286 &
402 3253 575 3291 Glasguensis
590 3253 743 3291 episcopos
757 3253 845 3283 verbo
858 3252 1019 3291 restituerit,
1037 3252 1069 3282 &
1084 3251 1187 3281 restitui
1195 3261 1274 3281 man-

216 3295 338 3332 daverit,
356 3293 420 3323 Sedi
436 3292 606 3330 Apostolicae
621 3290 838 3329 praesentandos,
855 3299 885 3321 ut
901 3290 998 3321 litterae
1020 3290 1143 3320 indicant
1162 3298 1275 3319 memo-

217 3341 297 3370 ratae,
315 3341 424 3369 tamen,
444 3331 513 3361 cum
530 3329 670 3360 Robertus
682 3329 717 3359 de
730 3328 811 3367 BruS,
830 3329 954 3367 publicus
968 3328 1054 3359 hostis
1074 3327 1186 3366 noster,
1203 3337 1276 3358 con-

219 3379 259 3401 tra
272 3380 322 3400 nos
337 3371 365 3399 iii
381 3369 477 3399 Scotia
490 3368 624 3399 hostiliter
641 3368 697 3397 'am
711 3366 832 3404 insurgat
851 3366 896 3405 (ad
909 3368 987 3405 cujus
1006 3366 1171 3403 suorumque
1192 3375 1276 3396 com<

220 3409 325 3447 plicum
340 3407 538 3445 rebellionem,
557 3416 624 3436 cum
670 3406 695 3435 ei
711 3404 862 3443 adjutorio,
878 3404 1082 3442 reprimendam
1096 3403 1183 3435 versus
1191 3403 1278 3434 dietas

221 3455 307 3485 partes
320 3446 424 3476 Scotite
438 3443 542 3481 gressus
556 3443 662 3474 nostros
675 3442 831 3480 dirigimus)
852 3443 1030 3481 praefatusque
1049 3442 1223 3479 Glasguensis
1238 3441 1278 3471 E-

221 3485 364 3526 piscopus,
382 3484 429 3521 qui
443 3483 546 3513 incolas
561 3491 641 3513 terrae
655 3481 757 3512 nostrae
767 3480 873 3511 Scotiae
885 3490 982 3512 contra
1004 3480 1151 3519 praefatum
1169 3479 1277 3510 Patrem

222 3523 366 3560 nostrum,
384 3522 472 3559 spreto
495 3521 625 3557 homagii
647 3521 679 3550 &
699 3518 834 3549 fidelitatis
854 3519 977 3557 ejusdem
993 3520 1168 3557 juramento,
1185 3518 1280 3555 saepius

222 3561 357 3600 praestito,
375 3560 499 3590 incitavit
515 3568 522 3588 ι
548 3558 593 3589 Ac
614 3559 697 3588 etiam
713 3557 767 3587 W.
786 3557 887 3598 Lychf.
906 3556 1056 3595 Episcopus
1068 3558 1098 3587 in
1112 3557 1204 3586 nostra
1219 3555 1280 3586 Cu-

224 3600 330 3667 stPdi}²
349 3608 407 3666 rign
430 3597 530 3641 absque
551 3596 694 3627 dierorum
714 3594 870 3626 Procerum
891 3596 924 3627 &
939 3595 1094 3626 Nobilium
1109 3595 1281 3626 convenien-

227 3647 265 3669 tia
310 3646 349 3668 int
382 3644 480 3667 etenti·

262 3661 342 3713 fxios,
361 3674 397 3705 de
411 3659 555 3711 praeieritis
574 3671 695 3711 ipsorum
715 3671 740 3702 E
760 3670 921 3710 iscoporum
940 3670 1175 3709 actibusillicitis,
1192 3669 1284 3700 verisi-

225 3714 325 3746 militer
348 3713 540 3751 praesumentes
559 3710 633 3749 quod
645 3734 654 3749 ,
677 3710 697 3741 si
717 3682 794 3740 idpem
817 3709 990 3747 Glasguensis
1012 3709 1161 3747 Episcopus
1177 3731 1188 3747 ,
1204 3709 1284 3739 dieta

224 3752 323 3790 guerra
337 3752 450 3781 durante
483 3748 662 3789 praefatusque
680 3748 783 3789 Lychf.
791 3747 959 3786 Episcopus,
975 3749 1075 3790 absque
1090 3747 1286 3778 deliberatione

227 3800 296 3821 cum
320 3790 402 3820 distis
423 3788 444 3818 l&
462 3788 605 3825 agnatibus
626 3786 754 3817 habenda
769 3809 779 3824 ,
804 3796 924 3824 quorum
943 3787 1068 3816 interesse
1088 3784 1237 3823 specialiter
1256 3786 1286 3815 in

230 3828 289 3858 hoc
311 3828 449 3865 versatur,
464 3835 538 3856 eittra
557 3825 683 3855 nostram
706 3824 861 3855 custodiam
881 3833 1063 3863 ponerentur,
1082 3823 1288 3861 proditionalius

229 3865 310 3896 solito
320 3889 329 3904 ‚
345 3866 412 3896 sicut
428 3863 526 3895 assueta
540 3864 690 3901 relinquere
704 3873 765 3893 non
780 3862 898 3893 valentes
913 3885 924 3900 ,
948 3862 1098 3900 nephandis
1115 3861 1288 3899 nephandio-

230 3914 258 3934 ra
274 3913 360 3941 opera
377 3903 557 3935 cumularent.

272 3941 317 3971 Ad
332 3952 394 3980 quae
409 3940 534 3972 evitanda
548 3939 736 3977 securitatem,
756 3947 840 3976 quarn
852 3938 939 3968 iidem
956 3937 1106 3977 Episcopi,
1123 3937 1168 3968 vel
1182 3938 1226 3968 alii
1239 3947 1290 3975 pro

232 3989 332 4009 eorum
347 3980 506 4010 liberatione
527 3978 651 4017 praestare
671 3977 806 4008 voluerint
856 3976 997 4014 praedietis
1013 3977 1098 4008 causis
1117 3975 1291 4014 durantibus,

231 4016 361 4053 fragilem
382 4026 534 4056 reputamus
550 4040 561 4057 ,
586 4017 618 4049 ὅ(
633 4039 644 4054 ,
659 4024 690 4048 ut
709 4013 791 4047 refert
807 3999 881 4047 sama
896 4014 1008 4055 publica
1030 4037 1042 4054 ,
1065 4022 1173 4054 reputat
1197 4022 1290 4047 totum

233 4053 372 4094 Regnum
386 4056 541 4094 praefatum.

2247 200 2263 231 1
2275 201 2293 231 2
2304 199 2326 242 5'

2346 250 2476 295 Anah,

2354 295 2454 335 ,¹303

2351 335 2417 362 Ets'vz
2436 336 2464 362 ‘2'-

1309 273 1421 316 Tamen
1432 272 1604 316 ‚XV3SaiiCti
1624 273 1743 304 Andreae
1761 272 1933 312 Episcopum
1953 270 2132 313 (qui,saniori
2147 273 2246 304 duetus
2261 285 2330 304 cons

1277 309 1350 348 silio,
1367 310 1394 340 se
1408 310 1562 341 humiliavit
1583 311 1730 350 huberiiis,
1750 311 1881 349 cuji'isque
1897 312 2030 343 mahtim]
2045 323 2102 343 non
2123 313 2262 348 tutemus)
2283 323 2330 342 an-

1276 356 1385 391 tequam
1401 349 1433 378 ad
1447 359 1498 379 nos
1518 358 1696 387 pervenerant
1716 359 1895 388 memoratae,
1913 361 1928 381 a
1948 350 2042 382 nostra
2064 350 2191 381 custodia
2207 349 2335 381 duximus

1277 385 1482 417 dimittendum.

1314 424 1358 454 Ad
1378 424 1455 468 hec,
1474 424 1552 454 Pater
1571 423 1688 462 piissime
1703 445 1713 463 ,
1739 424 1837 455 vestrae
1858 426 2031 456 beatitudinis
2051 426 2155 456 notitiae
2168 425 2336 464 deferimus,

1276 463 1353 500 quod
1370 462 1518 499 praedustm
1531 461 1609 492 Pater
1626 462 1736 500 noster,
1755 463 1824 492 dum
1840 464 2067 501 vixit,quantum
2082 465 2111 493 in
2127 463 2183 501 ipso
2190 463 2335 499 fuit,con-

1279 500 1357 531 cessit
1375 501 1451 537 quod
1468 499 1573 530 Clerici
1590 499 1718 530 vestri&
1734 500 1860 539 Nuncii,
1879 501 1912 531 ad
1929 501 2059 541 praedicta
2073 503 2177 531 anniia
2195 502 2335 538 colliget-1⁴

1277 538 1313 569 da
1329 538 1464 581 deputati,
1479 537 1532 575 ipsa
1547 537 1629 575 usque
1644 537 1678 568 ad
1694 546 1800 579 certum
1816 547 1925 575 tempus
1942 539 2031 569 modo
2046 539 2140 568 debito
2154 539 2260 577 possent
2275 538 2336 570 col-v

1279 576 1382 613 ligere,
1401 585 1435 606 iia
1448 585 1543 606 tamen
1589 575 1646 605 uoti
1667 575 1699 605 ad
1718 576 1821 606 fructus
1834 576 2017 607 Abbatiarum
2032 577 2064 608 δεῖ
2080 576 2268 616 prioratuum,
2286 588 2336 608 vai-’-

1278 615 1402 644 cantium
1418 615 1446 643 in
1461 614 1562 644 eodem
1605 623 1695 651 egno,
1713 613 1861 643 nullatenus
1875 614 2048 649 extenderent
2069 624 2165 645 manus
2180 615 2244 645 suas.

1317 651 1368 682 Per
1383 662 1465 689 quam
1482 651 1593 689 quidem
1608 650 1817 681 concessionem
1831 661 1889 681 non
1906 651 2063 682 intendebat
2078 653 2156 683 alicui
2169 653 2333 691 praejudicii-⁴·

1278 700 1324 727 re,
1340 689 1384 720 seu
1397 690 1514 719 alioruin
1524 689 1628 727 juribus
1646 691 1673 718 in
1692 688 1784 726 aliquo
1800 689 1950 727 derogare,
1968 698 2047 727 prout
2061 696 2107 728 per
2128 691 2256 729 quasdam
2272 691 2337 722 alias

1279 727 1378 758 litteras
1387 749 1395 763 ,
1413 737 1493 764 penes
1507 727 1600 757 dictos
1613 726 1738 757 Clericos
1750 727 1908 765 residenteS,
1922 727 2060 757 evidenter
2074 738 2088 757 a
2128 737 2200 767 aret,
2216 728 2340 767 scilicet,

1280 765 1356 803 quod
1372 765 1458 795 iidem
1475 765 1579 795 Clerici
1594 764 1669 802 super
1683 765 1832 803 omnibus,
1849 774 1912 802 quae
1927 764 1961 794 ad
1976 774 2026 795 vos
2047 766 2080 796 &
2090 738 2259 796 {gomanum
2279 765 2336 797 Ec-

1280 804 1406 841 clesiam,
1424 805 1452 833 in
1468 802 1576 839 Regno
1592 803 1624 833 ὃ(
1641 803 1698 832 aliis
1709 804 1785 832 terris
1798 803 1863 840 suis,
1883 803 2072 840 pertinebant,
2090 804 2122 833 &
2139 805 2273 840 pertinere
2287 803 2339 834 de⁴

1282 841 1401 879 bebant,
1419 850 1557 871 uterentur
1570 841 1670 871 officio
1683 840 1746 877 suo,
1765 840 1831 870 sicut
1843 841 1945 870 Clerici
1958 841 1991 871 ὃς
2008 840 2118 871 Nuncii
2131 841 2248 871 aliorum
2264 842 2345 871 sum-⁴⁵

1281 889 1394 910 morum
1414 878 1602 916 Pontificum,
1621 877 1857 908 Praedecefforum
1878 878 2031 908 vestrorum
2046 901 2056 916 ,
2083 880 2157 916 prius
2179 880 2208 908 in
2233 879 2336 916 Anglia

1282 925 1506 955 commorantes,
1522 916 1640 954 officio,
1656 926 1672 946 a
1684 915 1755 946 Sede
1769 916 1935 953 Apostolica
1953 917 2013 953 ipsis
2025 916 2193 954 commisso,
2211 918 2251 946 uti
2265 925 2337 947 cona

1282 955 1427 985 sueverunt
1444 955 1612 992 temporibus
1628 954 1782 983 retroactis:
1803 954 1842 983 Ita
1853 953 1930 991 quod
1947 963 2005 983 non
2019 953 2139 984 facerent
2154 954 2275 993 aliquid,
2292 955 2338 985 seu

1282 995 1366 1024 etiam
1379 1000 1587 1030 attemptarent,
1606 991 1680 1029 quod
1689 993 1718 1021 in
1733 992 1927 1029 praejudicium
1943 990 2066 1021 Coronae
2080 1001 2125 1022 aut
2139 993 2275 1032 dignitatis
2286 991 2340 1023 suae

1263 1045 1266 1047 “
1283 1031 1406 1068 Regiae,
1423 1031 1491 1068 legis
1503 1038 1547 1060 aut
1563 1029 1764 1059 consuetudinis
1778 1029 1848 1059 dieti
1862 1029 1958 1065 Regni
1975 1029 2186 1066 derogationem
2199 1052 2208 1068 ,
2226 1030 2270 1060 seu
2289 1030 2340 1060 ali-

1282 1078 1363 1100 orum
1378 1068 1498 1099 fidelium
1512 1068 1638 1105 suorum,
1656 1067 1775 1098 valerent
1788 1067 1886 1097 cedere
1898 1076 2014 1103 quoquo
2030 1067 2248 1106 modo3Contra
2263 1069 2341 1098 cu'us

1285 1106 1473 1138 concessionis
1489 1105 1637 1143 effectum,
1656 1115 1705 1142 per
1727 1115 1777 1135 nos
1791 1128 1802 1144 ,
1824 1113 1869 1136 aut
1882 1104 2030 1134 Ministros
2043 1105 2153 1136 nostros
2166 1106 2251 1136 nichil
2266 1116 2281 1136 e
2304 1104 2340 1145 e,

1283 1146 1327 1177 vel
1345 1144 1424 1176 fuiffe
1441 1145 1570 1174 novimus
1584 1152 1785 1181 attemptatum.
2329 1174 2333 1177 ¹

1319 1183 1409 1214 Unde
1423 1183 1501 1221 super
1518 1182 1735 1219 deliberatione,
1752 1181 1797 1212 vel
1810 1179 1938 1211 missione
1953 1180 2072 1219 ipsorum
2089 1180 2290 1218 Episcoporum
2304 1179 2340 1211 ad

1283 1231 1353 1261 vos,
1369 1230 1415 1252 aut
1435 1223 1518 1251 etiarn
1535 1220 1612 1258 super
1635 1219 1708 1257 aliis,
1725 1222 1753 1250 in
1773 1219 1856 1249 dietis
1875 1219 1970 1249 litteris
1990 1218 2085 1249 vestris
2108 1220 2259 1258 contentis,
2277 1229 2341 1256 quae

1284 1261 1340 1291 ‘'ura
1355 1260 1387 1291 ὃ(
1400 1258 1606 1290 consuetudines
1619 1257 1726 1295 praefati
1738 1256 1838 1294 Regni
1853 1266 1965 1293 tangere
1978 1256 2157 1287 dinoscuntur
2166 1266 2247 1294 ,curn
2259 1257 2343 1286 dietis

1280 1284 1465 1333 ffiroceribus,
1481 1307 1548 1335 quos
1568 1295 1647 1327 didita
1661 1297 1776 1332 negotia
1789 1295 1938 1333 specialiter
1953 1302 2086 1333 tangunt,
2104 1302 2133 1324 ut
2150 1295 2343 1332 praemittitur,

1285 1338 1315 1367 in
1337 1337 1388 1367 hac
1411 1344 1503 1374 parte,
1521 1344 1642 1373 quorum
1663 1333 1835 1371 praesentiam
1856 1341 1969 1370 propter
1989 1342 2118 1369 guerram
2133 1333 2162 1362 ln
2178 1331 2290 1369 Scotia,
2309 1331 2344 1362 de

1285 1385 1362 1405 novo
1385 1374 1554 1411 suscitatam,
1574 1372 1607 1403 ad
1625 1371 1741 1410 praesens
1760 1382 1819 1402 non
1840 1371 1989 1408 habemus,
2007 1371 2089 1400 citius
2109 1380 2166 1408 quo
2190 1370 2342 1408 poterimus

1286 1413 1460 1451 colloquium
1477 1412 1577 1442 habere
1590 1410 1757 1440 intendimus
1776 1410 1809 1441 &
1825 1408 1970 1439 tradtatum
1986 1418 1993 1437 :

1322 1451 1513 1489 Supplicamus
1532 1450 1615 1485 igitur
1630 1448 1772 1479 Sanetitati
1789 1446 1891 1478 vestrae
1906 1446 2045 1477 humiliter
2064 1447 2097 1477 &
2114 1445 2239 1484 devote,
2256 1446 2344 1484 quati-

1285 1500 1351 1528 nus,
1369 1488 1513 1526 praemiffis
1530 1487 1644 1518 Paterna
1659 1485 1875 1517 consideratione
1893 1484 2020 1522 pensatis,
2038 1484 2180 1515 Beatitudo
2197 1483 2284 1514 vestra
2298 1484 2344 1514 difi

1285 1528 1416 1558 larionem
1431 1528 1463 1558 &
1478 1525 1584 1556 consilii
1599 1525 1678 1555 hu'us
1688 1524 1915 1555 deliberationem
1935 1522 2052 1552 moleste
2067 1532 2126 1553 non
2138 1522 2223 1560 ferat,
2240 1532 2326 1560 quum
2335 1544 2345 1559 ,

1286 1567 1382 1597 habito
1397 1575 1540 1602 ternpore,
1557 1572 1614 1602 quo
1627 1535 1684 1593 sieri
1697 1563 1796 1600 poterit
1812 1562 1921 1598 citiori,
1939 1561 2057 1591 consilio
2072 1561 2107 1591 de
2120 1560 2346 1598 praemiffis,tam

1286 1606 1315 1635 in
1329 1605 1395 1642 hiis,
1433 1605 1497 1634 uam
1512 1603 1586 1640 aliis,
1602 1602 1631 1631 in
1646 1601 1728 1631 dietis
1745 1600 1837 1630 litteris
1858 1598 1953 1630 vestris
1974 1600 2128 1637 contentis,
2145 1599 2280 1636 quicquid
2301 1599 2344 1628 in-

1287 1641 1396 1673 offensa
1412 1615 1503 1679 Regis
1517 1640 1681 1677 Dignitate,
1701 1639 1733 1669 &
1751 1638 1850 1676 absque
1866 1637 2084 1680 exhaeredatione
2095 1636 2115 1656 ²*
2131 1638 2164 1668 &
2177 1637 2260 1679 *gravi
2275 1645 2346 1674 prae·
2364 1643 2494 1684 *In-953

1285 1681 1392 1720 judicio
1413 1679 1583 1710 subditorum
1603 1677 1763 1708 nostrorum
1779 1677 1812 1707 δε
1828 1675 1941 1714 nostris,
1961 1675 2047 1706 Filiali
2060 1675 2281 1713 promptitudine
2297 1683 2346 1705 ex-

1290 1721 1395 1750 cerceri
1410 1719 1443 1749 &
1460 1717 1518 1748 fieri
1534 1716 1736 1754 promittemus.
1760 1714 1873 1744 Interim
1889 1723 1958 1743 vero
1973 1713 2102 1752 praefatos
2117 1712 2288 1751 Episcopos,
2306 1713 2346 1743 ob

1289 1758 1468 1788 reverentiam
1491 1755 1568 1786 Sedis
1588 1753 1762 1792 Apostolicae
1780 1753 1814 1783 &
1835 1750 1952 1782 vestram
1966 1774 1978 1790 ,
2005 1750 2138 1782 custodiri
2159 1750 2301 1781 honestius
2315 1751 2349 1781 δε

1290 1797 1385 1827 mitius
1405 1794 1537 1825 faciemus
1549 1816 1559 1831 ,
1577 1801 1606 1823 ut
1627 1791 1730 1829 saltim,
1747 1790 1782 1821 ad
1797 1790 1928 1829 praesenS‚
1945 1791 1976 1820 in
1997 1790 2072 1828 hoc,
2091 1789 2168 1828 quod
2189 1787 2351 1828 possumus,

1291 1834 1385 1865 nostra
1401 1833 1517 1864 devotio
1535 1830 1730 1868 cognoscatur.

1328 1871 1499 1909 Conservet,
1519 1870 1579 1901 &c.

1327 1947 1393 1979 Dat.
1412 1947 1484 1987 apud
1500 1944 1672 1985 Wyndesor.
1690 1953 1737 1984 23.
1753 1943 1800 1974 die
1812 1942 1887 1983 Julii.

1296 2088 1352 2124 Ad
1373 2091 1479 2135 Regem
1496 2088 1624 2119 Franciae
1643 2095 1697 2130 pro
1714 2083 1836 2130 praefato
1860 2080 2034 2123 Frederico,
2062 2078 2228 2126 Manfredi
2248 2080 2347 2122 Fili'o,

1523 2133 1567 2167 ad
1580 2134 1739 2179 ficmmum
1761 2131 1932 2175 Pontificem
1944 2129 2121 2177 professura.

1350 2219 1576 2252 Xcellentissimo
1589 2217 1734 2255 Principi,
1752 2215 1887 2246 Domino
1900 2223 1934 2245 ac
1948 2212 2085 2257 Patrisuo
2099 2233 2110 2250 ,
2133 2210 2266 2242 Domino
2280 2210 2349 2241 Phi-
2367 2198 2442 2234 Ann-
2458 2196 2501 2233 D-

1294 2230 1341 2292 E
1359 2260 1453 2298 lippo,
1471 2258 1528 2288 Dei
1544 2256 1735 2295 gratia,Regi
1752 2255 1922 2285 Francorum
1936 2251 2049 2290 illustri,
2066 2250 2234 2288 Edwardus,
2250 2250 2348 2280 eadem
2388 2241 2472 2281 1303:

1299 2299 1403 2337 gratia,
1422 2299 1482 2328 &c.
1500 2296 1630 2334 salutem,
1644 2296 1677 2326 ὃ(
1694 2291 1830 2324 successus
1844 2292 1950 2330 semper
1969 2290 2004 2321 ad
2021 2298 2087 2321 vota
2104 2288 2245 2327 prosperos
2261 2289 2294 2320 &
2312 2288 2353 2318 fe·
2368 2283 2471 2345 {31'22-

1316 2347 1370 2368 ces.
2393 2340 2398 2346 ·
2427 2338 2434 2344 ·
2483 2356 2489 2362 ,

1335 2374 1414 2405 Cum
1431 2372 1547 2404 Nobilis
1566 2371 1621 2402 Vir
1640 2369 1798 2400 Fredericus
1809 2389 1821 2407 ‚
1845 2375 1922 2398 natus
1941 2365 2086 2408 quondam¹
2105 2363 2248 2408 Manfredi
2266 2364 2355 2402 Regis
2373 2359 2488 2400 Rom-'²-

1298 2413 1420 2451 Siciliae,
1437 2413 1485 2449 qui
1505 2410 1540 2441 ad
1562 2419 1613 2440 nos
1627 2408 1662 2438 ad
1677 2416 1765 2446 partes
1788 2406 1906 2443 Angliae
1925 2414 2012 2443 nuper
2024 2411 2116 2446 venit,
2128 2412 2188 2441 Jam
2201 2405 2231 2432 ht
2245 2403 2279 2433 ad
2290 2402 2356 2434 Do·
2375 2397 2490 2421 Edam

1300 2453 1410 2482 minum
1423 2449 1567 2480 summum
1583 2447 1750 2477 Pontificem
1766 2455 1819 2482 pro
1833 2443 1994 2482 quibusdam
2008 2443 2125 2480 negotiis
2139 2439 2308 2480 accessurus,
2378 2441 2405 2468 7ι

1337 2490 1420 2526 Nos,
1434 2486 1592 2518 affectantes
1613 2484 1732 2515 eundem
1756 2483 1933 2514 Fredericum
1952 2481 2091 2511 favoribus
2115 2479 2238 2519 prosequi
2252 2480 2358 2517 gratio-

1300 2528 1348 2567 sis,
1366 2526 1565 2557 Celsitudinem
1578 2524 1696 2554 vestram
1712 2530 1812 2552 attente
1826 2521 2005 2558 requirimus,
2021 2519 2054 2550 &
2070 2518 2360 2559 rogamus2quatinus

1299 2565 1420 2597 eundem
1440 2564 1616 2594 Fredericum
1636 2561 1782 2597 habentes,
1800 2560 1819 2589 si
1840 2559 1952 2597 placet,
1975 2557 2063 2587 nostri
2077 2557 2192 2594 intuitu,
2210 2556 2360 2595 ipecialiter

1302 2603 1553 2639 commendatum,
1570 2601 1596 2630 ei
1610 2601 1707 2630 litteras
1722 2597 1821 2629 vestras
1834 2599 1869 2628 de
1882 2596 1954 2626 salvo
1975 2596 2008 2626 &
2027 2595 2123 2638 securo
2136 2594 2296 2638 conductu,
2313 2596 2361 2631 pet

1302 2644 1439 2679 Regnum
1462 2641 1496 2671 ὃς
1518 2638 1680 2677 potestatem
1703 2636 1841 2674 vestram,
1860 2634 2016 2666 concedere
2036 2634 2192 2676 dignemim
2204 2654 2215 2670 ,
2239 2641 2306 2663 cum
2327 2634 2361 2665 εκ

1302 2690 1378 2719 parte
1392 2678 1514 2718 ejusdem
1530 2677 1668 2708 Frederici
1682 2675 1784 2706 fueritis
1797 2674 1874 2712 super
1889 2673 1946 2703 hoc
1963 2671 2090 2710 requisiti.

1340 2756 1409 2788 Dat.
1425 2754 1498 2793 apud
1510 2752 1799 2791 Northamptoniam,
1817 2750 1845 2780 6.
1862 2749 1907 2780 die
1921 2747 2061 2786 Auguffi.5

1521 2892 1579 2928 Ad
1604 2888 1779 2924 Cardinales
1792 2897 1845 2934 pro
1864 2884 1963 2919 eodem
1988 2882 2157 2917 Frederico.

1308 2979 1428 3038 REX
1442 2976 1602 3023 Venerabili
1615 2977 1645 3006 in
1660 2973 1776 3005 Christo
1789 2971 1864 3002 Patri
1881 2969 1922 3000 R.
1936 2968 2098 3013 delGore,
2116 2967 2173 2998 Dei
2186 2966 2369 3011 gratia‚San-
2392 2952 2521 3027 Αῐῖηὲῗι

1380 3020 1435 3050 &ae
1451 3017 1552 3048 Mariae
1574 3015 1672 3046 Novae
1692 3012 1838 3050 Dyacono
1854 3007 2016 3045 Cardinali,
2032 3016 2126 3037 amico
2141 3005 2189 3037 suo
2209 3005 2354 3037 karissimo
2364 3029 2373 3045 ,
2412 3007 2466 3037 130

1717 3060 1786 3081 cum
1801 3048 1916 3078 sincerae
1931 3046 2090 3076 dileetionis
2103 3043 2214 3075 affeetu.
2391 3040 2443 3066 Au.
2458 3047 2485 3064 ιι

1766 3110 1775 3125 ,
1795 3096 1879 3124 quam
1894 3084 1929 3114 de
1945 3083 2034 3114 vestra
2047 3083 2170 3114 amicitia
2185 3084 2324 3120 gerimus,
2341 3083 2373 3113 &
2394 3079 2463 3140 ἓνὲν·
2479 3112 2507 3137 Ξ,

1309 3056 1478 3095 Edwardus,
1495 3057 1555 3086 &c.
1573 3053 1699 3089 salutem,
1728 3090 1732 3094 Ι

1348 3095 1445 3126 Efficit
1461 3104 1512 3125 nos
1524 3091 1633 3130 grandis
1649 3089 1750 3119 fiducm
1791 3126 1796 3131 ι
2104 3122 2109 3127 ⁸
2328 3121 2342 3126 ..

1311 3133 1444 3171 gessimus
1460 3134 1475 3162 a
1486 3133 1545 3171 jam
1562 3131 1627 3167 diu,
1645 3137 1696 3166 pro
1711 3126 1811 3156 nostris
1823 3125 1856 3155 &
1871 3122 2033 3153 nostrorum
2056 3131 2215 3152 amicorum
2237 3130 2374 3159 negonm,

1312 3173 1392 3204 vobis
1405 3169 1570 3210 frequentius
1584 3167 1726 3205 porrigere
1741 3173 1835 3202 preces
1848 3160 1960 3191 nostras.
2003 3199 2008 3204 ι
2240 3198 2244 3203 ¹
2394 3155 2424 3178 E·
2442 3160 2469 3179 2·
2487 3153 2526 3183 mg

1352 3210 1433 3241 Cum
1457 3212 1546 3246 itaque
1567 3203 1736 3237 attendentes
1757 3210 1852 3239 graves
1874 3198 2078 3237 persecutiones
2091 3198 2125 3229 &
2138 3197 2291 3241 angustias,
2307 3206 2374 3263 'quas
2397 3198 2423 3225 7·

1316 3248 1431 3280 Nobilis
1445 3248 1498 3278 Vir
1515 3245 1686 3280 Fredericus,
1703 3240 1796 3271 Natus
1809 3236 1957 3276 quondam
1980 3236 2124 3267 Manfredi
2149 3236 2236 3271 Regis
2255 3234 2313 3278 Sici
2324 3244 2378 3279 133,

1317 3297 1377 3317 non
1407 3286 1444 3316 sui
1474 3283 1563 3314 reatus
1592 3281 1693 3311 merito
1709 3302 1718 3318 ,
1754 3278 1792 3308 set
1818 3276 1950 3307 sevientis
1981 3275 2074 3313 potius
2105 3274 2232 3303 Fortunae
2262 3282 2376 3315 injuria,

1324 3325 1424 3356 divino
1461 3331 1526 3353 nutu
1542 3344 1551 3358 ,
1584 3320 1684 3350 diutius
1716 3316 1755 3347 est
1785 3312 1922 3353 perpessus
1939 3335 1950 3352 ,
1984 3322 2014 3356 ut
2044 3311 2163 3356 vestram

1319 3363 1457 3395 credimus
1477 3370 1534 3390 non
1556 3359 1652 3396 latere,
1670 3365 1703 3386 ac
1728 3356 1871 3392 cupientes
1890 3351 1970 3390 ipsius
1991 3349 2153 3387 indigentiae
2165 3348 2192 3378 su
2211 3387 2214 3391 Ι
2258 3387 2262 3391 ·

1320 3403 1389 3433 tanti
1402 3399 1489 3435 Regis
1506 3397 1586 3427 Filius
1602 3403 1718 3432 cogatur
1732 3402 1834 3430 egere,
1852 3390 1982 3420 Domino
2001 3388 2113 3430 summo
2134 3385 2264 3430 Pontifici
2277 3385 2380 3432 nostras

1320 3440 1418 3470 litteras
1433 3434 1634 3475 supplicatorias
1656 3432 1813 3463 duxerimus
1834 3426 2069 3471 destinandaSQut
2090 3424 2143 3469 ipse
2157 3434 2230 3454 circa
2248 3423 2333 3455 status
2350 3434 2381 3468 ee

1319 3478 1426 3518 jusdem
1443 3473 1576 3505 Frederici
1598 3470 1794 3502 relevationem
1809 3490 1818 3505 ,
1836 3466 1893 3496 Dei
1907 3466 1938 3495 ὅ(
1952 3462 2038 3508 nostri
2053 3471 2170 3507 intuitu,
2187 3471 2272 3499 agere
2283 3463 2320 3492 fic
2335 3462 2380 3492 <11-

1323 3524 1420 3557 gnetur
1428 3537 1437 3551 ,
1456 3512 1532 3550 quod
1546 3519 1580 3542 ex
1592 3509 1684 3541 nostra
1699 3505 1891 3538 intercessione
1900 3503 2032 3533 uberioris
2039 3510 2135 3539 gratiae
2143 3500 2268 3531 fructum
2279 3501 2306 3530 se
2319 3500 2381 3530 sena

1324 3557 1371 3586 tiat
1385 3549 1547 3592 reportasse:
1855 3581 1863 3588 x
1957 3577 1962 3583 ι
1982 3577 1988 3584 .
2361 3576 2367 3582 .

1363 3590 1555 3621 paternitatem
1579 3585 1697 3617 vestram
1718 3580 1870 3613 affectuose
1887 3585 2052 3616 requirimus
2072 3576 2105 3607 &
2127 3585 2140 3606 r
2178 3585 2254 3606 amus
2266 3598 2276 3615 ,
2294 3580 2383 3614 quati-

1325 3639 1392 3667 nus,
1409 3637 1437 3659 ut
1461 3627 1538 3657 idem
1551 3625 1694 3655 Dominus
1709 3621 1838 3651 Summus
1852 3615 1982 3647 Pontifex
1999 3624 2092 3653 preces
2105 3624 2144 3658 no
2181 3625 2208 3645 as
2228 3613 2385 3645 fav01rabili-⁴

1326 3677 1366 3698 ter
1381 3665 1500 3697 exaudiat
1516 3665 1544 3693 in
1559 3663 1611 3694 hac
1627 3669 1717 3700 parte,
1733 3656 1820 3688 nostri
1832 3656 1932 3687 intuitu
1938 3662 2045 3693 ,opem
2060 3652 2148 3684 velitis
2161 3653 2196 3684 &
2210 3662 2325 3692 operam
2333 3657 2384 3689 ap·

1326 3715 1429 3744 ponere
1441 3703 1577 3734 efficaces.

1366 3783 1432 3816 Dat.
1450 3780 1523 3820 apud
1539 3773 1833 3816 Northamptoniam,
1851 3771 1879 3803 6.
1896 3772 1941 3803 die
1956 3769 2084 3809 Augusti.

1615 3849 1784 3886 Consimiles
1802 3850 1913 3881 Litterae
1930 3847 2100 3886 diriguntur,

2195 3309 2374 3378 ¹prudentiam

2215 3357 2303 3378 veniri
2310 3370 2320 3386 ,
2338 3349 2377 3378 ne

1369 3937 1483 3968 Domino
1501 3933 1534 3963 P.
1550 3930 1691 3971 Sabinenfi
1709 3929 1847 3970 Episcopo,
2158 3964 2163 3969 ·
2194 3968 2197 3969 γ
2313 3962 2317 3967 ,
2371 3961 2376 3966 .

1370 3978 1487 4005 Domino
1502 3970 1608 4000 Thomae
1621 3971 1698 4010 Jorz
1706 3968 1806 4006 ,Tituli
1823 3962 1931 4008 sanda
1947 3961 2055 3995 Sabina
2068 3957 2220 3993 Presbitero
2232 3953 2393 3995 Cardsnlln,

1370 4015 1484 4044 Domino
1500 4008 1638 4048 Alpheus&
1655 4007 1783 4049 Infanti,
1798 4000 1956 4040 Confirbrmo
1971 4004 2058 4040 Reges,

1805 4082 1872 4122 Q3
2354 4068 2400 4100 Da
