2570 4261
697 174 807 216 ET
892 173 1154 216 ACTA

0 265 62 297 irin.
76 264 116 295 D.

0 312 93 379 iri:

150 351 200 383 De
217 350 391 395 juramento
405 349 566 395 fidelitatis
583 361 637 395 per
661 347 920 394 Archiepiftopum
943 345 1156 392 Rothomagem

531 400 604 445 Regi
621 396 772 441 faciendo.

0 495 51 527 hm
74 492 106 524 D
132 480 418 544 EXcellentiffimo
438 475 575 513 Domino
593 482 642 511 suo
663 481 812 518 Henrico,
830 479 887 510 Dei
911 480 1010 519 gratis,
1028 478 1182 522 Regi'An-

5 517 90 570 12425,
110 516 117 524 ·
207 522 288 560 gliae,
305 522 365 552 &c.
397 520 466 552 Odo
488 521 661 550 miseratione
682 520 777 549 divina
802 519 1017 557 Rotomagensis
1032 516 1181 555 Archiepl-

0 575 35 599 in.
54 581 98 606 29,
133 563 247 598 scopuS,
265 560 376 590 salutem
392 561 420 590 in
441 569 477 590 eo
493 569 541 596 per
556 568 641 597 quem
658 558 748 597 Reges
763 565 884 596 regnant.
920 596 924 600 ι
992 595 997 600 ’

0 614 19 637 i.
38 618 65 645 3,
168 600 247 630 Cum
267 607 380 636 propter
394 598 560 628 Concilium
576 596 698 626 Domini
715 597 815 632 Legati
828 595 903 633 quod
919 601 1063 630 imminet,
1080 603 1113 636 ac
1127 603 1181 632 pro

0 652 41 675 *ain
53 656 96 683 30.
131 637 273 669 debilitate
294 637 400 676 proprii
419 636 561 673 corporis,
579 635 755 672 pluribusque
771 636 855 664 causis
868 634 940 671 aliis,
961 643 1025 670 quas
1042 633 1123 675 vobis
1136 642 1183 661 ex-

0 689 18 714 ι,
38 694 64 721 3.
131 685 237 716 ponere
258 677 362 714 poterit
382 674 487 714 plenius
503 672 641 709 Magister
651 672 677 711 J.
693 673 728 701 de
741 672 763 701 F
766 672 888 710 laynilla,
906 673 974 701 lator
990 673 1164 711 praesentium
1175 693 1184 707 ,

0 733 20 750 a.
35 722 95 758 9.d.
128 715 163 745 ad
185 714 331 745 serenitatis
350 712 450 744 vestrae
468 711 639 750 praesentiam
658 710 833 750 personaliter
852 710 987 740 accedere
1009 719 1068 739 non
1089 708 1183 745 possu-

127 763 205 784 mus‘

168 776 214 822 Ad
235 789 404 821 excellentiae
420 787 518 819 vestrae
532 789 640 818 curiam
655 787 792 816 mittimus
812 786 922 817 dietum
943 784 1133 822 Magistrum,
1152 792 1183 827 ut

129 839 145 859 a
160 830 241 860 vobis
255 829 368 868 regalia,
384 837 446 866 quae
459 827 487 857 iri
505 826 614 863 Regno
628 824 723 855 vestio
738 825 889 863 habemus⁷
908 825 1038 864 recipiat,
1056 823 1089 852 &
1101 823 1182 851 vobis

129 869 313 906 juramentum
333 865 466 896 fidelitatis
489 865 567 895 faciat
589 865 658 894 loco
674 863 776 902 nostri·⁷
794 863 871 901 super
883 874 958 903 quo,
976 864 1007 892 in
1021 870 1114 891 anima
1126 870 1180 889 no—

129 906 203 942 stra,
218 905 367 945 plenariam
383 904 430 934 sibi
444 903 629 934 concedimus
643 901 806 939 potestatem
823 912 829 931 2
952 939 957 944 .
1118 937 1122 942 Ι

167 943 258 974 Unde
281 942 382 978 ,vestrae
406 941 568 972 Celsitudini
592 941 776 980 supplicamus
795 948 928 978 quatenus
950 938 1040 981 ipsum
1058 937 1180 966 benivne

129 982 220 1050 {felitis
235 981 396 1019 admittere,
420 981 453 1012 &
476 981 626 1018 negotium
647 989 700 1016 pro
723 989 782 1017 quo
802 980 921 1009 mittitur
942 977 1079 1014 expedire.
1100 1000 1104 1004 .
1153 985 1182 1004 a-

141 1030 194 1052 ete.

166 1096 240 1127 Data
262 1094 339 1135 apud'
354 1094 470 1126 Demill.
485 1094 639 1125 Dominica
652 1102 715 1124 ante
732 1093 846 1124 Festum
859 1092 932 1123 beati
948 1089 1116 1127 Michaelis,
1134 1098 1182 1118 an-

130 1145 170 1165 no
183 1134 308 1166 Domini
322 1134 470 1165 millesimo
483 1133 691 1171 quadragesimo
703 1134 810 1171 quinto.

136 1212 1186 1231 -—-——-—-—-—————-———--—

0 1276 102 1313 '1.440
133 1267 160 1294 ἕ*
184 1270 272 1302 Bulla
286 1280 344 1317 pro
366 1268 497 1302 Praelatis
522 1267 638 1313 Angliae
663 1276 719 1296 non
732 1262 961 1310 fiispendendis',
983 1274 1035 1308 per
1045 1262 1186 1307 provifio-

179 1331 247 1351 nem
273 1318 369 1350 aliam
389 1316 569 1363 generaliter
582 1314 723 1359 fassam,
751 1325 771 1344 a
788 1310 991 1356 beneficiorum
1012 1311 1182 1351 collatione,

177 1367 234 1410 nisi
249 1378 304 1398 nno
324 1375 454 1398 tantum.

0 1462 51 1494 im,
75 1461 107 1491 D
165 1451 346 1481 Nnocentius
360 1448 531 1489 EpiscopuS,
550 1446 641 1477 servus
665 1446 805 1477 servorum
828 1444 902 1483 Dei,
919 1443 1122 1487 venerabilibus
1134 1443 1189 1473 fra-

12 1486 62 1531 12.
111 1485 118 1492 ”
181 1490 267 1520 tribus
284 1487 521 1526 ArchiepiscopiS,
539 1487 572 1516 &
592 1485 753 1525 Episcopis,
771 1494 819 1519 per
834 1483 976 1520 Regnum
992 1483 1102 1520 Angliae
1117 1493 1189 1512 con-

0 1544 28 1568 (7,
48 1509 95 1573 ‘³259
135 1527 250 1565 stitutis,
267 1526 381 1557 salutem
394 1526 426 1556 δε
439 1525 631 1563 Apostolicam
644 1523 882 1553 beiiediffionem.
1169 1560 1173 1564 ι

0 1583 15 1606 1
33 1561 37 1566 ⁸
93 1561 100 1567 ⁸
172 1565 239 1596 Paci
255 1566 288 1596 &
309 1564 487 1602 tranquilitati
501 1563 599 1593 vestrae
612 1570 724 1602 paterna
736 1560 877 1598 volentes,
893 1562 921 1590 in
936 1559 1079 1600 posterum
1089 1582 1099 1598 ,
1117 1559 1190 1589 solli-

0 1601 26 1643 ta}
43 1587 101 1642 {iu-
135 1603 260 1634 citudine
280 1603 445 1643 providere,
462 1601 625 1632 auetoritate
641 1601 722 1630 vobis
734 1599 912 1642 praesentium
927 1598 1124 1642 indulgemus,
1143 1607 1191 1642 ut,

0 1664 54 1692 Ugr-
137 1643 205 1672 cum
224 1643 252 1671 iri
275 1643 396 1679 partibus
418 1639 512 1671 vestris
526 1639 603 1684 super
617 1639 773 1677 provisione
785 1637 971 1676 scripsenmus
985 1637 1114 1679 alicujus,
1133 1636 1191 1675 hii,

156 1681 239 1711 uibus
254 1678 412 1719 hujusmodi
428 1680 525 1709 litterae
536 1677 712 1715 diriguntur,
729 1686 824 1706 earum
836 1676 1017 1718 audioritate,
1037 1677 1085 1705 iiiii
1100 1685 1190 1719 unum

136 1690 290 1750 ffiraelatum
308 1718 344 1748 de
365 1717 426 1755 ipsis
449 1716 589 1755 partibus,
602 1716 762 1755 suspendere
782 1725 797 1744 a
815 1715 1019 1744 beiieiicioiurn
1041 1714 1190 1743 collatione

138 1768 197 1788 non
216 1757 339 1795 valeant,
355 1756 406 1786 nisi
425 1755 524 1786 litterae
543 1756 606 1796 ipsae
628 1758 738 1792 plenam
761 1753 877 1783 fecerint
899 1752 935 1782 de
947 1752 1000 1783 hac
1016 1752 1190 1789 indulgentia

139 1796 325 1826 mentionem.

177 1833 261 1864 Nulli
281 1843 349 1873 ergo
369 1833 490 1864 omnino
507 1832 659 1862 hominum
673 1832 753 1861 liceat
765 1830 838 1860 lianc
852 1830 982 1869 paginam
997 1828 1101 1860 nostrae
1119 1839 1192 1861 con-

142 1872 272 1904 cessionis
286 1872 458 1909 infringere,
476 1871 520 1901 vel
534 1871 558 1901 ei
573 1871 637 1901 ausu
650 1870 798 1900 temerario
815 1870 971 1907 contraire,
1025 1907 1029 1912 Ι

181 1911 381 1950 Siquisautem
403 1910 460 1939 hoc
482 1917 644 1947 attemptare
663 1907 882 1945 praesumpserit,
896 1907 1119 1946 indignationem
1133 1917 1200 1937 om-

144 1949 295 1988 nipotentis
316 1948 373 1978 Dei
394 1949 426 1979 ἃς
449 1947 598 1978 beatorum
615 1947 690 1978 Petri
705 1947 738 1978 δε
750 1945 843 1983 Pauli,
864 1945 1065 1983 Apostolorum
1080 1948 1154 1985 ejus,
1172 1945 1199 1976 se

144 1989 257 2018 noverit
269 1986 453 2018 incursurum.

184 2062 252 2094 Dat.
269 2062 400 2104 Lugdun.
415 2072 434 2101 4
446 2062 487 2094 Id.
503 2062 613 2100 octob.
629 2060 815 2092 Pontificatfis
828 2059 916 2091 nostri
931 2070 1006 2091 anno
1021 2061 1111 2091 tertio.

321 2140 445 2170 Plumheo
461 2138 550 2177 Sigillo
557 2139 688 2178 pendente
701 2149 718 2167 a
724 2137 786 2179 filis
794 2137 872 2177 flavi
888 2137 1012 2178 rubeique
1027 2135 1124 2167 coloris.

306 2274 354 2305 De
379 2273 558 2305 Commercio
583 2283 652 2304 cum
672 2269 858 2314 Walletfibus
882 2269 1049 2305 interdt‘Ho.

4 2369 82 2401 Ann-
96 2368 136 2398 D.
156 2356 376 2417 MAndatum
395 2356 437 2387 est
445 2357 568 2396 Johanni
582 2356 617 2387 de
631 2355 710 2395 Grey
721 2355 879 2394 Justiciario
893 2356 1029 2395 Cestriae,
1047 2357 1123 2395 quod
1133 2382 1142 2397 ,
1156 2368 1206 2396 per

33 2415 116 2447 1245,
250 2405 337 2426 totam
360 2395 493 2426 Ballivam
512 2396 605 2433 suam,
624 2404 691 2424 cum
712 2403 813 2434 quanta
827 2393 884 2424 fieri
902 2396 1003 2431 poterit
1016 2396 1208 2436 festinatione,

8 2451 60 2476 Aa·
77 2456 122 2483 30,
158 2436 187 2465 in
209 2434 319 2471 singulis
337 2433 447 2471 Burois,
466 2435 498 2464 &
516 2435 598 2463 bonis
613 2432 708 2469 Viuit,
726 2434 759 2464 ὃς
773 2431 936 2462 Hundredis
951 2434 1064 2471 publice
1077 2435 1207 2474 clamari,

7 2490 42 2514 Η,
66 2494 90 2520 3,
158 2474 191 2505 &
213 2473 327 2503 firmiter
349 2458 485 2502 observari
505 2473 603 2509 faciat,
620 2470 697 2510 quod
713 2470 849 2513 nullus'de
864 2470 964 2501 Balliva
984 2472 1044 2510 sua,
1061 2473 1130 2503 sicut
1143 2484 1209 2504 cor-

6 2523 140 2558 clauss30,
158 2521 208 2549 pus
227 2511 306 2541 suum
327 2510 434 2550 diligit,
451 2510 563 2548 aliquod
587 2519 675 2546 genus
693 2508 871 2546 victualium,
890 2509 993 2540 ferrum
1012 2511 1057 2541 vel
1081 2522 1209 2552 acerum,

8 2567 36 2590 H
68 2558 71 2559 ⁷
158 2549 205 2581 vel
228 2558 368 2587 pannum,
386 2550 431 2578 vel
470 2557 646 2587 uamcunque
667 2547 745 2577 aliam
768 2556 891 2577 mercem
907 2548 1026 2587 vendat,
1042 2550 1149 2588 mittat,
1164 2553 1210 2582 vel

8 2571 98 2634 mizi-2
114 2597 139 2626 d.
157 2588 257 2624 ducat,
275 2587 321 2617 vel
337 2596 390 2626 pro
404 2597 441 2627 po
467 2597 482 2616 e
494 2586 558 2624 su0‚
576 2585 659 2623 duci,
677 2585 762 2616 vendi
775 2585 822 2616 vel
833 2586 906 2616 mitti
919 2587 1075 2626 permittat,
1093 2588 1128 2618 ad
1141 2598 1212 2627 opus

157 2626 349 2663 Walensium,
365 2626 548 2656 inimicorum
564 2624 658 2664 Regis.

196 2664 233 2694 Er
257 2664 277 2694 si
299 2663 418 2701 aliquem
440 2665 606 2700 intercipere
628 2661 727 2703 poffit,
746 2662 793 2699 qui
809 2661 954 2700 victualia,
972 2663 1016 2694 vel
1028 2663 1091 2694 alias
1107 2674 1213 2697 merces

157 2703 344 2743 quascumque
363 2703 399 2732 eis
419 2702 554 2739 vendere,
580 2701 623 2731 vel
643 2701 752 2731 mittere
772 2701 991 2740 attemptaverit,
1017 2712 1119 2734 contra
1140 2704 1212 2735 lianc.

180 2741 381 2771 rohibitionem
400 2739 502 2780 Regis3
518 2740 615 2769 omnia
632 2739 693 2776 illa,
708 2748 814 2769 merces
836 2739 869 2769 &
885 2740 1033 2778 victualia,
1050 2742 1077 2771 in
1097 2752 1213 2773 manum

157 2751 249 2816 Regis
270 2780 374 2817 capiat,
393 2779 425 2810 δε
445 2778 478 2809 ad
500 2788 570 2817 opus
582 2778 673 2816 Regis
689 2777 763 2808 salvo
778 2776 932 2817 custodiat,
947 2786 1090 2816 tamquam
1105 2791 1136 2811 ea
1149 2791 1213 2821 quae

157 2819 204 2849 Re
226 2819 233 2847 i
247 2819 432 2848 incurruntur.

196 2827 309 2895 &orpus
322 2865 413 2886 autern
428 2856 507 2894 ipsius
517 2854 680 2892 vendentis,
697 2855 741 2885 vel
757 2855 891 2885 mittentis
904 2856 1093 2887 incontinenti
1108 2858 1214 2897 capiat,

158 2895 192 2925 &
214 2896 241 2923 in
265 2894 371 2932 prisona
394 2894 482 2932 Regis
497 2894 570 2924 salvo
587 2893 742 2932 custodiat,
759 2893 852 2924 donec
867 2893 895 2924 id
912 2893 988 2932 Regi
1002 2895 1214 2935 significaverit,

158 2934 192 2964 &
207 2933 279 2963 aliud
291 2943 306 2963 a
320 2932 404 2970 Rege
418 2933 542 2964 habuerit
556 2931 727 2963 mandatum.

194 3008 286 3040 Teste
299 3008 382 3047 Rege
392 3008 466 3048 apud
478 3008 613 3048 Wigorn.
627 3010 742 3041 decimo
757 3009 804 3040 die
818 3008 1004 3041 Novembris.

398 3133 448 3166 De
468 3132 586 3178 Tri-aga
604 3144 672 3165 cum
693 3136 824 3166 Francia
831 3132 988 3179 facienda.

227 3216 291 3247 EX
308 3218 394 3248 mittit
415 3217 575 3248 Heriricum
593 3216 629 3247 de
650 3217 675 3247 la
696 3217 810 3249 Marum
823 3242 833 3257 ,
857 3219 891 3249 &
909 3218 1080 3258 Magistrum
1101 3220 1217 3251 Rober-

13 3221 90 3253 Ann.
106 3218 148 3249 D.
165 3218 217 3273 R

37 3268 121 3297 ¹245·
237 3265 297 3286 tum
318 3255 431 3285 Auketil
449 3256 484 3286 ad
506 3254 679 3294 praesentiam
698 3255 788 3293 Regis
809 3257 949 3296 Francke,
968 3268 1019 3295 pro
1040 3258 1216 3290 consumma-

11 3301 65 3327 An.
88 3307 132 3334 30.
164 3296 243 3325 tione
259 3294 462 3332 prorogationis
474 3302 633 3332 treugarum
648 3295 718 3323 inter
731 3304 777 3324 eos
791 3295 932 3334 facienda3
952 3297 1020 3327 sicut
1036 3307 1084 3334 per
1102 3308 1216 3328 curren-

14 3341 48 3364 Η.
67 3345 92 3372 3.
163 3342 202 3364 tes
217 3332 349 3363 Nuncios
364 3332 435 3361 inter
448 3341 496 3362 eos
506 3332 547 3362 est
558 3332 746 3371 prolocutum.

13 3378 126 3409 Pat.30.
200 3371 314 3410 Qibus
334 3370 398 3400 Rex
418 3369 494 3400 dedit
513 3369 679 3407 potestatem
693 3379 731 3413 'ea
754 3370 890 3410 faciendi,
910 3382 973 3411 quae
987 3373 1021 3404 ad
1036 3375 1214 3414 prorogatio-

2 3417 49 3440 111.
70 3421 95 3448 3.
160 3420 227 3440 nem
242 3409 438 3449 praedieiarum
457 3415 615 3446 treugarum
629 3416 778 3446 pertinent.

1 3459 51 3478 =m.
66 3459 94 3485 9.

196 3485 284 3517 Teste
298 3484 384 3522 Rege
397 3483 469 3524 apud
481 3483 697 3523 Windesoram,
710 3493 807 3524 quarto
818 3485 864 3517 die
878 3487 1055 3519 Decembris.

207 3607 235 3635 δὲ
260 3610 308 3641 De
330 3604 424 3640 feodo
450 3617 547 3639 annuo
569 3608 678 3639 Comiti
704 3605 860 3641 Sabaudiae
881 3610 998 3656 concest
1016 3622 1074 3657 pro
1099 3613 1165 3644 Ho-

593 3658 690 3701 magio
704 3655 772 3699 sico.
855 3658 857 3660 ’

142 3755 147 3761 ·
161 3741 256 3813 RE
265 3740 297 3771 X
315 3739 451 3786 concessit
473 3739 603 3770 Amadeo
617 3739 728 3783 Comiti
741 3739 884 3771 Sabaudiae
898 3741 1104 3788 Marchionifliri
1118 3744 1192 3776 Italia
1201 3768 1211 3783 ,

120 3792 126 3798 ·
242 3789 296 3820 pro
316 3780 466 3818 homagio,
482 3778 559 3817 quod
580 3778 644 3808 fecit
664 3787 716 3815 pro
731 3775 834 3808 Castro
853 3779 898 3809 Au
918 3780 971 3811 llan
991 3784 1023 3813 δε
1037 3782 1109 3813 Villa
1123 3782 1210 3813 Secu-

129 3830 135 3836 ·
162 3816 230 3853 ciae,
248 3827 314 3848 cum
331 3818 448 3848 Pallacio
463 3817 495 3847 &
510 3815 613 3846 Castro
627 3817 662 3846 de
677 3815 783 3853 Bardo,
801 3817 834 3846 &
847 3815 893 3846 Vil
903 3828 918 3848 a
928 3818 1022 3850 Sancti
1038 3820 1163 3852 Mauritii
1179 3822 1208 3851 in

163 3853 327 3894 Chablasio,
341 3855 466 3886 tenendis
484 3854 520 3885 de
540 3854 624 3891 Rege
647 3855 679 3884 &
702 3853 854 3884 haeredibus
873 3855 924 3885 suis
944 3857 994 3887 sibi
1008 3860 1042 3889 &
1056 3858 1211 3890 haeredibus

125 3904 134 3913 ⁴
161 3892 214 3922 suis
237 3894 266 3922 in
286 3894 373 3924 feodo
390 3896 584 3934 inperpetuum
620 3893 696 3923 mille
715 3892 794 3922 libras
807 3892 949 3924 bonorum
963 3895 1162 3933 sterlingorum
1175 3898 1210 3927 de

162 3929 286 3998 ἓζείὲςὲιὲῗ)
305 3932 420 3970 nostro,
438 3915 626 3972 percipiendas
641 3930 765 3961 London
779 3930 813 3961 ad
828 3930 995 3963 scaccarium
1010 3933 1097 3974 Regis
1108 3935 1144 3965 de
1157 3936 1210 3966 do-

199 4005 247 4036 De
265 3993 364 4044 quibus
382 4008 456 4038 mille
475 4007 550 4038 libris
569 4007 634 4037 Rex
653 4006 735 4036 solvit
754 4007 797 4044 ei,
813 4016 872 4046 prae
884 4008 1010 4040 manibus
1043 4011 1212 4048 quingentas

163 4041 302 4112 Mssofnas'l
309 4044 349 4112 δῖ)
361 4045 396 4112 eiI
407 4044 512 4078 solvere
531 4054 638 4078 tenetur
654 4046 817 4084 quingentas
836 4044 949 4078 Marcas
967 4047 1003 4079 ad
1016 4033 1133 4081 issestum
1146 4048 1212 4083 Pas-

1233 165 1704 221 PunLicA.
2195 184 2275 233 ης

1222 257 1299 296 chae,
1318 269 1393 289 anno
1413 259 1511 298 Regni
1529 261 1567 292 sui
1580 263 1736 301 tricesimo,
1752 264 1786 296 &
1797 264 1912 297 residuas
1926 267 2145 304 quingentarum
2159 266 2271 298 Marca-
2288 257 2364 288 A1m¹
2379 257 2420 289 D’

1222 305 1318 326 carum
1340 298 1373 327 ad
1396 297 1510 343 Festum
1529 299 1624 330 Sancti
1645 301 1795 332 Michaelis
1813 312 1889 334 anno
1905 304 2025 343 eodem,
2042 313 2143 344 praeter
2155 306 2271 336 feodum
2312 296 2396 335 ¹24⁶·

1220 332 1300 364 suum
1322 336 1398 373 quod
1412 346 1554 376 percipere
1567 339 1651 369 debet
1664 339 1697 369 ad
1713 340 1834 371 eundem
1846 344 2010 374 terminum.
2291 340 2354 363 ffln.
2375 344 2402 371 3·

1257 409 1344 441 Teste
1357 411 1438 451 Rege
1450 413 1523 453 apud
1534 413 1659 445 Westm.
1672 414 1786 446 decimo
1797 416 1873 448 sexto
1886 417 1931 448 die
1939 417 2071 457 Januarii.

1220 486 1345 540 REX
1365 488 1500 519 coiiceffit
1518 489 1609 519 eidem
1629 488 1741 521 Comiti
1758 500 1810 528 pro
1832 493 1966 532 homagio
1988 495 2127 539 praedie’to
2141 496 2175 527 &
2187 495 2272 526 servi-
2289 484 2392 520 lbidfmo

1294 535 1352 563 tio,
1369 536 1434 565 quae
1450 528 1504 564 ipse
1518 530 1552 559 &
1568 527 1689 558 haeredes
1702 529 1741 559 sui
1756 529 1831 569 Regi
1847 532 1879 561 &
1891 531 2048 563 haeredibus
2062 534 2114 563 suis
2126 533 2219 564 facere
2231 543 2274 564 te-

1220 571 1332 606 nentur·
1345 573 1396 607 pto
1417 566 1554 602 praedietis
1570 565 1674 596 Castris
1686 568 1720 597 &
1736 567 1831 605 Villis,
1848 569 1973 599 tenendis
1989 570 2025 601 de
2039 571 2124 608 Rege
2135 573 2167 602 &
2183 573 2275 602 haere-

1220 601 1370 646 dibusiuis
1390 604 1417 632 in
1439 604 1525 635 feodo
1543 606 1758 643 inperpetuum,
1776 606 1928 637 secundum
1948 608 2069 638 formam
2081 610 2173 649 scripti
2195 611 2275 649 quod

1221 638 1287 669 Rex
1308 641 1373 671 inde
1393 642 1458 672 fecit
1473 643 1564 673 eidem
1580 642 1706 681 Comiti‚
1722 644 1799 682 quod
1816 645 1869 681 ipse
1884 645 1918 676 &
1935 645 2056 676 haeredes
2070 647 2108 677 sui
2122 650 2275 688 percipiant

1222 686 1236 706 a
1259 677 1344 714 Rege
1362 680 1395 709 &
1416 680 1569 712 haeredibus
1585 683 1635 712 suis
1657 692 1781 712 annuum
1795 682 1912 714 feodum
1928 692 1986 714 200
2002 683 2166 716 Marcarum
2182 687 2275 717 bono-

1224 725 1286 745 rum
1308 716 1400 747 sterhn
1421 729 1520 758 orum,
1538 720 1573 750 ad
1597 720 1776 751 Scaccarium
1791 719 1916 752 London
1949 722 2058 761 singulis
2071 725 2148 753 annis
2179 726 2207 754 iri
2221 725 2275 755 Fe-

1224 752 1269 782 sto
1287 754 1381 785 Sancti
1403 727 1567 796 {flichaeliffl
1584 769 1650 798 quas
1666 759 1717 802 ⁸ipsi
1733 760 1777 788 vel
1792 759 1841 789 suo
1854 747 1933 791 certd
1945 760 1979 791 N
1982 762 2069 791 uncle
2084 747 2164 793 diet&
2179 765 2273 793 termi-

1224 801 1263 821 no
1278 793 1353 822 bona
1366 793 1420 824 fide
1433 795 1495 826 Rex
1509 796 1535 827 se
1546 798 1685 835 promittit
1698 797 1860 828 soluturum.

1259 828 1293 859 In
1308 832 1400 870 cujus,
1418 833 1479 863 ὅτε.

1258 904 1346 936 Teste
1364 915 1394 937 ut
1412 908 1497 948 supra:

1316 1031 1366 1062 De
1380 1029 1452 1075 filia
1476 1029 1600 1065 Comitis
1625 1030 1781 1066 Sabaudiae
1807 1037 1838 1066 in
1864 1035 1979 1081 Anglia
1999 1035 2185 1071 maritanda.

1224 1108 1361 1171 REX
1385 1114 1521 1147 conceffit
1541 1116 1633 1146 eidem
1652 1115 1767 1147 Comiti
1791 1119 1825 1149 &
1844 1118 1922 1149 bona
1944 1118 1999 1149 fide
2015 1119 2140 1158 promisit
2155 1112 2230 1159 quod
2245 1131 2279 1151 u-
2299 1113 2375 1143 Ann-
2389 1112 2434 1143 D⁰

1310 1161 1376 1182 narn
1395 1153 1512 1184 filiarum
1531 1153 1596 1184 filiae
1618 1155 1740 1193 ejusdem
1758 1154 1897 1194 Comitis,
1914 1166 1999 1195 quam
2020 1157 2054 1187 ad
2070 1157 2182 1197 Regem
2197 1159 2281 1189 desti-
2322 1151 2407 1189 ¹246·

1227 1197 1291 1217 nare
1309 1191 1431 1222 voluerit
1445 1193 1474 1222 in
1490 1193 1637 1231 Angliam,
1657 1192 1722 1224 Rex
1737 1195 1855 1223 maritari
1868 1194 1951 1224 faciet
1963 1195 2009 1225 vel
2019 1195 2145 1233 Johanni
2160 1197 2194 1226 de
2206 1197 2279 1226 Wa-
2299 1194 2339 1217 Aa
2369 1200 2413 1226 30·

1226 1235 1329 1266 renna,
1347 1231 1412 1267 qui,
1429 1231 1449 1260 fi
1470 1232 1585 1268 vixerit,
1603 1230 1711 1261 Comes
1731 1232 1782 1261 erit
1804 1231 1982 1271 Warennae,
2009 1233 2052 1263 vel
2072 1233 2225 1264 Edmundo
2244 1235 2279 1265 de
2301 1233 2335 1272 H3
2355 1237 2380 1263 3·

1227 1262 1323 1306 Lacy,
1338 1269 1403 1311 qui,
1421 1268 1440 1298 fi
1461 1270 1574 1313 vixerit,
1593 1268 1703 1312 Comes
1720 1270 1771 1300 erit
1788 1269 1949 1313 Lincolniae
1964 1280 1971 1298 :
2011 1271 2073 1339 0ἶὲιί
2105 1271 2200 1301 uidem
2214 1281 2282 1311 pue-
2298 1266 2403 1293 [bidem.-

1226 1311 1248 1369 ἓ
1271 1304 1332 1334 sunt
1351 1316 1380 1336 in
1401 1303 1529 1338 custodia
1546 1307 1651 1348 Regis,
1665 1309 1698 1338 &
1717 1309 1891 1348 maritagium
1911 1318 2011 1339 eorum
2030 1319 2045 1339 a
2085 1281 2202 1348 {egem
2222 1321 2285 1348 per-

1248 1350 1303 1372 net.

1262 1380 1297 1411 In
1312 1382 1408 1421 cujus,
1426 1382 1486 1414 &c.

1263 1457 1352 1488 Teste
1366 1467 1397 1489 ut
1410 1460 1493 1499 supra,

1513 1588 1572 1618 Pro
1596 1584 1740 1619 Haraldo
1765 1588 1840 1633 Rege
1866 1589 2012 1621 Manniae.

1343 1668 1407 1699 Rex
1431 1668 1561 1701 Manniae
1585 1671 1668 1702 habet
1692 1671 1793 1702 litteras
1818 1671 1854 1703 de
1877 1672 2023 1703 condutstu
2044 1673 2074 1702 in
2093 1672 2234 1703 veniendo
2255 1673 2288 1704 ad
2309 1664 2383 1696 Ann-
2398 1664 2439 1696 D·

1338 1707 1450 1747 Regem
1471 1710 1500 1740 in
1520 1709 1565 1739 An
1587 1710 1669 1748 liam,
1690 1710 1795 1741 ibidem
1819 1711 1978 1749 morando,
1996 1713 2029 1743 ὃς
2051 1710 2115 1740 inde
2129 1711 2288 1751 redeundo3
2330 1703 2419 1744 1246.-

1233 1743 1267 1773 &
1285 1744 1386 1776 durent
1401 1747 1500 1778 litterae
1515 1747 1551 1778 ad
1591 1747 1785 1787 entecostem,
1798 1759 1889 1788 anno,
1909 1750 1969 1780 &e
1982 1749 2133 1781 tricesimo,
2307 1746 2424 1817 ᾕῃ-ΞΞΟ·

1269 1819 1358 1853 Teste
1372 1821 1451 1862 Rege
1464 1824 1538 1862 apud
1554 1824 1859 1864 Westmonasteriurn,
1877 1836 1957 1856 nono
1972 1825 2018 1857 die
2029 1825 2161 1864 januarii.
2310 1819 2401 1893 ἓόῑαξω

1242 1986 1332 2019 Bulla
1354 1988 1516 2019 Innocentii
1540 1990 1621 2033 Papae
1645 1989 1766 2033 Qarti
1791 1985 1904 2019 diresla
1931 1990 2002 2034 Regi
2025 1988 2160 2035 Anghae,
2187 2000 2296 2035 rogan-

1289 2034 1325 2067 do
1350 2034 1430 2080 quod
1453 2033 1566 2077 moleste
1587 2048 1643 2068 non
1659 2036 1747 2080 ferat
1772 2035 1954 2068 exaffionem
1979 2036 2115 2079 vicqfimae
2139 2035 2175 2069 de
2192 2036 2295 2069 reddi-

1288 2081 1367 2115 tibus
1395 2081 1600 2126 Ecclefiasticis
1628 2087 1660 2116 in
1682 2083 1799 2129 Anglia
1824 2086 1854 2115 in
1874 2082 2041 2129 fhbsidium
2059 2086 2154 2117 Terrae
2167 2084 2295 2129 sancite,

1289 2136 1325 2170 (9⁴
1342 2131 1534 2176 fignificando
1561 2131 1642 2178 quod
1658 2130 1809 2164 moderate
1827 2131 1862 2176 fi·
1881 2130 2001 2165 habebit
2015 2133 2107 2179 fhper
2125 2133 2300 2179 prov-istam}

1289 2178 1343 2213 bus
1352 2179 1503 2224 faciendis
1518 2183 1549 2212 in
1566 2180 1692 2228 Anglia.

1246 2264 1458 2326 INnocentius
1469 2264 1573 2304 Episco
1593 2275 1640 2304 us,
1653 2265 1743 2296 servus
1758 2266 1902 2298 servorum
1916 2265 1992 2305 Dei,
2008 2266 2149 2298 cariffimo
2163 2267 2193 2297 in
2212 2265 2298 2297 Chri·
2317 2272 2392 2303 Αῃῃ,
2410 2270 2451 2301 D,

1295 2303 1340 2333 sto
1358 2303 1416 2334 filio
1604 2306 1647 2344 egi
1667 2305 1827 2344 Anglorum
1849 2305 1945 2336 illustri
1962 2305 2076 2336 salutem
2096 2306 2130 2336 &
2151 2305 2298 2344 Apostoli·
2344 2312 2427 2348 1246.

1244 2351 1308 2373 cam
1322 2342 1559 2373 benedifflonem.
2315 2353 2367 2377 An.
2390 2359 2436 2386 30.

1285 2379 1438 2411 Personam
1453 2390 1530 2411 tuam
1542 2392 1573 2412 ea
1588 2381 1680 2412 cordis
1694 2381 1846 2413 affeetione
1859 2379 2011 2420 diligimus,
2029 2391 2060 2413 ut
2071 2385 2135 2422 quae
2149 2382 2201 2413 tibi
2214 2382 2298 2422 placi·
2319 2393 2351 2415 Hi
2375 2398 2400 2424 3.

1248 2427 1275 2449 ta
1295 2419 1350 2449 esse
1372 2419 1544 2458 noscuntur,
1562 2421 1580 2439 '¹‘
1599 2429 1734 2458 quantum
1755 2431 1822 2451 cum
1841 2421 1926 2459 Deo,
1944 2422 1977 2452 δε
2000 2420 2133 2452 Ecclesiae
2154 2420 2299 2451 Romanae
2320 2431 2359 2454 Ex
2374 2427 2433 2453 Au-

1247 2457 1357 2487 honore
1373 2457 1513 2496 valemus,
1533 2466 1671 2495 gratanter
1691 2458 1803 2489 efficere
1816 2459 1967 2497 cupiamus.
2320 2472 2385 2500 togr,
2425 2473 2427 2475 ·

1285 2495 1356 2526 Sane
1369 2494 1553 2526 Nunciorum
1566 2505 1696 2535 tuorum,
1710 2507 1780 2536 quos
1795 2507 1882 2535 nuper
1894 2497 1929 2527 ad
1941 2496 2033 2528 sedem
2046 2497 2240 2538 Apostolicam
2253 2496 2302 2527 de-
2321 2503 2374 2531 *1,
2388 2509 2455 2540 442.

1250 2534 1369 2572 stinasti,
1384 2543 1418 2563 ex
1433 2542 1508 2574 parte
1521 2543 1567 2564 tua
1579 2535 1662 2565 nobis
1673 2536 1766 2565 oblata
1778 2537 1875 2574 petitio
1890 2537 2070 2574 continebat,
2089 2545 2118 2566 ut
2130 2537 2165 2567 ab
2177 2536 2304 2566 excretio*

1250 2582 1286 2602 ne
1305 2572 1447 2602 vicesimae
1456 2595 1465 2610 ,
1481 2582 1536 2611 pro
1550 2573 1650 2603 Terrae
1662 2573 1763 2604 sarid&
1777 2573 1913 2612 subsidio,
1932 2583 1980 2612 per
1994 2573 2028 2603 Ν
2031 2575 2129 2605 uncios
2142 2573 2255 2604 nostros
2268 2574 2305 2604 de

1251 2610 1402 2641 redditibus
1416 2610 1633 2649 Ecclesiasticis,
1650 2612 1679 2641 in
1694 2610 1801 2651 Regno
1815 2611 1842 2642 A
1882 2612 1944 2650 liae,
1961 2611 2122 2653 postulatae,
2140 2622 2173 2643 ac
2187 2613 2272 2643 etiam
2288 2615 2305 2644 a'

1251 2649 1455 2688 proviiionibus
1476 2649 1657 2680 Clericorum
1675 2650 1810 2680 faciendis
1824 2650 1861 2680 ibi
1882 2660 1928 2680 em
1942 2650 2074 2681 desistere
2082 2660 2250 2682 curaremus.

1289 2686 1436 2718 Caeterum
1458 2698 1526 2718 cum
1541 2688 1611 2718 olim
1645 2688 1770 2728 diligenti
1784 2688 1982 2719 deliberatione
1996 2689 2161 2728 praehabita,
2175 2688 2308 2720 statutum

1251 2727 1333 2757 fuerit
1345 2727 1374 2756 in
1391 2725 1526 2756 Concilio
1541 2712 1719 2766 Lugdunensi
1733 2734 1780 2765 ut,
1815 2737 1848 2757 ro
1859 2727 2043 2758 subventione
2057 2736 2137 2759 terrae
2152 2728 2308 2766 praedffitae,

1255 2775 1319 2802 quae
1342 2765 1453 2802 gravius
1476 2764 1558 2795 solito
1571 2766 1682 2803 magnis
1697 2775 1768 2796 nece
1791 2766 1899 2796 itatibus
1912 2774 2090 2805 perurgetur,
2107 2766 2156 2796 ubi
2176 2776 2212 2796 ue
2226 2775 2310 2797 terra-

1252 2813 1315 2833 rum
1335 2803 1434 2843 populi
1455 2803 1596 2834 christiani
1617 2803 1775 2841 hujusmodi
1795 2804 1926 2834 vicesima
1938 2805 2089 2843 tribuatur,
2106 2803 2160 2835 Cel
2172 2804 2311 2835 itudinem

1254 2841 1378 2879 Regiam
1397 2850 1545 2880 rogamus,
1570 2843 1604 2873 &
1624 2842 1769 2873 hortamur
1790 2850 1893 2873 attente
1935 2851 2047 2873 uatenus
2065 2842 2247 2873 mansuetudo
2265 2851 2312 2874 tua

1254 2880 1372 2911 moleste
1391 2890 1451 2910 non
1470 2880 1555 2919 ferat,
1574 2881 1593 2910 si
1616 2880 1775 2911 vicesimam
1795 2880 1881 2921 ipsam
1893 2891 1908 2911 a
1952 2882 2020 2918 egni
2035 2882 2091 2920 tui,
2108 2881 2175 2912 sicut
2190 2879 2227 2911 ab
2242 2881 2311 2912 alia-

1253 2928 1317 2949 rum
1338 2917 1551 2949 Provinciarum
1571 2919 1635 2949 viris
1654 2918 1849 2950 Ecclesiasticis
1871 2919 2063 2963 postulamus,
2099 2919 2221 2950 maxime
2242 2929 2311 2950 cum

1255 2967 1315 2986 non
1335 2957 1425 2987 solum
1445 2957 1510 2997 ipsi,
1529 2957 1567 2986 set
1581 2958 1664 2987 etiam
1679 2957 1816 2996 universi,
1835 2966 1883 2996 qui
1897 2957 2043 2988 christiana
2058 2957 2229 2996 professione
2243 2968 2312 2989 cen-

1254 2995 1364 3033 sentur,
1381 2995 1472 3026 eidem
1487 3004 1567 3026 terrae
1576 3017 1585 3033 ,
1597 2996 1626 3025 in
1638 3004 1723 3026 tantae
1731 2995 1878 3026 subvenire
1891 2995 2054 3026 necessitatis
2067 2996 2184 3027 articulo
2198 3003 2313 3027 tenean—

1254 3042 1299 3064 tur
1318 3045 1323 3063 :
1360 3033 1429 3064 Nec
1448 3036 1476 3064 in
1492 3034 1613 3064 dubium
1626 3042 1772 3064 revocetur
1784 3033 1881 3073 quod,
1897 3043 1947 3073 per
1960 3034 2040 3072 ipsius
2053 3041 2133 3065 terrae
2145 3034 2313 3074 subsidium,

1254 3082 1308 3112 qua
1326 3073 1462 3117 catholica
1480 3072 1546 3103 fides
1565 3072 1598 3102 &
1615 3081 1676 3103 tota
1698 3071 1878 3103 christianitas
1892 3071 2063 3112 honoratur,
2082 3073 2233 3104 muitarum
2246 3073 2313 3104 salus

1253 3120 1384 3149 provenit
1396 3120 1559 3142 animarum.

1292 3149 1338 3179 Ad
1353 3149 1430 3188 liaec,
1450 3150 1515 3180 licet
1533 3149 1601 3186 hiis,
1621 3149 1668 3187 qui
1685 3147 1858 3186 Apostolicae
1871 3148 1943 3187 sedi,
1961 3155 2091 3188 ternpore
2104 3148 2158 3180 suae
2170 3149 2313 3180 adverfita-

1254 3188 1288 3217 tis
1308 3187 1445 3225 instantis,
1461 3187 1633 3218 adhaeserunt
1655 3186 1770 3217 fideliter
1793 3188 1826 3218 &
1838 3187 1997 3226 adhaerent,
2012 3196 2045 3219 ac
2059 3188 2114 3218 aliis
2129 3189 2176 3226 qui
2189 3188 2246 3225 ejus
2257 3189 2312 3217 ob-

1254 3225 1350 3265 sequiis
1371 3225 1536 3256 incessanter
1558 3224 1701 3263 insistunt,
1717 3235 1777 3255 non
1797 3225 1910 3264 indigne
1922 3235 2058 3265 cogamur
2070 3227 2233 3263 provisionis
2248 3235 2313 3261 gra-

1255 3265 1321 3294 tiam
1342 3265 1495 3302 impertiri,
1510 3272 1567 3294 tuae
1586 3272 1681 3293 tamen
1702 3263 1861 3294 devotionis
1882 3265 2001 3301 intuitu,
2019 3265 2096 3301 super
2109 3263 2312 3303 provisionibus

1253 3302 1354 3332 nostris
1377 3304 1404 3332 in
1428 3303 1533 3340 Regno
1549 3302 1659 3340 Angliae
1672 3301 1848 3340 supradieto,
1866 3303 1906 3332 ita'
1913 3313 1967 3332 nos
1981 3303 2139 3332 curabimus
2157 3301 2311 3339 moderari,

1252 3340 1330 3380 quod
1349 3349 1395 3370 tua
1416 3341 1566 3379 sinceritas,
1589 3341 1636 3370 cui
1657 3340 1842 3380 proponimus
1861 3341 2039 3380 complacere
2053 3363 2062 3379 ,
2087 3341 2190 3370 merito
2206 3341 2309 3379 poterit

1252 3387 1418 3409 contentari.

1292 3453 1360 3486 Dat.
1376 3454 1507 3494 Lugdun.
1521 3453 1644 3486 secundo
1659 3454 1700 3485 Id.
1709 3454 1996 3495 Junii‚Poniificatcis
2010 3453 2098 3484 nostri
2111 3464 2187 3485 anno
2201 3462 2308 3494 quarto.

1712 3530 1838 3561 plumbeo
1855 3529 1943 3568 sigillo
1955 3541 1973 3559 a
1983 3529 2036 3572 filo
2056 3531 2178 3561 canabei.

1391 3660 1439 3693 De
1459 3655 1586 3704 Legibus
1605 3658 1783 3704 Anglicanis
1799 3660 1830 3689 in
1851 3654 2002 3690 Hibernia
2027 3654 2168 3690 tenendis.

1314 3741 1390 3780 Uia,
1429 3752 1461 3772 ro
1479 3743 1628 3772 communi
1648 3742 1765 3772 utilitate
1785 3749 1864 3772 terrae
1876 3740 2042 3780 Hiberniae,
2059 3741 2093 3772 &
2106 3742 2210 3773 unitate
2223 3751 2306 3773 terra-
2324 3744 2398 3775 Ann.
2414 3744 2445 3775 D

1332 3790 1393 3811 rum
1443 3781 1500 3817 egis
1511 3803 1519 3817 ,
1534 3777 1599 3809 Rex
1608 3778 1686 3818 vult,
1704 3781 1742 3817 &⁷
1751 3779 1787 3810 de
1801 3780 1952 3810 communi
1966 3777 2103 3810 Concilio
2116 3780 2218 3820 Regis,
2237 3791 2301 3820 pro·
2352 3784 2436 3822 1246.

1249 3819 1339 3849 visum
1361 3819 1417 3856 est,
1435 3819 1512 3859 quod
1525 3828 1624 3848 omnes
1637 3818 1710 3857 leges
1724 3819 1758 3849 &
1772 3817 1982 3848 eonsuetudines
1995 3827 2059 3855 quae
2073 3819 2102 3848 in
2117 3817 2164 3848 Re
2188 3829 2227 3849 no
2239 3820 2300 3851 An·
2318 3826 2369 3848 Aa.
2389 3832 2433 3857 30.

1249 3858 1312 3896 gliae
1334 3866 1479 3896 tenentur,
1497 3858 1526 3886 in
1548 3854 1686 3886 Hibernia
1704 3865 1864 3894 teneantur,
1882 3857 1915 3887 &
1927 3855 2024 3886 eadem
2038 3864 2108 3886 terra
2119 3858 2161 3887 eis
2174 3867 2219 3887 em
2234 3858 2300 3896 legi·
2321 3864 2351 3886 H.
2376 3869 2401 3894 3.

1249 3898 1300 3926 bus
1320 3895 1477 3933 subjaceat,
1500 3895 1532 3925 &
1552 3904 1600 3932 per
1622 3894 1731 3924 easdem
1751 3903 1880 3932 regatur,
1906 3892 1975 3924 ficut
1996 3893 2141 3926 Dominus
2158 3894 2301 3932 Johaniies
2324 3901 2381 3923 Pin.
2400 3905 2443 3932 30.

1250 3933 1334 3972 Rex,
1351 3943 1420 3963 cum
1439 3933 1541 3964 ultimo
1561 3931 1665 3962 effetin
1679 3932 1834 3970 Hibernia,
1853 3932 1990 3964 statuit&
2005 3932 2065 3962 fieri
2076 3934 2225 3963 mandavit.
2322 3940 2349 3962 H
2379 3943 2404 3969 3.

1288 3972 1366 4010 Qia
1387 3972 1470 4001 etiam
1497 3969 1563 4000 Rex
1583 3971 1645 4001 vult
1669 3970 1747 4008 quod
1767 3971 1864 4001 omnia
1883 3970 1978 4001 brevia
1997 3970 2033 4000 de
2052 3972 2200 4001 communi
2215 3972 2277 4008 jure
2292 3992 2303 4008 ,
2323 3982 2358 3999 m.
2379 3981 2404 3999 i.

1249 4020 1313 4049 quae
1331 4017 1444 4040 currunt
1463 4010 1494 4039 in
1516 4008 1635 4047 Anglia,
1654 4009 1778 4041 similiter
1796 4016 1907 4040 currant
1924 4010 1955 4040 in
1966 4008 2104 4040 Hibernia
2115 4009 2164 4039 sub
2177 4018 2257 4039 novo
2272 4008 2305 4038 si-

1251 4047 1320 4088 gillo
1339 4047 1449 4088 Regis,
1766 4080 1793 4116 V
1810 4094 1827 4115 2
2224 4077 2311 4114 Man*
