2570 4261
11 299 87 332 Ann.
103 298 145 330 D.

36 347 120 377 ¹251·

10 383 73 406 Hen.
90 386 116 414 3.

8 529 60 556 An.
81 536 125 564 35.

9 571 44 594 H.
66 575 92 602 3.

6 608 65 631 Par.
83 611 128 639 35.

8 646 42 669 H.
64 651 89 677 3.

8 689 45 707 m.
63 688 86 707 i.

0 2399 73 2430 Ann.
88 2400 130 2431 D.

18 2448 102 2474 1252.

0 2481 48 2505 An.
65 2480 108 2514 36.

0 2520 31 2542 H.
54 2525 78 2552 3·

0 2556 37 2580 Ex
56 2556 129 2591 Orig.

0 2593 22 2618 in
37 2595 111 2620 Turri

0 2631 74 2658 [ond.

129 1047 240 1103 .RE

110 1161 117 1168 ·
154 1122 266 1164 illustri,
282 1127 318 1157 de
331 1127 487 1166 Maritagio
509 1129 675 1168 Margaretae
694 1129 759 1159 filiae
779 1130 882 1159 nostrae
896 1137 1091 1173 primogenitae
1103 1151 1113 1167 ,
1138 1139 1206 1159 cum

714 210 824 250 ET
906 211 1173 253 ACTA

371 381 420 412 De
438 378 581 411 condur'bu
599 379 774 413 Alexandri
790 382 875 426 Regis
887 383 996 414 Scotiae.

221 462 286 493 EX
303 462 435 492 omnibus
469 463 529 494 &c
546 464 666 494 salutem.

250 500 348 531 Sciatis
389 485 451 532 uois
466 502 633 539 suscepimus
655 504 683 532 in
704 502 809 532 silvum
829 503 861 533 &
882 502 1008 535 securum
1032 503 1209 535 conductum

161 538 289 579 nostrum
308 538 362 569 dile
393 550 441 569 um
461 539 589 569 nostrum
604 540 793 571 Alexandrum
808 540 855 570 Re
875 551 920 571 em
940 542 1062 581 Scotiae,
1082 543 1114 573 ὃς
1128 543 1211 572 fami-

161 573 228 605 liam
241 577 332 616 suam,
350 587 434 615 quam
448 577 540 607 secum
555 578 640 609 ducet
653 579 685 609 ad
698 589 750 609 nos
763 580 798 609 us
812 590 845 609 ue
887 581 996 610 borum.

182 614 235 657 *Et
249 615 314 646 ideo
325 617 406 646 vobis
418 616 581 646 mandamus
593 617 670 654 quod
684 618 777 647 eidem
823 619 869 654 egi
885 619 918 648 &
932 619 1046 649 familiae
1063 619 1118 650 suae
1139 628 1210 656 prae-

158 650 244 683 dierae
256 654 284 683 in
299 654 440 684 veniendo
458 653 491 684 ad
509 665 560 684 nos
574 677 583 693 ,
601 655 634 685 ad
657 655 822 694 praedictum
841 656 956 694 locum,
974 658 1079 688 ibidem
1096 667 1210 688 moran—

156 689 211 729 do,
230 692 263 722 &
277 691 343 723 inde
361 691 395 722 ad
408 701 495 730 partes
509 692 565 723 suas
576 693 757 731 revertendo,
778 694 886 724 nullum
905 696 1039 733 inferatis,
1059 696 1103 727 vel
1115 696 1209 726 inferri

155 731 315 797 peimittatis
327 731 577 800 irgpedimentum,
596 740 641 761 aut
656 741 812 771 gravamen.

204 779 224 798 n
240 779 334 808 culus,
373 778 408 800 ἐ.

191 843 279 875 Teste
291 844 373 884 Rege
385 845 458 885 apud
472 845 637 876 Westmon.
654 847 688 877 18
702 845 747 876 die
760 846 905 878 Otftobris.

432 967 452 987 ⁴*
472 970 530 1001 Pro
546 967 724 1001 Alexandro
739 971 814 1015 Rege
832 971 940 1001 Scotiae.

249 1048 280 1079 X
298 1051 444 1090 omnibus,
462 1051 521 1083 &c.
542 1052 663 1083 salutem.

246 1087 395 1119 Noveritis
411 1101 462 1120 nos
484 1092 571 1121 teneri
595 1092 755 1122 Alexandro
768 1116 777 1129 ,
802 1091 861 1121 Dei
878 1092 962 1135 gratia
975 1113 985 1128 ,
1009 1090 1085 1134 Regi
1103 1090 1208 1122 Scotiae

154 1172 208 1201 qua
223 1167 362 1196 contraxit
376 1167 451 1197 idem
473 1167 539 1198 Rex
558 1169 586 1198 in
602 1169 671 1198 facie
691 1167 825 1198 Ecclefiae
843 1168 1022 1205 solempniter
1041 1168 1113 1211 apud
1127 1166 1207 1197 Ebo-

110 1236 118 1243 ·
154 1210 216 1231 rum
229 1225 238 1240 ‚
262 1204 292 1234 in
313 1204 446 1235 Crastino
470 1206 578 1236 Natalis
604 1206 749 1243 Domini,
775 1215 849 1236 anno
869 1207 1063 1236 incarnationis
1085 1205 1204 1243 ejusdem

156 1249 238 1308 12]5²1.
252 1241 280 1271 in
294 1243 415 1283 quinque
428 1244 548 1274 millibus
562 1254 718 1275 marcarum
734 1244 860 1280 argenti,

202 1279 310 1319 Ydem,
325 1281 370 1311 vel
383 1290 463 1312 certo
476 1282 599 1314 Nuncio
613 1282 662 1312 suo
673 1281 795 1312 solvend.
817 1281 851 1311 ad
866 1281 941 1312 suam
955 1282 1174 1321 requisitionem,
1191 1293 1206 1313 a

154 1319 284 1356 proximo
297 1328 415 1349 venturo
431 1319 547 1358 Pascha,
566 1321 595 1350 in
609 1327 727 1359 quatuor
738 1329 833 1349 annos.

189 1355 228 1385 Et
238 1357 275 1386 sic
286 1359 386 1387 erimus
397 1359 483 1396 quieti
498 1358 532 1388 de
543 1358 592 1388 illis
624 1359 724 1396 uirique
737 1358 854 1387 millibus
862 1366 1017 1388 marcarum
1024 1360 1128 1396 argenti
1136 1369 1206 1389 con-

152 1395 232 1423 tentis
252 1396 281 1424 in
300 1395 405 1433 scriptis
425 1397 524 1427 exinde
545 1406 601 1426 con
614 1396 681 1426 editis
700 1397 774 1426 inter
792 1406 866 1434 nos,
897 1398 930 1428 &
951 1397 1037 1427 bonae
1059 1399 1206 1428 memoriae

150 1430 338 1463 Alexandrum
350 1434 462 1473 Regem
477 1435 582 1465 Scotiae
596 1442 702 1473 patrem
715 1434 802 1464 suum.

189 1469 223 1500 In
237 1472 329 1510 cuius,
345 1471 405 1503 ὅτε.

186 1545 274 1578 Teste
284 1547 370 1587 Rege
383 1549 456 1587 apud
471 1549 600 1581 Eborum
608 1573 619 1589 ,
636 1559 673 1588 27
688 1550 732 1580 die
747 1549 923 1580 Decembris.

698 1629 751 1656 Per
763 1629 858 1664 Regem
872 1624 910 1661 ὠ·
928 1625 1077 1656 Concilium.

313 1753 363 1785 De
376 1752 500 1800 Treugis
516 1764 585 1785 cum
600 1755 678 1800 Rege
695 1753 846 1784 Navarra
860 1751 1054 1796 ratificandis.

244 1835 275 1868 X
291 1838 423 1869 omnibus
457 1838 516 1869 &c.
530 1836 652 1868 salutem.

124 1874 133 1883 ⁸
151 1835 338 1906 RESciatis
358 1860 452 1913 quod’,
469 1876 489 1906 si
510 1875 626 1906 dilectus
642 1875 676 1905 &
694 1874 778 1918 fidelis
797 1874 891 1905 noster
910 1873 1012 1918 Simon
1030 1875 1067 1906 de
1089 1874 1208 1906 Monte-

105 1916 113 1958 :
150 1912 217 1943 forti
233 1936 243 1952 ,
267 1913 375 1944 Comes
391 1913 552 1945 Leicestriae
564 1936 574 1950 ‚
600 1913 699 1957 velis,
716 1923 765 1951 qui
786 1912 853 1943 loco
873 1912 922 1942 suo
945 1912 1028 1943 fuerit
1044 1915 1074 1943 in
1095 1914 1208 1945 servitio

149 1951 249 1982 nostro
263 1952 428 1983 Wasconiae
443 1975 454 1991 ,
477 1953 604 1991 Treugas
623 1952 713 1982 inierit
733 1961 802 1982 cum
817 1951 902 1989 Rege
921 1951 1077 1990 Navarrae,
1095 1963 1147 1983 nos
1165 1964 1207 1984 eas

75 1989 81 1994 '
106 2027 112 2033 ·
149 1989 331 2029 ratificamus,
346 1991 379 2021 ὃ(
392 1990 506 2025 firmiter
519 1991 607 2022 teneri
620 1989 762 2021 faciemus.

186 2026 220 2058 In
233 2029 309 2067 cujus
318 2052 327 2067 ,
343 2029 403 2060 &c.

157 2084 164 2086 >
181 2103 270 2135 Teste
284 2104 367 2145 Rege
380 2105 453 2146 apud
466 2105 578 2143 Thorp.
593 2114 612 2134 2
626 2104 672 2135 die
683 2104 815 2144 Januarii.

736 2183 789 2211 Per
804 2180 840 2220 J.
857 2180 991 2221 Maunsel.

173 2305 263 2338 Bulla
279 2310 360 2353 Papae
377 2306 529 2354 rogatoria
539 2316 596 2352 pro
616 2303 796 2352 quibusdam
814 2303 1040 2338 Mercatoribus
1054 2308 1172 2352 Senens:

150 2390 179 2451 I
187 2390 316 2422 Nnocen
321 2393 372 2422 tius
380 2391 551 2429 Episcopus,
568 2391 659 2422 servus
671 2390 815 2421 servorum
824 2390 895 2428 Dei,
908 2390 1068 2422 chariffimo
1081 2392 1110 2421 in
1119 2391 1206 2422 Chri-

150 2428 232 2497 d'g'o
245 2430 303 2460 filio
374 2430 449 2470 Regi
464 2430 576 2469 Angliae
596 2429 709 2472 illustri,
727 2429 839 2461 salutem
854 2430 887 2460 &
907 2429 1101 2467 Apostolicam
1120 2431 1205 2461 bene-

170 2477 179 2496 i
210 2477 314 2498 ionem.
944 2476 951 2478 ⁷

189 2505 301 2544 Regalis
319 2505 490 2536 excellentiae
509 2515 592 2545 quam
612 2505 767 2545 plurimum
787 2504 900 2536 interest
913 2528 923 2544 ,
948 2513 979 2535 ut
993 2505 1041 2536 illis
1055 2529 1064 2543 ,
1089 2508 1136 2544 qui
1154 2517 1205 2547 pro

149 2542 201 2572 suis
215 2544 244 2573 in
256 2543 359 2583 Regno
373 2552 424 2574 tuo
445 2545 679 2583 negotiationibus
699 2552 910 2582 commorantur
924 2566 933 2581 ,
961 2553 988 2574 te
1002 2555 1061 2574 non
1075 2554 1205 2585 gravem,

149 2581 193 2612 sed
205 2582 359 2621 benignum
373 2582 515 2620 exhibeas,
530 2583 562 2613 ὃ(
575 2582 713 2614 serenitate
728 2582 818 2620 Regia
833 2582 1012 2612 mansuetum.

187 2619 266 2650 Cum
279 2622 360 2660 igitur
375 2621 536 2651 Fredericus
551 2620 690 2658 Rolland,
708 2620 741 2651 &
756 2620 919 2650 Tliebaldus
934 2620 1121 2660 Tabalducci,
1138 2622 1204 2653 socii

148 2658 244 2689 dilecti
258 2658 306 2689 filil
321 2659 519 2690 Boniventurae
532 2659 642 2697 Lupelli
657 2658 738 2689 Civis
756 2659 791 2689 &
806 2657 972 2689 Mercatoris
986 2658 1085 2689 Senen.
1106 2661 1203 2692 devoti

147 2697 236 2728 nostri
250 2721 279 2766 ,h
286 2699 316 2728 in
331 2698 434 2731 eodem
449 2697 556 2737 Regno
570 2708 622 2735 pro
640 2697 692 2728 suis
712 2697 869 2728 exercendis
890 2698 1127 2737 negotiationibus
1140 2710 1204 2731 mo-

146 2745 159 2765 r
233 2747 245 2765 r
338 2748 343 2753 ·

160 2744 383 2805 argetlsituadiiiem
396 2782 474 2805 tuam
493 2773 649 2811 rogandam
670 2773 802 2805 duximus
821 2775 951 2804 attentius
969 2774 1002 2805 δε
1019 2774 1203 2816 hortandam,

145 2821 279 2850 quatenus
293 2812 470 2843 Mercatores
482 2812 593 2843 eosdem
607 2814 770 2850 permittens
781 2814 810 2844 iri
823 2813 961 2850 praediCto
976 2812 1082 2854 Regno
1094 2815 1126 2846 &
1142 2824 1203 2846 toto

143 2851 268 2882 districtu
282 2860 332 2882 tuo
345 2852 432 2882 libere
445 2853 637 2890 commorari,
656 2861 703 2882 eos
714 2852 863 2882 occasione
882 2852 968 2891 aliqua
981 2862 1041 2882 non
1057 2853 1202 2893 molestes,

147 2899 200 2920 nec
211 2890 246 2921 ab
260 2890 319 2920 aliis
334 2889 472 2922 molestari
487 2890 607 2928 patiaris:

183 2928 239 2958 Sed
253 2930 343 2966 potius
357 2928 429 2965 ipsos
442 2937 509 2958 cum
521 2929 656 2959 omnibus
668 2928 749 2960 rebus
763 2938 879 2968 eorum,
897 2937 950 2966 pro
965 2928 1139 2972 Apostolicae
1152 2930 1203 2961 Se-

148 2966 189 2996 dis
205 2967 237 2997 &
251 2966 343 2996 nostra
358 2966 507 2996 reverentia
520 2989 530 3003 ,
552 2967 738 2998 favorabiliter
756 2975 935 2998 manuteneas
953 2968 986 2999 &
999 2967 1127 2999 defendas
1133 2979 1143 3005 ,-
1165 2970 1202 3000 ita

147 3005 225 3072 qulpd
240 3004 474 3044 magnificentiam
492 3014 568 3036 tuam
581 3005 699 3044 proinde
713 3006 805 3046 dignis
814 3006 844 3038 in
865 3005 999 3038 Domino
1019 3006 1146 3038 laudibus
1162 3016 1203 3038 at-

147 3050 179 3072 to
200 3052 285 3073 amus.

183 3116 253 3149 Dat.
265 3117 383 3157 Petunt,
406 3128 450 3150 10.
468 3117 530 3150 Kal.
545 3118 660 3158 Martii,
676 3119 859 3153 Pontificatus
870 3120 958 3152 nostri
969 3130 1045 3152 anno
1060 3131 1150 3153 nono.

149 3244 207 3274 Pro
230 3242 395 3275 Adatillida
413 3242 450 3275 de
470 3243 739 3336 Cantilupffifcrfaebm
763 3246 878 3292 Regina
899 3247 998 3279 Scotiae
1018 3249 1051 3278 in
1069 3248 1201 3280 Scotiam

601 3302 656 3337 pro
672 3304 685 3323 e
715 3303 744 3325 cr.

211 3374 275 3406 EX
293 3375 441 3414 omnibus,
459 3376 519 3406 &c.
530 3375 652 3406 salutem.

244 3414 320 3452 Qia
332 3413 432 3444 diletfta
445 3414 528 3445 nobis
541 3415 570 3444 in
583 3412 700 3444 Christo
713 3412 848 3446 Matillida
861 3415 896 3449 de
912 3416 1066 3456 Cantilupo
1079 3417 1204 3455 professa

105 3484 111 3491 ,
151 3452 191 3483 est
203 3453 232 3482 in
252 3452 377 3485 Scotiam
392 3475 402 3490 ,
426 3452 456 3482 in
470 3452 636 3491 obsequium
657 3451 803 3492 nostrum,
822 3464 875 3484 una
890 3464 959 3486 cum
973 3455 1084 3495 Regina
1098 3456 1204 3487 Scotiae

150 3490 343 3567 fillliirosssirade
361 3529 448 3568 gratia
468 3526 562 3558 nostra
583 3526 691 3567 speciali
704 3551 713 3566 ,
738 3528 922 3560 concedimus
940 3531 1034 3562 eidem
1055 3531 1204 3562 Matillidae

151 3567 245 3636 ‹lq-iliod,
263 3575 326 3598 toto
346 3574 474 3611 ternpore
486 3565 630 3611 ¹ystaessuae
642 3588 652 3603 ,
671 3567 766 3610 quieta
786 3567 818 3611 sit
835 3568 871 3612 de
891 3568 968 3599 sectis
988 3569 1204 3613 Comitatuum,

187 3606 394 3645 undredorum,
411 3605 515 3637 auxrliis
529 3603 757 3642 Vicecomitum,
773 3604 901 3646 hidagiis,
920 3609 953 3638 ὃς
966 3608 1025 3639 vrsu
1043 3612 1129 3638 trancr
1146 3609 1204 3647 ple-

127 3679 133 3685 ·
152 3645 204 3683 gii,
219 3644 254 3675 de
273 3645 407 3674 omnibus
420 3644 498 3674 terris
514 3643 548 3674 ὃς
567 3643 731 3673 tenementis
744 3665 754 3681 ,
778 3642 798 3662 ²*
813 3653 878 3681 quae
889 3653 966 3677 tenet
979 3647 1009 3677 in
1024 3646 1121 3678 dotem
1137 3669 1147 3685 ,
1169 3646 1204 3677 de

150 3683 230 3714 dono
242 3683 396 3714 Willielmi
409 3682 444 3712 de
458 3681 629 3719 Cantrlupo,
645 3680 790 3723 quondam
802 3682 855 3724 viri
867 3683 922 3722 sui,
939 3685 967 3714 in
983 3684 1098 3723 Anglia:

188 3720 231 3754 Ita
243 3720 320 3760 quod
335 3721 390 3762 ipsa
408 3719 546 3753 Matillida
559 3743 569 3758 ,
592 3718 727 3757 quamdiu
749 3728 862 3758 leent,
879 3731 938 3752 non
960 3722 1140 3760 distringatur
1155 3733 1204 3761 per

150 3768 217 3796 nos,
232 3759 277 3791 vel
289 3768 337 3800 per
350 3759 457 3797 aliquos
472 3758 589 3789 Ballivos
603 3757 713 3788 nostros
727 3779 736 3794 ,
760 3755 970 3801 vicecomites,
987 3761 1034 3792 vel
1052 3762 1118 3791 alios
1134 3784 1143 3800 ,
1169 3761 1205 3792 ad

149 3796 232 3831 sectas
251 3797 449 3831 Comitatuum
463 3821 473 3835 ‚
496 3797 541 3827 vel
557 3794 768 3827 hundredorum
788 3794 949 3835 faciendas;
969 3799 1014 3829 vel
1032 3809 1085 3839 pro
1101 3799 1205 3830 auxiliis

149 3833 377 3874 vicecomitum,
392 3836 523 3875 hidagiis,
542 3843 588 3866 aut
602 3834 660 3865 visu
674 3832 873 3873 franciplegii,
910 3845 953 3866 uae
963 3836 998 3866 ab
1013 3847 1045 3868 ea
1058 3839 1130 3877 exigi
1141 3848 1205 3879 pos-

149 3872 217 3940 fini²
233 3874 383 3943 occafiorgce
395 3883 530 3907 terrarum
543 3874 576 3905 &
590 3880 816 3904 tenementorum
829 3881 862 3910 pr
908 3873 1038 3905 idtorum.

201 3921 220 3940 n
233 3922 324 3950 cuius,
377 3922 402 3944 c.
424 3950 425 3953 Ἴ

185 3985 273 4019 Teste
287 3986 368 4028 Rege
381 3988 454 4029 apud
467 3987 593 4020 Westm.
609 3997 656 4018 22.
671 3987 716 4018 die
731 3985 881 4018 Februarii.

574 4061 578 4066 ’
884 4056 937 4085 Per
949 4058 1050 4095 Regem.

1256 209 1717 255 PUBLICA.
2226 225 2304 271 165

1578 396 1668 427 Bulla
1684 407 1738 442 pro
1764 400 1981 445 Cruccy‘z'gnatis.

2320 303 2394 334 Ann.
2409 305 2449 336 D.

2345 352 2427 381 1252.

2318 385 2380 408 Her».
2404 393 2428 418 3.

1249 474 1464 535 INnooentius
1483 477 1649 523 Episcopus,
1666 480 1756 524 servus
1774 480 1925 526 servorum⁴
1938 483 2011 528 Dei,
2036 484 2164 515 univerfis
2192 485 2298 516 Christi
2318 489 2368 514 An.
2381 488 2424 521 36.

1295 514 1433 553 fidelibus,
1449 516 1484 545 ad
1507 527 1576 555 quos
1596 519 1691 548 littera:
1713 519 1772 549 istae
1785 529 1976 560 pervenerint,
1994 523 2104 554 salutem
2120 524 2152 554 &
2167 524 2298 565 apostoli·
2317 529 2351 550 H-
2373 535 2399 561 3-

1247 559 1309 581 cam
1325 553 1562 585 benedictionem.

1286 589 1394 634 Afflleti
1415 594 1501 623 corde

1248 631 1485 673 precelpiiantzae
1506 633 1662 663 constitutis
1683 635 1711 663 in
1727 634 1783 672 ipsa
1799 633 1923 664 fidelibus
1938 636 2087 666 noscuntur
2102 646 2208 668 nOViter
2221 641 2297 670 acci-

1248 665 1331 709 disse,
1348 668 1382 710 ad
1400 670 1572 713 fise-:andam
1595 672 1698 710 ipsam,
1715 672 1784 702 Deo
1798 674 1934 712 propitio,
1951 673 1986 703 de
2001 676 2156 712 impiorum
2171 679 2300 708 manibus

1248 711 1311 746 totis
1325 706 1644 750 affectibus-aspiramus,
1658 709 1839 749 diffinientes,
1852 711 1926 742 sacro
1936 714 2107 751 approbante
2120 716 2243 746 concilio
2252 726 2301 754 ‚ut

1248 747 1480 786 ita4cniceiignati
1499 749 1525 777 se
1547 756 1717 787 praeparent,
1739 749 1819 788 quod
1838 758 1982 787 oportuno
2001 759 2147 790 ternpore,
2166 755 2299 785 universis

1250 783 1414 813 insinuando
1433 783 1558 827 fidelibus
1577 796 1624 823 per
1637 787 1832 817 Praedi‘catores
1845 790 1878 818 ὅς
1892 788 2001 818 nostros
2015 789 2149 821 Nuncios
2160 790 2298 831 speciales,

1247 828 1364 863 omnes,
1383 823 1428 859 qui
1446 823 1627 861 disposuerint
1648 825 1835 863 transfretare,
1853 828 1880 856 in
1902 827 1971 857 locis
1991 827 2096 859 idoneis
2110 829 2144 860 ad
2155 829 2211 859 hoc
2227 841 2299 861 con-

1248 859 1432 906 venianthde
1451 862 1567 901 quibus,
1584 863 1611 893 in
1632 863 1753 900 ejusdem
1775 872 1854 894 terrae
1873 864 2036 904 subsidium,
2062 876 2129 898 cum
2148 866 2243 899 divina
2263 870 2297 900 &

1247 896 1399 934 apostolica
1412 899 1607 931 benedictione
1641 902 1783 932 recedant,

1283 933 1442 981 Sacerdotes
1454 946 1546 980 alutem
1562 940 1595 969 ὃς
1608 941 1651 969 aii
1667 939 1789 978 Clerici,
1809 942 1856 977 qui
1872 941 1972 970 fuerint
1984 942 2013 971 in
2025 943 2146 972 exercitu
2162 943 2297 975 Christia-

1247 981 1302 1014 no,
1321 981 1378 1002 tam
1398 974 1513 1012 subditi,
1531 978 1617 1014 quiam
1631 977 1756 1015 Praelati,
1773 980 1891 1008 orationi
1912 981 1944 1009 ot
1958 980 2139 1010 exhortationi
2154 981 2297 1021 diligenter

1245 1009 1382 1050 insistant,
1400 1011 1532 1056 docentes
1552 1024 1599 1044 eos
1619 1016 1724 1054 verbo,
1740 1018 1838 1055 pariter
1860 1017 1892 1046 δε
1908 1017 2054 1056 exemplo,
2073 1027 2102 1047 ut
2114 1020 2246 1049 timorem
2263 1022 2296 1051 ὅ(

1244 1056 1372 1092 amorem
1390 1049 1510 1080 Domini
1530 1051 1636 1090 semper
1655 1053 1773 1083 habeant
1795 1063 1857 1084 ante
1875 1055 1990 1093 oculos,
2008 1057 2045 1084 n‘e
2062 1056 2125 1094 quid
2139 1056 2233 1088 dic-ant
2249 1067 2297 1090 aut

1245 1085 1346 1118 faciant
1359 1089 1437 1128 quod
1451 1091 1545 1119 aeterni
1560 1090 1646 1130 Regis
1663 1092 1832 1129 majestatem
1847 1091 1980 1122 offendat.

1246 1157 1250 1161 .
1280 1124 1337 1164 Et,
1354 1127 1373 1157 fi
1387 1126 1499 1166 quando
1510 1129 1540 1158 in
1552 1137 1699 1168 peccatum
1718 1129 1782 1167 lapsi
1794 1130 1906 1166 fuerint,
1927 1139 1975 1168 per
1990 1141 2085 1160 veram
2099 1134 2296 1170 poenitentiam

1246 1171 1315 1207 mox
1337 1165 1491 1205 resurgant,
1508 1176 1631 1206 gerentes
1648 1167 1833 1198 humilitatem
1855 1167 1964 1209 cordis,
1983 1169 2015 1198 ὃς
2030 1171 2168 1208 corporis,
2186 1173 2219 1202 δε
2234 1174 2296 1207 tam

1243 1210 1272 1230 in
1284 1203 1378 1241 victu,
1395 1213 1479 1243 quam
1493 1205 1522 1234 in
1539 1205 1637 1236 vestitu
1651 1205 1875 1236 mediocritatem
1888 1209 2038 1242 servantes,

1282 1240 1472 1284 Dissensiones
1492 1243 1525 1273 &
1544 1244 1732 1275 aemulationes
1744 1245 1862 1275 omnino
1877 1243 2009 1282 vitando,
2027 1254 2158 1283 rancore,
2176 1247 2208 1276 δε
2224 1248 2295 1278 livo-

1244 1288 1273 1309 re
1287 1280 1302 1309 a
1315 1282 1341 1309 ie
1354 1280 1461 1318 penitus
1478 1281 1607 1320 relegatis.

1284 1316 1330 1348 Ut
1351 1321 1406 1357 sic,
1424 1319 1604 1356 spiritualibus
1625 1320 1659 1350 ὃς
1680 1319 1862 1350 materialibus
1884 1322 1962 1350 armis
1975 1321 2092 1359 muniti,
2110 1320 2233 1352 adversus
2244 1323 2297 1354 ho-

1245 1354 1297 1385 stes
1308 1355 1372 1387 fidei
1384 1357 1502 1388 securius
1514 1358 1688 1397 praelientur,
1707 1369 1766 1389 non
1779 1359 1814 1389 de
1825 1358 1870 1389 sua
1886 1358 2078 1397 pi·aesiinieiites
2094 1361 2234 1399 potentia,
2250 1361 2295 1392 sed

1245 1395 1281 1424 de
1294 1395 1390 1427 divina
1405 1397 1506 1427 virtute
1519 1396 1660 1436 sperantes.

1282 1432 1406 1465 Nobiles
1443 1435 1538 1464 uidem
1554 1436 1586 1466 ὃς
1601 1443 1727 1473 potentes
1742 1433 1895 1473 exercitiis,
1916 1445 1949 1466 ac
1965 1445 2064 1466 omnes
2078 1435 2177 1467 divitiis
2190 1437 2299 1469 habun-

1245 1470 1356 1510 dantes,
1376 1474 1426 1513 piis
1465 1474 1622 1504 raelatorum
1638 1475 1751 1505 monitis
1763 1473 1942 1511 inducantur,
1961 1483 2008 1511 ut,
2025 1475 2125 1504 intuitu
2137 1474 2296 1516 Crucefixi,

1247 1519 1298 1547 pro
1318 1521 1375 1548 quo
1400 1513 1491 1542 crucis
1502 1512 1672 1550 signaculum
1688 1512 1902 1551 assumpserunt,
1921 1513 1956 1542 ab
1968 1513 2090 1549 expensis
2105 1513 2246 1545 inutilibus
2261 1516 2294 1546 &

1246 1548 1400 1587 superfluis,
1418 1549 1462 1579 sed
1479 1551 1514 1581 ab
1532 1551 1582 1581 illis
1595 1552 1751 1590 praecipue,
1769 1561 1831 1590 quae
1848 1551 1916 1580 siunt
1932 1552 1959 1580 in
1975 1551 2295 1585 commessationibus&

1246 1589 1399 1626 conviviis,
1416 1588 1582 1619 abstinentes
1592 1613 1601 1628 ‚
1617 1599 1660 1619 eas
1680 1598 1859 1619 commutent
1877 1590 1906 1618 in
1921 1589 2097 1627 personarum
2112 1590 2221 1621 illarum
2231 1592 2296 1622 sub-

1246 1625 1360 1665 sidium,
1377 1636 1426 1666 per
1446 1637 1511 1666 quas
1532 1627 1589 1657 Dei
1609 1629 1754 1667 negotium
1772 1628 1858 1658 valeat
1877 1628 2042 1668 prosperari,
2059 1629 2091 1659 &
2114 1629 2168 1667 eis,
2184 1638 2297 1668 propter

1245 1663 1316 1702 hoc,
1330 1667 1407 1704 juxta
1423 1665 1604 1698 Piaelatorum
1619 1667 1741 1705 ipsorum
1755 1666 1973 1705 providentiam,
1989 1675 2171 1704 peccatorum
2183 1668 2299 1700 suorum

1245 1703 1414 1743 indulgentia
1428 1704 1571 1735 tribuatur.

1283 1741 1427 1774 Praedictis
1441 1752 1532 1773 autem
1546 1743 1653 1774 clericis
1665 1742 1853 1782 indulgemus,
1868 1751 1898 1773 ut
1911 1741 2046 1774 beneficia
2060 1743 2104 1774 sua
2117 1745 2224 1784 integre
2237 1755 2300 1785 per-

1246 1781 1351 1818 cipiant
1372 1790 1420 1820 per
1440 1783 1608 1821 triennium,
1626 1791 1658 1811 ac
1679 1782 1699 1812 si
1720 1782 1808 1811 essent
1827 1784 1854 1812 in
1877 1781 2002 1811 Ecclesia
2019 1782 2178 1821 residentes,
2202 1784 2253 1823 &,
2277 1785 2301 1820 si

1246 1819 1354 1850 necesse
1375 1820 1474 1857 fuerit,
1492 1830 1540 1858 ea,
1559 1830 1606 1859 per
1628 1819 1703 1850 idem
1724 1828 1833 1857 tempus
1846 1819 1952 1850 valeant
1966 1821 2078 1859 pignori
2088 1821 2222 1858 obligare.

1281 1857 1333 1888 Ne
1354 1858 1435 1897 igitur
1453 1858 1511 1889 hoc
1533 1858 1668 1889 Sanctum
1681 1859 1852 1897 propositum
1866 1857 2010 1897 impediri,
2031 1859 2075 1888 vel
2088 1859 2216 1890 retardari
2229 1870 2299 1890 con-

1245 1897 1348 1935 tingat,
1368 1898 1497 1926 universis
1516 1897 1694 1928 ecclesiarum
1716 1896 1835 1926 Praelatis
1856 1896 1976 1927 districte
1990 1898 2181 1936 praecipimus,
2198 1906 2230 1928 ut
2245 1900 2299 1929 lin-

1244 1935 1316 1973 guli,
1334 1945 1382 1974 per
1403 1936 1463 1966 loca
1481 1935 1541 1974 sua,
1556 1936 1632 1973 illos,
1671 1936 1698 1965 ui
1719 1934 1822 1965 Crucis
1839 1935 1947 1974 signum
1962 1935 2164 1974 deposuerunt,
2180 1937 2298 1968 resume-

1245 1983 1290 2011 re,
1305 1983 1338 2003 ac
1362 1975 1420 2003 tLiin
1440 1973 1527 2012 ipsos,
1546 1984 1630 2011 quam
1650 1983 1665 2002 a
1677 1973 1716 2003 ios
1731 1974 1952 2011 crucesignatos,
1967 1973 2000 2003 ὃς
2015 1983 2085 2012 quos
2097 1974 2188 2004 adhuc
2201 1975 2299 2014 signari

1246 2013 1413 2050 contigerit,
1432 2012 1465 2041 ad
1480 2012 1654 2042 reddendum
1670 2011 1802 2042 Domino
1815 2019 1881 2041 vota
1893 2012 1937 2041 sua
1949 2011 2109 2050 diligentius
2117 2022 2250 2044 moneant
2264 2015 2299 2044 ὅ(

1244 2050 1391 2088 inducant,
1414 2051 1464 2089 &,
1483 2051 1502 2080 si
1524 2051 1634 2081 necesle
1655 2051 1752 2088 fuerit,
1767 2059 1815 2089 per
1836 2051 2137 2080 excommunicationis
2156 2052 2184 2080 in
2241 2052 2299 2082 rso-

1244 2098 1306 2126 nas,
1326 2089 1359 2119 &
1381 2088 1519 2118 interdieti
1538 2088 1680 2120 sententias
1696 2089 1724 2118 in
1736 2097 1816 2118 terras
1827 2088 1965 2128 ipsorum,
1981 2090 2064 2118 omni
2079 2090 2195 2128 tergiver
2207 2092 2300 2121 atione

1243 2127 1380 2166 cessimte,
1398 2127 1575 2166 compellant.

1283 2165 1329 2198 Ad
1355 2166 1417 2198 haec
1433 2189 1444 2204 ,
1480 2176 1515 2196 ne
1536 2165 1602 2204 quid
1623 2167 1650 2195 in
1669 2166 1784 2206 negotio
1801 2165 1865 2204 jesu
1885 2164 1993 2194 Christi
2013 2164 2048 2195 de
2074 2166 2301 2205 contingentibus

1245 2204 1406 2243 omittatur,
1424 2205 1568 2243 volumus,
1587 2212 1617 2234 ut
1632 2204 1798 2234 Patriarchae
1808 2227 1818 2242 ,
1836 2203 2064 2241 Archiepiscopi,
2078 2203 2225 2243 Episcopi,
2240 2205 2302 2235 Ab·

1245 2243 1320 2273 bates
1339 2245 1373 2273 &
1395 2243 1456 2281 alii,
1475 2244 1524 2281 qui
1546 2253 1644 2273 curam
1663 2243 1793 2273 obtinent
1810 2244 1982 2279 animarum,
2007 2242 2124 2272 studiole
2144 2252 2303 2282 proponant

1244 2281 1398 2312 cornmiffis
1418 2282 1467 2312 sibi
1485 2282 1591 2321 populis
1615 2282 1735 2312 verbum
1755 2280 1872 2319 Crucis,
1891 2280 2064 2311 obsecrantes
2079 2290 2127 2320 per
2142 2281 2301 2314 Patrem&

1245 2319 1346 2350 Filium
1369 2321 1402 2350 δε
1424 2320 1559 2360 Spiritum
1581 2320 1736 2357 Sancitum,
1762 2329 1868 2357 unum,
1891 2319 1996 2357 solum,
2023 2329 2139 2357 verum,
2158 2329 2299 2351 aeternum

1243 2358 1358 2396 Deum,
1376 2358 1488 2402 Reges,
1510 2358 1622 2397 Duces,
1640 2357 1798 2396 Principes,
1817 2357 2013 2396 Marchiones,
2039 2357 2168 2388 Comites
2191 2358 2225 2389 &
2247 2358 2300 2389 Ba-

1243 2407 1341 2435 rones,
1360 2397 1480 2435 aliosque
1500 2397 1662 2437 Magnates,
1688 2406 1802 2427 necnon
1822 2395 1998 2426 Communia
2020 2394 2195 2434 civitatum,
2214 2396 2300 2427 Villa-

1242 2445 1305 2466 rum
1320 2437 1353 2467 &
1368 2435 1550 2477 Oppidorum
1564 2437 1663 2476 ut,qui
1677 2434 1850 2476 personaliter
1859 2444 1918 2464 non
1928 2434 2105 2474 accesserint,
2114 2436 2143 2465 in
2151 2435 2300 2466 subsidium

1242 2482 1323 2504 terrae
1340 2475 1443 2505 sanctae
1463 2483 1674 2512 competentem
1697 2472 1845 2504 conferant
1865 2482 2014 2503 numerum
2031 2473 2213 2510 bellatorum,
2230 2483 2304 2507 cum

1242 2513 1366 2550 expensis
1385 2513 1420 2544 ad
1434 2514 1586 2544 triennium
1602 2511 1774 2550 necessariis,
1789 2510 1941 2542 secundum
1957 2513 2078 2549 proprias
2092 2512 2248 2550 facultates,
2267 2513 2297 2542 in

1243 2551 1433 2583 remiffionem
1453 2551 1564 2582 suorum
1584 2551 1780 2590 peccaminum
1801 2573 1810 2587 ,
1843 2559 1928 2586 prout
1947 2550 1977 2578 in
1999 2551 2170 2586 generalibus
2191 2550 2300 2589 litteris,

1242 2599 1308 2627 quasv
1322 2589 1429 2627 pridem
1445 2599 1494 2628 per
1508 2590 1609 2619 orbem
1623 2597 1704 2620 terrae
1717 2588 1855 2631 misimus,
1875 2587 1916 2618 est
1931 2589 2104 2627 expressum,
2122 2588 2172 2627 &,
2190 2588 2225 2619 ad
2239 2598 2301 2620 rna-

1240 2628 1334 2666 jorem
1350 2628 1503 2666 cautelam,
1522 2627 1638 2657 inferius
1653 2628 1737 2658 etiam
1755 2635 1933 2665 exprimetur.

1280 2666 1373 2703 Hujus
1391 2668 1469 2697 enim
1492 2666 1658 2696 remissionis
1676 2665 1808 2696 volumus
1827 2665 1882 2694 esse
1903 2665 2050 2705 participes
2064 2674 2123 2694 non
2136 2663 2225 2695 ibium
2239 2676 2304 2704 eos,

1242 2706 1290 2744 qui
1312 2705 1346 2736 ad
1365 2705 1423 2736 hoc
1437 2714 1519 2737 naves
1538 2706 1660 2744 proprias
1669 2704 1859 2741 exhibebunt,
1877 2702 1923 2734 sed
1937 2703 1998 2733 illos
2009 2704 2114 2742 etiarn,
2129 2704 2176 2742 qui
2188 2713 2301 2744 propter

1243 2743 1300 2775 hoc
1315 2753 1385 2781 opus
1400 2753 1483 2774 naves
1497 2742 1652 2776 studuerint
1666 2743 1808 2774 fabricare.

1281 2781 1478 2813 Renuentibus
1501 2790 1620 2819 autem,
1643 2781 1662 2811 si
1684 2782 1731 2820 qui
1751 2780 1825 2810 forte
1848 2788 1904 2810 tam
1928 2780 2026 2819 ingrati
2047 2779 2150 2810 fuerint
2167 2779 2302 2811 Domino

1242 2819 1310 2850 Deo
1323 2820 1442 2859 nostro,
1459 2830 1493 2850 ex
1508 2829 1583 2861 parte
1597 2819 1759 2860 Apostolica
1773 2818 1891 2849 firmiter
1904 2818 2106 2858 protestentur,
2124 2827 2154 2848 ut
2167 2818 2193 2848 se
2206 2819 2303 2858 sciant,

1240 2859 1318 2896 super
1331 2859 1404 2898 hoc,
1422 2860 1503 2890 nobis
1512 2875 1524 2897 ,=
1539 2860 1569 2890 in
1582 2857 1734 2889 noviffimo
1749 2857 1768 2878 *¹
1778 2856 1893 2887 districti
1912 2858 2043 2887 examinis
2055 2856 2118 2895 die,
2133 2866 2232 2887 coram
2247 2866 2302 2889 tre-

1242 2896 1351 2929 mendo¹
1357 2898 1452 2936 judice
1463 2897 1644 2936 responsuros.
2106 2933 2111 2938 ¹

1276 2935 1356 2968 Prius
1372 2944 1468 2967 tamen
1488 2936 1689 2967 considerantes
1704 2934 1758 2974 qua
1774 2933 1901 2972 scientia,
1918 2933 2010 2971 quave
2025 2932 2169 2976 securitate
2183 2943 2302 2973 compa-

1240 2984 1299 3005 rere
1317 2983 1449 3014 poterunt
1473 2984 1570 3005 coram
1588 2975 1737 3013 unigenito
1755 2972 1812 3004 Dei
1831 2972 1890 3002 filio
1900 2971 1970 3015 ‘Jesu
1987 2970 2120 3009 Christo,
2138 2973 2185 3002 cui
2200 2975 2298 3015 omnia

1238 3013 1316 3043 dedit
1333 3021 1407 3052 pater
1427 3015 1454 3043 in
1471 3023 1585 3050 manus,
1600 3012 1620 3042 fi
1635 3014 1679 3050 ei,
1698 3022 1750 3049 pro
1765 3012 1973 3050 peccatoribuS,
1990 3009 2239 3053 crucifixoservrre
2255 3022 2299 3042 re-

1239 3053 1349 3083 nuerint
1368 3053 1397 3082 in
1420 3052 1476 3082 hoc
1497 3051 1629 3090 negotio,
1669 3051 1724 3080 uasi
1745 3050 1858 3089 proprie
1871 3049 1920 3079 sibi
1934 3058 2069 3087 proprio,
2086 3058 2164 3085 cuius
2179 3059 2298 3080 munere

1239 3092 1353 3160 veigunt,
1374 3092 1451 3129 cujus
1463 3090 1602 3121 beneficio
1614 3090 1630 3119 s
1668 3096 1810 3126 emantur,
1828 3088 1896 3127 quin
1909 3090 1993 3119 etiam
2005 3088 2082 3125 cujus
2094 3088 2222 3127 sanguine
2236 3088 2299 3120 sunt

1238 3139 1251 3159 r
1287 3139 1332 3159 em
1355 3137 1385 3160 ti.

1278 3140 1423 3198 Caetperum
1439 3176 1473 3197 ex
1486 3167 1636 3198 communi
1651 3164 1778 3195 Concilii
1793 3165 1995 3202 approbatione
2011 3163 2173 3202 statuimus,
2191 3172 2223 3194 ut
2237 3174 2302 3194 om-

1241 3207 1311 3237 nino
1331 3205 1449 3242 Clerici,
1467 3207 1526 3236 tiim
1539 3204 1654 3243 subditi,
1690 3205 1754 3234 uam
1767 3202 1892 3241 Praelati,
1911 3202 2073 3234 vicesimam
2088 3201 2303 3233 Ecclesiastico-

1241 3255 1306 3275 rum
1322 3244 1533 3280 proventuum,
1552 3243 1638 3280 usque
1655 3253 1671 3273 a
1712 3242 1880 3280 triennium,
1897 3242 2003 3280 integre
2015 3242 2161 3271 conferant
2174 3240 2204 3269 in
2217 3240 2301 3284 subsi-

1242 3282 1321 3313 dium
1342 3283 1439 3313 Teme
1458 3282 1560 3312 sanCtae
1581 3291 1630 3321 per
1653 3291 1751 3311 manus
1771 3290 1888 3318 eorum,
1904 3281 1969 3347 gui,
1989 3280 2023 3310 ad
2045 3278 2162 3322 h0c‚'A
2202 3277 2300 3310 stolicit

1242 3321 1344 3352 fuerint
1364 3320 1543 3360 providentia
1564 3319 1704 3357 ordinati,
1720 3318 1883 3357 quibusdam
1925 3325 2034 3360 untaxat
2056 3318 2151 3360 religio
2164 3326 2184 3345 is
2198 3325 2301 3360 excep-

1242 3361 1343 3398 tiswab
1361 3360 1413 3390 hac
1434 3358 1610 3398 praestatione
1629 3359 1733 3388 merito
1744 3357 1912 3394 eximendis,
1930 3357 2032 3395 illisque
2044 3356 2163 3398 similiter
2177 3364 2242 3393 qui,
2259 3366 2301 3385 as-

1241 3398 1371 3437 sumpto,
1392 3397 1440 3429 vel.
1460 3396 1624 3428 assumendo
1641 3396 1742 3429 Crucis
1760 3396 1912 3435 signaculo,
1930 3395 1990 3425 sunt
2010 3393 2186 3432 personaliter
2205 3393 2300 3433 profe-

1241 3437 1321 3467 asturi.

1280 3475 1348 3505 Nos
1362 3481 1455 3505 autem
1470 3474 1503 3504 ὃ(
1519 3473 1613 3504 fratres
1626 3473 1731 3511 nostri,
1745 3473 1845 3503 sanstae
1858 3472 2000 3502 Romanae
2016 3468 2149 3499 Ecclesiae
2163 3467 2300 3501 Cardina·

1243 3513 1297 3551 les,
1315 3513 1437 3552 plenarie
1457 3512 1602 3543 decimam
1618 3512 1804 3549 persolvemus
1813 3534 1822 3549 ,
1842 3510 1982 3546 sciantque
1995 3507 2021 3537 se
2035 3517 2134 3550 ornnes
2148 3507 2182 3537 ad
2194 3508 2253 3551 hoc
2267 3509 2300 3540 fi-

1242 3551 1337 3582 deliter
1356 3550 1559 3581 observandum
1583 3559 1632 3589 per
1652 3548 1953 3590 excommunicationis
1967 3545 2128 3591 sententiam
2141 3545 2298 3589 obhgatos3

1242 3591 1280 3620 ira
1299 3589 1378 3628 quod
1398 3590 1453 3627 illi,
1467 3589 1533 3627 qui,
1548 3588 1624 3632 super
1643 3588 1718 3632 lioc,
1737 3587 1863 3617 n‘audem
1881 3589 1997 3618 scienter
2010 3582 2220 3623 commiserint,
2238 3585 2298 3616 sen-

1243 3637 1359 3659 tentiam
1372 3635 1675 3658 excommunicationis
1687 3634 1836 3655 incurrant.

1279 3667 1367 3704 Sane,
1387 3667 1450 3704 quiii
1467 3665 1542 3702 justo
1555 3664 1660 3700 iudicio
1674 3664 1779 3695 celestis
1793 3662 1968 3702 Imperatoris
1981 3659 2120 3704 obsequiis
2134 3659 2299 3704 inhaerentes

1240 3705 1350 3743 speciali
1361 3705 1443 3735 decet
1458 3704 1639 3740 praerogativa
1652 3702 1790 3739 gaudere,
1808 3700 1987 3740 crucesignati
2001 3708 2016 3728 a
2032 3697 2170 3736 collectis,
2189 3700 2234 3730 vel
2249 3701 2299 3730 tal-

1243 3743 1300 3781 liis,
1319 3743 1429 3783 aliisque
1451 3742 1656 3778 gravaminibus
1675 3741 1725 3771 sint
1746 3741 1900 3782 immunes,
1919 3746 2041 3782 quorum
2058 3736 2184 3774 personas
2197 3738 2231 3775 ὃς
2245 3739 2300 3782 bo-

1243 3792 1295 3820 na,
1313 3781 1376 3820 post
1397 3780 1522 3812 Crucem
1543 3779 1725 3816 assumptam,
1745 3778 1795 3809 sub
1810 3779 1884 3808 beati
1898 3776 1974 3807 Petri
1988 3775 2022 3807 &
2035 3774 2129 3806 nostra
2143 3776 2298 3815 protectio-

1241 3830 1278 3850 ne
1290 3820 1358 3850 susci
1380 3820 1458 3850 imus.

1281 3830 1435 3889 Statugntes
1456 3866 1485 3887 ut
1507 3855 1556 3886 sub
1576 3854 1876 3894 Archiepiscoporum,
1894 3854 1927 3884 &
1948 3851 2171 3891 Episcoporum,
2187 3862 2299 3896 εςοτη-

1243 3898 1322 3927 nium
1342 3896 1523 3926 Praelatorum
1546 3893 1676 3923 Ecclesiae
1696 3892 1751 3925 Dei
1766 3892 1924 3923 defensione
1940 3889 2107 3929 consistant,
2126 3899 2242 3936 propriis
2256 3901 2300 3920 ni-

1244 3934 1412 3966 chilominus
1433 3932 1655 3971 protee‘toribus,
1673 3930 1706 3960 ad
1727 3932 1800 3968 hoc,
1817 3930 1967 3968 specialiter
1986 3928 2147 3966 deputandis
2163 3939 2173 3965 ·,
2198 3937 2233 3970 ita
2252 3936 2299 3964 ut,

1242 3972 1335 4002 donec
1355 3971 1390 4002 de
1403 3973 1525 4010 ipsorum
1538 3971 1646 4007 reditu,
1664 3970 1707 3999 vel
1721 3970 1800 4000 obitu
1812 3968 1963 3999 certissime
1978 3967 2176 4008 cognoscatur,
2195 3973 2300 4003 integra

1245 4018 1375 4040 maneant
1391 4011 1423 4040 &
1437 4011 1527 4047 quieta
1536 4030 1545 4045 ,
1559 4009 1592 4039 ὃ(
1601 4031 1610 4046 ,
1630 4009 1649 4038 si
1663 4008 1809 4047 quisquam
1822 4014 1921 4037 contra
1933 4005 2150 4044 praesumpserit,
2167 4012 2214 4042 per
2229 4012 2297 4032 cen-

1243 4049 1334 4078 suram
1345 4047 1563 4079 Ecclesiasticam
1575 4047 1775 4084 compescatur.

1282 4086 1362 4124 Siqui
1382 4089 1452 4117 vero
1473 4084 1709 4127 proficiscentium
1730 4083 1802 4162 ιὲὲυεῧ
1810 4082 1844 4113 ad
1858 4081 2024 4121 praestandas
2038 4080 2126 4111 usuras
2138 4079 2299 4147 Ῐυέἓῐῐὲῖτέἑῖ

1514 604 1566 631 pro
1577 593 1748 638 deplorandis
1764 603 1843 625 terrae
1856 596 1955 626 sanet-x
1969 599 2108 637 periculis,
2122 599 2166 643 sed
2181 611 2234 638 pro
2246 601 2296 631 illis
2314 566 2424 637 {vicefu-

2322 2862 2454 2897 *1.469.
