2570 4261
713 166 824 206 ET
907 160 1173 207 ACTA

0 267 68 300 Am
86 262 127 295 D,
141 266 207 298 quae
221 263 270 296 per
283 254 383 286 litteras
396 253 515 292 vestm,
532 252 567 284 &
582 251 751 290 prudentem
765 252 860 282 virum
871 274 881 288 ,
907 249 1051 280 Abbatem
1064 246 1100 290 de
1115 245 1140 275 L
1161 244 1203 288 sa,

25 289 110 342 12i7.
142 297 225 328 nobis
241 294 424 334 significastis,
439 292 566 323 volentes
582 292 615 322 δε
629 290 812 321 desiderantes
826 287 1011 331 foedushpacis
1024 288 1058 318 ὃ(
1072 284 1129 316 dile
1146 286 1203 314 tio-

142 338 184 367 nis
199 335 315 364 libenter
329 332 478 363 nobiscum
492 331 577 367 inire,
597 331 631 360 &
646 329 728 359 nobis
741 326 941 358 confoederari.

0 381 86 418 claus.
105 389 127 407 1.
180 373 256 404 Bene
268 380 362 403 autem
375 369 465 408 placet
479 368 512 398 &
528 367 648 408 placebit
660 367 742 397 nobis
757 364 835 404 quod
853 373 935 394 terrae
950 363 1055 394 nostrae
1068 369 1204 404 commu-

0 424 26 450 Η
51 427 76 455 3.
93 428 129 447 m.
142 421 191 442 nes
207 412 278 449 sint2,
295 418 327 440 ut
346 408 523 438 Mercatores
544 407 578 437 &
591 405 740 442 homines,
759 403 881 441 quisunt
895 401 931 446 de
946 401 1082 440 potestate
1095 398 1204 434 vestra,

0 442 69 497 fd.
142 451 231 481 libere
253 451 287 480 δε
306 447 364 477 sine
383 443 590 482 impedimento
610 452 712 473 terram
734 441 859 472 nostram
872 440 947 470 adire
963 439 1084 478 possint,
1103 438 1136 468 &
1151 437 1206 465 ho-

19 479 26 487 ⁴
144 490 234 519 mines
255 488 288 517 &
309 484 486 514 Mercatores
505 481 593 511 nostri
614 481 736 511 similiter
751 479 891 517 vestram,
908 478 978 508 dum
990 487 1086 509 tamen
1103 476 1205 506 litteras

144 527 247 559 vestras
265 524 393 556 Parentes
415 521 495 559 super
516 520 574 551 hoc
595 520 678 550 nobis
696 518 839 549 destinetis
851 541 861 555 ,
885 518 919 548 &
934 527 987 547 nos
1000 516 1083 547 vobis
1098 512 1206 544 nostras

143 562 368 598 transmittemus.
877 594 881 599 ³

181 602 301 633 Interim
319 607 414 630 autern
433 598 508 628 bene
529 595 663 628 volumus
678 618 688 634 ,
713 595 747 626 &
762 592 948 625 concedimus
964 591 1043 631 quod
1058 590 1206 621 Mercato-

143 650 186 672 res
220 640 280 670 tam
300 637 337 669 de
357 646 428 668 terra
448 635 560 674 nostra,
579 635 665 672 quam
687 633 778 664 vestra
821 640 903 670 eant,
921 633 1034 662 veniant
1047 631 1080 661 ὃς
1094 628 1206 658 redeant

143 664 293 718 per'terras
303 675 423 708 nostras:
451 674 507 712 Et,
523 673 543 703 si
555 673 623 711 quid
635 672 736 702 vestrae
750 656 849 701 sederit
864 671 1018 707 voluntati,
1036 666 1114 706 quod
1130 667 1205 697 face-

143 727 175 747 re
189 716 345 753 valeamus,
364 713 392 744 id
410 713 505 744 secure
525 712 608 741 nobis
629 710 808 750 iignificetis3
827 709 992 739 retinuimus
1005 716 1099 737 autem
1114 705 1206 749 adhuc

144 755 288 786 Abbatem
304 752 489 792 praedidfflm,
507 758 538 780 ut
551 749 587 779 de
601 749 683 780 Navi
695 748 788 779 vestra
803 748 835 778 &
852 748 934 776 rebus
956 748 985 776 in
1000 756 1032 776 ea
1047 752 1206 788 contentis,

142 803 197 831 pro
217 793 298 830 poffe
319 790 419 822 nostro
433 813 443 828 ,
465 788 670 819 restitutionem
685 786 721 816 de
734 786 843 817 caeteris
857 785 992 824 Negotiis
1007 783 1127 826 nostris,
1145 781 1205 811 fieri

142 832 293 870 faciamus,
312 840 361 868 per
375 838 461 867 quem
476 826 512 857 de
526 826 596 856 statu
611 825 711 857 nostro
724 826 758 856 ὃς
774 824 870 864 Regni
882 824 970 855 nostri
984 833 1036 856 vos
1050 820 1205 853 certificare

143 870 313 901 curabimus.
353 867 519 906 Quoniam,
536 865 597 896 &c.

180 944 271 978 Teste
282 944 341 983 ipso
354 942 474 974 Comite
487 941 561 980 apud
581 941 684 972 Lamh.
706 949 752 971 10.
770 940 816 970 die
829 938 977 971 Oe‘tobris.

179 1020 295 1052 Eodem
308 1019 399 1051 modo
413 1017 539 1050 scribitur
552 1018 581 1049 S.
600 1017 681 1049 Duci
695 1017 848 1058 Norwege
859 1015 966 1047 ibidem
979 1015 1013 1047 ὃ(
1029 1011 1133 1044 eodem
1147 1010 1201 1041 die.

0 349 62 374 He».
80 351 105 379 3.

187 1149 238 1182 De
255 1144 399 1179 conduma
411 1155 467 1193 pro
488 1140 668 1191 quibusdam
689 1140 875 1177 venientibus
891 1137 1036 1185 adfidem
1057 1141 1155 1185 Regis.

209 1230 275 1276 EX
294 1228 446 1262 Gileberto
471 1229 531 1261 filio
559 1228 700 1260 Reinfridi
715 1252 725 1266 ‚
756 1227 880 1265 Rogero
900 1226 941 1270 <le¹
960 1224 1067 1269 Monte
1096 1222 1206 1266 Begon.

0 1247 78 1316 Αἲξ-11
86 1247 128 1325 ξ’
145 1234 200 1313 R
211 1270 366 1314 ¹Richardo
385 1269 422 1300 de
444 1269 537 1308 Percy
549 1292 559 1306 ,
581 1269 614 1298 δε
636 1266 709 1297 Adae
723 1266 760 1296 dc
773 1267 890 1303 Stafleg,
904 1264 1031 1302 spirltum
1045 1261 1154 1292 consilu
1167 1261 1206 1291 sa.-

0 1328 50 1353 An.
71 1335 93 1353 Ι.
142 1316 238 1339 nioris.

180 1346 353 1378 Mandamus
367 1346 449 1378 vobis
461 1343 540 1383 quod
553 1343 648 1373 secure
659 1343 773 1373 veniatis
787 1340 822 1371 ad
836 1340 923 1371 fidem
939 1340 971 1370 ὃ(
986 1338 1126 1383 servitium
1139 1348 1206 1383 nos-

89 1424 95 1429 ·
144 1393 238 1425 trum,
256 1387 297 1430 &⁸
310 1385 401 1428 sciatis·
419 1382 496 1421 quod
517 1380 685 1419 suscepimus
705 1390 775 1418 vos,
794 1380 828 1411 &
844 1388 946 1409 omnes
963 1378 1032 1445 111οῆ
1045 1388 1093 1415 qui
1109 1378 1207 1422 vobis—

115 1461 120 1468 ·
142 1417 1208 1500 fiffldgeffie‘ssfinffi..imissa&ferffflffis‘ffiiiffihfffflsssgg‘ffifi

142 1501 294 1532 Comitem
313 1497 485 1529 Penbrokiae
499 1521 508 1535 ,
534 1496 696 1527 Re&orem
717 1495 849 1526 nostrum
867 1495 900 1526 &
922 1493 1018 1533 Regni
1037 1493 1150 1532 nostri,
1172 1495 1207 1526 ὃς

142 1548 212 1571 cum
227 1548 264 1569 eo
278 1536 425 1576 loquendo
441 1535 477 1566 de
490 1545 559 1574 pace
573 1534 677 1565 nostra.
1057 1571 1061 1576 ¹

179 1576 274 1608 Duret
288 1585 383 1607 autem
398 1574 559 1606 conducatis
578 1573 630 1603 iste
644 1573 679 1603 ad
690 1572 795 1604 festum
810 1571 1019 1611 Apostolorum
1033 1570 1158 1605 Simonis
1172 1571 1206 1602 ὃς

136 1614 223 1654 Judae
232 1625 309 1645 anno
320 1614 417 1654 Regni
429 1612 519 1643 nostri
530 1611 663 1643 secundo.

178 1653 218 1685 Et
232 1655 262 1684 in
276 1653 357 1693 hujus
370 1654 427 1692 rei,
445 1652 506 1684 &c.

178 1730 271 1762 Teste
290 1730 351 1769 ipso
371 1729 491 1762 Comite
504 1727 579 1768 apud
595 1728 714 1760 Lameh.
739 1737 783 1759 10.
802 1726 848 1759 die
862 1727 1019 1765 octobris,
1035 1736 1111 1758 anno
1125 1727 1207 1766 Reg-

143 1770 174 1800 ni
188 1769 279 1801 nostri
291 1771 394 1808 primo.

353 1894 403 1927 De
421 1890 567 1931 osberto,
584 1890 653 1936 filio
669 1888 788 1938 Nzgelli
799 1918 809 1934 ‚
832 1887 995 1925 liberando.

0 1978 71 2012 Arm.
83 1980 124 2012 D.
142 1982 196 2038 R
206 1978 231 2010 E
242 1978 274 2010 X
299 1977 424 2010 Falkefio
439 1977 476 2009 de
486 1977 604 2008 Breante
616 1977 740 2008 salutem.

22 2028 107 2058 1217.
236 2018 407 2048 Mandamus
430 2017 513 2047 vobis
532 2015 610 2054 quod
631 2016 688 2046 sine
706 2015 839 2046 dilatione
857 2014 1015 2046 deliberetis
1029 2015 1205 2056 osbertum,

0 2061 47 2086 An.
65 2068 88 2086 i.
141 2055 231 2086 filium
251 2055 361 2095 Nigelli
375 2078 384 2093 ,
408 2059 495 2093 quem
517 2062 633 2093 captum
655 2055 754 2084 tenetis
769 2078 778 2092 ,
799 2054 953 2084 secundum
965 2054 1090 2085 formam
1107 2058 1182 2093 pacis
1195 2079 1205 2096 ,

0 2101 28 2125 fl.
51 2106 76 2134 3.
144 2096 216 2124 inter
230 2103 283 2125 nos
298 2096 332 2125 δε
345 2093 513 2124 Dominum
527 2092 730 2131 Ludovicum,
748 2092 872 2123 Domini
891 2092 982 2130 Regis
998 2092 1126 2124 Franciae
1147 2096 1205 2132 pri-

0 2135 52 2163 ΡΜ.
71 2144 94 2163 r.
143 2133 338 2170 mooenitum,
356 2133 555 2170 reformatam,
572 2133 608 2163 ὅ(
622 2141 671 2171 per
683 2141 736 2162 nos
751 2131 785 2162 &
798 2131 866 2161 alios
876 2130 1006 2168 juratam.

0 2176 26 2200 ff.
44 2182 68 2210 3.
85 2183 111 2200 n.
179 2157 234 2210 PR,
252 2172 282 2201 in
297 2171 378 2209 hujus
397 2171 437 2202 rei
455 2169 668 2209 testimonium,
685 2170 733 2201 has
745 2169 844 2201 litteras
858 2169 964 2201 nostras
978 2169 1125 2210 Parentes,
1142 2172 1204 2204 &c.

0 2220 20 2247 ι..
36 2221 73 2239 m.
90 2220 117 2239 2.
140 2211 223 2243 vobis
236 2210 382 2241 mittimus.

142 2286 404 2359 tr‚Tireiiliq‘eoComite
414 2286 488 2326 apud
502 2282 635 2320 Lameth.
650 2295 678 2318 2.
697 2286 744 2318 die
766 2285 921 2326 octobris,
939 2296 1014 2319 anno
1026 2287 1123 2330 Regni
1136 2299 1203 2321 nos-

169 2337 178 2358 ι
192 2337 210 2366 p
286 2347 293 2356 .

0 2454 8 2473 ¹
23 2455 47 2484 1.
58 2464 122 2492 224.
380 2449 408 2479 ²*
433 2455 491 2487 Pro
510 2450 692 2486 Alexandro
707 2453 784 2500 Rege
797 2454 966 2488 Scotorum.

0 2540 67 2572 ann,
79 2541 120 2572 D.
139 2539 197 2601 A
207 2537 353 2582 Lexander
366 2537 431 2568 Rex
446 2538 552 2583 Scotiae
565 2538 649 2569 habet
660 2538 761 2570 litteras
775 2538 811 2569 de
826 2539 974 2570 condudtu
983 2564 992 2578 ‚
1011 2541 1040 2570 in
1055 2537 1201 2587 veniendo

10 2589 96 2617 1217.
215 2576 251 2606 ad
265 2576 415 2607 Comitem
427 2577 619 2607 Willielmum
634 2577 831 2608 Marescallum
845 2600 855 2616 ,
878 2577 1010 2609 duraturo
1024 2578 1109 2617 usque
1121 2580 1204 2612 Puri-

0 2622 40 2665 an.
57 2629 84 2647 2.
139 2614 303 2647 ficationem
316 2615 406 2646 beatae
421 2614 539 2653 Mariae,
557 2625 634 2646 anno
648 2615 744 2655 Regni
760 2616 884 2647 Domini
897 2616 985 2657 Regis
999 2617 1131 2649 secundo.
1155 2647 1161 2657 ,

0 2662 92 2741 {ig-2.
175 2690 267 2723 Teste
281 2690 401 2723 Comite
416 2691 489 2730 apud
502 2690 629 2723 Westm.
650 2701 677 2732 3.
692 2691 738 2722 die
752 2692 943 2725 Novembris.

0 2738 110 2838 1ηέγῇ
137 2793 141 2797 .
175 2769 278 2799 Eodem
295 2769 368 2799 modo
377 2768 508 2809 scribitur
522 2776 573 2809 pro
589 2768 705 2800 Roberto
716 2770 749 2800 de
762 2772 824 2801 Ros.

0 2819 25 2838 n.
61 2830 68 2837 .

444 2897 495 2928 De
514 2893 668 2930 ConduElu
684 2898 773 2942 Regis
785 2898 896 2929 Scotiae.

0 2979 114 3011 AnnD.
136 2980 190 3037 R
202 2979 228 3010 E
237 2979 269 3011 X
295 2978 515 3012 Constabulario
530 2981 650 3013 Cestriae
665 2982 788 3013 salutem.

6 3028 92 3057 1217.
163 3055 168 3061 ¹
229 3018 403 3049 Mandamus
418 3020 501 3051 vobis
536 3021 610 3059 uod,
628 3020 675 3051 die
689 3021 786 3052 Sanffl
801 3021 925 3052 Andreae
936 3031 1013 3053 anno
1027 3021 1124 3063 Regni
1134 3032 1201 3054 nos-

0 3061 38 3086 an.
55 3068 81 3086 2.
135 3062 170 3085 tri
182 3056 306 3087 secundo
321 3081 331 3096 ,
355 3060 511 3089 occurratis
565 3061 608 3099 egi
625 3059 780 3090 Scotorum
792 3060 866 3104 apud
881 3060 1006 3092 Berewic
1041 3062 1075 3092 ad
1090 3061 1201 3092 condu-

0 3101 89 3163 ἓξ.
135 3094 267 3170 {effi
279 3105 352 3172 {22¹2}
366 3096 404 3164 ῗὲ
418 3096 596 3174 ἷὲἓῖἰέηὲἓῖἒ
609 3084 1199 3177 ffsssffiies’agnatssfftissgffizzgfi

0 3178 19 3200 ί.
40 3184 65 3211 3.
79 3184 117 3202 m.
135 3171 228 3201 facere
245 3171 337 3216 debet.
373 3172 412 3204 Et
432 3174 462 3204 in
480 3174 561 3204 hu'us
575 3175 616 3204 rei
634 3174 829 3206 testimonium
845 3177 892 3206 has
905 3176 1006 3207 litteras
1022 3177 1130 3208 nostras
1146 3177 1199 3207 Pa-

0 3212 2 3233 =
134 3218 242 3253 tentes,
260 3209 384 3253 sigillatas
399 3211 488 3251 sigillo
532 3214 628 3244 omitis
645 3213 803 3245 Marescalli
824 3215 958 3245 Rectoris
973 3215 1063 3246 nostri
1078 3216 1201 3256 &Reg-

133 3258 164 3279 ni
176 3246 267 3278 nostri
278 3249 327 3285 (eo
340 3249 418 3287 quod
425 3250 555 3282 nondum
569 3251 699 3291 Sigillum
705 3253 863 3291 habuimus)
877 3254 960 3285 vobis
974 3254 1040 3285 inde
1051 3256 1198 3286 mittimus.

105 3365 109 3368 ᾖ
170 3315 262 3348 Teste
278 3316 396 3349 Comite
411 3318 485 3357 apud
498 3320 634 3352 London.
656 3330 683 3359 7.
701 3320 747 3352 die
759 3322 950 3355 Novembris.

298 3447 348 3480 De
365 3444 519 3480 Conduffn
527 3456 583 3493 pro
600 3449 749 3482 Lewelino
764 3453 899 3498 Principe
919 3451 1039 3486 Wzlliae.

0 3531 62 3564 inu.
74 3533 115 3565 D.
134 3529 257 3591 REX
285 3530 328 3562 H.
346 3531 383 3562 de
397 3531 520 3577 Mortuo
536 3531 614 3563 Mari
625 3533 748 3565 salutem.

0 3581 47 3638 ἐπὶ
52 3581 95 3643 ig.
135 3569 661 3654 MagrlgfgnffiffiffssvoZZ-zzffiffiffgt
671 3574 1058 3654 ἓὲῗιὲεἳ-ῗεειῗεῗὲτάιῒῖπῖἓῌὲιξς
1063 3576 1196 3654 Sabglgassilj

0 3653 22 3676 1.
44 3659 70 3686 3.
135 3655 165 3675 in
185 3647 294 3678 oetabis
315 3647 413 3678 Saneti
427 3635 549 3679 Martini
593 3648 710 3679 absoluti
724 3649 827 3682 fuerint
861 3662 912 3690 per
925 3653 1095 3683 venerabiles
1106 3662 1196 3691 patres

0 3685 75 3732 Jlaus.
93 3697 119 3717 2.
136 3683 178 3714 H.
204 3684 444 3730 Herefordensem
457 3711 472 3732 ‚·
493 3688 527 3718 &
550 3672 715 3731 Dominum
736 3687 790 3717 W.
817 3673 957 3721 doventr.
975 3690 1133 3730 Episcopos
1146 3717 1156 3731 ,
1178 3693 1195 3722 a

0 3729 22 3752 ι.
39 3735 65 3762 3.
83 3736 120 3755 m.
136 3722 266 3754 sententia
287 3734 593 3757 excommunicationis
608 3750 617 3764 ,
643 3735 672 3755 in
685 3735 734 3755 eos
747 3725 817 3764 lata,
834 3737 870 3758 eo
886 3728 965 3767 quod
977 3729 1081 3762 fuerint
1096 3739 1196 3762 contra

0 3764 12 3791 ἰ.
28 3765 54 3792 d.
136 3759 305 3793 Dominum
314 3763 480 3801 Johannem
494 3764 608 3804 Regem
622 3763 735 3794 Patrem
748 3763 887 3795 nostrum.

171 3799 260 3832 Tunc
282 3802 412 3840 praefatos
427 3803 607 3834 Lewelinum
628 3811 697 3832 cum
711 3801 892 3842 Magnatibus
905 3804 1019 3837 Walliae
1031 3807 1196 3839 conducatis

133 3838 169 3867 ad
187 3848 240 3869 nos
254 3864 264 3878 ,
289 3839 376 3878 usque
395 3841 430 3871 ad
453 3841 652 3872 Norhamton.
671 3840 705 3870 ad
726 3841 856 3880 homagia
877 3841 922 3872 sua
942 3843 1083 3875 facienda:
1104 3846 1196 3877 Simul

133 3884 203 3905 cum
224 3877 371 3921 eonduetu
391 3878 518 3910 fidelium
532 3878 698 3910 nostrorum
713 3879 835 3910 Walteri
855 3879 890 3910 de
904 3880 974 3912 Lasc
998 3907 1008 3921 ,
1026 3884 1148 3915 Walteri
1162 3887 1196 3916 ὃς

134 3913 245 3953 Rogeri
257 3916 293 3959 de
307 3915 444 3956 Cliffort,
463 3919 497 3950 ὃς
512 3918 635 3948 Walteri
649 3918 686 3948 de
701 3918 908 3958 Bellocamp03
927 3922 974 3958 qui
996 3932 1027 3952 us
1040 3922 1197 3960 scripsimus

132 3951 171 3982 de
171 3952 320 4029 &aedicto
334 3955 500 4025 ςοὲεέυᾶυ,
517 3956 649 3987 faciendo
661 3956 742 3987 simul
757 3966 826 3988 cum
840 3956 986 3991 conductu
1001 3959 1104 3993 vestro.

207 4000 251 4020 uia
265 4001 355 4031 vero,
407 4004 433 4025 c.

169 4057 255 4097 Apud
271 4058 437 4092 Gloucestr.
458 4063 504 4094 18.
522 4063 568 4095 die
581 4063 769 4096 Novembris.

207 4100 281 4129 Tam.
299 4100 324 4128 1.
343 4100 377 4128 P.
399 4102 425 4138 1.

1255 157 1288 197 P
1326 158 1371 197 U
1410 159 1443 198 Β
1480 158 1514 198 L
1550 160 1570 199 I
1607 160 1645 201 C
1682 161 1730 202 A.
2244 175 2267 214 7
2275 175 2299 213 5

2319 274 2445 306 Ami).

1587 327 1645 361 Pro
1667 331 1743 377 Rege
1756 328 1943 375 Jnffilarum.
2318 314 2432 389 ΗΞΞῙΞ·

1239 410 1326 470 RE
1338 409 1368 442 X.
1395 411 1549 456 Insulamm
1567 412 1659 456 habet-
1671 413 1771 444 litteras
1793 414 1829 445 de
1847 417 2013 456 conductu,
2031 411 2174 448 veniendo
2187 415 2224 446 ad
2238 415 2301 446 Re·
2318 430 2371 454 Aa.
2389 438 2416 455 2„

1311 459 1395 489 gem,
1413 450 1448 481 ad
1460 449 1623 481 faciendum
1636 460 1661 480 ei
1676 451 1841 490 homagium
1850 478 1860 491 ,
1878 455 1911 485 ὃς
1924 455 1958 485 ad
1972 455 2182 486 emendandum
2203 464 2299 485 exces-
2320 470 2347 492 H

1239 487 1281 517 sus
1296 488 1386 519 fastos
1401 490 1564 520 hominibus
1580 488 1704 519 Domini
1717 489 1824 528 Regis,
1840 493 1898 521 cam
1914 494 1943 522 in
1959 494 2077 532 Angli-a,
2096 496 2182 532 quam
2199 496 2229 524 in
2242 493 2300 524 Hi-
2318 487 2366 531 Pa}
2377 476 2424 530 3‘2,

1240 526 1350 593 gernia,
1369 528 1404 557 ab
1424 527 1588 558 horninibus
1608 535 1689 557 terrae
1710 527 1765 557 suae
1780 551 1789 565 ,
1808 530 1841 559 &
1858 531 1888 559 in
1903 531 2061 569 morando,
2077 534 2110 564 &
2124 535 2155 563 in
2168 532 2302 563 receden-
2317 546 2352 571 H.
2368 526 2391 578 3
2404 548 2432 579 p,

1260 575 1288 594 o.

1279 602 1316 633 Et
1336 603 1448 635 durabit
1467 603 1626 635 condudffls
1648 602 1694 634 ille
1713 603 1800 643 usque
1822 605 1852 635 in
1870 613 1914 644 15.
1932 605 1992 637 dies
2005 608 2070 645 post
2086 608 2190 641 Pascha
2224 619 2304 640 anno

1241 639 1340 679 Regni
1354 641 1475 673 Henrici
1487 642 1574 682 Regis
1586 642 1720 673 secundo.
2197 634 2209 649 ⁷

2322 589 2345 609 i.
2361 591 2387 609 n.
2406 592 2436 616 92

1278 718 1369 749 Teste
1384 717 1503 749 Comite
1517 718 1590 757 apud
1605 718 1740 750 Winton.
1763 721 1808 751 16.
1826 719 1872 751 die
1884 719 2019 760 januarii.

1279 796 1321 823 Et
1344 796 1505 841 mandatum
1524 795 1561 835 est
1574 795 1736 835 Justiciario
1751 796 1892 829 Hiberniae
1907 800 1980 839 quod
1990 803 2102 829 interim
2115 811 2169 831 non
2182 801 2305 841 inferat,

1239 831 1290 877 vel
1307 832 1404 870 tnferrt
1416 840 1565 871 permittat
1586 834 1730 874 molestiam
1752 835 1873 875 aliquam
1887 861 1897 875 ‚
1920 838 2068 876 injuriam,
2088 847 2136 868 aut
2149 851 2305 877 gravamen

1241 870 1312 899 dravo
1326 873 1408 910 Regi,
1427 871 1476 901 vel
1487 872 1652 910 hominibus,
1669 872 1718 903 vel
1730 879 1811 904 terris
1825 874 1901 915 ipfius
1915 878 1993 914 Regis
2008 876 2171 915 Insularum.

1470 995 1498 1023 'k
1514 996 1564 1029 De
1579 998 1731 1044 Homagio
1750 999 1906 1032 Lewellim·
1923 1004 2079 1049 Principis.
2326 1006 2375 1039 ⁸1.
2391 1016 2456 1046 ²²5·

1241 1080 1370 1141 REX
1396 1079 1564 1118 Lewelino,
1583 1080 1709 1118 Principi
1723 1081 1896 1114 Norwalliae
1931 1085 2044 1117 salutem
2080 1090 2113 1120 ὃς
2127 1100 2267 1123 amorem.

1307 1159 1312 1164 .
1334 1119 1384 1150 De
1406 1119 1523 1163 consilio
1544 1118 1668 1163 Domini
1690 1120 1815 1164 Legati,
1841 1122 1875 1151 δε
1889 1108 2013 1154 domitis
2028 1112 2178 1160 Willielmi
2194 1130 2305 1161 Mares·

1240 1158 1331 1198 scalli,
1349 1158 1484 1189 Rectoris
1499 1157 1589 1188 nostri
1605 1159 1639 1188 &⁴
1663 1156 1761 1195 Regni
1781 1159 1872 1190 nostri

1240 1205 1351 1241 trorum
1367 1197 1420 1227 Ma
1460 1205 1538 1240 atum
1553 1196 1682 1241 Angliae,
1702 1197 1846 1241 provisum
1861 1184 1902 1228 est
1924 1200 2002 1237 quod
2023 1211 2074 1232 vos
2095 1213 2163 1234 cum
2178 1208 2305 1244 impr-istis
2324 1215 2359 1238 H.
2378 1221 2404 1248 3.

1240 1235 1339 1266 vestris
1354 1234 1391 1266 de
1450 1235 1525 1273 allia,
1544 1235 1664 1265 secunda
1677 1234 1837 1266 Dommica
1848 1237 1914 1273 post
1928 1238 2006 1268 diem
2020 1241 2148 1271 cinerum
2162 1267 2172 1280 ,
2191 1247 2305 1275 veniatis
2324 1248 2409 1287 Claus
2428 1252 2458 1277 23

1240 1274 1293 1304 Wi
1313 1276 1426 1305 orniam
1443 1275 1473 1304 in
1495 1273 1647 1304 occursum
1666 1273 1797 1304 nostrum
1814 1297 1823 1312 ,
1848 1276 1882 1305 ὃ(
1905 1276 2032 1313 praedicti
2052 1278 2177 1311 Domini
2189 1282 2290 1319 Legati
2324 1291 2352 1314 H
2406 1274 2444 1316 ⁴m

1240 1313 1274 1343 ὃς
1290 1283 1415 1344 ἓοηςῦιί
1425 1312 1533 1350 nostri,
1551 1313 1600 1350 qui
1615 1321 1684 1342 tunc
1700 1313 1784 1343 vobis
1797 1312 1905 1344 ibidem
1919 1324 2104 1347 occurremus
2118 1318 2153 1348 ad
2167 1307 2307 1359 recipien2
2326 1324 2353 1353 8.
2365 1296 2399 1354 013
2447 1308 2456 1323 ξ

1241 1351 1311 1382 dum
1325 1353 1493 1391 homagium
1505 1350 1641 1382 vestrum.

1280 1390 1318 1421 Et
1342 1390 1407 1421 ideo
1428 1390 1512 1421 vobis
1527 1389 1693 1433 mandamus
1709 1398 1854 1430 rogantes,
1874 1393 1957 1422 omni
1969 1393 2121 1426 occasione
2135 1395 2289 1434 postposita

1241 1429 1296 1459 sitis
1317 1428 1424 1460 ibidem
1438 1453 1448 1468 ,
1475 1437 1544 1459 cum
1566 1431 1693 1471 impriiiis
1713 1428 1810 1459 vestris
1825 1453 1836 1467 ,
1861 1430 1896 1460 ad
1912 1431 2036 1463 eundem
2050 1433 2128 1464 diem
2141 1422 2310 1475 homagium

1242 1468 1324 1498 nobis
1339 1467 1458 1506 facturi,
1477 1467 1546 1498 sicut
1561 1466 1730 1503 praedidium
1741 1466 1790 1497 est.

1243 1554 1271 1576 te
1272 1507 1364 1575 rsseisiig
1367 1531 1385 1575 ἐ
1396 1514 1455 1575 ςιέῐη
1456 1506 1584 1575 {gamus
1606 1506 1721 1537 veniatis
1735 1529 1746 1543 ,
1763 1507 1902 1538 mittimus
1918 1509 2001 1540 vobis
2012 1508 2114 1541 litteras
2130 1512 2239 1544 nostras
2255 1512 2310 1545 Pa-

1280 1583 1319 1614 Et
1334 1583 1444 1621 insuper
1459 1583 1652 1614 mandavimus
1668 1583 1873 1619 venerabilibus
1888 1585 2010 1623 patribus
2024 1587 2204 1628 nostris,W.
2214 1589 2309 1622 Cestr.

1241 1623 1276 1654 ὃ(
1290 1622 1332 1653 H.
1350 1621 1505 1652 Hereford.
1526 1620 1690 1659 Episcopis3
1708 1622 1742 1652 &
1757 1621 1884 1653 fidelibus
1898 1624 2000 1654 nostris
2014 1649 2024 1663 ‚
2042 1626 2081 1656 R.
2103 1627 2216 1658 Comiti
2231 1628 2305 1660 Ces-

1241 1662 1304 1692 triae
1319 1685 1329 1699 ,
1352 1661 1486 1692 Waltero
1508 1660 1545 1690 de
1567 1660 1657 1699 Lascy
1705 1659 1829 1698 Hugoni
1851 1661 1887 1692 de
1909 1662 2034 1694 Mortuo
2056 1664 2135 1696 Mari
2179 1667 2307 1705 Johanni

1241 1699 1301 1745 filio
1317 1699 1417 1738 Alani,
1436 1698 1569 1730 Waltero
1583 1698 1620 1729 de
1635 1682 1778 1737 Ci'ifford,
1797 1700 1831 1730 &
1846 1700 1968 1740 Rogero
1980 1701 2016 1732 de
2030 1691 2159 1734 Clifforci
2171 1728 2181 1743 ‚
2200 1714 2229 1736 ut
2245 1716 2312 1739 eant

1240 1749 1270 1768 in
1283 1739 1434 1769 occursum
1454 1737 1582 1768 vestrum
1595 1761 1604 1774 ,
1621 1736 1656 1767 ad
1672 1735 1894 1768 conducendum
1910 1750 1978 1778 vos,
1997 1741 2030 1771 &
2046 1741 2172 1781 vestros,
2189 1746 2239 1782 qui
2254 1756 2310 1776 vo.

1242 1777 1350 1810 biscum
1372 1778 1487 1846 vfenient
1499 1800 1509 1817 ,
1527 1776 1614 1815 usque
1627 1775 1827 1815 Wigorniam,
1845 1778 1878 1809 &
1894 1777 1960 1810 inde
1971 1778 2047 1815 salvo
2062 1780 2259 1815 reducendum
2271 1783 2308 1815 ad

1241 1825 1332 1855 partes
1347 1825 1382 1846 ve
1409 1826 1458 1846 ras.

1281 1856 1376 1896 Quia,
1394 1855 1455 1888 ἃς,

1280 1933 1371 1966 Teste
1386 1934 1507 1967 Comite
1520 1934 1594 1974 apud
1607 1933 1701 1967 Exon.
1721 1943 1757 1965 12
1772 1935 1818 1966 die
1831 1929 1983 1967 Februarii,

2326 1094 2400 1125 Ann.
2414 1095 2454 1126 D.

1992 1164 1996 1168 .
2351 1134 2436 1165 1218.

1915 1162 1950 1192 &
1963 1162 2084 1194 aliorum
2097 1165 2223 1198 fidelium
2238 1176 2306 1199 nos-
2324 1176 2376 1200 An.
2392 1183 2419 1201 2.

1240 2063 1289 2095 De
1306 2052 1454 2094 nonnullis
1471 2059 1625 2107 promtffis
1647 2064 1722 2109 Regi
1735 2062 1830 2107 fastis
1855 2073 1910 2110 per
1930 2065 2098 2109 Principem
2118 2066 2307 2101 Norwalliae.

1240 2146 1448 2217 UIJJiverfis
1460 2171 1471 2188 ,
1497 2147 1554 2179 tam
1564 2191 1566 2194 ι
1577 2147 1760 2192 praesentibus
1775 2171 1796 2192 ,ι
1811 2141 2030 2196 ςιιιιῐηέξὺωτίε,
2049 2150 2083 2180 ad
2099 2160 2170 2195 quos
2189 2151 2308 2189 praesens
2325 2155 2401 2187 Ann,
2416 2156 2459 2195 D.{

1339 2196 1462 2231 criptum
1480 2195 1639 2228 pervenerit
1653 2211 1663 2225 ,
1688 2186 1850 2219 Lewehnus
1861 2187 1997 2227 Princeps
2012 2188 2182 2221 Norwauiae
2193 2190 2310 2221 salutem
2348 2196 2432 2227 1218.

1239 2225 1269 2255 in
1284 2224 1429 2256 Domino.
2325 2238 2353 2262 A
2359 2246 2376 2263 ι,
2393 2244 2420 2262 2,

1274 2263 1441 2310 *Noveritis'
1453 2270 1506 2296 nos
1519 2288 1530 2304 ,
1555 2272 1655 2296 coram
1675 2262 1810 2296 Domino
1828 2265 1963 2297 Gualone
1997 2267 2058 2298 &c.
2078 2268 2113 2299 ὃς
2128 2278 2228 2299 coram
2241 2268 2309 2300 Do-
2324 2279 2358 2301 H.
2379 2284 2405 2311 3.

1240 2312 1322 2333 mino
1336 2303 1370 2333 P.
1388 2302 1525 2334 Winton.
1546 2303 1584 2348 R.
1603 2304 1640 2334 de
1656 2303 1763 2348 Sandto
1776 2304 1870 2348 Asafp.
1889 2305 1943 2336 W.
1952 2291 2094 2337 &oventn
2113 2306 2142 2337 S.
2159 2307 2202 2337 W
2223 2318 2306 2345 gorn.
2325 2312 2412 2349 Claus.
2432 2314 2462 2338 2:

1240 2341 1283 2372 H.
1301 2341 1457 2373 Hereford.
1476 2341 1517 2372 R.
1536 2341 1659 2373 Cicestr.
1678 2342 1826 2380 Episcopis
1843 2353 1849 2372 τ
1872 2343 1912 2375 Et
1932 2344 1984 2374 W.
2007 2344 2175 2376 Marescallo
2189 2317 2308 2377 gomite
2326 2355 2360 2379 H.
2378 2359 2403 2388 3.
2421 2359 2459 2377 m.

1193 2409 1205 2412 c
1239 2380 1275 2411 de
1297 2380 1414 2411 Pembr.
1434 2381 1473 2412 R.
1492 2380 1613 2412 Comite
1634 2380 1728 2411 Cestr.
1747 2381 1781 2412 ὃς
1805 2381 1931 2413 Lincoln
1946 2406 1955 2422 ‚
1979 2383 2008 2413 S.
2027 2382 2149 2414 Comite
2170 2385 2306 2416 Winton.
2324 2399 2354 2426 4.
2372 2388 2400 2426 d.-

1238 2419 1292 2449 W.
1310 2419 1345 2450 de
1368 2419 1458 2460 Lascy
1472 2444 1482 2458 ,
1506 2420 1548 2450 H.
1567 2420 1604 2450 de
1622 2419 1748 2450 Mortuo
1766 2419 1867 2459 Mari,
1893 2421 1945 2451 W.
1965 2421 2001 2452 de
2019 2420 2174 2461 Cantilupo
2210 2423 2251 2454 G.
2270 2423 2307 2455 de

1239 2457 1342 2490 Nevill
1364 2458 1508 2503 Camerar.
1528 2458 1655 2503 Falkeiio
1676 2457 1713 2488 de
1731 2458 1834 2489 Breant
1847 2483 1857 2497 ,
1882 2458 1987 2491 Briano
2000 2459 2037 2491 de
2051 2460 2160 2500 Insula,
2178 2446 2251 2492 ffihil.
2271 2462 2310 2494 de

1238 2496 1356 2542 Vletot,
1375 2498 1409 2528 &
1426 2498 1484 2543 aliis
1503 2497 1682 2542 magnatibus
1696 2521 1706 2535 ,
1732 2496 1907 2541 &tfidelibus
1922 2498 2048 2543 Domini
2061 2499 2184 2530 Henrici
2197 2500 2309 2532 illustris

1238 2534 1327 2576 Regis
1350 2535 1462 2577 Angliae
1477 2561 1487 2574 ,
1510 2537 1590 2567 tactis
1611 2535 1790 2580 sacrosantihs
1804 2560 1813 2574 ,
1831 2536 1905 2574 apud
1919 2537 2105 2582 Wigorniam
2114 2538 2217 2583 juraffe
2230 2539 2308 2578 quod

1240 2581 1337 2606 totum
1359 2575 1441 2614 poffe
1462 2574 1593 2606 nostrum
1606 2598 1616 2613 ,
1631 2584 1661 2604 in
1676 2572 1753 2618 bona
1766 2573 1838 2612 fide,
1857 2575 1891 2605 &
1905 2574 1963 2619 sine
1977 2576 2055 2606 malo
2068 2586 2200 2616 ingenio,
2217 2588 2309 2617 appo-

1239 2623 1341 2658 nemus
1355 2625 1387 2660 ut
1401 2614 1499 2659 Castra
1512 2613 1549 2644 de
1562 2612 1753 2681 KaermerdiDn
1767 2613 1800 2644 &
1816 2613 1993 2682 Kairdigan,
2009 2616 2186 2684 cug‘djtgffris'
2195 2616 2229 2685 {c
2242 2626 2310 2647 om·-

1240 2651 1866 2735 ssgunsnnaiuRggeisngssdilgtiPlsseddanfflwgc
1881 2661 1983 2735 5,ssssssth
1996 2663 2079 2736 tlggrae
2100 2665 2145 2724 &0
2155 2664 2310 2725 ε’ῑῐιῗὶτὲἕὲῗ

1238 2740 1342 2800 ic-upata
1355 2731 1436 2801 sup?
1448 2730 1574 2799 islarrnles
1583 2753 1593 2769 ,
1608 2715 2017 2799 δίεὶισῐιρτὼιεάἓοπιιῃιᾏὲεςιε
2023 2741 2060 2799 ὃ]
2075 2731 2222 2801 Sqwassliff'
2239 2733 2309 2788 sicu-t

1251 2778 1301 2801 unt
1322 2780 1359 2802 ve
1400 2779 1488 2815 *anti-a
1504 2779 1542 2801 ve
1573 2778 1626 2808 pro
1653 2777 1707 2798 raa
1722 2791 1732 2807 ‚
1751 2778 1781 2798 re
1821 2777 1900 2799 antur
1916 2778 1940 2799 ei
1961 2778 2008 2799 em
2056 2779 2160 2801 omino
2203 2779 2304 2811 egam,

1238 2808 1638 2885 salffdqlaeaeglssstialnuternes,
1656 2856 1708 2877 nos
1723 2846 1800 2877 bona
1815 2846 1871 2878 fide
1893 2845 2032 2885 praedicto
2047 2846 2183 2879 Domino
2198 2847 2308 2879 Henri-

1240 2896 1278 2917 co
1300 2886 1376 2927 Regi
1399 2886 1556 2926 promisisse
1577 2896 1628 2923 per
1640 2885 1872 2924 Sacramentum,
1889 2885 1968 2923 quod
1981 2887 2008 2916 ei
2022 2885 2156 2924 fecimus,
2178 2886 2258 2925 quod
2274 2886 2308 2917 fi-

1239 2924 1339 2956 deliter
1359 2927 1393 2958 &
1415 2933 1545 2965 potenter
1565 2924 1756 2955 laborabimus
1777 2933 1808 2955 ut
1821 2934 1922 2955 omnes
1936 2923 2083 2964 Magnates
2096 2925 2180 2955 totius
2194 2925 2310 2956 Walliae

1237 2963 1273 2994 ad
1295 2963 1462 2996 Dominum
1484 2964 1599 3003 Regem
1621 2964 1736 2993 venient
1757 2962 1792 2993 ad
1811 2971 1923 2993 certum
1943 2962 2019 2993 diem
2032 2964 2066 2994 &
2082 2963 2199 3001 locum,
2216 2964 2251 2994 ὃς
2265 2963 2307 2994 fa-

1238 3004 1315 3033 ciant
1333 3003 1427 3034 eidem
1448 3003 1583 3045 Domino
1605 3001 1701 3040 Regi,
1717 3001 1787 3032 sicut
1801 3001 1935 3032 Domino
1950 3001 2000 3031 suo
2020 3000 2113 3040 legio,
2133 3001 2304 3042 homagium

1237 3042 1272 3073 &
1289 3041 1452 3087 fidelitatem
1466 3066 1476 3080 ,
1494 3044 1563 3086 sicut
1583 3039 1632 3078 ipsi
1647 3064 1657 3084 ,
1674 3040 1720 3084 vel
1734 3039 1933 3083 Antecessores
1947 3038 1986 3069 sui
2021 3039 2108 3084 lenius
2124 3040 2217 3084 facere
2231 3041 2304 3072 sole-

1238 3077 2252 3160 Μὲἰίκῗέἔὲἑῗῐῗῗίιῗῖὲῃῦἓῐῗῶἳὲὲἓὸᾈὲωᾼῃὲξῖἳὲἓέἕῑξὲῗω,
2273 3119 2304 3149 10

1239 3158 1360 3197 Wallia,
1378 3167 1425 3189 aut
1448 3157 1585 3200 receptari
1605 3156 2046 3231 permisseffusessefflffiuriphsssc
2055 3157 2302 3226 21ξὲὶὲυέιῶῗὲ-

1237 3207 1330 3267 ἓίἲὶᾌεῐῑῐῐὶι
1339 3197 1489 3267 nsssgffiffig
1505 3195 1715 3277 {cegisgmsrilsis
1723 3203 1822 3262 ufflptas
1831 3256 1839 3270 ‚
1859 3242 1912 3270 pro
1927 3218 2007 3276 posse
2021 3233 2121 3277 nostro
2136 3204 2302 3276 vendicabi:

1237 3284 1318 3345 mili-st,
1324 3274 1389 3344 iIveti1
1390 3272 1542 3352 ὦτᾶπεειῑῑὲἶτι
1541 3272 1706 3343 affligemus,
1724 3279 1859 3311 tanquam
1873 3271 1958 3302 nobis
1972 3271 2018 3303 vel
2033 3271 2135 3302 nostris
2149 3271 2241 3301 illatas.

1236 3459 1264 3488 ᾗ
1291 3459 1429 3504 Custodia
1453 3460 1622 3493 Terrarum
1640 3485 1650 3501 ‚
1686 3470 1762 3505 quas
1777 3456 1928 3504 quondam
1948 3454 2146 3489 lVenhunwen
2165 3457 2197 3488 in
2216 3456 2300 3490 Wl.
2319 3451 2335 3469 ¹¹⁵
2351 3451 2450 3490 1.226,

1280 3511 1323 3543 lia
1335 3507 1510 3556 poffidebat‚
1535 3506 1705 3541 mandatur
1724 3509 1804 3540 Curae
1821 3504 1968 3540 Lewelini
1984 3507 2130 3552 Principis
2148 3505 2301 3539 Norwal-

1280 3559 1333 3592 liae.

1232 3643 1440 3706 UNiverfis
1454 3667 1464 3683 ,
1485 3644 1545 3674 tam
1568 3641 1748 3681 praesentibus
1762 3664 1772 3683 ,
1801 3640 1888 3678 quam
1901 3639 2024 3684 suturis,
2042 3639 2077 3670 ad
2092 3649 2164 3679 quos
2180 3642 2299 3680 praesens
2315 3643 2391 3675 Ann.
2406 3643 2447 3675 D.

1320 3683 1454 3721 scriptum
1470 3682 1644 3720 pervenerit,
1663 3678 1841 3717 Lewelmus,
1857 3678 1994 3716 Princeps
2017 3678 2187 3711 Norwalliae
2200 3705 2211 3720 ‚
2227 3682 2298 3712 salu-¹
2337 3683 2422 3714 1218.

1232 3730 1293 3752 tem
1307 3723 1336 3752 iri
1352 3721 1495 3752 Domine.
2313 3726 2349 3751 A.
2367 3732 2394 3750 2.

1270 3760 1398 3790 Noverit
1414 3757 1573 3789 universitas
1589 3754 1679 3787 vestra
1694 3765 1747 3785 nos
1760 3755 1865 3794 cepisse
1878 3765 1893 3785 a
1910 3754 2045 3787 Domino
2059 3752 2195 3788 Gualone
2209 3758 2296 3788 Titu-
2315 3765 2348 3788 H.
2372 3770 2397 3796 3·

1234 3799 1264 3829 lo
1286 3799 1382 3829 Sancti
1403 3796 1544 3833 Martini,
1569 3796 1628 3825 &e
1655 3794 1689 3824 &
1711 3803 1727 3823 a
1742 3793 1877 3825 Domino
1891 3793 1938 3823 Re
1958 3803 1975 3824 e
1990 3795 2102 3834 Angliae
2115 3796 2250 3827 Henrico
2264 3796 2297 3826 ss-
2316 3799 2402 3835 Claus.
2420 3802 2448 3826 ιζ

1231 3836 1327 3875 lustri,
1344 3845 1444 3868 coram
1459 3834 1595 3865 Dominis
1609 3832 1642 3862 P.
1662 3831 1806 3871 Winton,
1823 3832 1862 3862 R.
1879 3831 1916 3862 de
1949 3833 2035 3865 aneto
2048 3833 2141 3873 Asafp.
2159 3834 2211 3865 W.
2231 3834 2296 3864 Co·
2316 3842 2350 3864 H.
2369 3845 2393 3872 3.
2409 3846 2445 3871 m,

1232 3884 1324 3907 ventr.
1343 3875 1371 3905 S.
1390 3873 1525 3912 Wigorn.
1542 3870 1584 3901 H.
1604 3870 1750 3901 Hereford
1766 3871 1799 3902 δι
1814 3870 1855 3900 R.
1872 3869 1994 3901 Cicestr.
2010 3871 2114 3910 Episco
2135 3874 2171 3903 is:
2191 3874 2225 3904 δε
2242 3872 2293 3903 W.
2315 3884 2341 3911 5.
2358 3874 2422 3911 dorfi

1234 3913 1404 3944 Marescallo
1417 3911 1536 3942 Comite
1550 3909 1586 3939 de
1607 3908 1724 3940 Pembr.
1743 3908 1782 3939 R.
1803 3908 2038 3944 Comitessestr.
2056 3913 2090 3943 ὃ(
2133 3911 2247 3948 incoln,
2265 3911 2294 3941 S.

1232 3951 1353 3982 Comite
1372 3950 1508 3981 Winton.
1534 3947 1588 3978 W.
1607 3947 1643 3978 de
1665 3948 1753 3985 Lascy
1768 3971 1778 3986 ,
1805 3946 1847 3977 H.
1873 3946 1910 3978 de
1930 3945 2147 3980 Mortuo-Mari
2160 3972 2170 3987 ‚
2189 3948 2241 3979 W.
2260 3948 2297 3978 de

1233 3990 1390 4027 Cantilupo
1398 4011 1408 4027 ,
1423 3987 1465 4017 G.
1481 3986 1518 4016 de
1531 3985 1635 4017 Nevill
1650 3985 1834 4023 Camerario,
1852 3986 1978 4018 Falkefio
1993 3987 2029 4018 dc
2043 3987 2144 4018 Breant
2159 4011 2169 4024 ,
2193 3986 2297 4017 Briano

1210 4053 1213 4055 .
1234 4029 1271 4059 de
1286 4027 1392 4065 Insula,
1412 4025 1504 4063 Philip
1524 4035 1544 4055 o
1558 4025 1595 4055 de
1610 4024 1726 4062 Uletot,
1740 4025 1774 4055 &
1788 4024 1845 4055 aliis
1853 4023 2035 4068 Magnetibus
2047 4027 2082 4059 ὃς
2096 4024 2223 4058 fidelibus
2230 4024 2298 4059 Do-

1232 4068 1306 4100 mini
1320 4065 1442 4096 Henrici
1455 4063 1504 4095 illu
1530 4064 1566 4096 ris
1579 4062 1667 4103 Regis
1683 4063 1794 4102 Angliae

1750 4099 1816 4131 Kz
2268 4099 2302 4130 In
