<?xml version="1.0" encoding="UTF-8"?>
<!DOCTYPE html PUBLIC "-//W3C//DTD XHTML 1.0 Transitional//EN"
    "http://www.w3.org/TR/xhtml1/DTD/xhtml1-transitional.dtd">
<html xmlns="http://www.w3.org/1999/xhtml" xml:lang="en" lang="en">
 <head>
  <title>
</title>
<meta http-equiv="Content-Type" content="text/html;charset=utf-8" />
  <meta name='ocr-system' content='tesseract 3.04.00' />
  <meta name='ocr-capabilities' content='ocr_page ocr_carea ocr_par ocr_line ocrx_word'/>
</head>
<body>
  <div class='ocr_page' id='page_1' title='image "./fderaconventione01ryme_0899.png"; bbox 0 0 2570 4261; ppageno 0'>
   <div class='ocr_carea' id='block_1_1' title="bbox 713 152 1174 197">
    <p class='ocr_par' dir='ltr' id='par_1_1' title="bbox 713 152 1174 197">
     <span class='ocr_line' id='line_1_1' title="bbox 713 152 1174 197; baseline -0.004 -3"><span class='ocrx_word' id='word_1_1' title='bbox 713 152 825 194; x_wconf 87' lang='lat' dir='ltr'>ET</span> <span class='ocrx_word' id='word_1_2' title='bbox 906 153 1174 197; x_wconf 90' lang='lat' dir='ltr'><strong>ACTA</strong></span> 
     </span>
    </p>
   </div>
   <div class='ocr_carea' id='block_1_2' title="bbox 23 235 1236 1229">
    <p class='ocr_par' dir='ltr' id='par_1_2' title="bbox 23 235 1232 354">
     <span class='ocr_line' id='line_1_2' title="bbox 25 235 1232 280; baseline -0.001 -13"><span class='ocrx_word' id='word_1_3' title='bbox 25 236 101 267; x_wconf 80' lang='lat' dir='ltr'>Ann.</span> <span class='ocrx_word' id='word_1_4' title='bbox 116 235 159 267; x_wconf 89' lang='lat' dir='ltr'>D.·</span> <span class='ocrx_word' id='word_1_5' title='bbox 174 237 208 268; x_wconf 88' lang='lat' dir='ltr'>sti</span> <span class='ocrx_word' id='word_1_6' title='bbox 222 238 384 270; x_wconf 84' lang='lat' dir='ltr'>Nativitatis</span> <span class='ocrx_word' id='word_1_7' title='bbox 398 239 471 270; x_wconf 83' lang='lat' dir='ltr'>beati</span> <span class='ocrx_word' id='word_1_8' title='bbox 482 238 621 277; x_wconf 84' lang='lat' dir='ltr'>Joliannis</span> <span class='ocrx_word' id='word_1_9' title='bbox 635 238 767 276; x_wconf 73' lang='lat' dir='ltr'>Baptistae</span> <span class='ocrx_word' id='word_1_10' title='bbox 776 263 785 278; x_wconf 89' lang='lat'>‚</span> <span class='ocrx_word' id='word_1_11' title='bbox 801 239 953 270; x_wconf 80' lang='lat' dir='ltr'>novissime</span> <span class='ocrx_word' id='word_1_12' title='bbox 967 240 1117 280; x_wconf 75' lang='lat' dir='ltr'>praeteriti,</span> <span class='ocrx_word' id='word_1_13' title='bbox 1129 235 1232 279; x_wconf 78' lang='lat' dir='ltr'>vestrae</span> 
     </span>
     <span class='ocr_line' id='line_1_3' title="bbox 45 277 1230 315; baseline -0.003 -8"><span class='ocrx_word' id='word_1_14' title='bbox 45 284 129 314; x_wconf 85' lang='lat'>1310.</span> <span class='ocrx_word' id='word_1_15' title='bbox 173 278 278 315; x_wconf 78' lang='lat' dir='ltr'>Regiae</span> <span class='ocrx_word' id='word_1_16' title='bbox 296 278 441 308; x_wconf 78' lang='lat' dir='ltr'>Serenitati</span> <span class='ocrx_word' id='word_1_17' title='bbox 462 279 581 314; x_wconf 72' lang='lat' dir='ltr'>placeret</span> <span class='ocrx_word' id='word_1_18' title='bbox 601 277 673 314; x_wconf 88' lang='lat' dir='ltr'>apud</span> <span class='ocrx_word' id='word_1_19' title='bbox 700 278 871 308; x_wconf 85' lang='lat' dir='ltr'>Pontiseram</span> <span class='ocrx_word' id='word_1_20' title='bbox 897 280 1053 309; x_wconf 84' lang='lat' dir='ltr'>convenire</span> <span class='ocrx_word' id='word_1_21' title='bbox 1081 277 1230 307; x_wconf 78' lang='lat' dir='ltr'>nobiscum</span> 
     </span>
     <span class='ocr_line' id='line_1_4' title="bbox 23 315 697 354; baseline 0 -10"><span class='ocrx_word' id='word_1_22' title='bbox 23 316 91 342; x_wconf 64' lang='grc' dir='ltr'><em>Ξείν-</em></span> <span class='ocrx_word' id='word_1_23' title='bbox 113 325 139 344; x_wconf 90' lang='lat'>2.</span> <span class='ocrx_word' id='word_1_24' title='bbox 170 327 224 354; x_wconf 91' lang='lat' dir='ltr'>pro</span> <span class='ocrx_word' id='word_1_25' title='bbox 237 317 336 347; x_wconf 72' lang='lat' dir='ltr'>mutua</span> <span class='ocrx_word' id='word_1_26' title='bbox 350 316 458 346; x_wconf 67' lang='lat' dir='ltr'>vitione</span> <span class='ocrx_word' id='word_1_27' title='bbox 471 315 614 345; x_wconf 74' lang='lat' dir='ltr'>habenda:</span> <span class='ocrx_word' id='word_1_28' title='bbox 694 315 697 319; x_wconf 86' lang='lat'>&#39;</span> 
     </span>
    </p>

    <p class='ocr_par' dir='ltr' id='par_1_3' title="bbox 167 351 1233 730">
     <span class='ocr_line' id='line_1_5' title="bbox 206 351 1230 391; baseline -0.006 -7"><span class='ocrx_word' id='word_1_29' title='bbox 206 354 245 385; x_wconf 89' lang='lat' dir='ltr'>Et</span> <span class='ocrx_word' id='word_1_30' title='bbox 280 364 314 384; x_wconf 80' lang='lat' dir='ltr'>ex</span> <span class='ocrx_word' id='word_1_31' title='bbox 328 363 404 391; x_wconf 82' lang='lat' dir='ltr'>parte</span> <span class='ocrx_word' id='word_1_32' title='bbox 418 354 526 391; x_wconf 71' lang='lat' dir='ltr'>vestra,</span> <span class='ocrx_word' id='word_1_33' title='bbox 543 353 650 383; x_wconf 87' lang='lat' dir='ltr'>discreti</span> <span class='ocrx_word' id='word_1_34' title='bbox 665 354 733 390; x_wconf 89' lang='lat' dir='ltr'>viri,</span> <span class='ocrx_word' id='word_1_35' title='bbox 754 352 893 390; x_wconf 80' lang='lat' dir='ltr'>Magister</span> <span class='ocrx_word' id='word_1_36' title='bbox 909 353 1066 384; x_wconf 81' lang='lat' dir='ltr'>Richardus</span> <span class='ocrx_word' id='word_1_37' title='bbox 1080 353 1114 383; x_wconf 88' lang='lat' dir='ltr'>de</span> <span class='ocrx_word' id='word_1_38' title='bbox 1131 351 1230 381; x_wconf 87' lang='lat' dir='ltr'>Have-</span> 
     </span>
     <span class='ocr_line' id='line_1_6' title="bbox 169 378 1230 433; baseline -0.006 -10"><span class='ocrx_word' id='word_1_39' title='bbox 169 402 241 433; x_wconf 72' lang='lat' dir='ltr'>rynv</span> <span class='ocrx_word' id='word_1_40' title='bbox 252 378 436 422; x_wconf 72' lang='lat' dir='ltr'>²Dublinensis</span> <span class='ocrx_word' id='word_1_41' title='bbox 450 391 579 428; x_wconf 62' lang='lat' dir='ltr'>Electus,</span> <span class='ocrx_word' id='word_1_42' title='bbox 593 391 737 428; x_wconf 75' lang='lat' dir='ltr'>Johannes</span> <span class='ocrx_word' id='word_1_43' title='bbox 750 392 785 421; x_wconf 90' lang='lat' dir='ltr'>de</span> <span class='ocrx_word' id='word_1_44' title='bbox 808 391 1021 429; x_wconf 80' lang='lat' dir='ltr'>Crumbewell,</span> <span class='ocrx_word' id='word_1_45' title='bbox 1037 394 1069 423; x_wconf 63' lang='grc' dir='ltr'>ὃς</span> <span class='ocrx_word' id='word_1_46' title='bbox 1094 388 1230 428; x_wconf 79' lang='lat' dir='ltr'>Magister</span> 
     </span>
     <span class='ocr_line' id='line_1_7' title="bbox 167 416 1230 468; baseline -0.006 -7"><span class='ocrx_word' id='word_1_47' title='bbox 167 416 313 462; x_wconf 55' lang='lat' dir='ltr'>WaTterus</span> <span class='ocrx_word' id='word_1_48' title='bbox 326 430 363 460; x_wconf 90' lang='lat' dir='ltr'>de</span> <span class='ocrx_word' id='word_1_49' title='bbox 376 430 498 468; x_wconf 84' lang='lat' dir='ltr'>Thorp,</span> <span class='ocrx_word' id='word_1_50' title='bbox 513 429 626 459; x_wconf 87' lang='lat' dir='ltr'>Nuncii</span> <span class='ocrx_word' id='word_1_51' title='bbox 640 430 722 459; x_wconf 85' lang='lat' dir='ltr'>vestri</span> <span class='ocrx_word' id='word_1_52' title='bbox 732 454 740 465; x_wconf 74' lang='lat'>,</span> <span class='ocrx_word' id='word_1_53' title='bbox 759 430 792 459; x_wconf 92' lang='lat' dir='ltr'>ad</span> <span class='ocrx_word' id='word_1_54' title='bbox 808 430 932 460; x_wconf 88' lang='lat' dir='ltr'>nostram</span> <span class='ocrx_word' id='word_1_55' title='bbox 947 431 1121 468; x_wconf 76' lang='lat' dir='ltr'>praesentiam</span> <span class='ocrx_word' id='word_1_56' title='bbox 1141 436 1230 458; x_wconf 84' lang='lat' dir='ltr'>trans-</span> 
     </span>
     <span class='ocr_line' id='line_1_8' title="bbox 168 467 1231 507; baseline -0.007 -7"><span class='ocrx_word' id='word_1_57' title='bbox 168 469 260 506; x_wconf 85' lang='lat' dir='ltr'>miffi,</span> <span class='ocrx_word' id='word_1_58' title='bbox 279 469 359 499; x_wconf 87' lang='lat' dir='ltr'>nobis</span> <span class='ocrx_word' id='word_1_59' title='bbox 375 467 478 498; x_wconf 80' lang='lat' dir='ltr'>vestras</span> <span class='ocrx_word' id='word_1_60' title='bbox 493 469 644 498; x_wconf 78' lang='lat' dir='ltr'>credentia:</span> <span class='ocrx_word' id='word_1_61' title='bbox 658 468 758 497; x_wconf 79' lang='lat' dir='ltr'>litteras</span> <span class='ocrx_word' id='word_1_62' title='bbox 776 469 983 507; x_wconf 73' lang='lat' dir='ltr'>praesentantes,</span> <span class='ocrx_word' id='word_1_63' title='bbox 998 468 1118 498; x_wconf 89' lang='lat' dir='ltr'>vestram</span> <span class='ocrx_word' id='word_1_64' title='bbox 1132 474 1231 496; x_wconf 90' lang='lat' dir='ltr'>coram</span> 
     </span>
     <span class='ocr_line' id='line_1_9' title="bbox 167 506 1231 546; baseline -0.006 -7"><span class='ocrx_word' id='word_1_65' title='bbox 167 509 251 539; x_wconf 86' lang='lat' dir='ltr'>nobis</span> <span class='ocrx_word' id='word_1_66' title='bbox 263 506 468 537; x_wconf 78' lang='lat' dir='ltr'>excusationem</span> <span class='ocrx_word' id='word_1_67' title='bbox 482 506 659 543; x_wconf 75' lang='lat' dir='ltr'>expresserint</span> <span class='ocrx_word' id='word_1_68' title='bbox 674 507 702 535; x_wconf 84' lang='lat' dir='ltr'>in</span> <span class='ocrx_word' id='word_1_69' title='bbox 712 506 770 546; x_wconf 20' lang='lat' dir='ltr'>,hac</span> <span class='ocrx_word' id='word_1_70' title='bbox 784 515 876 545; x_wconf 80' lang='lat' dir='ltr'>parte,</span> <span class='ocrx_word' id='word_1_71' title='bbox 895 508 965 536; x_wconf 90' lang='lat' dir='ltr'>inter</span> <span class='ocrx_word' id='word_1_72' title='bbox 988 516 1090 536; x_wconf 78' lang='lat' dir='ltr'>caetera</span> <span class='ocrx_word' id='word_1_73' title='bbox 1109 512 1231 543; x_wconf 73' lang='lat' dir='ltr'>praeteti-</span> 
     </span>
     <span class='ocr_line' id='line_1_10' title="bbox 169 542 1231 584; baseline -0.006 -8"><span class='ocrx_word' id='word_1_74' title='bbox 169 547 268 576; x_wconf 92' lang='lat' dir='ltr'>dentes</span> <span class='ocrx_word' id='word_1_75' title='bbox 282 545 360 583; x_wconf 91' lang='lat' dir='ltr'>quod</span> <span class='ocrx_word' id='word_1_76' title='bbox 374 546 445 574; x_wconf 88' lang='lat' dir='ltr'>inter</span> <span class='ocrx_word' id='word_1_77' title='bbox 460 555 528 581; x_wconf 81' lang='lat' dir='ltr'>vos,</span> <span class='ocrx_word' id='word_1_78' title='bbox 547 544 640 574; x_wconf 83' lang='lat' dir='ltr'>fideles</span> <span class='ocrx_word' id='word_1_79' title='bbox 654 545 686 574; x_wconf 71' lang='grc' dir='ltr'>ὃ(</span> <span class='ocrx_word' id='word_1_80' title='bbox 702 545 825 574; x_wconf 79' lang='lat' dir='ltr'>subditos</span> <span class='ocrx_word' id='word_1_81' title='bbox 842 545 966 583; x_wconf 91' lang='lat' dir='ltr'>vestros,</span> <span class='ocrx_word' id='word_1_82' title='bbox 984 545 1120 582; x_wconf 88' lang='lat' dir='ltr'>vobisque</span> <span class='ocrx_word' id='word_1_83' title='bbox 1137 542 1231 584; x_wconf 58' lang='lat' dir='ltr'>adhae-</span> 
     </span>
     <span class='ocr_line' id='line_1_11' title="bbox 171 581 1231 620; baseline -0.006 -5"><span class='ocrx_word' id='word_1_84' title='bbox 171 592 263 615; x_wconf 86' lang='lat' dir='ltr'>rentes</span> <span class='ocrx_word' id='word_1_85' title='bbox 278 593 312 614; x_wconf 79' lang='lat' dir='ltr'>ex</span> <span class='ocrx_word' id='word_1_86' title='bbox 326 583 382 613; x_wconf 71' lang='lat' dir='ltr'>una</span> <span class='ocrx_word' id='word_1_87' title='bbox 397 592 489 620; x_wconf 84' lang='lat' dir='ltr'>parte,</span> <span class='ocrx_word' id='word_1_88' title='bbox 505 592 537 612; x_wconf 84' lang='lat' dir='ltr'>ac</span> <span class='ocrx_word' id='word_1_89' title='bbox 552 582 663 618; x_wconf 70' lang='lat' dir='ltr'>Regem</span> <span class='ocrx_word' id='word_1_90' title='bbox 680 581 851 620; x_wconf 84' lang='lat' dir='ltr'>Scotorum,</span> <span class='ocrx_word' id='word_1_91' title='bbox 865 582 958 613; x_wconf 78' lang='lat' dir='ltr'>fideles</span> <span class='ocrx_word' id='word_1_92' title='bbox 973 583 1006 613; x_wconf 89' lang='lat'>&amp;</span> <span class='ocrx_word' id='word_1_93' title='bbox 1022 583 1145 612; x_wconf 88' lang='lat' dir='ltr'>subditos</span> <span class='ocrx_word' id='word_1_94' title='bbox 1159 584 1231 617; x_wconf 74' lang='lat' dir='ltr'>tuos,</span> 
     </span>
     <span class='ocr_line' id='line_1_12' title="bbox 170 619 1232 660; baseline -0.006 -7"><span class='ocrx_word' id='word_1_95' title='bbox 170 623 280 660; x_wconf 79' lang='lat' dir='ltr'>sibique</span> <span class='ocrx_word' id='word_1_96' title='bbox 293 621 465 652; x_wconf 75' lang='lat' dir='ltr'>adhaerentes</span> <span class='ocrx_word' id='word_1_97' title='bbox 479 630 512 651; x_wconf 80' lang='lat' dir='ltr'>ex</span> <span class='ocrx_word' id='word_1_98' title='bbox 525 620 627 658; x_wconf 71' lang='lat' dir='ltr'>altera,</span> <span class='ocrx_word' id='word_1_99' title='bbox 645 620 717 650; x_wconf 85' lang='lat' dir='ltr'>datas</span> <span class='ocrx_word' id='word_1_100' title='bbox 731 621 764 651; x_wconf 88' lang='lat'>&amp;</span> <span class='ocrx_word' id='word_1_101' title='bbox 778 621 922 651; x_wconf 75' lang='lat' dir='ltr'>concessas</span> <span class='ocrx_word' id='word_1_102' title='bbox 945 622 1012 651; x_wconf 86' lang='lat' dir='ltr'>hinc</span> <span class='ocrx_word' id='word_1_103' title='bbox 1034 622 1114 659; x_wconf 88' lang='lat' dir='ltr'>inde,</span> <span class='ocrx_word' id='word_1_104' title='bbox 1131 619 1165 649; x_wconf 81' lang='lat' dir='ltr'>ad</span> <span class='ocrx_word' id='word_1_105' title='bbox 1189 621 1232 648; x_wconf 92' lang='lat' dir='ltr'>in-</span> 
     </span>
     <span class='ocr_line' id='line_1_13' title="bbox 169 658 1233 698; baseline -0.006 -7"><span class='ocrx_word' id='word_1_106' title='bbox 169 661 299 691; x_wconf 83' lang='lat' dir='ltr'>stantiam</span> <span class='ocrx_word' id='word_1_107' title='bbox 314 659 439 690; x_wconf 88' lang='lat' dir='ltr'>nostram</span> <span class='ocrx_word' id='word_1_108' title='bbox 449 682 458 698; x_wconf 81' lang='lat'>,</span> <span class='ocrx_word' id='word_1_109' title='bbox 476 668 584 696; x_wconf 79' lang='lat' dir='ltr'>treugas</span> <span class='ocrx_word' id='word_1_110' title='bbox 599 658 678 688; x_wconf 87' lang='lat' dir='ltr'>Scoti</span> <span class='ocrx_word' id='word_1_111' title='bbox 691 659 754 688; x_wconf 85' lang='lat' dir='ltr'>ausu</span> <span class='ocrx_word' id='word_1_112' title='bbox 769 661 917 689; x_wconf 86' lang='lat' dir='ltr'>temerario</span> <span class='ocrx_word' id='word_1_113' title='bbox 932 659 1062 697; x_wconf 84' lang='lat' dir='ltr'><strong>frangere</strong></span> <span class='ocrx_word' id='word_1_114' title='bbox 1081 659 1233 696; x_wconf 75' lang='lat' dir='ltr'>praesunip-</span> 
     </span>
     <span class='ocr_line' id='line_1_14' title="bbox 168 700 278 730; baseline 0 0"><span class='ocrx_word' id='word_1_115' title='bbox 168 700 278 730; x_wconf 86' lang='lat' dir='ltr'>serunt·</span> 
     </span>
    </p>

    <p class='ocr_par' dir='ltr' id='par_1_4' title="bbox 208 724 1233 773">
     <span class='ocr_line' id='line_1_15' title="bbox 208 724 1233 773; baseline -0.006 -5"><span class='ocrx_word' id='word_1_116' title='bbox 208 724 318 768; x_wconf 61' lang='lat' dir='ltr'>Vest&#39;rae</span> <span class='ocrx_word' id='word_1_117' title='bbox 332 735 499 767; x_wconf 89' lang='lat' dir='ltr'>Celsitudini</span> <span class='ocrx_word' id='word_1_118' title='bbox 515 735 693 773; x_wconf 74' lang='lat' dir='ltr'>praesentibus</span> <span class='ocrx_word' id='word_1_119' title='bbox 709 735 878 773; x_wconf 76' lang='lat' dir='ltr'>innotescat,</span> <span class='ocrx_word' id='word_1_120' title='bbox 898 735 975 772; x_wconf 83' lang='lat' dir='ltr'>quod</span> <span class='ocrx_word' id='word_1_121' title='bbox 1001 742 1127 765; x_wconf 73' lang='lat' dir='ltr'>mutuam</span> <span class='ocrx_word' id='word_1_122' title='bbox 1149 733 1233 763; x_wconf 87' lang='lat' dir='ltr'>visio-</span> 
     </span>
    </p>

    <p class='ocr_par' dir='ltr' id='par_1_5' title="bbox 152 773 1234 815">
     <span class='ocr_line' id='line_1_16' title="bbox 152 773 1234 815; baseline -0.005 -8"><span class='ocrx_word' id='word_1_123' title='bbox 152 786 258 815; x_wconf 74' lang='lat' dir='ltr'>nem,</span> <span class='ocrx_word' id='word_1_124' title='bbox 276 776 296 806; x_wconf 91' lang='lat' dir='ltr'>si</span> <span class='ocrx_word' id='word_1_125' title='bbox 319 775 477 806; x_wconf 78' lang='lat' dir='ltr'>commode</span> <span class='ocrx_word' id='word_1_126' title='bbox 497 773 589 812; x_wconf 72' lang='lat' dir='ltr'>pollet</span> <span class='ocrx_word' id='word_1_127' title='bbox 610 774 684 811; x_wconf 79' lang='lat' dir='ltr'>sieri,</span> <span class='ocrx_word' id='word_1_128' title='bbox 703 774 815 803; x_wconf 87' lang='lat' dir='ltr'>summo</span> <span class='ocrx_word' id='word_1_129' title='bbox 838 773 1023 803; x_wconf 71' lang='lat' dir='ltr'>deii..iei·amus</span> <span class='ocrx_word' id='word_1_130' title='bbox 1044 773 1166 809; x_wconf 62' lang='lat' dir='ltr'>affeitu,</span> <span class='ocrx_word' id='word_1_131' title='bbox 1181 781 1234 801; x_wconf 89' lang='lat' dir='ltr'>no-</span> 
     </span>
    </p>

    <p class='ocr_par' dir='ltr' id='par_1_6' title="bbox 168 811 1235 961">
     <span class='ocr_line' id='line_1_17' title="bbox 170 811 1234 853; baseline -0.007 -8"><span class='ocrx_word' id='word_1_132' title='bbox 170 815 270 853; x_wconf 87' lang='lat' dir='ltr'>bisque</span> <span class='ocrx_word' id='word_1_133' title='bbox 280 813 406 851; x_wconf 85' lang='lat' dir='ltr'>displicet</span> <span class='ocrx_word' id='word_1_134' title='bbox 422 813 485 850; x_wconf 89' lang='lat' dir='ltr'>quia</span> <span class='ocrx_word' id='word_1_135' title='bbox 500 812 594 849; x_wconf 86' lang='lat' dir='ltr'>Scoti,</span> <span class='ocrx_word' id='word_1_136' title='bbox 612 821 695 852; x_wconf 84' lang='lat' dir='ltr'>prout</span> <span class='ocrx_word' id='word_1_137' title='bbox 711 812 854 842; x_wconf 52' lang='lat' dir='ltr'>dictorum</span> <span class='ocrx_word' id='word_1_138' title='bbox 868 812 1057 842; x_wconf 88' lang='lat' dir='ltr'>Nunciorum</span> <span class='ocrx_word' id='word_1_139' title='bbox 1073 811 1234 840; x_wconf 83' lang='lat' dir='ltr'>vestrorum</span> 
     </span>
     <span class='ocr_line' id='line_1_18' title="bbox 169 848 1234 889; baseline -0.005 -6"><span class='ocrx_word' id='word_1_140' title='bbox 169 862 247 884; x_wconf 89' lang='lat' dir='ltr'>tenet</span> <span class='ocrx_word' id='word_1_141' title='bbox 268 852 400 889; x_wconf 80' lang='lat' dir='ltr'>assertio,</span> <span class='ocrx_word' id='word_1_142' title='bbox 417 852 445 880; x_wconf 89' lang='lat' dir='ltr'>in</span> <span class='ocrx_word' id='word_1_143' title='bbox 463 850 616 888; x_wconf 60' lang='lat' dir='ltr'>diiiarum,</span> <span class='ocrx_word' id='word_1_144' title='bbox 635 851 717 880; x_wconf 86' lang='lat' dir='ltr'>nobis</span> <span class='ocrx_word' id='word_1_145' title='bbox 740 850 942 888; x_wconf 82' lang='lat' dir='ltr'>mediantibus,</span> <span class='ocrx_word' id='word_1_146' title='bbox 959 849 1156 879; x_wconf 73' lang='lat' dir='ltr'>concellarum</span> <span class='ocrx_word' id='word_1_147' title='bbox 1179 848 1234 878; x_wconf 84' lang='lat' dir='ltr'>fra-</span> 
     </span>
     <span class='ocr_line' id='line_1_19' title="bbox 168 887 1235 929; baseline -0.004 -8"><span class='ocrx_word' id='word_1_148' title='bbox 168 891 267 921; x_wconf 68' lang='lat' dir='ltr'>&amp;tione</span> <span class='ocrx_word' id='word_1_149' title='bbox 280 891 477 929; x_wconf 86' lang='lat' dir='ltr'>Treugarum,</span> <span class='ocrx_word' id='word_1_150' title='bbox 495 888 642 926; x_wconf 85' lang='lat' dir='ltr'>nostruin,</span> <span class='ocrx_word' id='word_1_151' title='bbox 661 898 715 918; x_wconf 89' lang='lat' dir='ltr'>nec</span> <span class='ocrx_word' id='word_1_152' title='bbox 728 889 824 926; x_wconf 75' lang='lat' dir='ltr'>suum,</span> <span class='ocrx_word' id='word_1_153' title='bbox 841 898 926 926; x_wconf 89' lang='lat' dir='ltr'>prout</span> <span class='ocrx_word' id='word_1_154' title='bbox 949 887 1121 927; x_wconf 80' lang='lat' dir='ltr'>debuerant,</span> <span class='ocrx_word' id='word_1_155' title='bbox 1139 887 1235 918; x_wconf 89' lang='lat' dir='ltr'>obser-</span> 
     </span>
     <span class='ocr_line' id='line_1_20' title="bbox 171 928 443 961; baseline -0.011 -1"><span class='ocrx_word' id='word_1_156' title='bbox 171 928 276 961; x_wconf 71' lang='lat' dir='ltr'>varunt</span> <span class='ocrx_word' id='word_1_157' title='bbox 290 929 443 959; x_wconf 88' lang='lat' dir='ltr'>honorem.</span> 
     </span>
    </p>

    <p class='ocr_par' dir='ltr' id='par_1_7' title="bbox 170 964 1235 1113">
     <span class='ocr_line' id='line_1_21' title="bbox 209 964 1234 1005; baseline -0.004 -7"><span class='ocrx_word' id='word_1_158' title='bbox 209 966 247 997; x_wconf 92' lang='lat' dir='ltr'>Et</span> <span class='ocrx_word' id='word_1_159' title='bbox 263 975 377 1005; x_wconf 88' lang='lat' dir='ltr'>propter</span> <span class='ocrx_word' id='word_1_160' title='bbox 390 967 466 1003; x_wconf 88' lang='lat' dir='ltr'>hoc,</span> <span class='ocrx_word' id='word_1_161' title='bbox 485 964 524 995; x_wconf 80' lang='lat' dir='ltr'>fili</span> <span class='ocrx_word' id='word_1_162' title='bbox 537 964 693 1002; x_wconf 79' lang='lat' dir='ltr'>karissime,</span> <span class='ocrx_word' id='word_1_163' title='bbox 711 964 823 995; x_wconf 87' lang='lat' dir='ltr'>nostros</span> <span class='ocrx_word' id='word_1_164' title='bbox 837 965 871 995; x_wconf 84' lang='lat' dir='ltr'>ad</span> <span class='ocrx_word' id='word_1_165' title='bbox 885 965 988 996; x_wconf 82' lang='lat' dir='ltr'>Scotos</span> <span class='ocrx_word' id='word_1_166' title='bbox 1003 964 1171 1002; x_wconf 54' lang='lat' dir='ltr'>praedieffos,</span> <span class='ocrx_word' id='word_1_167' title='bbox 1185 965 1234 1001; x_wconf 84' lang='lat' dir='ltr'>qui</span> 
     </span>
     <span class='ocr_line' id='line_1_22' title="bbox 170 1003 1234 1045; baseline -0.004 -9"><span class='ocrx_word' id='word_1_168' title='bbox 170 1006 253 1036; x_wconf 90' lang='lat' dir='ltr'>suum</span> <span class='ocrx_word' id='word_1_169' title='bbox 267 1007 300 1036; x_wconf 91' lang='lat'>&amp;</span> <span class='ocrx_word' id='word_1_170' title='bbox 311 1006 437 1045; x_wconf 86' lang='lat' dir='ltr'>gentium</span> <span class='ocrx_word' id='word_1_171' title='bbox 451 1005 576 1042; x_wconf 76' lang='lat' dir='ltr'>suarum,</span> <span class='ocrx_word' id='word_1_172' title='bbox 594 1005 623 1033; x_wconf 90' lang='lat' dir='ltr'>in</span> <span class='ocrx_word' id='word_1_173' title='bbox 642 1003 805 1041; x_wconf 75' lang='lat' dir='ltr'>praemiffis,</span> <span class='ocrx_word' id='word_1_174' title='bbox 822 1003 967 1034; x_wconf 65' lang='lat' dir='ltr'>descistum</span> <span class='ocrx_word' id='word_1_175' title='bbox 982 1004 1161 1041; x_wconf 84' lang='lat' dir='ltr'>summopere</span> <span class='ocrx_word' id='word_1_176' title='bbox 1184 1003 1234 1033; x_wconf 88' lang='lat' dir='ltr'>sibi</span> 
     </span>
     <span class='ocr_line' id='line_1_23' title="bbox 171 1041 1235 1083; baseline -0.003 -8"><span class='ocrx_word' id='word_1_177' title='bbox 171 1044 310 1083; x_wconf 79' lang='lat' dir='ltr'>referent,</span> <span class='ocrx_word' id='word_1_178' title='bbox 329 1052 360 1074; x_wconf 92' lang='lat' dir='ltr'>ut</span> <span class='ocrx_word' id='word_1_179' title='bbox 372 1043 501 1082; x_wconf 78' lang='lat' dir='ltr'>decebit,</span> <span class='ocrx_word' id='word_1_180' title='bbox 520 1042 645 1081; x_wconf 80' lang='lat' dir='ltr'>speciales</span> <span class='ocrx_word' id='word_1_181' title='bbox 668 1041 821 1079; x_wconf 87' lang='lat' dir='ltr'>Nuncios,</span> <span class='ocrx_word' id='word_1_182' title='bbox 842 1041 916 1080; x_wconf 89' lang='lat' dir='ltr'>quasi</span> <span class='ocrx_word' id='word_1_183' title='bbox 937 1043 955 1072; x_wconf 79' lang='lat' dir='ltr'>e</span> <span class='ocrx_word' id='word_1_184' title='bbox 973 1041 1091 1081; x_wconf 85' lang='lat' dir='ltr'>vestigio</span> <span class='ocrx_word' id='word_1_185' title='bbox 1114 1041 1235 1072; x_wconf 87' lang='lat' dir='ltr'>destina-</span> 
     </span>
     <span class='ocr_line' id='line_1_24' title="bbox 171 1093 243 1113; baseline -0.014 0"><span class='ocrx_word' id='word_1_186' title='bbox 171 1093 243 1113; x_wconf 91' lang='lat' dir='ltr'>mus.</span> 
     </span>
    </p>

    <p class='ocr_par' dir='ltr' id='par_1_8' title="bbox 171 1117 1236 1229">
     <span class='ocr_line' id='line_1_25' title="bbox 207 1117 1234 1158; baseline -0.003 -6"><span class='ocrx_word' id='word_1_187' title='bbox 207 1119 377 1152; x_wconf 84' lang='lat' dir='ltr'>Proceffum</span> <span class='ocrx_word' id='word_1_188' title='bbox 395 1122 466 1151; x_wconf 75' lang='lat' dir='ltr'>vero</span> <span class='ocrx_word' id='word_1_189' title='bbox 479 1143 489 1158; x_wconf 91' lang='lat'>,</span> <span class='ocrx_word' id='word_1_190' title='bbox 511 1119 590 1156; x_wconf 91' lang='lat' dir='ltr'>super</span> <span class='ocrx_word' id='word_1_191' title='bbox 610 1117 756 1155; x_wconf 87' lang='lat' dir='ltr'>interprisis</span> <span class='ocrx_word' id='word_1_192' title='bbox 777 1117 870 1156; x_wconf 53' lang='lat' dir='ltr'>factis,</span> <span class='ocrx_word' id='word_1_193' title='bbox 893 1118 979 1157; x_wconf 85' lang='lat' dir='ltr'>usque</span> <span class='ocrx_word' id='word_1_194' title='bbox 1000 1118 1034 1150; x_wconf 89' lang='lat' dir='ltr'>ad</span> <span class='ocrx_word' id='word_1_195' title='bbox 1055 1118 1234 1150; x_wconf 75' lang='lat' dir='ltr'>desideratam</span> 
     </span>
     <span class='ocr_line' id='line_1_26' title="bbox 171 1156 1236 1196; baseline -0.001 -7"><span class='ocrx_word' id='word_1_196' title='bbox 171 1160 255 1190; x_wconf 85' lang='lat' dir='ltr'>nobis</span> <span class='ocrx_word' id='word_1_197' title='bbox 275 1167 404 1190; x_wconf 88' lang='lat' dir='ltr'>mutuam</span> <span class='ocrx_word' id='word_1_198' title='bbox 424 1158 561 1190; x_wconf 81' lang='lat' dir='ltr'>visionem</span> <span class='ocrx_word' id='word_1_199' title='bbox 577 1158 654 1196; x_wconf 83' lang='lat' dir='ltr'>juxta</span> <span class='ocrx_word' id='word_1_200' title='bbox 677 1156 756 1187; x_wconf 73' lang='lat' dir='ltr'>finale</span> <span class='ocrx_word' id='word_1_201' title='bbox 778 1156 987 1195; x_wconf 81' lang='lat' dir='ltr'>beneplacitum</span> <span class='ocrx_word' id='word_1_202' title='bbox 999 1181 1008 1195; x_wconf 82' lang='lat'>,</span> <span class='ocrx_word' id='word_1_203' title='bbox 1040 1156 1162 1189; x_wconf 85' lang='lat' dir='ltr'>fecimus</span> <span class='ocrx_word' id='word_1_204' title='bbox 1181 1158 1236 1189; x_wconf 90' lang='lat' dir='ltr'>dif-</span> 
     </span>
     <span class='ocr_line' id='line_1_27' title="bbox 172 1199 246 1229; baseline -0.014 0"><span class='ocrx_word' id='word_1_205' title='bbox 172 1199 246 1229; x_wconf 80' lang='lat' dir='ltr'>ferri.</span> 
     </span>
    </p>
   </div>
   <div class='ocr_carea' id='block_1_3' title="bbox 213 1272 775 1314">
    <p class='ocr_par' dir='ltr' id='par_1_9' title="bbox 213 1272 775 1314">
     <span class='ocr_line' id='line_1_28' title="bbox 213 1272 775 1314; baseline -0.007 -8"><span class='ocrx_word' id='word_1_206' title='bbox 213 1275 283 1307; x_wconf 90' lang='lat' dir='ltr'>Dat.</span> <span class='ocrx_word' id='word_1_207' title='bbox 301 1274 375 1313; x_wconf 85' lang='lat' dir='ltr'>apud</span> <span class='ocrx_word' id='word_1_208' title='bbox 388 1274 596 1314; x_wconf 77' lang='lat' dir='ltr'>Chingiacum,</span> <span class='ocrx_word' id='word_1_209' title='bbox 611 1272 656 1303; x_wconf 81' lang='lat' dir='ltr'>die</span> <span class='ocrx_word' id='word_1_210' title='bbox 671 1280 686 1311; x_wconf 84' lang='lat'><em>5</em></span> <span class='ocrx_word' id='word_1_211' title='bbox 697 1272 775 1312; x_wconf 87' lang='lat' dir='ltr'>Julii.</span> 
     </span>
    </p>
   </div>
   <div class='ocr_carea' id='block_1_4' title="bbox 28 1398 1236 1519">
    <p class='ocr_par' dir='ltr' id='par_1_10' title="bbox 28 1398 1236 1519">
     <span class='ocr_line' id='line_1_29' title="bbox 174 1398 1236 1447; baseline -0.002 -10"><span class='ocrx_word' id='word_1_212' title='bbox 174 1401 234 1437; x_wconf 83' lang='lat' dir='ltr'>Ad</span> <span class='ocrx_word' id='word_1_213' title='bbox 251 1403 436 1447; x_wconf 77' lang='lat' dir='ltr'>Haquinnm</span> <span class='ocrx_word' id='word_1_214' title='bbox 454 1400 617 1446; x_wconf 76' lang='lat' dir='ltr'>Normegiae</span> <span class='ocrx_word' id='word_1_215' title='bbox 635 1401 745 1445; x_wconf 85' lang='lat' dir='ltr'>Regem</span> <span class='ocrx_word' id='word_1_216' title='bbox 756 1425 766 1441; x_wconf 91' lang='lat'>‚</span> <span class='ocrx_word' id='word_1_217' title='bbox 784 1398 876 1445; x_wconf 80' lang='lat' dir='ltr'>fhper</span> <span class='ocrx_word' id='word_1_218' title='bbox 892 1402 1013 1446; x_wconf 73' lang='lat' dir='ltr'>querela</span> <span class='ocrx_word' id='word_1_219' title='bbox 1038 1405 1236 1437; x_wconf 77' lang='lat' dir='ltr'>Mercatoris.</span> 
     </span>
     <span class='ocr_line' id='line_1_30' title="bbox 28 1485 159 1519; baseline -0.023 0"><span class='ocrx_word' id='word_1_220' title='bbox 28 1486 107 1519; x_wconf 84' lang='lat' dir='ltr'>Ann.</span> <span class='ocrx_word' id='word_1_221' title='bbox 117 1485 159 1516; x_wconf 93' lang='lat' dir='ltr'>D.</span> 
     </span>
    </p>
   </div>
   <div class='ocr_carea' id='block_1_5' title="bbox 18 1535 162 1747">
    <p class='ocr_par' dir='ltr' id='par_1_11' title="bbox 18 1535 162 1747">
     <span class='ocr_line' id='line_1_31' title="bbox 56 1535 144 1565; baseline -0.023 -9"><span class='ocrx_word' id='word_1_222' title='bbox 56 1535 144 1565; x_wconf 72' lang='lat'>1310.</span> 
     </span>
     <span class='ocr_line' id='line_1_32' title="bbox 27 1569 126 1601; baseline 0 -7"><span class='ocrx_word' id='word_1_223' title='bbox 27 1569 83 1594; x_wconf 79' lang='lat' dir='ltr'>An.</span> <span class='ocrx_word' id='word_1_224' title='bbox 98 1574 126 1601; x_wconf 83' lang='lat'>4.</span> 
     </span>
     <span class='ocr_line' id='line_1_33' title="bbox 18 1609 108 1633; baseline -0.033 0"><span class='ocrx_word' id='word_1_225' title='bbox 18 1609 59 1633; x_wconf 65' lang='lat'>¹11.</span> <span class='ocrx_word' id='word_1_226' title='bbox 80 1613 108 1631; x_wconf 87' lang='lat'>2.</span> 
     </span>
     <span class='ocr_line' id='line_1_34' title="bbox 27 1642 162 1679; baseline -0.015 -8"><span class='ocrx_word' id='word_1_227' title='bbox 27 1642 118 1679; x_wconf 81' lang='lat' dir='ltr'>Claus.</span> <span class='ocrx_word' id='word_1_228' title='bbox 134 1650 162 1677; x_wconf 92' lang='lat'>4.</span> 
     </span>
     <span class='ocr_line' id='line_1_35' title="bbox 28 1686 156 1709; baseline -0.016 0"><span class='ocrx_word' id='word_1_229' title='bbox 28 1686 60 1709; x_wconf 81' lang='lat' dir='ltr'>E.</span> <span class='ocrx_word' id='word_1_230' title='bbox 77 1690 103 1708; x_wconf 82' lang='lat'>2.</span> <span class='ocrx_word' id='word_1_231' title='bbox 118 1691 156 1708; x_wconf 88' lang='lat' dir='ltr'>m.</span> 
     </span>
     <span class='ocr_line' id='line_1_36' title="bbox 30 1719 114 1747; baseline 0.012 -1"><span class='ocrx_word' id='word_1_232' title='bbox 30 1719 114 1747; x_wconf 82' lang='lat' dir='ltr'><em>26.d.</em></span> 
     </span>
    </p>
   </div>
   <div class='ocr_carea' id='block_1_6' title="bbox 176 1483 1257 2873">
    <p class='ocr_par' dir='ltr' id='par_1_12' title="bbox 241 1483 1240 1556">
     <span class='ocr_line' id='line_1_37' title="bbox 241 1483 1240 1526; baseline 0.003 -10"><span class='ocrx_word' id='word_1_233' title='bbox 241 1485 300 1517; x_wconf 87' lang='lat' dir='ltr'>EX</span> <span class='ocrx_word' id='word_1_234' title='bbox 320 1485 364 1516; x_wconf 90' lang='lat' dir='ltr'>H.</span> <span class='ocrx_word' id='word_1_235' title='bbox 382 1484 462 1523; x_wconf 88' lang='lat' dir='ltr'>Regi</span> <span class='ocrx_word' id='word_1_236' title='bbox 483 1484 651 1524; x_wconf 77' lang='lat' dir='ltr'>Norwagiae</span> <span class='ocrx_word' id='word_1_237' title='bbox 670 1483 786 1522; x_wconf 79' lang='lat' dir='ltr'>illustri,</span> <span class='ocrx_word' id='word_1_238' title='bbox 801 1485 897 1515; x_wconf 84' lang='lat' dir='ltr'>amico</span> <span class='ocrx_word' id='word_1_239' title='bbox 920 1485 969 1516; x_wconf 89' lang='lat' dir='ltr'>suo</span> <span class='ocrx_word' id='word_1_240' title='bbox 989 1486 1151 1526; x_wconf 86' lang='lat' dir='ltr'>kariffimo,</span> <span class='ocrx_word' id='word_1_241' title='bbox 1171 1487 1240 1519; x_wconf 77' lang='lat' dir='ltr'>salu-</span> 
     </span>
     <span class='ocr_line' id='line_1_38' title="bbox 259 1534 329 1556; baseline -0.043 0"><span class='ocrx_word' id='word_1_242' title='bbox 259 1534 329 1556; x_wconf 92' lang='lat' dir='ltr'>tem.</span> 
     </span>
    </p>

    <p class='ocr_par' dir='ltr' id='par_1_13' title="bbox 176 1560 1244 1796">
     <span class='ocr_line' id='line_1_39' title="bbox 213 1560 1241 1603; baseline 0.002 -10"><span class='ocrx_word' id='word_1_243' title='bbox 213 1562 257 1594; x_wconf 79' lang='lat' dir='ltr'>Ex</span> <span class='ocrx_word' id='word_1_244' title='bbox 271 1563 349 1603; x_wconf 88' lang='lat' dir='ltr'>gravi</span> <span class='ocrx_word' id='word_1_245' title='bbox 363 1561 475 1601; x_wconf 85' lang='lat' dir='ltr'>querela</span> <span class='ocrx_word' id='word_1_246' title='bbox 491 1561 642 1592; x_wconf 79' lang='lat' dir='ltr'>willielmi</span> <span class='ocrx_word' id='word_1_247' title='bbox 655 1560 691 1591; x_wconf 92' lang='lat' dir='ltr'>de</span> <span class='ocrx_word' id='word_1_248' title='bbox 705 1560 840 1599; x_wconf 81' lang='lat' dir='ltr'>Tollere,</span> <span class='ocrx_word' id='word_1_249' title='bbox 859 1560 915 1591; x_wconf 89' lang='lat' dir='ltr'>Bur</span> <span class='ocrx_word' id='word_1_250' title='bbox 935 1563 1004 1593; x_wconf 88' lang='lat' dir='ltr'>ensis</span> <span class='ocrx_word' id='word_1_251' title='bbox 1019 1564 1053 1594; x_wconf 85' lang='lat'>&amp;</span> <span class='ocrx_word' id='word_1_252' title='bbox 1071 1564 1241 1595; x_wconf 89' lang='lat' dir='ltr'>Mercatoris</span> 
     </span>
     <span class='ocr_line' id='line_1_40' title="bbox 177 1600 1240 1642; baseline 0 -10"><span class='ocrx_word' id='word_1_253' title='bbox 177 1601 263 1634; x_wconf 87' lang='lat' dir='ltr'>Villae</span> <span class='ocrx_word' id='word_1_254' title='bbox 283 1601 388 1632; x_wconf 78' lang='lat' dir='ltr'>nostrae</span> <span class='ocrx_word' id='word_1_255' title='bbox 406 1600 440 1630; x_wconf 89' lang='lat' dir='ltr'>de</span> <span class='ocrx_word' id='word_1_256' title='bbox 461 1600 642 1639; x_wconf 85' lang='lat' dir='ltr'>Grymesby,</span> <span class='ocrx_word' id='word_1_257' title='bbox 667 1601 827 1642; x_wconf 75' lang='lat' dir='ltr'>accepimus</span> <span class='ocrx_word' id='word_1_258' title='bbox 848 1602 906 1637; x_wconf 81' lang='lat' dir='ltr'>quo</span> <span class='ocrx_word' id='word_1_259' title='bbox 937 1623 946 1638; x_wconf 88' lang='lat'>,</span> <span class='ocrx_word' id='word_1_260' title='bbox 970 1611 1038 1632; x_wconf 89' lang='lat' dir='ltr'>cuni</span> <span class='ocrx_word' id='word_1_261' title='bbox 1057 1601 1185 1633; x_wconf 80' lang='lat' dir='ltr'>homines</span> <span class='ocrx_word' id='word_1_262' title='bbox 1207 1605 1240 1635; x_wconf 90' lang='lat'>&amp;</span> 
     </span>
     <span class='ocr_line' id='line_1_41' title="bbox 176 1638 1243 1678; baseline 0 -6"><span class='ocrx_word' id='word_1_263' title='bbox 176 1641 335 1676; x_wconf 28' lang='lat' dir='ltr'>servientes*</span> <span class='ocrx_word' id='word_1_264' title='bbox 355 1640 395 1670; x_wconf 89' lang='lat' dir='ltr'>sui</span> <span class='ocrx_word' id='word_1_265' title='bbox 424 1640 565 1677; x_wconf 78' lang='lat' dir='ltr'>quandam</span> <span class='ocrx_word' id='word_1_266' title='bbox 594 1638 714 1668; x_wconf 85' lang='lat' dir='ltr'>Navem</span> <span class='ocrx_word' id='word_1_267' title='bbox 744 1639 827 1675; x_wconf 75' lang='lat' dir='ltr'>ipsius</span> <span class='ocrx_word' id='word_1_268' title='bbox 840 1638 990 1669; x_wconf 88' lang='lat' dir='ltr'>Willielmi</span> <span class='ocrx_word' id='word_1_269' title='bbox 1003 1663 1013 1678; x_wconf 91' lang='lat'>,</span> <span class='ocrx_word' id='word_1_270' title='bbox 1036 1640 1122 1670; x_wconf 85' lang='lat' dir='ltr'>bladis</span> <span class='ocrx_word' id='word_1_271' title='bbox 1143 1642 1176 1671; x_wconf 89' lang='lat'>&amp;</span> <span class='ocrx_word' id='word_1_272' title='bbox 1200 1643 1243 1672; x_wconf 87' lang='lat' dir='ltr'>vi-</span> 
     </span>
     <span class='ocr_line' id='line_1_42' title="bbox 178 1676 1242 1719; baseline 0 -8"><span class='ocrx_word' id='word_1_273' title='bbox 178 1679 316 1711; x_wconf 69' lang='lat' dir='ltr'>&amp;ualibus</span> <span class='ocrx_word' id='word_1_274' title='bbox 338 1678 412 1717; x_wconf 82' lang='lat' dir='ltr'>aliis,</span> <span class='ocrx_word' id='word_1_275' title='bbox 426 1677 461 1708; x_wconf 91' lang='lat' dir='ltr'>ad</span> <span class='ocrx_word' id='word_1_276' title='bbox 478 1677 629 1708; x_wconf 84' lang='lat' dir='ltr'>valentiam</span> <span class='ocrx_word' id='word_1_277' title='bbox 650 1677 849 1707; x_wconf 85' lang='lat' dir='ltr'>trescentarum</span> <span class='ocrx_word' id='word_1_278' title='bbox 870 1676 1004 1707; x_wconf 88' lang='lat' dir='ltr'>librarum</span> <span class='ocrx_word' id='word_1_279' title='bbox 1026 1679 1242 1719; x_wconf 78' lang='lat' dir='ltr'>sterlingorum,</span> 
     </span>
     <span class='ocr_line' id='line_1_43' title="bbox 180 1714 1244 1757; baseline -0.001 -7"><span class='ocrx_word' id='word_1_280' title='bbox 180 1719 211 1749; x_wconf 90' lang='lat' dir='ltr'>in</span> <span class='ocrx_word' id='word_1_281' title='bbox 225 1719 348 1757; x_wconf 89' lang='lat' dir='ltr'>partibus</span> <span class='ocrx_word' id='word_1_282' title='bbox 361 1717 398 1747; x_wconf 91' lang='lat' dir='ltr'>de</span> <span class='ocrx_word' id='word_1_283' title='bbox 413 1715 529 1755; x_wconf 81' lang='lat' dir='ltr'>Estlang</span> <span class='ocrx_word' id='word_1_284' title='bbox 542 1714 718 1753; x_wconf 70' lang='lat' dir='ltr'>onerassent,</span> <span class='ocrx_word' id='word_1_285' title='bbox 737 1715 823 1752; x_wconf 85' lang='lat' dir='ltr'>usque</span> <span class='ocrx_word' id='word_1_286' title='bbox 839 1716 866 1744; x_wconf 91' lang='lat' dir='ltr'>in</span> <span class='ocrx_word' id='word_1_287' title='bbox 882 1715 1020 1756; x_wconf 81' lang='lat' dir='ltr'>Regnum</span> <span class='ocrx_word' id='word_1_288' title='bbox 1034 1717 1165 1748; x_wconf 88' lang='lat' dir='ltr'>nostrum</span> <span class='ocrx_word' id='word_1_289' title='bbox 1182 1719 1244 1750; x_wconf 86' lang='lat' dir='ltr'>An-</span> 
     </span>
     <span class='ocr_line' id='line_1_44' title="bbox 178 1753 1052 1796; baseline -0.006 -9"><span class='ocrx_word' id='word_1_290' title='bbox 178 1757 246 1796; x_wconf 82' lang='lat' dir='ltr'>gliae</span> <span class='ocrx_word' id='word_1_291' title='bbox 257 1755 437 1792; x_wconf 80' lang='lat' dir='ltr'>ducendam,</span> <span class='ocrx_word' id='word_1_292' title='bbox 455 1753 489 1784; x_wconf 88' lang='lat' dir='ltr'>ad</span> <span class='ocrx_word' id='word_1_293' title='bbox 503 1753 703 1793; x_wconf 85' lang='lat' dir='ltr'>negotiandum</span> <span class='ocrx_word' id='word_1_294' title='bbox 717 1753 753 1784; x_wconf 93' lang='lat' dir='ltr'>de</span> <span class='ocrx_word' id='word_1_295' title='bbox 767 1753 884 1783; x_wconf 87' lang='lat' dir='ltr'>eisdem:</span> <span class='ocrx_word' id='word_1_296' title='bbox 1049 1767 1052 1771; x_wconf 59' lang='lat'><strong><em>¹</em></strong></span> 
     </span>
    </p>

    <p class='ocr_par' dir='ltr' id='par_1_14' title="bbox 181 1792 1247 1942">
     <span class='ocr_line' id='line_1_45' title="bbox 219 1792 1246 1834; baseline 0.002 -9"><span class='ocrx_word' id='word_1_297' title='bbox 219 1794 257 1826; x_wconf 86' lang='lat' dir='ltr'>Et</span> <span class='ocrx_word' id='word_1_298' title='bbox 280 1794 374 1825; x_wconf 89' lang='lat' dir='ltr'>Navis</span> <span class='ocrx_word' id='word_1_299' title='bbox 396 1793 441 1822; x_wconf 86' lang='lat' dir='ltr'>illa</span> <span class='ocrx_word' id='word_1_300' title='bbox 463 1792 512 1830; x_wconf 85' lang='lat' dir='ltr'>sit,</span> <span class='ocrx_word' id='word_1_301' title='bbox 531 1793 560 1821; x_wconf 88' lang='lat' dir='ltr'>in</span> <span class='ocrx_word' id='word_1_302' title='bbox 580 1792 722 1823; x_wconf 88' lang='lat' dir='ltr'>veniendo</span> <span class='ocrx_word' id='word_1_303' title='bbox 737 1792 829 1822; x_wconf 89' lang='lat' dir='ltr'>versus</span> <span class='ocrx_word' id='word_1_304' title='bbox 845 1792 891 1822; x_wconf 86' lang='lat' dir='ltr'>Re</span> <span class='ocrx_word' id='word_1_305' title='bbox 911 1802 980 1823; x_wconf 91' lang='lat' dir='ltr'>num</span> <span class='ocrx_word' id='word_1_306' title='bbox 997 1793 1141 1834; x_wconf 88' lang='lat' dir='ltr'>vestrum,</span> <span class='ocrx_word' id='word_1_307' title='bbox 1159 1797 1246 1834; x_wconf 87' lang='lat' dir='ltr'>usque</span> 
     </span>
     <span class='ocr_line' id='line_1_46' title="bbox 181 1829 1246 1872; baseline 0.001 -8"><span class='ocrx_word' id='word_1_308' title='bbox 181 1835 212 1864; x_wconf 88' lang='lat' dir='ltr'>in</span> <span class='ocrx_word' id='word_1_309' title='bbox 228 1833 351 1864; x_wconf 89' lang='lat' dir='ltr'>Portum</span> <span class='ocrx_word' id='word_1_310' title='bbox 363 1831 399 1861; x_wconf 87' lang='lat' dir='ltr'>de</span> <span class='ocrx_word' id='word_1_311' title='bbox 413 1830 618 1869; x_wconf 88' lang='lat' dir='ltr'>Kolnesound,</span> <span class='ocrx_word' id='word_1_312' title='bbox 632 1832 709 1869; x_wconf 83' lang='lat' dir='ltr'>juxta</span> <span class='ocrx_word' id='word_1_313' title='bbox 721 1829 881 1860; x_wconf 84' lang='lat' dir='ltr'>Malestron</span> <span class='ocrx_word' id='word_1_314' title='bbox 901 1840 934 1868; x_wconf 88' lang='lat' dir='ltr'>e,</span> <span class='ocrx_word' id='word_1_315' title='bbox 951 1831 1021 1862; x_wconf 87' lang='lat' dir='ltr'>infra</span> <span class='ocrx_word' id='word_1_316' title='bbox 1036 1833 1172 1872; x_wconf 84' lang='lat' dir='ltr'>Regnum</span> <span class='ocrx_word' id='word_1_317' title='bbox 1197 1845 1246 1865; x_wconf 90' lang='lat' dir='ltr'>ve-</span> 
     </span>
     <span class='ocr_line' id='line_1_47' title="bbox 182 1868 1247 1942; baseline 0.002 -40"><span class='ocrx_word' id='word_1_318' title='bbox 182 1872 290 1942; x_wconf 59' lang='lat' dir='ltr'>}trisism,</span> <span class='ocrx_word' id='word_1_319' title='bbox 307 1868 475 1909; x_wconf 90' lang='lat' dir='ltr'>tempestate</span> <span class='ocrx_word' id='word_1_320' title='bbox 489 1868 629 1900; x_wconf 69' lang='lat' dir='ltr'>maritima</span> <span class='ocrx_word' id='word_1_321' title='bbox 641 1870 758 1909; x_wconf 80' lang='lat' dir='ltr'>agitata,</span> <span class='ocrx_word' id='word_1_322' title='bbox 775 1869 809 1899; x_wconf 74' lang='grc' dir='ltr'>δε</span> <span class='ocrx_word' id='word_1_323' title='bbox 821 1870 852 1898; x_wconf 88' lang='lat' dir='ltr'>in</span> <span class='ocrx_word' id='word_1_324' title='bbox 865 1869 969 1900; x_wconf 90' lang='lat' dir='ltr'>eodem</span> <span class='ocrx_word' id='word_1_325' title='bbox 990 1869 1079 1902; x_wconf 84' lang='lat' dir='ltr'>Portu</span> <span class='ocrx_word' id='word_1_326' title='bbox 1102 1872 1247 1905; x_wconf 59' lang='lat' dir='ltr'>confracta</span> 
     </span>
    </p>

    <p class='ocr_par' dir='ltr' id='par_1_15' title="bbox 197 1919 293 1942">
     <span class='ocr_line' id='line_1_48' title="bbox 197 1919 293 1942; baseline -0.021 0"><span class='ocrx_word' id='word_1_327' title='bbox 197 1920 223 1942; x_wconf 88' lang='lat' dir='ltr'>ui</span> <span class='ocrx_word' id='word_1_328' title='bbox 249 1919 293 1941; x_wconf 84' lang='lat' dir='ltr'>et:</span> 
     </span>
    </p>

    <p class='ocr_par' dir='ltr' id='par_1_16' title="bbox 184 1945 1250 2178">
     <span class='ocr_line' id='line_1_49' title="bbox 222 1945 1248 1990; baseline 0.002 -11"><span class='ocrx_word' id='word_1_329' title='bbox 222 1948 268 1979; x_wconf 90' lang='lat' dir='ltr'>Ac</span> <span class='ocrx_word' id='word_1_330' title='bbox 288 1948 462 1979; x_wconf 68' lang='lat' dir='ltr'>W&#39;illicimus</span> <span class='ocrx_word' id='word_1_331' title='bbox 482 1947 577 1985; x_wconf 90' lang='lat' dir='ltr'>Barel,</span> <span class='ocrx_word' id='word_1_332' title='bbox 596 1945 735 1984; x_wconf 83' lang='lat' dir='ltr'>Magister</span> <span class='ocrx_word' id='word_1_333' title='bbox 753 1945 846 1976; x_wconf 88' lang='lat' dir='ltr'>Navis</span> <span class='ocrx_word' id='word_1_334' title='bbox 870 1946 1029 1986; x_wconf 64' lang='lat' dir='ltr'>praedietae,</span> <span class='ocrx_word' id='word_1_335' title='bbox 1045 1948 1143 1979; x_wconf 89' lang='lat' dir='ltr'>videns</span> <span class='ocrx_word' id='word_1_336' title='bbox 1153 1950 1248 1990; x_wconf 87' lang='lat' dir='ltr'>hujus-</span> 
     </span>
     <span class='ocr_line' id='line_1_50' title="bbox 187 1984 1249 2025; baseline 0.002 -7"><span class='ocrx_word' id='word_1_337' title='bbox 187 1987 269 2018; x_wconf 87' lang='lat' dir='ltr'>modi</span> <span class='ocrx_word' id='word_1_338' title='bbox 283 1987 440 2025; x_wconf 87' lang='lat' dir='ltr'>periculum</span> <span class='ocrx_word' id='word_1_339' title='bbox 454 1988 588 2022; x_wconf 80' lang='lat' dir='ltr'>iminere,</span> <span class='ocrx_word' id='word_1_340' title='bbox 607 1994 713 2016; x_wconf 88' lang='lat' dir='ltr'>certam</span> <span class='ocrx_word' id='word_1_341' title='bbox 728 1984 964 2016; x_wconf 89' lang='lat' dir='ltr'>Conventionem</span> <span class='ocrx_word' id='word_1_342' title='bbox 977 1995 1045 2016; x_wconf 88' lang='lat' dir='ltr'>cum</span> <span class='ocrx_word' id='word_1_343' title='bbox 1059 1988 1140 2018; x_wconf 89' lang='lat' dir='ltr'>Here</span> <span class='ocrx_word' id='word_1_344' title='bbox 1155 1989 1249 2019; x_wconf 90' lang='lat' dir='ltr'>Peter-</span> 
     </span>
     <span class='ocr_line' id='line_1_51' title="bbox 184 2023 1250 2064; baseline 0.002 -8"><span class='ocrx_word' id='word_1_345' title='bbox 184 2026 262 2064; x_wconf 84' lang='lat' dir='ltr'>dire,</span> <span class='ocrx_word' id='word_1_346' title='bbox 281 2026 389 2056; x_wconf 86' lang='lat' dir='ltr'>Ballivo</span> <span class='ocrx_word' id='word_1_347' title='bbox 410 2025 553 2063; x_wconf 68' lang='lat' dir='ltr'>praedietae</span> <span class='ocrx_word' id='word_1_348' title='bbox 575 2023 659 2054; x_wconf 91' lang='lat' dir='ltr'>Villae</span> <span class='ocrx_word' id='word_1_349' title='bbox 679 2024 716 2054; x_wconf 91' lang='lat' dir='ltr'>de</span> <span class='ocrx_word' id='word_1_350' title='bbox 738 2023 930 2062; x_wconf 84' lang='lat' dir='ltr'>Malestrond,</span> <span class='ocrx_word' id='word_1_351' title='bbox 943 2025 977 2055; x_wconf 90' lang='lat'>&amp;</span> <span class='ocrx_word' id='word_1_352' title='bbox 1003 2024 1108 2063; x_wconf 88' lang='lat' dir='ltr'>Eyrico</span> <span class='ocrx_word' id='word_1_353' title='bbox 1123 2027 1250 2058; x_wconf 89' lang='lat' dir='ltr'>Gunno-</span> 
     </span>
     <span class='ocr_line' id='line_1_52' title="bbox 185 2061 1250 2102; baseline 0.002 -7"><span class='ocrx_word' id='word_1_354' title='bbox 185 2064 308 2096; x_wconf 85' lang='lat' dir='ltr'>reffione</span> <span class='ocrx_word' id='word_1_355' title='bbox 320 2064 444 2102; x_wconf 76' lang='lat' dir='ltr'>fecisset,</span> <span class='ocrx_word' id='word_1_356' title='bbox 463 2073 494 2094; x_wconf 92' lang='lat' dir='ltr'>ut</span> <span class='ocrx_word' id='word_1_357' title='bbox 508 2063 558 2101; x_wconf 88' lang='lat' dir='ltr'>ipsi</span> <span class='ocrx_word' id='word_1_358' title='bbox 572 2062 651 2093; x_wconf 83' lang='lat' dir='ltr'>Bona</span> <span class='ocrx_word' id='word_1_359' title='bbox 665 2064 698 2094; x_wconf 68' lang='grc' dir='ltr'>ὃς</span> <span class='ocrx_word' id='word_1_360' title='bbox 714 2061 907 2092; x_wconf 88' lang='lat' dir='ltr'>Mercimonia</span> <span class='ocrx_word' id='word_1_361' title='bbox 920 2062 1052 2100; x_wconf 65' lang='lat' dir='ltr'>praedie‘ta</span> <span class='ocrx_word' id='word_1_362' title='bbox 1071 2065 1106 2095; x_wconf 89' lang='lat' dir='ltr'>ad</span> <span class='ocrx_word' id='word_1_363' title='bbox 1127 2066 1250 2097; x_wconf 89' lang='lat' dir='ltr'>Terram</span> 
     </span>
     <span class='ocr_line' id='line_1_53' title="bbox 187 2100 1250 2144; baseline 0.003 -11"><span class='ocrx_word' id='word_1_364' title='bbox 187 2103 306 2142; x_wconf 86' lang='lat' dir='ltr'>deferri,</span> <span class='ocrx_word' id='word_1_365' title='bbox 324 2103 358 2134; x_wconf 89' lang='lat'>&amp;</span> <span class='ocrx_word' id='word_1_366' title='bbox 380 2113 410 2132; x_wconf 83' lang='lat' dir='ltr'>ea</span> <span class='ocrx_word' id='word_1_367' title='bbox 433 2103 466 2133; x_wconf 89' lang='lat' dir='ltr'>ad</span> <span class='ocrx_word' id='word_1_368' title='bbox 487 2112 560 2141; x_wconf 86' lang='lat' dir='ltr'>opus</span> <span class='ocrx_word' id='word_1_369' title='bbox 580 2101 651 2132; x_wconf 64' lang='lat' dir='ltr'>dieti</span> <span class='ocrx_word' id='word_1_370' title='bbox 667 2100 815 2141; x_wconf 79' lang='lat' dir='ltr'>Magistri,</span> <span class='ocrx_word' id='word_1_371' title='bbox 833 2100 935 2140; x_wconf 84' lang='lat' dir='ltr'>absque</span> <span class='ocrx_word' id='word_1_372' title='bbox 948 2101 1037 2140; x_wconf 85' lang='lat' dir='ltr'>aliqua</span> <span class='ocrx_word' id='word_1_373' title='bbox 1050 2102 1250 2144; x_wconf 69' lang='lat' dir='ltr'>distrac‘tione,</span> 
     </span>
     <span class='ocr_line' id='line_1_54' title="bbox 186 2142 438 2178; baseline -0.004 -5"><span class='ocrx_word' id='word_1_374' title='bbox 186 2142 283 2173; x_wconf 82' lang='lat' dir='ltr'>salvari</span> <span class='ocrx_word' id='word_1_375' title='bbox 297 2142 438 2178; x_wconf 59' lang='lat' dir='ltr'>facerent,</span> 
     </span>
    </p>

    <p class='ocr_par' dir='ltr' id='par_1_17' title="bbox 188 2179 1254 2449">
     <span class='ocr_line' id='line_1_55' title="bbox 226 2179 1251 2220; baseline 0.005 -10"><span class='ocrx_word' id='word_1_376' title='bbox 226 2179 317 2210; x_wconf 88' lang='lat' dir='ltr'>Iidem</span> <span class='ocrx_word' id='word_1_377' title='bbox 332 2180 410 2210; x_wconf 88' lang='lat' dir='ltr'>Here</span> <span class='ocrx_word' id='word_1_378' title='bbox 424 2179 567 2211; x_wconf 87' lang='lat' dir='ltr'>Peterdire</span> <span class='ocrx_word' id='word_1_379' title='bbox 578 2181 612 2211; x_wconf 89' lang='lat'>&amp;</span> <span class='ocrx_word' id='word_1_380' title='bbox 627 2179 760 2220; x_wconf 78' lang='lat' dir='ltr'>Eyricus‚</span> <span class='ocrx_word' id='word_1_381' title='bbox 772 2179 918 2220; x_wconf 69' lang='lat' dir='ltr'>aggregata</span> <span class='ocrx_word' id='word_1_382' title='bbox 933 2181 982 2211; x_wconf 81' lang='lat' dir='ltr'>fibi</span> <span class='ocrx_word' id='word_1_383' title='bbox 997 2181 1176 2214; x_wconf 87' lang='lat' dir='ltr'>multitudine</span> <span class='ocrx_word' id='word_1_384' title='bbox 1191 2194 1251 2215; x_wconf 88' lang='lat' dir='ltr'>ma-</span> 
     </span>
     <span class='ocr_line' id='line_1_56' title="bbox 189 2218 1252 2262; baseline 0.004 -13"><span class='ocrx_word' id='word_1_385' title='bbox 189 2218 361 2250; x_wconf 64' lang='lat' dir='ltr'>lefaetorum</span> <span class='ocrx_word' id='word_1_386' title='bbox 381 2218 417 2248; x_wconf 90' lang='lat' dir='ltr'>de</span> <span class='ocrx_word' id='word_1_387' title='bbox 435 2219 556 2255; x_wconf 89' lang='lat' dir='ltr'>partibus</span> <span class='ocrx_word' id='word_1_388' title='bbox 577 2219 645 2256; x_wconf 80' lang='lat' dir='ltr'>illis,</span> <span class='ocrx_word' id='word_1_389' title='bbox 663 2219 741 2249; x_wconf 84' lang='lat' dir='ltr'>Bona</span> <span class='ocrx_word' id='word_1_390' title='bbox 754 2219 787 2249; x_wconf 72' lang='grc' dir='ltr'>δε</span> <span class='ocrx_word' id='word_1_391' title='bbox 802 2218 994 2253; x_wconf 82' lang='lat' dir='ltr'>Mercimonia</span> <span class='ocrx_word' id='word_1_392' title='bbox 1004 2220 1154 2260; x_wconf 65' lang='lat' dir='ltr'>p1·2edi&amp;a,</span> <span class='ocrx_word' id='word_1_393' title='bbox 1173 2222 1252 2262; x_wconf 85' lang='lat' dir='ltr'>post-</span> 
     </span>
     <span class='ocr_line' id='line_1_57' title="bbox 188 2256 1251 2298; baseline 0.005 -11"><span class='ocrx_word' id='word_1_394' title='bbox 188 2267 278 2295; x_wconf 89' lang='lat' dir='ltr'>quam</span> <span class='ocrx_word' id='word_1_395' title='bbox 297 2257 331 2286; x_wconf 83' lang='lat' dir='ltr'>ad</span> <span class='ocrx_word' id='word_1_396' title='bbox 348 2265 449 2286; x_wconf 90' lang='lat' dir='ltr'>terram</span> <span class='ocrx_word' id='word_1_397' title='bbox 469 2256 576 2286; x_wconf 89' lang='lat' dir='ltr'>ibidem</span> <span class='ocrx_word' id='word_1_398' title='bbox 595 2257 684 2286; x_wconf 86' lang='lat' dir='ltr'>delata</span> <span class='ocrx_word' id='word_1_399' title='bbox 701 2257 827 2294; x_wconf 82' lang='lat' dir='ltr'>fuerant,</span> <span class='ocrx_word' id='word_1_400' title='bbox 842 2258 872 2287; x_wconf 89' lang='lat' dir='ltr'>vi</span> <span class='ocrx_word' id='word_1_401' title='bbox 893 2259 928 2288; x_wconf 70' lang='grc' dir='ltr'>ὃ(</span> <span class='ocrx_word' id='word_1_402' title='bbox 944 2259 1026 2287; x_wconf 81' lang='lat' dir='ltr'>arinis</span> <span class='ocrx_word' id='word_1_403' title='bbox 1044 2269 1195 2298; x_wconf 86' lang='lat' dir='ltr'>ceperunt,</span> <span class='ocrx_word' id='word_1_404' title='bbox 1218 2262 1251 2292; x_wconf 90' lang='lat'>&amp;</span> 
     </span>
     <span class='ocr_line' id='line_1_58' title="bbox 188 2294 1254 2336; baseline 0.004 -11"><span class='ocrx_word' id='word_1_405' title='bbox 188 2295 418 2333; x_wconf 85' lang='lat' dir='ltr'>asportaverunt,</span> <span class='ocrx_word' id='word_1_406' title='bbox 436 2303 538 2324; x_wconf 88' lang='lat' dir='ltr'>omnes</span> <span class='ocrx_word' id='word_1_407' title='bbox 554 2294 702 2325; x_wconf 85' lang='lat' dir='ltr'>servientes</span> <span class='ocrx_word' id='word_1_408' title='bbox 725 2294 761 2325; x_wconf 92' lang='lat' dir='ltr'>de</span> <span class='ocrx_word' id='word_1_409' title='bbox 785 2294 866 2325; x_wconf 89' lang='lat' dir='ltr'>Navi</span> <span class='ocrx_word' id='word_1_410' title='bbox 884 2296 1020 2332; x_wconf 60' lang='lat' dir='ltr'>praediCtri</span> <span class='ocrx_word' id='word_1_411' title='bbox 1039 2297 1144 2328; x_wconf 87' lang='lat' dir='ltr'>ibidem</span> <span class='ocrx_word' id='word_1_412' title='bbox 1169 2309 1254 2336; x_wconf 88' lang='lat' dir='ltr'>cepe-</span> 
     </span>
     <span class='ocr_line' id='line_1_59' title="bbox 190 2332 1252 2372; baseline 0.003 -8"><span class='ocrx_word' id='word_1_413' title='bbox 190 2342 272 2372; x_wconf 84' lang='lat' dir='ltr'>runt,</span> <span class='ocrx_word' id='word_1_414' title='bbox 288 2335 322 2364; x_wconf 75' lang='grc' dir='ltr'>δε</span> <span class='ocrx_word' id='word_1_415' title='bbox 334 2343 383 2363; x_wconf 91' lang='lat' dir='ltr'>eos</span> <span class='ocrx_word' id='word_1_416' title='bbox 398 2334 503 2362; x_wconf 88' lang='lat' dir='ltr'>carceri</span> <span class='ocrx_word' id='word_1_417' title='bbox 516 2332 728 2370; x_wconf 65' lang='lat' dir='ltr'>manciparunt,</span> <span class='ocrx_word' id='word_1_418' title='bbox 748 2332 874 2370; x_wconf 86' lang='lat' dir='ltr'>ipsosque</span> <span class='ocrx_word' id='word_1_419' title='bbox 888 2334 925 2364; x_wconf 81' lang='lat' dir='ltr'>fic</span> <span class='ocrx_word' id='word_1_420' title='bbox 941 2334 989 2364; x_wconf 90' lang='lat' dir='ltr'>sub</span> <span class='ocrx_word' id='word_1_421' title='bbox 1008 2335 1138 2366; x_wconf 67' lang='lat' dir='ltr'>custodia</span> <span class='ocrx_word' id='word_1_422' title='bbox 1157 2347 1252 2368; x_wconf 83' lang='lat' dir='ltr'>carce-</span> 
     </span>
     <span class='ocr_line' id='line_1_60' title="bbox 189 2370 1254 2410; baseline 0.003 -8"><span class='ocrx_word' id='word_1_423' title='bbox 189 2372 238 2403; x_wconf 77' lang='lat' dir='ltr'>rali</span> <span class='ocrx_word' id='word_1_424' title='bbox 248 2382 299 2410; x_wconf 90' lang='lat' dir='ltr'>per</span> <span class='ocrx_word' id='word_1_425' title='bbox 314 2370 465 2401; x_wconf 88' lang='lat' dir='ltr'>dimidium</span> <span class='ocrx_word' id='word_1_426' title='bbox 479 2380 585 2400; x_wconf 88' lang='lat' dir='ltr'>annum</span> <span class='ocrx_word' id='word_1_427' title='bbox 602 2371 636 2401; x_wconf 73' lang='grc' dir='ltr'>δε</span> <span class='ocrx_word' id='word_1_428' title='bbox 650 2372 767 2408; x_wconf 87' lang='lat' dir='ltr'>amplius</span> <span class='ocrx_word' id='word_1_429' title='bbox 780 2370 951 2409; x_wconf 83' lang='lat' dir='ltr'>detinendo,</span> <span class='ocrx_word' id='word_1_430' title='bbox 969 2374 998 2402; x_wconf 95' lang='lat' dir='ltr'>in</span> <span class='ocrx_word' id='word_1_431' title='bbox 1022 2373 1151 2410; x_wconf 67' lang='lat' dir='ltr'>praeditfiti</span> <span class='ocrx_word' id='word_1_432' title='bbox 1171 2375 1254 2406; x_wconf 88' lang='lat' dir='ltr'>Mer-</span> 
     </span>
     <span class='ocr_line' id='line_1_61' title="bbox 188 2408 1038 2449; baseline -0.001 -8"><span class='ocrx_word' id='word_1_433' title='bbox 188 2412 292 2442; x_wconf 84' lang='lat' dir='ltr'>catoris</span> <span class='ocrx_word' id='word_1_434' title='bbox 307 2419 391 2449; x_wconf 83' lang='lat' dir='ltr'>grave</span> <span class='ocrx_word' id='word_1_435' title='bbox 406 2408 562 2446; x_wconf 81' lang='lat' dir='ltr'>dampnum</span> <span class='ocrx_word' id='word_1_436' title='bbox 579 2410 611 2440; x_wconf 84' lang='lat'>&amp;</span> <span class='ocrx_word' id='word_1_437' title='bbox 628 2408 834 2446; x_wconf 78' lang='lat' dir='ltr'>depressionem</span> <span class='ocrx_word' id='word_1_438' title='bbox 851 2410 1038 2441; x_wconf 86' lang='lat' dir='ltr'>manifestam.</span> 
     </span>
    </p>

    <p class='ocr_par' dir='ltr' id='par_1_18' title="bbox 190 2446 1257 2793">
     <span class='ocr_line' id='line_1_62' title="bbox 229 2446 1255 2488; baseline 0.004 -9"><span class='ocrx_word' id='word_1_439' title='bbox 229 2447 267 2479; x_wconf 90' lang='lat' dir='ltr'>Et</span> <span class='ocrx_word' id='word_1_440' title='bbox 279 2450 343 2487; x_wconf 89' lang='lat' dir='ltr'>quia</span> <span class='ocrx_word' id='word_1_441' title='bbox 356 2447 449 2478; x_wconf 88' lang='lat' dir='ltr'>eidem</span> <span class='ocrx_word' id='word_1_442' title='bbox 464 2446 621 2477; x_wconf 86' lang='lat' dir='ltr'>Mercatori</span> <span class='ocrx_word' id='word_1_443' title='bbox 632 2447 749 2485; x_wconf 90' lang='lat' dir='ltr'>nostro,</span> <span class='ocrx_word' id='word_1_444' title='bbox 767 2447 837 2478; x_wconf 85' lang='lat' dir='ltr'>ficut</span> <span class='ocrx_word' id='word_1_445' title='bbox 849 2448 883 2477; x_wconf 86' lang='lat'>&amp;</span> <span class='ocrx_word' id='word_1_446' title='bbox 897 2451 1004 2479; x_wconf 63' lang='lat' dir='ltr'>caeteris</span> <span class='ocrx_word' id='word_1_447' title='bbox 1018 2449 1054 2479; x_wconf 87' lang='lat' dir='ltr'>de</span> <span class='ocrx_word' id='word_1_448' title='bbox 1070 2449 1178 2488; x_wconf 85' lang='lat' dir='ltr'>Regno</span> <span class='ocrx_word' id='word_1_449' title='bbox 1200 2462 1255 2483; x_wconf 93' lang='lat' dir='ltr'>no-</span> 
     </span>
     <span class='ocr_line' id='line_1_63' title="bbox 190 2486 1256 2529; baseline 0.003 -11"><span class='ocrx_word' id='word_1_450' title='bbox 190 2486 268 2526; x_wconf 86' lang='lat' dir='ltr'>stro,</span> <span class='ocrx_word' id='word_1_451' title='bbox 285 2487 437 2524; x_wconf 88' lang='lat' dir='ltr'>volumus,</span> <span class='ocrx_word' id='word_1_452' title='bbox 453 2494 485 2516; x_wconf 89' lang='lat' dir='ltr'>ut</span> <span class='ocrx_word' id='word_1_453' title='bbox 498 2494 644 2523; x_wconf 85' lang='lat' dir='ltr'>tenemur,</span> <span class='ocrx_word' id='word_1_454' title='bbox 662 2486 690 2515; x_wconf 89' lang='lat' dir='ltr'>in</span> <span class='ocrx_word' id='word_1_455' title='bbox 705 2486 756 2516; x_wconf 84' lang='lat' dir='ltr'>suis</span> <span class='ocrx_word' id='word_1_456' title='bbox 770 2486 996 2523; x_wconf 78' lang='lat' dir='ltr'>oppressionibus</span> <span class='ocrx_word' id='word_1_457' title='bbox 1009 2488 1174 2529; x_wconf 87' lang='lat' dir='ltr'>subvenire,</span> <span class='ocrx_word' id='word_1_458' title='bbox 1197 2490 1256 2520; x_wconf 85' lang='lat' dir='ltr'>Ex-</span> 
     </span>
     <span class='ocr_line' id='line_1_64' title="bbox 192 2524 1257 2573; baseline 0.002 -16"><span class='ocrx_word' id='word_1_459' title='bbox 192 2526 353 2557; x_wconf 88' lang='lat' dir='ltr'>cellentiam</span> <span class='ocrx_word' id='word_1_460' title='bbox 367 2524 491 2557; x_wconf 90' lang='lat' dir='ltr'>vestram</span> <span class='ocrx_word' id='word_1_461' title='bbox 503 2525 671 2562; x_wconf 86' lang='lat' dir='ltr'>requirimus</span> <span class='ocrx_word' id='word_1_462' title='bbox 683 2525 718 2555; x_wconf 93' lang='lat'>&amp;</span> <span class='ocrx_word' id='word_1_463' title='bbox 740 2533 887 2573; x_wconf 61' lang='lat' dir='ltr'>rogamus,</span> <span class='ocrx_word' id='word_1_464' title='bbox 903 2534 1054 2564; x_wconf 78' lang='lat' dir='ltr'>quatenus,</span> <span class='ocrx_word' id='word_1_465' title='bbox 1071 2528 1162 2559; x_wconf 74' lang='lat' dir='ltr'>audita</span> <span class='ocrx_word' id='word_1_466' title='bbox 1185 2540 1257 2566; x_wconf 78' lang='lat' dir='ltr'>prae-</span> 
     </span>
     <span class='ocr_line' id='line_1_65' title="bbox 194 2562 1257 2601; baseline 0.003 -7"><span class='ocrx_word' id='word_1_467' title='bbox 194 2564 245 2594; x_wconf 70' lang='lat' dir='ltr'>fati</span> <span class='ocrx_word' id='word_1_468' title='bbox 258 2563 431 2594; x_wconf 86' lang='lat' dir='ltr'>Mercatoris</span> <span class='ocrx_word' id='word_1_469' title='bbox 444 2562 531 2592; x_wconf 86' lang='lat' dir='ltr'>nostri</span> <span class='ocrx_word' id='word_1_470' title='bbox 546 2564 575 2592; x_wconf 87' lang='lat' dir='ltr'>in</span> <span class='ocrx_word' id='word_1_471' title='bbox 588 2563 640 2593; x_wconf 77' lang='lat' dir='ltr'>hac</span> <span class='ocrx_word' id='word_1_472' title='bbox 651 2572 727 2600; x_wconf 87' lang='lat' dir='ltr'>parte</span> <span class='ocrx_word' id='word_1_473' title='bbox 741 2564 759 2582; x_wconf 64' lang='lat'>²*</span> <span class='ocrx_word' id='word_1_474' title='bbox 777 2563 904 2601; x_wconf 84' lang='lat' dir='ltr'>querela,</span> <span class='ocrx_word' id='word_1_475' title='bbox 914 2564 963 2594; x_wconf 85' lang='lat' dir='ltr'>fibi</span> <span class='ocrx_word' id='word_1_476' title='bbox 978 2564 1014 2595; x_wconf 90' lang='lat' dir='ltr'>de</span> <span class='ocrx_word' id='word_1_477' title='bbox 1029 2564 1113 2595; x_wconf 83' lang='lat' dir='ltr'>Bonis</span> <span class='ocrx_word' id='word_1_478' title='bbox 1125 2568 1159 2597; x_wconf 89' lang='lat'>&amp;</span> <span class='ocrx_word' id='word_1_479' title='bbox 1175 2567 1257 2597; x_wconf 91' lang='lat' dir='ltr'>Mer-</span> 
     </span>
     <span class='ocr_line' id='line_1_66' title="bbox 193 2600 1256 2645; baseline 0.003 -12"><span class='ocrx_word' id='word_1_480' title='bbox 193 2603 328 2634; x_wconf 88' lang='lat' dir='ltr'>cimoniis</span> <span class='ocrx_word' id='word_1_481' title='bbox 341 2602 410 2639; x_wconf 89' lang='lat' dir='ltr'>suis,</span> <span class='ocrx_word' id='word_1_482' title='bbox 428 2601 466 2631; x_wconf 87' lang='lat' dir='ltr'>sic</span> <span class='ocrx_word' id='word_1_483' title='bbox 481 2601 633 2640; x_wconf 83' lang='lat' dir='ltr'>asportatis,</span> <span class='ocrx_word' id='word_1_484' title='bbox 653 2602 764 2638; x_wconf 88' lang='lat' dir='ltr'>plenam</span> <span class='ocrx_word' id='word_1_485' title='bbox 776 2602 809 2631; x_wconf 87' lang='lat'>&amp;</span> <span class='ocrx_word' id='word_1_486' title='bbox 824 2600 949 2632; x_wconf 83' lang='lat' dir='ltr'>debitam</span> <span class='ocrx_word' id='word_1_487' title='bbox 970 2603 1193 2645; x_wconf 87' lang='lat' dir='ltr'>restitutionem,</span> <span class='ocrx_word' id='word_1_488' title='bbox 1210 2605 1256 2637; x_wconf 91' lang='lat' dir='ltr'>vel</span> 
     </span>
     <span class='ocr_line' id='line_1_67' title="bbox 194 2639 1257 2681; baseline 0.002 -8"><span class='ocrx_word' id='word_1_489' title='bbox 194 2648 411 2679; x_wconf 84' lang='lat' dir='ltr'>competentem</span> <span class='ocrx_word' id='word_1_490' title='bbox 422 2639 635 2670; x_wconf 67' lang='lat' dir='ltr'>satisfactionem</span> <span class='ocrx_word' id='word_1_491' title='bbox 643 2662 654 2678; x_wconf 85' lang='lat'>,</span> <span class='ocrx_word' id='word_1_492' title='bbox 671 2641 704 2671; x_wconf 65' lang='grc' dir='ltr'>ὃς</span> <span class='ocrx_word' id='word_1_493' title='bbox 719 2641 804 2670; x_wconf 85' lang='lat' dir='ltr'>etiam</span> <span class='ocrx_word' id='word_1_494' title='bbox 817 2639 855 2670; x_wconf 93' lang='lat' dir='ltr'>de</span> <span class='ocrx_word' id='word_1_495' title='bbox 873 2640 1002 2679; x_wconf 81' lang='lat' dir='ltr'>dampnis</span> <span class='ocrx_word' id='word_1_496' title='bbox 1014 2642 1082 2680; x_wconf 88' lang='lat' dir='ltr'>suis,</span> <span class='ocrx_word' id='word_1_497' title='bbox 1101 2653 1164 2681; x_wconf 88' lang='lat' dir='ltr'>quae</span> <span class='ocrx_word' id='word_1_498' title='bbox 1178 2644 1257 2674; x_wconf 90' lang='lat' dir='ltr'>susti-</span> 
     </span>
     <span class='ocr_line' id='line_1_68' title="bbox 191 2677 1257 2719; baseline 0.002 -8"><span class='ocrx_word' id='word_1_499' title='bbox 191 2681 256 2711; x_wconf 91' lang='lat' dir='ltr'>nuit</span> <span class='ocrx_word' id='word_1_500' title='bbox 269 2682 298 2710; x_wconf 91' lang='lat' dir='ltr'>in</span> <span class='ocrx_word' id='word_1_501' title='bbox 311 2679 365 2710; x_wconf 91' lang='lat' dir='ltr'>hac</span> <span class='ocrx_word' id='word_1_502' title='bbox 376 2688 469 2719; x_wconf 81' lang='lat' dir='ltr'>parte,</span> <span class='ocrx_word' id='word_1_503' title='bbox 488 2678 620 2708; x_wconf 89' lang='lat' dir='ltr'>emendas</span> <span class='ocrx_word' id='word_1_504' title='bbox 635 2679 808 2709; x_wconf 88' lang='lat' dir='ltr'>rationabiles</span> <span class='ocrx_word' id='word_1_505' title='bbox 821 2677 881 2709; x_wconf 87' lang='lat' dir='ltr'>fieri</span> <span class='ocrx_word' id='word_1_506' title='bbox 893 2678 997 2710; x_wconf 87' lang='lat' dir='ltr'>faciatis</span> <span class='ocrx_word' id='word_1_507' title='bbox 1011 2680 1112 2711; x_wconf 89' lang='lat' dir='ltr'>nostris</span> <span class='ocrx_word' id='word_1_508' title='bbox 1125 2683 1257 2719; x_wconf 86' lang='lat' dir='ltr'>precibus</span> 
     </span>
     <span class='ocr_line' id='line_1_69' title="bbox 196 2715 1255 2758; baseline 0.002 -8"><span class='ocrx_word' id='word_1_509' title='bbox 196 2720 231 2750; x_wconf 90' lang='lat'>&amp;</span> <span class='ocrx_word' id='word_1_510' title='bbox 253 2728 369 2756; x_wconf 74' lang='lat' dir='ltr'>amore,</span> <span class='ocrx_word' id='word_1_511' title='bbox 387 2719 424 2748; x_wconf 92' lang='lat' dir='ltr'>ita</span> <span class='ocrx_word' id='word_1_512' title='bbox 443 2715 542 2755; x_wconf 79' lang='lat' dir='ltr'>quod,</span> <span class='ocrx_word' id='word_1_513' title='bbox 557 2727 610 2754; x_wconf 88' lang='lat' dir='ltr'>pro</span> <span class='ocrx_word' id='word_1_514' title='bbox 631 2716 744 2748; x_wconf 62' lang='lat' dir='ltr'>defeetu</span> <span class='ocrx_word' id='word_1_515' title='bbox 763 2716 890 2756; x_wconf 71' lang='lat' dir='ltr'>iustitiae,</span> <span class='ocrx_word' id='word_1_516' title='bbox 908 2727 969 2749; x_wconf 88' lang='lat' dir='ltr'>non</span> <span class='ocrx_word' id='word_1_517' title='bbox 987 2728 1115 2758; x_wconf 85' lang='lat' dir='ltr'>oporteat</span> <span class='ocrx_word' id='word_1_518' title='bbox 1130 2731 1182 2751; x_wconf 88' lang='lat' dir='ltr'>nos</span> <span class='ocrx_word' id='word_1_519' title='bbox 1205 2721 1255 2753; x_wconf 92' lang='lat' dir='ltr'>sibi</span> 
     </span>
     <span class='ocr_line' id='line_1_70' title="bbox 193 2755 773 2793; baseline -0.007 -4"><span class='ocrx_word' id='word_1_520' title='bbox 193 2758 224 2789; x_wconf 91' lang='lat' dir='ltr'>su</span> <span class='ocrx_word' id='word_1_521' title='bbox 246 2767 274 2787; x_wconf 89' lang='lat' dir='ltr'>er</span> <span class='ocrx_word' id='word_1_522' title='bbox 287 2757 345 2787; x_wconf 91' lang='lat' dir='ltr'>hoc</span> <span class='ocrx_word' id='word_1_523' title='bbox 358 2756 394 2786; x_wconf 90' lang='lat' dir='ltr'>de</span> <span class='ocrx_word' id='word_1_524' title='bbox 408 2756 463 2786; x_wconf 85' lang='lat' dir='ltr'>alio</span> <span class='ocrx_word' id='word_1_525' title='bbox 478 2755 605 2785; x_wconf 87' lang='lat' dir='ltr'>remedio</span> <span class='ocrx_word' id='word_1_526' title='bbox 617 2755 773 2793; x_wconf 86' lang='lat' dir='ltr'>providere.</span> 
     </span>
    </p>

    <p class='ocr_par' dir='ltr' id='par_1_19' title="bbox 194 2793 1257 2873">
     <span class='ocr_line' id='line_1_71' title="bbox 262 2793 1257 2835; baseline 0.003 -9"><span class='ocrx_word' id='word_1_527' title='bbox 262 2804 288 2835; x_wconf 83' lang='lat' dir='ltr'>t,</span> <span class='ocrx_word' id='word_1_528' title='bbox 303 2794 372 2834; x_wconf 87' lang='lat' dir='ltr'>quid</span> <span class='ocrx_word' id='word_1_529' title='bbox 385 2794 420 2824; x_wconf 90' lang='lat' dir='ltr'>ad</span> <span class='ocrx_word' id='word_1_530' title='bbox 432 2795 509 2824; x_wconf 83' lang='lat' dir='ltr'>bunc</span> <span class='ocrx_word' id='word_1_531' title='bbox 520 2802 651 2830; x_wconf 85' lang='lat' dir='ltr'>rogatum</span> <span class='ocrx_word' id='word_1_532' title='bbox 664 2794 790 2824; x_wconf 85' lang='lat' dir='ltr'>nostrum</span> <span class='ocrx_word' id='word_1_533' title='bbox 805 2793 937 2826; x_wconf 78' lang='lat' dir='ltr'>duxeritis</span> <span class='ocrx_word' id='word_1_534' title='bbox 949 2796 978 2826; x_wconf 91' lang='lat' dir='ltr'>in</span> <span class='ocrx_word' id='word_1_535' title='bbox 993 2796 1046 2827; x_wconf 88' lang='lat' dir='ltr'>hac</span> <span class='ocrx_word' id='word_1_536' title='bbox 1059 2804 1136 2834; x_wconf 81' lang='lat' dir='ltr'>parte</span> <span class='ocrx_word' id='word_1_537' title='bbox 1149 2798 1257 2830; x_wconf 81' lang='lat' dir='ltr'>facien-</span> 
     </span>
     <span class='ocr_line' id='line_1_72' title="bbox 194 2832 1110 2873; baseline 0.001 -8"><span class='ocrx_word' id='word_1_538' title='bbox 194 2833 266 2865; x_wconf 87' lang='lat' dir='ltr'>dum</span> <span class='ocrx_word' id='word_1_539' title='bbox 277 2858 288 2873; x_wconf 83' lang='lat'>,</span> <span class='ocrx_word' id='word_1_540' title='bbox 305 2843 358 2864; x_wconf 90' lang='lat' dir='ltr'>nos</span> <span class='ocrx_word' id='word_1_541' title='bbox 375 2843 424 2871; x_wconf 88' lang='lat' dir='ltr'>per</span> <span class='ocrx_word' id='word_1_542' title='bbox 437 2832 538 2863; x_wconf 85' lang='lat' dir='ltr'>litteras</span> <span class='ocrx_word' id='word_1_543' title='bbox 552 2832 655 2865; x_wconf 89' lang='lat' dir='ltr'>vestras</span> <span class='ocrx_word' id='word_1_544' title='bbox 668 2833 824 2872; x_wconf 81' lang='lat' dir='ltr'>dignemini</span> <span class='ocrx_word' id='word_1_545' title='bbox 835 2833 952 2865; x_wconf 79' lang='lat' dir='ltr'>reddere</span> <span class='ocrx_word' id='word_1_546' title='bbox 966 2836 1110 2867; x_wconf 86' lang='lat' dir='ltr'>certiores.</span> 
     </span>
    </p>
   </div>
   <div class='ocr_carea' id='block_1_7' title="bbox 38 2571 130 2638">
    <p class='ocr_par' dir='ltr' id='par_1_20' title="bbox 38 2571 130 2638">
     <span class='ocr_line' id='line_1_73' title="bbox 38 2571 130 2600; baseline 0.011 -1"><span class='ocrx_word' id='word_1_547' title='bbox 38 2571 55 2586; x_wconf 71' lang='lat'><em>⁶</em></span> <span class='ocrx_word' id='word_1_548' title='bbox 74 2572 130 2600; x_wconf 86' lang='lat'>111.</span> 
     </span>
     <span class='ocr_line' id='line_1_74' title="bbox 42 2611 108 2638; baseline 0.03 -2"><span class='ocrx_word' id='word_1_549' title='bbox 42 2611 108 2638; x_wconf 80' lang='lat'>216.</span> 
     </span>
    </p>
   </div>
   <div class='ocr_carea' id='block_1_8' title="bbox 232 2908 1068 2951">
    <p class='ocr_par' dir='ltr' id='par_1_21' title="bbox 232 2908 1068 2951">
     <span class='ocr_line' id='line_1_75' title="bbox 232 2908 1068 2951; baseline 0.001 -10"><span class='ocrx_word' id='word_1_550' title='bbox 232 2908 323 2941; x_wconf 90' lang='lat' dir='ltr'>Teste</span> <span class='ocrx_word' id='word_1_551' title='bbox 337 2910 420 2951; x_wconf 80' lang='lat' dir='ltr'>Rege</span> <span class='ocrx_word' id='word_1_552' title='bbox 432 2910 505 2949; x_wconf 84' lang='lat' dir='ltr'>apud</span> <span class='ocrx_word' id='word_1_553' title='bbox 519 2909 809 2942; x_wconf 80' lang='lat' dir='ltr'>Westrnonasterium</span> <span class='ocrx_word' id='word_1_554' title='bbox 818 2933 828 2950; x_wconf 89' lang='lat'>‚</span> <span class='ocrx_word' id='word_1_555' title='bbox 842 2920 923 2942; x_wconf 90' lang='lat' dir='ltr'>nono</span> <span class='ocrx_word' id='word_1_556' title='bbox 934 2910 981 2942; x_wconf 89' lang='lat' dir='ltr'>die</span> <span class='ocrx_word' id='word_1_557' title='bbox 991 2910 1068 2949; x_wconf 89' lang='lat' dir='ltr'>Julii.</span> 
     </span>
    </p>
   </div>
   <div class='ocr_carea' id='block_1_9' title="bbox 367 3057 1081 3105">
    <p class='ocr_par' dir='ltr' id='par_1_22' title="bbox 367 3057 1081 3105">
     <span class='ocr_line' id='line_1_76' title="bbox 367 3057 1081 3105; baseline -0.003 -11"><span class='ocrx_word' id='word_1_558' title='bbox 367 3058 428 3094; x_wconf 86' lang='lat' dir='ltr'>Ad</span> <span class='ocrx_word' id='word_1_559' title='bbox 441 3062 575 3105; x_wconf 82' lang='lat' dir='ltr'>Papam,</span> <span class='ocrx_word' id='word_1_560' title='bbox 601 3067 704 3092; x_wconf 80' lang='lat' dir='ltr'>contra</span> <span class='ocrx_word' id='word_1_561' title='bbox 726 3062 886 3092; x_wconf 75' lang='lat' dir='ltr'>citationes</span> <span class='ocrx_word' id='word_1_562' title='bbox 904 3057 1081 3104; x_wconf 73' lang='lat' dir='ltr'>Persbnales.</span> 
     </span>
    </p>
   </div>
   <div class='ocr_carea' id='block_1_10' title="bbox 200 3143 1262 4058">
    <p class='ocr_par' dir='ltr' id='par_1_23' title="bbox 201 3143 941 3206">
     <span class='ocr_line' id='line_1_77' title="bbox 201 3143 941 3206; baseline -0.004 -30"><span class='ocrx_word' id='word_1_563' title='bbox 201 3144 347 3206; x_wconf 87' lang='lat' dir='ltr'><strong>PAPAE</strong></span> <span class='ocrx_word' id='word_1_564' title='bbox 358 3144 426 3175; x_wconf 78' lang='lat' dir='ltr'>Rex</span> <span class='ocrx_word' id='word_1_565' title='bbox 439 3144 541 3175; x_wconf 86' lang='lat' dir='ltr'>devota</span> <span class='ocrx_word' id='word_1_566' title='bbox 556 3143 662 3183; x_wconf 88' lang='lat' dir='ltr'>pedum</span> <span class='ocrx_word' id='word_1_567' title='bbox 676 3143 769 3175; x_wconf 88' lang='lat' dir='ltr'>oscula</span> <span class='ocrx_word' id='word_1_568' title='bbox 781 3146 941 3175; x_wconf 89' lang='lat' dir='ltr'>beatorum.</span> 
     </span>
    </p>

    <p class='ocr_par' dir='ltr' id='par_1_24' title="bbox 201 3180 1261 3375">
     <span class='ocr_line' id='line_1_78' title="bbox 287 3180 1261 3224; baseline -0.003 -10"><span class='ocrx_word' id='word_1_569' title='bbox 287 3184 417 3222; x_wconf 89' lang='lat' dir='ltr'>Pridem,</span> <span class='ocrx_word' id='word_1_570' title='bbox 433 3184 579 3214; x_wconf 69' lang='lat' dir='ltr'>intellec‘to</span> <span class='ocrx_word' id='word_1_571' title='bbox 595 3182 674 3220; x_wconf 91' lang='lat' dir='ltr'>quod</span> <span class='ocrx_word' id='word_1_572' title='bbox 690 3182 784 3213; x_wconf 87' lang='lat' dir='ltr'>Frater</span> <span class='ocrx_word' id='word_1_573' title='bbox 798 3183 943 3214; x_wconf 84' lang='lat' dir='ltr'>Henricus</span> <span class='ocrx_word' id='word_1_574' title='bbox 955 3181 990 3212; x_wconf 92' lang='lat' dir='ltr'>de</span> <span class='ocrx_word' id='word_1_575' title='bbox 1005 3181 1177 3223; x_wconf 84' lang='lat' dir='ltr'>Herryseld,</span> <span class='ocrx_word' id='word_1_576' title='bbox 1194 3180 1261 3224; x_wconf 82' lang='lat' dir='ltr'>Ma-</span> 
     </span>
     <span class='ocr_line' id='line_1_79' title="bbox 201 3221 1261 3261; baseline -0.002 -9"><span class='ocrx_word' id='word_1_577' title='bbox 201 3222 284 3261; x_wconf 83' lang='lat' dir='ltr'>gister</span> <span class='ocrx_word' id='word_1_578' title='bbox 303 3221 456 3260; x_wconf 85' lang='lat' dir='ltr'>Hospitalis</span> <span class='ocrx_word' id='word_1_579' title='bbox 477 3222 564 3252; x_wconf 87' lang='lat' dir='ltr'>nostri</span> <span class='ocrx_word' id='word_1_580' title='bbox 587 3222 714 3252; x_wconf 91' lang='lat' dir='ltr'>Dovorr.</span> <span class='ocrx_word' id='word_1_581' title='bbox 733 3231 782 3258; x_wconf 89' lang='lat' dir='ltr'>per</span> <span class='ocrx_word' id='word_1_582' title='bbox 802 3221 937 3260; x_wconf 86' lang='lat' dir='ltr'>quosdam</span> <span class='ocrx_word' id='word_1_583' title='bbox 962 3221 1044 3258; x_wconf 72' lang='lat' dir='ltr'>ipsius</span> <span class='ocrx_word' id='word_1_584' title='bbox 1057 3221 1192 3258; x_wconf 76' lang='lat' dir='ltr'>aemulos,</span> <span class='ocrx_word' id='word_1_585' title='bbox 1210 3221 1261 3250; x_wconf 78' lang='lat' dir='ltr'>sibi</span> 
     </span>
     <span class='ocr_line' id='line_1_80' title="bbox 203 3259 1261 3297; baseline -0.003 -6"><span class='ocrx_word' id='word_1_586' title='bbox 203 3262 237 3291; x_wconf 88' lang='lat'>&amp;</span> <span class='ocrx_word' id='word_1_587' title='bbox 251 3260 333 3291; x_wconf 84' lang='lat' dir='ltr'>famae</span> <span class='ocrx_word' id='word_1_588' title='bbox 347 3261 403 3290; x_wconf 84' lang='lat' dir='ltr'>suae</span> <span class='ocrx_word' id='word_1_589' title='bbox 415 3260 544 3290; x_wconf 89' lang='lat' dir='ltr'>laudabili</span> <span class='ocrx_word' id='word_1_590' title='bbox 559 3261 748 3297; x_wconf 74' lang='lat' dir='ltr'>detrahentes,</span> <span class='ocrx_word' id='word_1_591' title='bbox 763 3270 778 3288; x_wconf 82' lang='lat' dir='ltr'>a</span> <span class='ocrx_word' id='word_1_592' title='bbox 800 3260 836 3290; x_wconf 91' lang='lat' dir='ltr'>ud</span> <span class='ocrx_word' id='word_1_593' title='bbox 849 3259 971 3292; x_wconf 89' lang='lat' dir='ltr'>vestram</span> <span class='ocrx_word' id='word_1_594' title='bbox 984 3259 1164 3289; x_wconf 64' lang='lat' dir='ltr'>sanctitatem</span> <span class='ocrx_word' id='word_1_595' title='bbox 1173 3283 1182 3296; x_wconf 95' lang='lat'>,</span> <span class='ocrx_word' id='word_1_596' title='bbox 1201 3268 1261 3288; x_wconf 90' lang='lat' dir='ltr'>non</span> 
     </span>
     <span class='ocr_line' id='line_1_81' title="bbox 202 3297 1260 3337; baseline -0.001 -9"><span class='ocrx_word' id='word_1_597' title='bbox 202 3298 261 3328; x_wconf 86' lang='lat' dir='ltr'>fine</span> <span class='ocrx_word' id='word_1_598' title='bbox 272 3299 427 3337; x_wconf 71' lang='lat' dir='ltr'>excogitata</span> <span class='ocrx_word' id='word_1_599' title='bbox 441 3298 560 3336; x_wconf 68' lang='lat' dir='ltr'>malitia,</span> <span class='ocrx_word' id='word_1_600' title='bbox 576 3298 657 3336; x_wconf 89' lang='lat' dir='ltr'>super</span> <span class='ocrx_word' id='word_1_601' title='bbox 672 3298 775 3337; x_wconf 87' lang='lat' dir='ltr'>quibus</span> <span class='ocrx_word' id='word_1_602' title='bbox 789 3308 835 3328; x_wconf 85' lang='lat' dir='ltr'>arn</span> <span class='ocrx_word' id='word_1_603' title='bbox 849 3298 1033 3337; x_wconf 83' lang='lat' dir='ltr'>criminibus,</span> <span class='ocrx_word' id='word_1_604' title='bbox 1051 3297 1144 3328; x_wconf 88' lang='lat' dir='ltr'>eidem</span> <span class='ocrx_word' id='word_1_605' title='bbox 1165 3299 1260 3334; x_wconf 86' lang='lat' dir='ltr'>impo—</span> 
     </span>
     <span class='ocr_line' id='line_1_82' title="bbox 203 3336 604 3375; baseline -0.002 -8"><span class='ocrx_word' id='word_1_606' title='bbox 203 3336 271 3374; x_wconf 80' lang='lat' dir='ltr'>sitis,</span> <span class='ocrx_word' id='word_1_607' title='bbox 289 3338 418 3375; x_wconf 87' lang='lat' dir='ltr'>nequiter</span> <span class='ocrx_word' id='word_1_608' title='bbox 429 3336 604 3367; x_wconf 83' lang='lat' dir='ltr'>diffamatur:</span> 
     </span>
    </p>

    <p class='ocr_par' dir='ltr' id='par_1_25' title="bbox 200 3373 1260 3605">
     <span class='ocr_line' id='line_1_83' title="bbox 240 3373 1260 3415; baseline -0.002 -9"><span class='ocrx_word' id='word_1_609' title='bbox 240 3375 390 3414; x_wconf 76' lang='lat' dir='ltr'>Qiodque</span> <span class='ocrx_word' id='word_1_610' title='bbox 402 3375 495 3405; x_wconf 88' lang='lat' dir='ltr'>vestra</span> <span class='ocrx_word' id='word_1_611' title='bbox 506 3375 659 3406; x_wconf 86' lang='lat' dir='ltr'>Paternitas</span> <span class='ocrx_word' id='word_1_612' title='bbox 669 3376 727 3414; x_wconf 90' lang='lat' dir='ltr'>jam</span> <span class='ocrx_word' id='word_1_613' title='bbox 739 3375 876 3415; x_wconf 77' lang='lat' dir='ltr'>praecepit</span> <span class='ocrx_word' id='word_1_614' title='bbox 889 3383 921 3405; x_wconf 92' lang='lat' dir='ltr'>ut</span> <span class='ocrx_word' id='word_1_615' title='bbox 941 3375 1016 3405; x_wconf 89' lang='lat' dir='ltr'>idem</span> <span class='ocrx_word' id='word_1_616' title='bbox 1040 3373 1175 3413; x_wconf 76' lang='lat' dir='ltr'>Magister</span> <span class='ocrx_word' id='word_1_617' title='bbox 1184 3398 1193 3411; x_wconf 88' lang='lat'>,</span> <span class='ocrx_word' id='word_1_618' title='bbox 1212 3374 1260 3412; x_wconf 89' lang='lat' dir='ltr'>qui</span> 
     </span>
     <span class='ocr_line' id='line_1_84' title="bbox 200 3412 1260 3451; baseline -0.002 -7"><span class='ocrx_word' id='word_1_619' title='bbox 200 3414 260 3444; x_wconf 68' lang='lat' dir='ltr'>tani</span> <span class='ocrx_word' id='word_1_620' title='bbox 275 3413 364 3451; x_wconf 87' lang='lat' dir='ltr'>utilis,</span> <span class='ocrx_word' id='word_1_621' title='bbox 378 3421 494 3451; x_wconf 87' lang='lat' dir='ltr'>tamque</span> <span class='ocrx_word' id='word_1_622' title='bbox 507 3413 672 3444; x_wconf 76' lang='lat' dir='ltr'>necessarius</span> <span class='ocrx_word' id='word_1_623' title='bbox 684 3413 764 3444; x_wconf 62' lang='lat' dir='ltr'>dieto</span> <span class='ocrx_word' id='word_1_624' title='bbox 776 3412 932 3451; x_wconf 84' lang='lat' dir='ltr'>Hospitali,</span> <span class='ocrx_word' id='word_1_625' title='bbox 950 3413 1066 3443; x_wconf 81' lang='lat' dir='ltr'>infirmis</span> <span class='ocrx_word' id='word_1_626' title='bbox 1080 3414 1113 3443; x_wconf 75' lang='grc' dir='ltr'>δε</span> <span class='ocrx_word' id='word_1_627' title='bbox 1134 3414 1260 3450; x_wconf 82' lang='lat' dir='ltr'>pauperi-</span> 
     </span>
     <span class='ocr_line' id='line_1_85' title="bbox 200 3450 1260 3490; baseline -0.001 -8"><span class='ocrx_word' id='word_1_628' title='bbox 200 3453 270 3490; x_wconf 80' lang='lat' dir='ltr'>bus,</span> <span class='ocrx_word' id='word_1_629' title='bbox 288 3451 397 3482; x_wconf 90' lang='lat' dir='ltr'>ibidem</span> <span class='ocrx_word' id='word_1_630' title='bbox 417 3451 643 3490; x_wconf 86' lang='lat' dir='ltr'>confluentibus,</span> <span class='ocrx_word' id='word_1_631' title='bbox 661 3451 769 3490; x_wconf 72' lang='lat' dir='ltr'>existit,</span> <span class='ocrx_word' id='word_1_632' title='bbox 787 3451 866 3489; x_wconf 91' lang='lat' dir='ltr'>quod</span> <span class='ocrx_word' id='word_1_633' title='bbox 887 3452 967 3489; x_wconf 86' lang='lat' dir='ltr'>ipsius</span> <span class='ocrx_word' id='word_1_634' title='bbox 988 3452 1130 3489; x_wconf 70' lang='lat' dir='ltr'>praesentia</span> <span class='ocrx_word' id='word_1_635' title='bbox 1148 3450 1195 3480; x_wconf 85' lang='lat' dir='ltr'>diu</span> <span class='ocrx_word' id='word_1_636' title='bbox 1213 3461 1260 3481; x_wconf 87' lang='lat' dir='ltr'>ca-</span> 
     </span>
     <span class='ocr_line' id='line_1_86' title="bbox 200 3488 1259 3530; baseline -0.002 -10"><span class='ocrx_word' id='word_1_637' title='bbox 200 3500 263 3521; x_wconf 84' lang='lat' dir='ltr'>rere</span> <span class='ocrx_word' id='word_1_638' title='bbox 282 3500 341 3520; x_wconf 94' lang='lat' dir='ltr'>non</span> <span class='ocrx_word' id='word_1_639' title='bbox 364 3498 497 3530; x_wconf 88' lang='lat' dir='ltr'>poterunt</span> <span class='ocrx_word' id='word_1_640' title='bbox 517 3490 571 3520; x_wconf 87' lang='lat' dir='ltr'>abs</span> <span class='ocrx_word' id='word_1_641' title='bbox 586 3501 620 3520; x_wconf 89' lang='lat' dir='ltr'>ue</span> <span class='ocrx_word' id='word_1_642' title='bbox 639 3490 783 3530; x_wconf 82' lang='lat' dir='ltr'>dampno,</span> <span class='ocrx_word' id='word_1_643' title='bbox 809 3489 878 3520; x_wconf 84' lang='lat' dir='ltr'>infra</span> <span class='ocrx_word' id='word_1_644' title='bbox 899 3498 1010 3520; x_wconf 92' lang='lat' dir='ltr'>certum</span> <span class='ocrx_word' id='word_1_645' title='bbox 1030 3499 1140 3527; x_wconf 89' lang='lat' dir='ltr'>tempus</span> <span class='ocrx_word' id='word_1_646' title='bbox 1163 3488 1259 3519; x_wconf 85' lang='lat' dir='ltr'>vestro</span> 
     </span>
     <span class='ocr_line' id='line_1_87' title="bbox 200 3527 1259 3567; baseline -0.002 -8"><span class='ocrx_word' id='word_1_647' title='bbox 200 3529 365 3567; x_wconf 69' lang='lat' dir='ltr'>conspe&amp;ui</span> <span class='ocrx_word' id='word_1_648' title='bbox 380 3528 557 3566; x_wconf 88' lang='lat' dir='ltr'>personaliter</span> <span class='ocrx_word' id='word_1_649' title='bbox 580 3539 595 3558; x_wconf 92' lang='lat' dir='ltr'>e</span> <span class='ocrx_word' id='word_1_650' title='bbox 608 3528 770 3567; x_wconf 84' lang='lat' dir='ltr'>praesentet,</span> <span class='ocrx_word' id='word_1_651' title='bbox 787 3538 906 3566; x_wconf 87' lang='lat' dir='ltr'>poenam</span> <span class='ocrx_word' id='word_1_652' title='bbox 926 3537 980 3566; x_wconf 90' lang='lat' dir='ltr'>pro</span> <span class='ocrx_word' id='word_1_653' title='bbox 1000 3527 1142 3558; x_wconf 89' lang='lat' dir='ltr'>demeritis</span> <span class='ocrx_word' id='word_1_654' title='bbox 1161 3537 1259 3565; x_wconf 89' lang='lat' dir='ltr'>recep-</span> 
     </span>
     <span class='ocr_line' id='line_1_88' title="bbox 201 3567 952 3605; baseline -0.003 -7"><span class='ocrx_word' id='word_1_655' title='bbox 201 3576 314 3605; x_wconf 80' lang='lat' dir='ltr'>turum,</span> <span class='ocrx_word' id='word_1_656' title='bbox 333 3568 415 3597; x_wconf 90' lang='lat' dir='ltr'>certis</span> <span class='ocrx_word' id='word_1_657' title='bbox 428 3568 626 3597; x_wconf 80' lang='lat' dir='ltr'>executoribus</span> <span class='ocrx_word' id='word_1_658' title='bbox 639 3567 717 3605; x_wconf 88' lang='lat' dir='ltr'>super</span> <span class='ocrx_word' id='word_1_659' title='bbox 731 3567 789 3597; x_wconf 88' lang='lat' dir='ltr'>hoc</span> <span class='ocrx_word' id='word_1_660' title='bbox 804 3567 952 3605; x_wconf 86' lang='lat' dir='ltr'>deputatis:</span> 
     </span>
    </p>

    <p class='ocr_par' dir='ltr' id='par_1_26' title="bbox 201 3603 1262 4058">
     <span class='ocr_line' id='line_1_89' title="bbox 241 3603 1258 3644; baseline -0.001 -9"><span class='ocrx_word' id='word_1_661' title='bbox 241 3605 287 3635; x_wconf 88' lang='lat' dir='ltr'>Ad</span> <span class='ocrx_word' id='word_1_662' title='bbox 301 3605 389 3635; x_wconf 88' lang='lat' dir='ltr'>nostri</span> <span class='ocrx_word' id='word_1_663' title='bbox 403 3605 562 3636; x_wconf 82' lang='lat' dir='ltr'>reduximus</span> <span class='ocrx_word' id='word_1_664' title='bbox 575 3606 762 3644; x_wconf 85' lang='lat' dir='ltr'>memoriam,</span> <span class='ocrx_word' id='word_1_665' title='bbox 783 3605 861 3643; x_wconf 88' lang='lat' dir='ltr'>quod</span> <span class='ocrx_word' id='word_1_666' title='bbox 877 3615 983 3643; x_wconf 86' lang='lat' dir='ltr'>nuper,</span> <span class='ocrx_word' id='word_1_667' title='bbox 1003 3614 1052 3643; x_wconf 87' lang='lat' dir='ltr'>per</span> <span class='ocrx_word' id='word_1_668' title='bbox 1066 3603 1258 3634; x_wconf 87' lang='lat' dir='ltr'>venerabilem</span> 
     </span>
     <span class='ocr_line' id='line_1_90' title="bbox 202 3642 1259 3682; baseline -0.004 -7"><span class='ocrx_word' id='word_1_669' title='bbox 202 3644 317 3675; x_wconf 87' lang='lat' dir='ltr'>Patrem</span> <span class='ocrx_word' id='word_1_670' title='bbox 333 3643 496 3674; x_wconf 88' lang='lat' dir='ltr'>Dominum</span> <span class='ocrx_word' id='word_1_671' title='bbox 616 3643 792 3682; x_wconf 89' lang='lat' dir='ltr'>Episcopum</span> <span class='ocrx_word' id='word_1_672' title='bbox 807 3643 1020 3681; x_wconf 72' lang='lat' dir='ltr'>Pie&#39;tavenlem,</span> <span class='ocrx_word' id='word_1_673' title='bbox 1037 3643 1138 3672; x_wconf 83' lang='lat' dir='ltr'>litteras</span> <span class='ocrx_word' id='word_1_674' title='bbox 1153 3642 1259 3672; x_wconf 90' lang='lat' dir='ltr'>nostras</span> 
     </span>
     <span class='ocr_line' id='line_1_91' title="bbox 202 3681 1259 3721; baseline -0.004 -8"><span class='ocrx_word' id='word_1_675' title='bbox 202 3684 286 3713; x_wconf 86' lang='lat' dir='ltr'>vobis</span> <span class='ocrx_word' id='word_1_676' title='bbox 307 3682 523 3719; x_wconf 76' lang='lat' dir='ltr'>transmisimuS,</span> <span class='ocrx_word' id='word_1_677' title='bbox 548 3683 727 3713; x_wconf 89' lang='lat' dir='ltr'>continentes</span> <span class='ocrx_word' id='word_1_678' title='bbox 748 3682 826 3720; x_wconf 90' lang='lat' dir='ltr'>quod</span> <span class='ocrx_word' id='word_1_679' title='bbox 846 3683 924 3720; x_wconf 88' lang='lat' dir='ltr'>supet</span> <span class='ocrx_word' id='word_1_680' title='bbox 945 3681 1104 3721; x_wconf 66' lang='lat' dir='ltr'>huiusmodi</span> <span class='ocrx_word' id='word_1_681' title='bbox 1120 3681 1259 3711; x_wconf 83' lang='lat' dir='ltr'>citationi-</span> 
     </span>
     <span class='ocr_line' id='line_1_92' title="bbox 203 3718 1259 3760; baseline -0.003 -9"><span class='ocrx_word' id='word_1_682' title='bbox 203 3720 272 3760; x_wconf 81' lang='lat' dir='ltr'>bus,</span> <span class='ocrx_word' id='word_1_683' title='bbox 289 3721 516 3757; x_wconf 84' lang='lat' dir='ltr'>executionibus‚</span> <span class='ocrx_word' id='word_1_684' title='bbox 533 3721 567 3751; x_wconf 91' lang='lat'>&amp;</span> <span class='ocrx_word' id='word_1_685' title='bbox 580 3721 638 3750; x_wconf 88' lang='lat' dir='ltr'>aliis</span> <span class='ocrx_word' id='word_1_686' title='bbox 648 3720 784 3758; x_wconf 73' lang='lat' dir='ltr'>articulis,</span> <span class='ocrx_word' id='word_1_687' title='bbox 798 3721 828 3749; x_wconf 90' lang='lat' dir='ltr'>in</span> <span class='ocrx_word' id='word_1_688' title='bbox 841 3720 936 3750; x_wconf 87' lang='lat' dir='ltr'>litteris</span> <span class='ocrx_word' id='word_1_689' title='bbox 950 3718 1123 3758; x_wconf 83' lang='lat' dir='ltr'>Apostolicis</span> <span class='ocrx_word' id='word_1_690' title='bbox 1137 3727 1259 3749; x_wconf 84' lang='lat' dir='ltr'>eonten-</span> 
     </span>
     <span class='ocr_line' id='line_1_93' title="bbox 201 3757 1259 3800; baseline -0.001 -11"><span class='ocrx_word' id='word_1_691' title='bbox 201 3759 255 3797; x_wconf 80' lang='lat' dir='ltr'>tis,</span> <span class='ocrx_word' id='word_1_692' title='bbox 273 3770 340 3797; x_wconf 84' lang='lat' dir='ltr'>quas</span> <span class='ocrx_word' id='word_1_693' title='bbox 353 3759 436 3788; x_wconf 89' lang='lat' dir='ltr'>nobis</span> <span class='ocrx_word' id='word_1_694' title='bbox 445 3758 543 3788; x_wconf 89' lang='lat' dir='ltr'>detulit</span> <span class='ocrx_word' id='word_1_695' title='bbox 558 3758 713 3796; x_wconf 88' lang='lat' dir='ltr'>Episcopus</span> <span class='ocrx_word' id='word_1_696' title='bbox 727 3767 918 3800; x_wconf 74' lang='lat' dir='ltr'>memoratus,</span> <span class='ocrx_word' id='word_1_697' title='bbox 929 3757 1058 3788; x_wconf 81' lang='lat' dir='ltr'>duximus</span> <span class='ocrx_word' id='word_1_698' title='bbox 1070 3757 1259 3788; x_wconf 78' lang='lat' dir='ltr'>ordinandum</span> 
     </span>
     <span class='ocr_line' id='line_1_94' title="bbox 202 3796 1260 3835; baseline 0 -9"><span class='ocrx_word' id='word_1_699' title='bbox 202 3797 283 3835; x_wconf 87' lang='lat' dir='ltr'>quod</span> <span class='ocrx_word' id='word_1_700' title='bbox 296 3797 454 3828; x_wconf 83' lang='lat' dir='ltr'>Consilium</span> <span class='ocrx_word' id='word_1_701' title='bbox 467 3796 597 3827; x_wconf 86' lang='lat' dir='ltr'>nostrum</span> <span class='ocrx_word' id='word_1_702' title='bbox 609 3797 689 3835; x_wconf 90' lang='lat' dir='ltr'>super</span> <span class='ocrx_word' id='word_1_703' title='bbox 704 3797 838 3827; x_wconf 88' lang='lat' dir='ltr'>omnibus</span> <span class='ocrx_word' id='word_1_704' title='bbox 853 3797 887 3827; x_wconf 91' lang='lat'>&amp;</span> <span class='ocrx_word' id='word_1_705' title='bbox 900 3796 1024 3835; x_wconf 76' lang='lat' dir='ltr'>singulis,</span> <span class='ocrx_word' id='word_1_706' title='bbox 1043 3797 1071 3826; x_wconf 93' lang='lat' dir='ltr'>in</span> <span class='ocrx_word' id='word_1_707' title='bbox 1086 3796 1164 3825; x_wconf 67' lang='lat' dir='ltr'>dic‘tis</span> <span class='ocrx_word' id='word_1_708' title='bbox 1186 3796 1260 3826; x_wconf 89' lang='lat' dir='ltr'>litte-</span> 
     </span>
     <span class='ocr_line' id='line_1_95' title="bbox 203 3834 1262 3874; baseline 0 -10"><span class='ocrx_word' id='word_1_709' title='bbox 203 3836 240 3864; x_wconf 89' lang='lat' dir='ltr'>ris</span> <span class='ocrx_word' id='word_1_710' title='bbox 253 3837 409 3873; x_wconf 81' lang='lat' dir='ltr'>contentis,</span> <span class='ocrx_word' id='word_1_711' title='bbox 423 3835 457 3865; x_wconf 85' lang='lat' dir='ltr'>ad</span> <span class='ocrx_word' id='word_1_712' title='bbox 472 3835 588 3873; x_wconf 88' lang='lat' dir='ltr'>plenum</span> <span class='ocrx_word' id='word_1_713' title='bbox 603 3835 752 3874; x_wconf 86' lang='lat' dir='ltr'>deliberet,</span> <span class='ocrx_word' id='word_1_714' title='bbox 769 3844 802 3865; x_wconf 90' lang='lat' dir='ltr'>ac</span> <span class='ocrx_word' id='word_1_715' title='bbox 815 3845 845 3865; x_wconf 88' lang='lat' dir='ltr'>ea</span> <span class='ocrx_word' id='word_1_716' title='bbox 861 3834 1002 3873; x_wconf 73' lang='lat' dir='ltr'>diligentia</span> <span class='ocrx_word' id='word_1_717' title='bbox 1018 3835 1156 3864; x_wconf 61' lang='lat' dir='ltr'>examinet</span> <span class='ocrx_word' id='word_1_718' title='bbox 1171 3835 1262 3872; x_wconf 82' lang='lat' dir='ltr'>pervi-</span> 
     </span>
     <span class='ocr_line' id='line_1_96' title="bbox 203 3872 1261 3912; baseline 0.002 -11"><span class='ocrx_word' id='word_1_719' title='bbox 203 3872 270 3912; x_wconf 83' lang='lat' dir='ltr'>gili,</span> <span class='ocrx_word' id='word_1_720' title='bbox 287 3881 335 3911; x_wconf 79' lang='lat' dir='ltr'>ut,</span> <span class='ocrx_word' id='word_1_721' title='bbox 359 3874 480 3904; x_wconf 86' lang='lat' dir='ltr'>scrutatis</span> <span class='ocrx_word' id='word_1_722' title='bbox 503 3874 611 3911; x_wconf 74' lang='lat' dir='ltr'>plenius</span> <span class='ocrx_word' id='word_1_723' title='bbox 629 3874 795 3911; x_wconf 89' lang='lat' dir='ltr'>scrutandis,</span> <span class='ocrx_word' id='word_1_724' title='bbox 819 3872 980 3910; x_wconf 87' lang='lat' dir='ltr'>responsum</span> <span class='ocrx_word' id='word_1_725' title='bbox 999 3872 1078 3910; x_wconf 88' lang='lat' dir='ltr'>super</span> <span class='ocrx_word' id='word_1_726' title='bbox 1100 3873 1166 3909; x_wconf 88' lang='lat' dir='ltr'>hiis,</span> <span class='ocrx_word' id='word_1_727' title='bbox 1192 3873 1261 3904; x_wconf 88' lang='lat' dir='ltr'>citra</span> 
     </span>
     <span class='ocr_line' id='line_1_97' title="bbox 203 3910 1261 3949; baseline 0.001 -9"><span class='ocrx_word' id='word_1_728' title='bbox 203 3910 332 3941; x_wconf 87' lang='lat' dir='ltr'>vestrum</span> <span class='ocrx_word' id='word_1_729' title='bbox 355 3911 512 3942; x_wconf 87' lang='lat' dir='ltr'>Consilium</span> <span class='ocrx_word' id='word_1_730' title='bbox 536 3911 754 3949; x_wconf 86' lang='lat' dir='ltr'>celebrandum,</span> <span class='ocrx_word' id='word_1_731' title='bbox 773 3921 823 3949; x_wconf 88' lang='lat' dir='ltr'>per</span> <span class='ocrx_word' id='word_1_732' title='bbox 844 3911 980 3941; x_wconf 85' lang='lat' dir='ltr'>Nuncios</span> <span class='ocrx_word' id='word_1_733' title='bbox 998 3912 1110 3941; x_wconf 80' lang='lat' dir='ltr'>nostros</span> <span class='ocrx_word' id='word_1_734' title='bbox 1134 3912 1261 3948; x_wconf 90' lang='lat' dir='ltr'>proprios</span> 
     </span>
     <span class='ocr_line' id='line_1_98' title="bbox 204 3948 1262 3989; baseline -0.001 -9"><span class='ocrx_word' id='word_1_735' title='bbox 204 3948 306 3980; x_wconf 81' lang='lat' dir='ltr'>vestrae</span> <span class='ocrx_word' id='word_1_736' title='bbox 319 3948 489 3981; x_wconf 76' lang='lat' dir='ltr'>Clementiae</span> <span class='ocrx_word' id='word_1_737' title='bbox 497 3974 507 3989; x_wconf 91' lang='lat'>,</span> <span class='ocrx_word' id='word_1_738' title='bbox 519 3951 634 3981; x_wconf 69' lang='lat' dir='ltr'>auetore</span> <span class='ocrx_word' id='word_1_739' title='bbox 651 3949 784 3980; x_wconf 91' lang='lat' dir='ltr'>Domino</span> <span class='ocrx_word' id='word_1_740' title='bbox 793 3973 802 3986; x_wconf 88' lang='lat'>,</span> <span class='ocrx_word' id='word_1_741' title='bbox 811 3950 994 3979; x_wconf 87' lang='lat' dir='ltr'>transmittere</span> <span class='ocrx_word' id='word_1_742' title='bbox 1007 3950 1161 3987; x_wconf 74' lang='lat' dir='ltr'>valeiinus,</span> <span class='ocrx_word' id='word_1_743' title='bbox 1169 3949 1262 3987; x_wconf 89' lang='lat' dir='ltr'>quod—</span> 
     </span>
     <span class='ocr_line' id='line_1_99' title="bbox 207 3986 1262 4027; baseline 0.001 -11"><span class='ocrx_word' id='word_1_744' title='bbox 207 3996 264 4024; x_wconf 87' lang='lat' dir='ltr'>que</span> <span class='ocrx_word' id='word_1_745' title='bbox 278 3987 436 4023; x_wconf 74' lang='lat' dir='ltr'>huiusmodi</span> <span class='ocrx_word' id='word_1_746' title='bbox 450 3989 628 4027; x_wconf 86' lang='lat' dir='ltr'>dilationem,</span> <span class='ocrx_word' id='word_1_747' title='bbox 646 3990 679 4020; x_wconf 87' lang='lat'>&amp;</span> <span class='ocrx_word' id='word_1_748' title='bbox 696 3987 816 4019; x_wconf 87' lang='lat' dir='ltr'>Consilii</span> <span class='ocrx_word' id='word_1_749' title='bbox 830 3987 1060 4018; x_wconf 86' lang='lat' dir='ltr'>deliberationem</span> <span class='ocrx_word' id='word_1_750' title='bbox 1084 3986 1174 4018; x_wconf 87' lang='lat' dir='ltr'>vestra</span> <span class='ocrx_word' id='word_1_751' title='bbox 1194 3986 1262 4018; x_wconf 86' lang='lat' dir='ltr'>Bea-</span> 
     </span>
     <span class='ocr_line' id='line_1_100' title="bbox 209 4024 606 4058; baseline 0.003 -3"><span class='ocrx_word' id='word_1_752' title='bbox 209 4024 302 4055; x_wconf 87' lang='lat' dir='ltr'>titudo</span> <span class='ocrx_word' id='word_1_753' title='bbox 319 4025 440 4056; x_wconf 81' lang='lat' dir='ltr'>moleste</span> <span class='ocrx_word' id='word_1_754' title='bbox 453 4037 513 4056; x_wconf 92' lang='lat' dir='ltr'>non</span> <span class='ocrx_word' id='word_1_755' title='bbox 530 4028 606 4058; x_wconf 91' lang='lat' dir='ltr'>ferat.</span> 
     </span>
    </p>
   </div>
   <div class='ocr_carea' id='block_1_11' title="bbox 247 4062 1264 4134">
    <p class='ocr_par' dir='ltr' id='par_1_27' title="bbox 247 4062 1264 4134">
     <span class='ocr_line' id='line_1_101' title="bbox 247 4062 1264 4134; baseline 0.002 -40"><span class='ocrx_word' id='word_1_756' title='bbox 247 4062 444 4134; x_wconf 30' lang='lat' dir='ltr'>EanropntIer}</span> <span class='ocrx_word' id='word_1_757' title='bbox 453 4064 534 4134; x_wconf 45' lang='lat' dir='ltr'>Pfltler</span> <span class='ocrx_word' id='word_1_758' title='bbox 546 4066 656 4105; x_wconf 59' lang='lat' dir='ltr'>fauete,</span> <span class='ocrx_word' id='word_1_759' title='bbox 674 4064 831 4105; x_wconf 70' lang='lat' dir='ltr'>quaesumus</span> <span class='ocrx_word' id='word_1_760' title='bbox 843 4063 888 4103; x_wconf 72' lang='lat' dir='ltr'>pia</span> <span class='ocrx_word' id='word_1_761' title='bbox 903 4075 1003 4103; x_wconf 85' lang='lat' dir='ltr'>prece,</span> <span class='ocrx_word' id='word_1_762' title='bbox 1022 4065 1149 4104; x_wconf 88' lang='lat' dir='ltr'>quatinus</span> <span class='ocrx_word' id='word_1_763' title='bbox 1169 4064 1264 4104; x_wconf 87' lang='lat' dir='ltr'>hujus-</span> 
     </span>
     <span class='ocr_line' id='line_1_102' title="bbox 304 4112 520 4133; baseline 0.009 -2"><span class='ocrx_word' id='word_1_764' title='bbox 304 4112 354 4132; x_wconf 78' lang='lat' dir='ltr'>Om.</span> <span class='ocrx_word' id='word_1_765' title='bbox 394 4125 400 4133; x_wconf 88' lang='lat'>.</span> <span class='ocrx_word' id='word_1_766' title='bbox 445 4126 452 4133; x_wconf 61' lang='lat' dir='ltr'>a</span> <span class='ocrx_word' id='word_1_767' title='bbox 513 4126 520 4133; x_wconf 87' lang='lat'><strong><em>.</em></strong></span> 
     </span>
    </p>
   </div>
   <div class='ocr_carea' id='block_1_12' title="bbox 47 3146 181 3412">
    <p class='ocr_par' dir='ltr' id='par_1_28' title="bbox 47 3146 181 3179">
     <span class='ocr_line' id='line_1_103' title="bbox 47 3146 181 3179; baseline -0.007 0"><span class='ocrx_word' id='word_1_768' title='bbox 47 3146 124 3179; x_wconf 83' lang='lat' dir='ltr'>Ann.</span> <span class='ocrx_word' id='word_1_769' title='bbox 139 3146 181 3178; x_wconf 92' lang='lat' dir='ltr'>D.</span> 
     </span>
    </p>

    <p class='ocr_par' dir='ltr' id='par_1_29' title="bbox 47 3196 164 3367">
     <span class='ocr_line' id='line_1_104' title="bbox 70 3196 156 3226; baseline -0.012 -10"><span class='ocrx_word' id='word_1_770' title='bbox 70 3196 156 3226; x_wconf 82' lang='lat'>1310.</span> 
     </span>
     <span class='ocr_line' id='line_1_105' title="bbox 47 3229 150 3260; baseline 0.01 -8"><span class='ocrx_word' id='word_1_771' title='bbox 47 3229 100 3253; x_wconf 80' lang='lat' dir='ltr'>An.</span> <span class='ocrx_word' id='word_1_772' title='bbox 121 3234 150 3260; x_wconf 82' lang='lat'>4.</span> 
     </span>
     <span class='ocr_line' id='line_1_106' title="bbox 49 3268 127 3291; baseline 0 -1"><span class='ocrx_word' id='word_1_773' title='bbox 49 3268 79 3290; x_wconf 80' lang='lat' dir='ltr'>E.</span> <span class='ocrx_word' id='word_1_774' title='bbox 102 3273 127 3291; x_wconf 92' lang='lat'>2.</span> 
     </span>
     <span class='ocr_line' id='line_1_107' title="bbox 47 3305 164 3336; baseline -0.017 -7"><span class='ocrx_word' id='word_1_775' title='bbox 47 3305 119 3329; x_wconf 79' lang='lat' dir='ltr'>Rom.</span> <span class='ocrx_word' id='word_1_776' title='bbox 136 3309 164 3336; x_wconf 86' lang='lat'>4.</span> 
     </span>
     <span class='ocr_line' id='line_1_108' title="bbox 47 3343 159 3367; baseline 0 0"><span class='ocrx_word' id='word_1_777' title='bbox 47 3343 159 3367; x_wconf 81' lang='lat' dir='ltr'>E.2.m.</span> 
     </span>
    </p>

    <p class='ocr_par' dir='ltr' id='par_1_30' title="bbox 52 3386 97 3412">
     <span class='ocr_line' id='line_1_109' title="bbox 52 3386 97 3412; baseline 0.022 -8"><span class='ocrx_word' id='word_1_778' title='bbox 52 3386 97 3412; x_wconf 79' lang='lat'>24.</span> 
     </span>
    </p>
   </div>
   <div class='ocr_carea' id='block_1_13' title="bbox 1258 146 2337 203">
    <p class='ocr_par' dir='ltr' id='par_1_31' title="bbox 1258 146 2337 203">
     <span class='ocr_line' id='line_1_110' title="bbox 1258 146 2337 203; baseline 0.004 -16"><span class='ocrx_word' id='word_1_779' title='bbox 1258 146 1742 194; x_wconf 74' lang='lat' dir='ltr'><strong>PUBLICA.·</strong></span> <span class='ocrx_word' id='word_1_780' title='bbox 2261 164 2337 203; x_wconf 87' lang='lat'>171</span> 
     </span>
    </p>
   </div>
   <div class='ocr_carea' id='block_1_14' title="bbox 1267 227 2474 505">
    <p class='ocr_par' dir='ltr' id='par_1_32' title="bbox 1267 227 2474 428">
     <span class='ocr_line' id='line_1_111' title="bbox 1269 227 2474 277; baseline 0.002 -15"><span class='ocrx_word' id='word_1_781' title='bbox 1269 232 1350 263; x_wconf 88' lang='lat' dir='ltr'>modi</span> <span class='ocrx_word' id='word_1_782' title='bbox 1373 237 1552 277; x_wconf 75' lang='lat' dir='ltr'>executiones</span> <span class='ocrx_word' id='word_1_783' title='bbox 1573 237 1607 267; x_wconf 90' lang='lat'>&amp;</span> <span class='ocrx_word' id='word_1_784' title='bbox 1631 236 1785 275; x_wconf 78' lang='lat' dir='ltr'>personales</span> <span class='ocrx_word' id='word_1_785' title='bbox 1803 238 1963 277; x_wconf 68' lang='lat' dir='ltr'>citationes,</span> <span class='ocrx_word' id='word_1_786' title='bbox 1989 245 2053 276; x_wconf 83' lang='lat' dir='ltr'>quae</span> <span class='ocrx_word' id='word_1_787' title='bbox 2074 236 2194 267; x_wconf 89' lang='lat' dir='ltr'>nimium</span> <span class='ocrx_word' id='word_1_788' title='bbox 2213 244 2331 266; x_wconf 87' lang='lat' dir='ltr'>contur-</span> <span class='ocrx_word' id='word_1_789' title='bbox 2345 227 2474 259; x_wconf 44' lang='lat' dir='ltr'>Assn-Dv</span> 
     </span>
     <span class='ocr_line' id='line_1_112' title="bbox 1269 271 2448 315; baseline 0.002 -15"><span class='ocrx_word' id='word_1_790' title='bbox 1269 271 1336 301; x_wconf 90' lang='lat' dir='ltr'>bant</span> <span class='ocrx_word' id='word_1_791' title='bbox 1359 272 1461 303; x_wconf 81' lang='lat' dir='ltr'>Viscera</span> <span class='ocrx_word' id='word_1_792' title='bbox 1484 284 1634 311; x_wconf 89' lang='lat' dir='ltr'>procerum</span> <span class='ocrx_word' id='word_1_793' title='bbox 1657 276 1752 315; x_wconf 78' lang='lat' dir='ltr'>Regni</span> <span class='ocrx_word' id='word_1_794' title='bbox 1775 276 1882 315; x_wconf 88' lang='lat' dir='ltr'>nostri,</span> <span class='ocrx_word' id='word_1_795' title='bbox 1909 287 1924 306; x_wconf 84' lang='lat' dir='ltr'>a</span> <span class='ocrx_word' id='word_1_796' title='bbox 1946 276 2046 307; x_wconf 82' lang='lat' dir='ltr'>vestrae</span> <span class='ocrx_word' id='word_1_797' title='bbox 2064 274 2220 306; x_wconf 57' lang='lat' dir='ltr'>sanctitatis</span> <span class='ocrx_word' id='word_1_798' title='bbox 2240 273 2329 303; x_wconf 75' lang='lat' dir='ltr'>Curia</span> <span class='ocrx_word' id='word_1_799' title='bbox 2363 275 2448 306; x_wconf 84' lang='lat'>13¹0·</span> 
     </span>
     <span class='ocr_line' id='line_1_113' title="bbox 1267 308 2456 353; baseline -0.001 -13"><span class='ocrx_word' id='word_1_800' title='bbox 1267 318 1411 352; x_wconf 67' lang='lat' dir='ltr'>emanare,</span> <span class='ocrx_word' id='word_1_801' title='bbox 1429 311 1497 342; x_wconf 54' lang='lat' dir='ltr'>disti</span> <span class='ocrx_word' id='word_1_802' title='bbox 1517 312 1719 343; x_wconf 86' lang='lat' dir='ltr'>deliberatione</span> <span class='ocrx_word' id='word_1_803' title='bbox 1743 313 1860 344; x_wconf 87' lang='lat' dir='ltr'>Consilii</span> <span class='ocrx_word' id='word_1_804' title='bbox 1880 314 1969 345; x_wconf 87' lang='lat' dir='ltr'>nostri</span> <span class='ocrx_word' id='word_1_805' title='bbox 1992 314 2148 353; x_wconf 86' lang='lat' dir='ltr'>pendente,</span> <span class='ocrx_word' id='word_1_806' title='bbox 2173 310 2328 342; x_wconf 81' lang='lat' dir='ltr'>nullatenus</span> <span class='ocrx_word' id='word_1_807' title='bbox 2347 308 2412 334; x_wconf 77' lang='lat' dir='ltr'>Edv.</span> <span class='ocrx_word' id='word_1_808' title='bbox 2428 316 2456 333; x_wconf 86' lang='lat'>2·</span> 
     </span>
     <span class='ocr_line' id='line_1_114' title="bbox 1267 349 2328 390; baseline 0.002 -14"><span class='ocrx_word' id='word_1_809' title='bbox 1267 350 1448 386; x_wconf 72' lang='lat' dir='ltr'>peririittati53</span> <span class='ocrx_word' id='word_1_810' title='bbox 1467 351 1633 389; x_wconf 60' lang='lat' dir='ltr'>praefatique</span> <span class='ocrx_word' id='word_1_811' title='bbox 1654 351 1782 389; x_wconf 83' lang='lat' dir='ltr'>Magistri</span> <span class='ocrx_word' id='word_1_812' title='bbox 1802 353 1951 383; x_wconf 85' lang='lat' dir='ltr'>absentiam</span> <span class='ocrx_word' id='word_1_813' title='bbox 1975 353 2010 382; x_wconf 90' lang='lat' dir='ltr'>ad</span> <span class='ocrx_word' id='word_1_814' title='bbox 2023 353 2193 390; x_wconf 82' lang='lat' dir='ltr'>terminum,</span> <span class='ocrx_word' id='word_1_815' title='bbox 2210 350 2260 379; x_wconf 86' lang='lat' dir='ltr'>sibi</span> <span class='ocrx_word' id='word_1_816' title='bbox 2274 349 2328 379; x_wconf 91' lang='lat' dir='ltr'>sta-</span> 
     </span>
     <span class='ocr_line' id='line_1_115' title="bbox 1267 387 2308 428; baseline -0.001 -11"><span class='ocrx_word' id='word_1_817' title='bbox 1267 393 1359 415; x_wconf 77' lang='lat' dir='ltr'>tutum</span> <span class='ocrx_word' id='word_1_818' title='bbox 1368 408 1378 423; x_wconf 87' lang='lat'>‚</span> <span class='ocrx_word' id='word_1_819' title='bbox 1397 387 1497 418; x_wconf 85' lang='lat' dir='ltr'>habere</span> <span class='ocrx_word' id='word_1_820' title='bbox 1512 387 1689 426; x_wconf 89' lang='lat' dir='ltr'>dignemini,</span> <span class='ocrx_word' id='word_1_821' title='bbox 1709 391 1761 419; x_wconf 88' lang='lat' dir='ltr'>hac</span> <span class='ocrx_word' id='word_1_822' title='bbox 1775 390 1811 420; x_wconf 92' lang='lat' dir='ltr'>de</span> <span class='ocrx_word' id='word_1_823' title='bbox 1825 391 1922 428; x_wconf 76' lang='lat' dir='ltr'>causa,</span> <span class='ocrx_word' id='word_1_824' title='bbox 1941 390 2128 420; x_wconf 84' lang='lat' dir='ltr'>favorabiliter</span> <span class='ocrx_word' id='word_1_825' title='bbox 2143 389 2308 419; x_wconf 54' lang='lat' dir='ltr'>excusatam.</span> 
     </span>
    </p>

    <p class='ocr_par' dir='ltr' id='par_1_33' title="bbox 1269 423 2330 505">
     <span class='ocr_line' id='line_1_116' title="bbox 1310 423 2330 467; baseline 0.003 -15"><span class='ocrx_word' id='word_1_826' title='bbox 1310 423 1378 453; x_wconf 81' lang='lat' dir='ltr'>Nos</span> <span class='ocrx_word' id='word_1_827' title='bbox 1389 427 1495 467; x_wconf 81' lang='lat' dir='ltr'>etenim</span> <span class='ocrx_word' id='word_1_828' title='bbox 1512 428 1542 456; x_wconf 90' lang='lat' dir='ltr'>in</span> <span class='ocrx_word' id='word_1_829' title='bbox 1557 426 1625 464; x_wconf 81' lang='lat' dir='ltr'>hiis,</span> <span class='ocrx_word' id='word_1_830' title='bbox 1643 437 1707 464; x_wconf 76' lang='lat' dir='ltr'>quae</span> <span class='ocrx_word' id='word_1_831' title='bbox 1721 428 1823 466; x_wconf 85' lang='lat' dir='ltr'>absque</span> <span class='ocrx_word' id='word_1_832' title='bbox 1836 428 2058 459; x_wconf 60' lang='lat' dir='ltr'>exhaeredatione</span> <span class='ocrx_word' id='word_1_833' title='bbox 2074 427 2203 458; x_wconf 75' lang='lat' dir='ltr'>Coronae</span> <span class='ocrx_word' id='word_1_834' title='bbox 2222 425 2330 457; x_wconf 75' lang='lat' dir='ltr'>nostrae</span> 
     </span>
     <span class='ocr_line' id='line_1_117' title="bbox 1269 461 2330 505; baseline 0.001 -13"><span class='ocrx_word' id='word_1_835' title='bbox 1269 461 1303 490; x_wconf 86' lang='lat'>&amp;</span> <span class='ocrx_word' id='word_1_836' title='bbox 1318 470 1395 500; x_wconf 84' lang='lat' dir='ltr'>grav1</span> <span class='ocrx_word' id='word_1_837' title='bbox 1411 464 1574 495; x_wconf 71' lang='lat' dir='ltr'>no‘tiorum</span> <span class='ocrx_word' id='word_1_838' title='bbox 1586 465 1762 496; x_wconf 88' lang='lat' dir='ltr'>subditorum</span> <span class='ocrx_word' id='word_1_839' title='bbox 1778 468 1942 505; x_wconf 60' lang='lat' dir='ltr'>praejudicio</span> <span class='ocrx_word' id='word_1_840' title='bbox 1956 466 2015 496; x_wconf 82' lang='lat' dir='ltr'>fieri</span> <span class='ocrx_word' id='word_1_841' title='bbox 2030 475 2179 504; x_wconf 84' lang='lat' dir='ltr'>poterunt.</span> <span class='ocrx_word' id='word_1_842' title='bbox 2194 464 2330 495; x_wconf 84' lang='lat' dir='ltr'>Ecclefiae</span> 
     </span>
    </p>
   </div>
   <div class='ocr_carea' id='block_1_15' title="bbox 1270 498 2328 578">
    <p class='ocr_par' dir='ltr' id='par_1_34' title="bbox 1270 498 2328 578">
     <span class='ocr_line' id='line_1_118' title="bbox 1270 498 2328 543; baseline 0.004 -15"><span class='ocrx_word' id='word_1_843' title='bbox 1270 498 1430 542; x_wconf 61' lang='lat' dir='ltr'>Romanae,</span> <span class='ocrx_word' id='word_1_844' title='bbox 1453 503 1605 541; x_wconf 88' lang='lat' dir='ltr'>vobisque,</span> <span class='ocrx_word' id='word_1_845' title='bbox 1630 503 1710 541; x_wconf 86' lang='lat' dir='ltr'>ipsius</span> <span class='ocrx_word' id='word_1_846' title='bbox 1731 503 1831 541; x_wconf 85' lang='lat' dir='ltr'>sponso</span> <span class='ocrx_word' id='word_1_847' title='bbox 1852 505 2031 543; x_wconf 69' lang='lat' dir='ltr'>praedilecto,</span> <span class='ocrx_word' id='word_1_848' title='bbox 2057 498 2328 535; x_wconf 79' lang='lat' dir='ltr'>summo&#39;defiderio</span> 
     </span>
     <span class='ocr_line' id='line_1_119' title="bbox 1270 541 1599 578; baseline 0.009 -12"><span class='ocrx_word' id='word_1_849' title='bbox 1270 545 1400 574; x_wconf 85' lang='lat' dir='ltr'>cupimus</span> <span class='ocrx_word' id='word_1_850' title='bbox 1414 541 1599 578; x_wconf 75' lang='lat' dir='ltr'>complacere.</span> 
     </span>
    </p>
   </div>
   <div class='ocr_carea' id='block_1_16' title="bbox 1308 575 1564 615">
    <p class='ocr_par' dir='ltr' id='par_1_35' title="bbox 1308 575 1564 615">
     <span class='ocr_line' id='line_1_120' title="bbox 1308 575 1564 615; baseline 0.02 -11"><span class='ocrx_word' id='word_1_851' title='bbox 1308 575 1467 608; x_wconf 74' lang='lat' dir='ltr'>Conservet</span> <span class='ocrx_word' id='word_1_852' title='bbox 1476 602 1485 615; x_wconf 88' lang='lat'>,</span> <span class='ocrx_word' id='word_1_853' title='bbox 1504 580 1564 610; x_wconf 85' lang='lat' dir='ltr'>&amp;c.</span> 
     </span>
    </p>
   </div>
   <div class='ocr_carea' id='block_1_17' title="bbox 1309 649 1825 693">
    <p class='ocr_par' dir='ltr' id='par_1_36' title="bbox 1309 649 1825 693">
     <span class='ocr_line' id='line_1_121' title="bbox 1309 649 1825 693; baseline 0.006 -13"><span class='ocrx_word' id='word_1_854' title='bbox 1309 649 1375 680; x_wconf 87' lang='lat' dir='ltr'>Dat.</span> <span class='ocrx_word' id='word_1_855' title='bbox 1394 652 1468 690; x_wconf 83' lang='lat' dir='ltr'>apud</span> <span class='ocrx_word' id='word_1_856' title='bbox 1485 653 1608 684; x_wconf 87' lang='lat' dir='ltr'>Westm.</span> <span class='ocrx_word' id='word_1_857' title='bbox 1629 663 1673 684; x_wconf 88' lang='lat'>12.</span> <span class='ocrx_word' id='word_1_858' title='bbox 1693 655 1740 685; x_wconf 91' lang='lat' dir='ltr'>die</span> <span class='ocrx_word' id='word_1_859' title='bbox 1749 654 1825 693; x_wconf 81' lang='lat' dir='ltr'>Julii.</span> 
     </span>
    </p>
   </div>
   <div class='ocr_carea' id='block_1_18' title="bbox 1279 729 2326 742">
    <p class='ocr_par' dir='ltr' id='par_1_37' title="bbox 1279 729 2326 742">
     <span class='ocr_line' id='line_1_122' title="bbox 1279 729 2326 742; baseline 0 3519"><span class='ocrx_word' id='word_1_860' title='bbox 1279 729 2326 742; x_wconf 95' lang='lat' dir='ltr'> </span> 
     </span>
    </p>
   </div>
   <div class='ocr_carea' id='block_1_19' title="bbox 1315 775 2282 870">
    <p class='ocr_par' dir='ltr' id='par_1_38' title="bbox 1315 775 2282 870">
     <span class='ocr_line' id='line_1_123' title="bbox 1315 775 2282 825; baseline 0.006 -19"><span class='ocrx_word' id='word_1_861' title='bbox 1315 776 1510 808; x_wconf 77' lang='lat' dir='ltr'>Renovantur</span> <span class='ocrx_word' id='word_1_862' title='bbox 1529 778 1635 809; x_wconf 79' lang='lat' dir='ltr'>Litcrae</span> <span class='ocrx_word' id='word_1_863' title='bbox 1650 775 1685 809; x_wconf 82' lang='lat' dir='ltr'>de</span> <span class='ocrx_word' id='word_1_864' title='bbox 1704 777 1856 810; x_wconf 67' lang='lat' dir='ltr'><em>Condfflu</em></span> <span class='ocrx_word' id='word_1_865' title='bbox 1866 788 1921 823; x_wconf 88' lang='lat' dir='ltr'>pro</span> <span class='ocrx_word' id='word_1_866' title='bbox 1936 777 2162 825; x_wconf 66' lang='lat' dir='ltr'>Inquist‘toribus</span> <span class='ocrx_word' id='word_1_867' title='bbox 2179 789 2282 812; x_wconf 82' lang='lat' dir='ltr'>contra</span> 
     </span>
     <span class='ocr_line' id='line_1_124' title="bbox 1591 824 2003 870; baseline 0.005 -13"><span class='ocrx_word' id='word_1_868' title='bbox 1591 826 1773 870; x_wconf 61' lang='lat' dir='ltr'>Templarios</span> <span class='ocrx_word' id='word_1_869' title='bbox 1790 830 1822 858; x_wconf 85' lang='lat' dir='ltr'>in</span> <span class='ocrx_word' id='word_1_870' title='bbox 1840 824 2003 860; x_wconf 81' lang='lat' dir='ltr'>Hibernia.</span> 
     </span>
    </p>
   </div>
   <div class='ocr_carea' id='block_1_20' title="bbox 1271 904 2478 1141">
    <p class='ocr_par' dir='ltr' id='par_1_39' title="bbox 1271 904 2478 1141">
     <span class='ocr_line' id='line_1_125' title="bbox 1273 904 2478 966; baseline 0.006 -30"><span class='ocrx_word' id='word_1_871' title='bbox 1273 904 1392 966; x_wconf 82' lang='lat' dir='ltr'>REX</span> <span class='ocrx_word' id='word_1_872' title='bbox 1405 907 1567 945; x_wconf 89' lang='lat' dir='ltr'>Justiciariis</span> <span class='ocrx_word' id='word_1_873' title='bbox 1577 910 1742 948; x_wconf 77' lang='lat' dir='ltr'>Hiberniae,</span> <span class='ocrx_word' id='word_1_874' title='bbox 1760 920 1793 941; x_wconf 90' lang='lat' dir='ltr'>ac</span> <span class='ocrx_word' id='word_1_875' title='bbox 1806 910 1939 940; x_wconf 88' lang='lat' dir='ltr'>omnibus</span> <span class='ocrx_word' id='word_1_876' title='bbox 1955 911 2061 942; x_wconf 85' lang='lat' dir='ltr'>Ballivis</span> <span class='ocrx_word' id='word_1_877' title='bbox 2074 912 2108 942; x_wconf 72' lang='grc' dir='ltr'>ὃς</span> <span class='ocrx_word' id='word_1_878' title='bbox 2129 911 2256 943; x_wconf 87' lang='lat' dir='ltr'>fidelibus</span> <span class='ocrx_word' id='word_1_879' title='bbox 2270 911 2332 950; x_wconf 86' lang='lat' dir='ltr'>suis,</span> <span class='ocrx_word' id='word_1_880' title='bbox 2348 907 2424 939; x_wconf 76' lang='lat' dir='ltr'>Arm·</span> <span class='ocrx_word' id='word_1_881' title='bbox 2436 909 2478 939; x_wconf 66' lang='grc' dir='ltr'>Β·</span> 
     </span>
     <span class='ocr_line' id='line_1_126' title="bbox 1352 945 2454 987; baseline 0.006 -13"><span class='ocrx_word' id='word_1_882' title='bbox 1352 945 1386 974; x_wconf 89' lang='lat' dir='ltr'>ad</span> <span class='ocrx_word' id='word_1_883' title='bbox 1400 957 1470 984; x_wconf 90' lang='lat' dir='ltr'>quos</span> <span class='ocrx_word' id='word_1_884' title='bbox 1483 948 1630 984; x_wconf 68' lang='lat' dir='ltr'>praesentes</span> <span class='ocrx_word' id='word_1_885' title='bbox 1644 949 1744 979; x_wconf 87' lang='lat' dir='ltr'>litterae</span> <span class='ocrx_word' id='word_1_886' title='bbox 1758 950 1952 987; x_wconf 82' lang='lat' dir='ltr'>pervenerint,</span> <span class='ocrx_word' id='word_1_887' title='bbox 1970 950 2092 980; x_wconf 86' lang='lat' dir='ltr'>salutem.</span> <span class='ocrx_word' id='word_1_888' title='bbox 2370 956 2454 986; x_wconf 79' lang='lat'>1310.</span> 
     </span>
     <span class='ocr_line' id='line_1_127' title="bbox 1309 981 2442 1026; baseline 0.006 -13"><span class='ocrx_word' id='word_1_889' title='bbox 1309 981 1388 1013; x_wconf 91' lang='lat' dir='ltr'>Cum</span> <span class='ocrx_word' id='word_1_890' title='bbox 1409 985 1578 1016; x_wconf 86' lang='lat' dir='ltr'>venerabiles</span> <span class='ocrx_word' id='word_1_891' title='bbox 1593 986 1702 1025; x_wconf 77' lang='lat' dir='ltr'>Patres,</span> <span class='ocrx_word' id='word_1_892' title='bbox 1720 986 1876 1017; x_wconf 84' lang='lat' dir='ltr'>Patriarclia</span> <span class='ocrx_word' id='word_1_893' title='bbox 1901 986 2187 1026; x_wconf 87' lang='lat' dir='ltr'>Hierosolimitanus,</span> <span class='ocrx_word' id='word_1_894' title='bbox 2203 988 2237 1019; x_wconf 73' lang='grc' dir='ltr'>ὃς</span> <span class='ocrx_word' id='word_1_895' title='bbox 2250 987 2332 1018; x_wconf 87' lang='lat' dir='ltr'>Ebo-</span> <span class='ocrx_word' id='word_1_896' title='bbox 2347 990 2399 1014; x_wconf 76' lang='lat' dir='ltr'>An.</span> <span class='ocrx_word' id='word_1_897' title='bbox 2414 995 2442 1021; x_wconf 86' lang='lat'>4-</span> 
     </span>
     <span class='ocr_line' id='line_1_128' title="bbox 1273 1021 2427 1066; baseline 0.006 -16"><span class='ocrx_word' id='word_1_898' title='bbox 1273 1031 1336 1051; x_wconf 88' lang='lat' dir='ltr'>rum</span> <span class='ocrx_word' id='word_1_899' title='bbox 1352 1021 1600 1066; x_wconf 78' lang='lat' dir='ltr'>Archiepiscopus:</span> <span class='ocrx_word' id='word_1_900' title='bbox 1620 1035 1653 1055; x_wconf 92' lang='lat' dir='ltr'>ac</span> <span class='ocrx_word' id='word_1_901' title='bbox 1668 1025 1830 1055; x_wconf 85' lang='lat' dir='ltr'>Lincolniae</span> <span class='ocrx_word' id='word_1_902' title='bbox 1845 1026 1879 1056; x_wconf 89' lang='lat'>&amp;</span> <span class='ocrx_word' id='word_1_903' title='bbox 1895 1024 2076 1056; x_wconf 84' lang='lat' dir='ltr'>Cicestrenfis</span> <span class='ocrx_word' id='word_1_904' title='bbox 2098 1026 2248 1065; x_wconf 67' lang='lat' dir='ltr'>Episcopi,</span> <span class='ocrx_word' id='word_1_905' title='bbox 2265 1037 2335 1057; x_wconf 92' lang='lat' dir='ltr'>nec·</span> <span class='ocrx_word' id='word_1_906' title='bbox 2348 1028 2377 1051; x_wconf 80' lang='lat' dir='ltr'>E·</span> <span class='ocrx_word' id='word_1_907' title='bbox 2400 1034 2427 1051; x_wconf 84' lang='lat'>2·</span> 
     </span>
     <span class='ocr_line' id='line_1_129' title="bbox 1271 1060 2441 1103; baseline 0.007 -14"><span class='ocrx_word' id='word_1_908' title='bbox 1271 1069 1331 1089; x_wconf 89' lang='lat' dir='ltr'>non</span> <span class='ocrx_word' id='word_1_909' title='bbox 1347 1060 1460 1103; x_wconf 31' lang='lat' dir='ltr'>‚discreti</span> <span class='ocrx_word' id='word_1_910' title='bbox 1481 1061 1558 1101; x_wconf 81' lang='lat' dir='ltr'>Viri,</span> <span class='ocrx_word' id='word_1_911' title='bbox 1577 1063 1674 1093; x_wconf 90' lang='lat' dir='ltr'>Abbas</span> <span class='ocrx_word' id='word_1_912' title='bbox 1695 1063 1731 1093; x_wconf 93' lang='lat' dir='ltr'>de</span> <span class='ocrx_word' id='word_1_913' title='bbox 1756 1063 1938 1101; x_wconf 83' lang='lat' dir='ltr'>Lathiniaco,</span> <span class='ocrx_word' id='word_1_914' title='bbox 1954 1063 2107 1094; x_wconf 82' lang='lat' dir='ltr'>Pariliensis</span> <span class='ocrx_word' id='word_1_915' title='bbox 2128 1065 2276 1103; x_wconf 88' lang='lat' dir='ltr'>Diocesis,</span> <span class='ocrx_word' id='word_1_916' title='bbox 2297 1066 2331 1096; x_wconf 89' lang='lat'>&amp;</span> <span class='ocrx_word' id='word_1_917' title='bbox 2346 1066 2441 1097; x_wconf 78' lang='lat' dir='ltr'>Pat.4.</span> 
     </span>
     <span class='ocr_line' id='line_1_130' title="bbox 1272 1097 2464 1141; baseline 0.007 -13"><span class='ocrx_word' id='word_1_918' title='bbox 1272 1097 1408 1137; x_wconf 82' lang='lat' dir='ltr'>Magister</span> <span class='ocrx_word' id='word_1_919' title='bbox 1420 1099 1549 1130; x_wconf 84' lang='lat' dir='ltr'>Sicardus</span> <span class='ocrx_word' id='word_1_920' title='bbox 1561 1100 1596 1131; x_wconf 91' lang='lat' dir='ltr'>de</span> <span class='ocrx_word' id='word_1_921' title='bbox 1610 1100 1723 1139; x_wconf 86' lang='lat' dir='ltr'>Vauro,</span> <span class='ocrx_word' id='word_1_922' title='bbox 1742 1100 1906 1132; x_wconf 88' lang='lat' dir='ltr'>Canonicus</span> <span class='ocrx_word' id='word_1_923' title='bbox 1922 1101 2118 1132; x_wconf 89' lang='lat' dir='ltr'>Narbonensis</span> <span class='ocrx_word' id='word_1_924' title='bbox 2127 1126 2136 1141; x_wconf 77' lang='lat'>‚</span> <span class='ocrx_word' id='word_1_925' title='bbox 2348 1105 2377 1129; x_wconf 82' lang='grc' dir='ltr'>Ε·</span> <span class='ocrx_word' id='word_1_926' title='bbox 2398 1111 2424 1129; x_wconf 84' lang='lat'>2·</span> <span class='ocrx_word' id='word_1_927' title='bbox 2438 1106 2464 1136; x_wconf 80' lang='lat' dir='ltr'>P·</span> 
     </span>
    </p>
   </div>
   <div class='ocr_carea' id='block_1_21' title="bbox 1266 1136 2480 1218">
    <p class='ocr_par' dir='ltr' id='par_1_40' title="bbox 1266 1136 2480 1218">
     <span class='ocr_line' id='line_1_131' title="bbox 1311 1136 2480 1180; baseline 0.006 -14"><span class='ocrx_word' id='word_1_928' title='bbox 1311 1136 1356 1167; x_wconf 91' lang='lat' dir='ltr'>Ad</span> <span class='ocrx_word' id='word_1_929' title='bbox 1370 1138 1585 1180; x_wconf 76' lang='lat' dir='ltr'>inquirendum,</span> <span class='ocrx_word' id='word_1_930' title='bbox 1602 1140 1658 1169; x_wconf 75' lang='lat' dir='ltr'>una</span> <span class='ocrx_word' id='word_1_931' title='bbox 1673 1150 1740 1171; x_wconf 91' lang='lat' dir='ltr'>cum</span> <span class='ocrx_word' id='word_1_932' title='bbox 1756 1140 1921 1178; x_wconf 86' lang='lat' dir='ltr'>quibusdam</span> <span class='ocrx_word' id='word_1_933' title='bbox 1934 1141 1992 1171; x_wconf 89' lang='lat' dir='ltr'>aliis</span> <span class='ocrx_word' id='word_1_934' title='bbox 2013 1142 2095 1171; x_wconf 87' lang='lat' dir='ltr'>certis</span> <span class='ocrx_word' id='word_1_935' title='bbox 2113 1141 2255 1180; x_wconf 88' lang='lat' dir='ltr'>personis,</span> <span class='ocrx_word' id='word_1_936' title='bbox 2272 1138 2333 1176; x_wconf 82' lang='lat' dir='ltr'>&amp;c.</span> <span class='ocrx_word' id='word_1_937' title='bbox 2354 1148 2376 1166; x_wconf 86' lang='lat'>1·</span> <span class='ocrx_word' id='word_1_938' title='bbox 2390 1149 2426 1167; x_wconf 80' lang='lat' dir='ltr'>m·</span> <span class='ocrx_word' id='word_1_939' title='bbox 2436 1147 2480 1173; x_wconf 75' lang='lat'>²4·</span> 
     </span>
     <span class='ocr_line' id='line_1_132' title="bbox 1266 1175 1764 1218; baseline 0.008 -14"><span class='ocrx_word' id='word_1_940' title='bbox 1266 1182 1348 1214; x_wconf 79' lang='lat' dir='ltr'>prout</span> <span class='ocrx_word' id='word_1_941' title='bbox 1355 1175 1441 1215; x_wconf 83' lang='lat' dir='ltr'>supra</span> <span class='ocrx_word' id='word_1_942' title='bbox 1451 1177 1483 1206; x_wconf 86' lang='lat' dir='ltr'>de</span> <span class='ocrx_word' id='word_1_943' title='bbox 1498 1179 1560 1206; x_wconf 89' lang='lat' dir='ltr'>An.</span> <span class='ocrx_word' id='word_1_944' title='bbox 1582 1187 1607 1218; x_wconf 84' lang='lat'>3.</span> <span class='ocrx_word' id='word_1_945' title='bbox 1626 1181 1697 1217; x_wconf 80' lang='lat' dir='ltr'>Sept.</span> <span class='ocrx_word' id='word_1_946' title='bbox 1715 1186 1764 1216; x_wconf 89' lang='lat'>29.</span> 
     </span>
    </p>
   </div>
   <div class='ocr_carea' id='block_1_22' title="bbox 1309 1252 2118 1294">
    <p class='ocr_par' dir='ltr' id='par_1_41' title="bbox 1309 1252 2118 1294">
     <span class='ocr_line' id='line_1_133' title="bbox 1309 1252 2118 1294; baseline 0.001 -10"><span class='ocrx_word' id='word_1_947' title='bbox 1309 1252 1398 1284; x_wconf 89' lang='lat' dir='ltr'>Teste</span> <span class='ocrx_word' id='word_1_948' title='bbox 1412 1253 1493 1293; x_wconf 86' lang='lat' dir='ltr'>Rege</span> <span class='ocrx_word' id='word_1_949' title='bbox 1506 1254 1580 1292; x_wconf 91' lang='lat' dir='ltr'>apud</span> <span class='ocrx_word' id='word_1_950' title='bbox 1594 1254 1720 1286; x_wconf 90' lang='lat' dir='ltr'>Westm.</span> <span class='ocrx_word' id='word_1_951' title='bbox 1739 1254 1854 1286; x_wconf 90' lang='lat' dir='ltr'>decimo</span> <span class='ocrx_word' id='word_1_952' title='bbox 1869 1263 1969 1294; x_wconf 89' lang='lat' dir='ltr'>quarto</span> <span class='ocrx_word' id='word_1_953' title='bbox 1983 1255 2029 1287; x_wconf 90' lang='lat' dir='ltr'>die</span> <span class='ocrx_word' id='word_1_954' title='bbox 2040 1255 2118 1294; x_wconf 87' lang='lat' dir='ltr'>Julii.</span> 
     </span>
    </p>
   </div>
   <div class='ocr_carea' id='block_1_23' title="bbox 1477 1327 2121 1342">
    <p class='ocr_par' dir='ltr' id='par_1_42' title="bbox 1477 1327 2121 1342">
     <span class='ocr_line' id='line_1_134' title="bbox 1477 1327 2121 1342; baseline 0 0"><span class='ocrx_word' id='word_1_955' title='bbox 1477 1327 2121 1342; x_wconf 95' lang='lat' dir='ltr'> </span> 
     </span>
    </p>
   </div>
   <div class='ocr_carea' id='block_1_24' title="bbox 1323 1379 2289 1476">
    <p class='ocr_par' dir='ltr' id='par_1_43' title="bbox 1323 1379 2289 1476">
     <span class='ocr_line' id='line_1_135' title="bbox 1323 1379 2289 1474; baseline 0 -61"><span class='ocrx_word' id='word_1_956' title='bbox 1323 1381 1370 1413; x_wconf 82' lang='lat' dir='ltr'>De</span> <span class='ocrx_word' id='word_1_957' title='bbox 1394 1379 1495 1424; x_wconf 81' lang='lat' dir='ltr'>Castro</span> <span class='ocrx_word' id='word_1_958' title='bbox 1518 1381 1677 1427; x_wconf 79' lang='lat' dir='ltr'>Stragoill,</span> <span class='ocrx_word' id='word_1_959' title='bbox 1705 1380 2005 1474; x_wconf 70' lang='lat' dir='ltr'>adfffhstentationem</span> <span class='ocrx_word' id='word_1_960' title='bbox 2026 1383 2174 1416; x_wconf 80' lang='lat' dir='ltr'>Fratrum</span> <span class='ocrx_word' id='word_1_961' title='bbox 2200 1384 2289 1428; x_wconf 84' lang='lat' dir='ltr'>Regis</span> 
     </span>
     <span class='ocr_line' id='line_1_136' title="bbox 1723 1439 1872 1476; baseline 0.007 -14"><span class='ocrx_word' id='word_1_962' title='bbox 1723 1442 1742 1462; x_wconf 82' lang='lat' dir='ltr'>a</span> <span class='ocrx_word' id='word_1_963' title='bbox 1763 1439 1872 1476; x_wconf 56' lang='lat' dir='ltr'>(gnato.</span> 
     </span>
    </p>
   </div>
   <div class='ocr_carea' id='block_1_25' title="bbox 1275 1514 2489 1786">
    <p class='ocr_par' dir='ltr' id='par_1_44' title="bbox 1275 1514 2489 1786">
     <span class='ocr_line' id='line_1_137' title="bbox 1277 1514 2488 1576; baseline 0.002 -30"><span class='ocrx_word' id='word_1_964' title='bbox 1277 1514 1398 1576; x_wconf 85' lang='lat' dir='ltr'>REX</span> <span class='ocrx_word' id='word_1_965' title='bbox 1412 1515 1563 1553; x_wconf 80' lang='lat' dir='ltr'>omnibus,</span> <span class='ocrx_word' id='word_1_966' title='bbox 1581 1514 1615 1546; x_wconf 88' lang='lat' dir='ltr'>ad</span> <span class='ocrx_word' id='word_1_967' title='bbox 1630 1525 1717 1554; x_wconf 83' lang='lat' dir='ltr'>quos,</span> <span class='ocrx_word' id='word_1_968' title='bbox 1732 1515 1793 1546; x_wconf 89' lang='lat' dir='ltr'>&amp;c.</span> <span class='ocrx_word' id='word_1_969' title='bbox 1812 1515 1935 1546; x_wconf 82' lang='lat' dir='ltr'>salutem.</span> <span class='ocrx_word' id='word_1_970' title='bbox 2351 1517 2428 1548; x_wconf 86' lang='lat' dir='ltr'>Anii.</span> <span class='ocrx_word' id='word_1_971' title='bbox 2445 1517 2488 1548; x_wconf 88' lang='lat' dir='ltr'>D.·</span> 
     </span>
     <span class='ocr_line' id='line_1_138' title="bbox 1377 1553 2461 1596; baseline 0.003 -13"><span class='ocrx_word' id='word_1_972' title='bbox 1377 1554 1475 1584; x_wconf 86' lang='lat' dir='ltr'>Sciatis</span> <span class='ocrx_word' id='word_1_973' title='bbox 1498 1553 1575 1592; x_wconf 93' lang='lat' dir='ltr'>quod</span> <span class='ocrx_word' id='word_1_974' title='bbox 1598 1554 1793 1584; x_wconf 89' lang='lat' dir='ltr'>commisimus</span> <span class='ocrx_word' id='word_1_975' title='bbox 1807 1553 1913 1584; x_wconf 68' lang='lat' dir='ltr'>dilec‘to</span> <span class='ocrx_word' id='word_1_976' title='bbox 1928 1554 1962 1585; x_wconf 87' lang='lat'>&amp;</span> <span class='ocrx_word' id='word_1_977' title='bbox 1978 1553 2052 1585; x_wconf 82' lang='lat' dir='ltr'>fideli</span> <span class='ocrx_word' id='word_1_978' title='bbox 2068 1553 2185 1593; x_wconf 84' lang='lat' dir='ltr'>nostro,</span> <span class='ocrx_word' id='word_1_979' title='bbox 2203 1554 2337 1585; x_wconf 88' lang='lat' dir='ltr'>Roberto</span> <span class='ocrx_word' id='word_1_980' title='bbox 2375 1566 2461 1596; x_wconf 85' lang='lat'>1310.</span> 
     </span>
     <span class='ocr_line' id='line_1_139' title="bbox 1275 1591 2446 1632; baseline 0 -10"><span class='ocrx_word' id='word_1_981' title='bbox 1275 1591 1311 1622; x_wconf 92' lang='lat' dir='ltr'>de</span> <span class='ocrx_word' id='word_1_982' title='bbox 1326 1591 1437 1632; x_wconf 83' lang='lat' dir='ltr'>Darcy,</span> <span class='ocrx_word' id='word_1_983' title='bbox 1455 1593 1575 1622; x_wconf 91' lang='lat' dir='ltr'>nomine</span> <span class='ocrx_word' id='word_1_984' title='bbox 1587 1591 1716 1622; x_wconf 89' lang='lat' dir='ltr'>Thomae</span> <span class='ocrx_word' id='word_1_985' title='bbox 1728 1593 1761 1624; x_wconf 90' lang='lat'>&amp;</span> <span class='ocrx_word' id='word_1_986' title='bbox 1780 1591 1943 1630; x_wconf 85' lang='lat' dir='ltr'>Edmundi,</span> <span class='ocrx_word' id='word_1_987' title='bbox 1961 1592 2093 1623; x_wconf 86' lang='lat' dir='ltr'>Fratrum</span> <span class='ocrx_word' id='word_1_988' title='bbox 2104 1593 2269 1625; x_wconf 88' lang='lat' dir='ltr'>nostrorum</span> <span class='ocrx_word' id='word_1_989' title='bbox 2288 1594 2337 1624; x_wconf 89' lang='lat' dir='ltr'>ka·</span> <span class='ocrx_word' id='word_1_990' title='bbox 2351 1600 2404 1623; x_wconf 80' lang='lat' dir='ltr'>An.</span> <span class='ocrx_word' id='word_1_991' title='bbox 2417 1606 2446 1632; x_wconf 84' lang='lat'>4.</span> 
     </span>
     <span class='ocr_line' id='line_1_140' title="bbox 1276 1629 2428 1671; baseline 0.002 -11"><span class='ocrx_word' id='word_1_992' title='bbox 1276 1630 1466 1669; x_wconf 74' lang='lat' dir='ltr'>riffirnorum,</span> <span class='ocrx_word' id='word_1_993' title='bbox 1484 1629 1618 1661; x_wconf 87' lang='lat' dir='ltr'>Castrum</span> <span class='ocrx_word' id='word_1_994' title='bbox 1634 1631 1652 1650; x_wconf 56' lang='lat' dir='ltr'>i*</span> <span class='ocrx_word' id='word_1_995' title='bbox 1669 1630 1704 1661; x_wconf 92' lang='lat' dir='ltr'>de</span> <span class='ocrx_word' id='word_1_996' title='bbox 1718 1630 1877 1669; x_wconf 74' lang='lat' dir='ltr'>Struguyll,</span> <span class='ocrx_word' id='word_1_997' title='bbox 1896 1641 1965 1661; x_wconf 93' lang='lat' dir='ltr'>cum</span> <span class='ocrx_word' id='word_1_998' title='bbox 1978 1633 2150 1669; x_wconf 85' lang='lat' dir='ltr'>pertinentiis</span> <span class='ocrx_word' id='word_1_999' title='bbox 2166 1631 2338 1671; x_wconf 75' lang='lat' dir='ltr'>(quod,un?2</span> <span class='ocrx_word' id='word_1_1000' title='bbox 2354 1639 2383 1662; x_wconf 86' lang='grc' dir='ltr'>Ε.</span> <span class='ocrx_word' id='word_1_1001' title='bbox 2402 1644 2428 1662; x_wconf 90' lang='lat'>2.</span> 
     </span>
     <span class='ocr_line' id='line_1_141' title="bbox 1278 1669 2459 1708; baseline 0.001 -9"><span class='ocrx_word' id='word_1_1002' title='bbox 1278 1678 1345 1699; x_wconf 92' lang='lat' dir='ltr'>cum</span> <span class='ocrx_word' id='word_1_1003' title='bbox 1364 1669 1528 1707; x_wconf 85' lang='lat' dir='ltr'>quibusdam</span> <span class='ocrx_word' id='word_1_1004' title='bbox 1544 1669 1599 1699; x_wconf 88' lang='lat' dir='ltr'>aliis</span> <span class='ocrx_word' id='word_1_1005' title='bbox 1614 1669 1710 1699; x_wconf 87' lang='lat' dir='ltr'>Terris</span> <span class='ocrx_word' id='word_1_1006' title='bbox 1724 1669 1757 1700; x_wconf 88' lang='lat'>&amp;</span> <span class='ocrx_word' id='word_1_1007' title='bbox 1773 1669 1960 1700; x_wconf 89' lang='lat' dir='ltr'>Tenementis</span> <span class='ocrx_word' id='word_1_1008' title='bbox 1972 1669 2092 1708; x_wconf 84' lang='lat' dir='ltr'>nostris,</span> <span class='ocrx_word' id='word_1_1009' title='bbox 2109 1670 2213 1701; x_wconf 86' lang='lat' dir='ltr'>eisdem</span> <span class='ocrx_word' id='word_1_1010' title='bbox 2238 1670 2340 1701; x_wconf 82' lang='lat' dir='ltr'>Fratri·</span> <span class='ocrx_word' id='word_1_1011' title='bbox 2355 1675 2410 1700; x_wconf 75' lang='lat' dir='ltr'>fin.</span> <span class='ocrx_word' id='word_1_1012' title='bbox 2430 1681 2459 1707; x_wconf 83' lang='lat'>4.</span> 
     </span>
     <span class='ocr_line' id='line_1_142' title="bbox 1280 1706 2489 1746; baseline 0.001 -9"><span class='ocrx_word' id='word_1_1013' title='bbox 1280 1708 1331 1737; x_wconf 89' lang='lat' dir='ltr'>bus</span> <span class='ocrx_word' id='word_1_1014' title='bbox 1352 1707 1452 1738; x_wconf 88' lang='lat' dir='ltr'>nostris</span> <span class='ocrx_word' id='word_1_1015' title='bbox 1473 1707 1506 1737; x_wconf 87' lang='lat' dir='ltr'>ad</span> <span class='ocrx_word' id='word_1_1016' title='bbox 1528 1706 1757 1738; x_wconf 89' lang='lat' dir='ltr'>sustentationem</span> <span class='ocrx_word' id='word_1_1017' title='bbox 1770 1707 1816 1738; x_wconf 87' lang='lat' dir='ltr'>affi</span> <span class='ocrx_word' id='word_1_1018' title='bbox 1859 1709 1967 1738; x_wconf 89' lang='lat' dir='ltr'>avimus</span> <span class='ocrx_word' id='word_1_1019' title='bbox 1979 1708 2160 1746; x_wconf 91' lang='lat' dir='ltr'>eorumdem)</span> <span class='ocrx_word' id='word_1_1020' title='bbox 2176 1709 2339 1740; x_wconf 90' lang='lat' dir='ltr'>custodien-</span> <span class='ocrx_word' id='word_1_1021' title='bbox 2358 1715 2386 1738; x_wconf 83' lang='grc' dir='ltr'>Ε.</span> <span class='ocrx_word' id='word_1_1022' title='bbox 2402 1721 2428 1738; x_wconf 88' lang='lat'>2.</span> <span class='ocrx_word' id='word_1_1023' title='bbox 2451 1720 2489 1739; x_wconf 64' lang='lat' dir='ltr'>m,</span> 
     </span>
     <span class='ocr_line' id='line_1_143' title="bbox 1278 1746 2404 1786; baseline 0.001 -11"><span class='ocrx_word' id='word_1_1024' title='bbox 1278 1746 1365 1784; x_wconf 85' lang='lat' dir='ltr'>dum,</span> <span class='ocrx_word' id='word_1_1025' title='bbox 1384 1746 1519 1784; x_wconf 90' lang='lat' dir='ltr'>quamdiu</span> <span class='ocrx_word' id='word_1_1026' title='bbox 1532 1746 1613 1776; x_wconf 92' lang='lat' dir='ltr'>nobis</span> <span class='ocrx_word' id='word_1_1027' title='bbox 1626 1746 1772 1784; x_wconf 85' lang='lat' dir='ltr'>placuerit,</span> <span class='ocrx_word' id='word_1_1028' title='bbox 1791 1756 1807 1776; x_wconf 87' lang='lat' dir='ltr'>a</span> <span class='ocrx_word' id='word_1_1029' title='bbox 1841 1757 1861 1776; x_wconf 92' lang='lat'><em>0</em></span> <span class='ocrx_word' id='word_1_1030' title='bbox 1884 1756 1913 1777; x_wconf 89' lang='lat' dir='ltr'>us</span> <span class='ocrx_word' id='word_1_1031' title='bbox 1928 1746 2056 1777; x_wconf 85' lang='lat' dir='ltr'>Fratrum</span> <span class='ocrx_word' id='word_1_1032' title='bbox 2079 1746 2247 1778; x_wconf 88' lang='lat' dir='ltr'>nostrorum</span> <span class='ocrx_word' id='word_1_1033' title='bbox 2268 1757 2340 1786; x_wconf 85' lang='lat' dir='ltr'>prae-</span> <span class='ocrx_word' id='word_1_1034' title='bbox 2360 1758 2404 1776; x_wconf 81' lang='lat'>21.</span> 
     </span>
    </p>
   </div>
   <div class='ocr_carea' id='block_1_26' title="bbox 1277 1784 2444 1861">
    <p class='ocr_par' dir='ltr' id='par_1_45' title="bbox 1277 1784 2444 1861">
     <span class='ocr_line' id='line_1_144' title="bbox 1277 1784 2444 1825; baseline 0 -11"><span class='ocrx_word' id='word_1_1035' title='bbox 1277 1784 1439 1822; x_wconf 68' lang='lat' dir='ltr'>di&amp;orum;</span> <span class='ocrx_word' id='word_1_1036' title='bbox 1457 1786 1494 1815; x_wconf 88' lang='lat' dir='ltr'>ita</span> <span class='ocrx_word' id='word_1_1037' title='bbox 1514 1784 1593 1823; x_wconf 89' lang='lat' dir='ltr'>quod</span> <span class='ocrx_word' id='word_1_1038' title='bbox 1615 1784 1650 1814; x_wconf 89' lang='lat' dir='ltr'>de</span> <span class='ocrx_word' id='word_1_1039' title='bbox 1672 1785 1805 1823; x_wconf 75' lang='lat' dir='ltr'>exitibus,</span> <span class='ocrx_word' id='word_1_1040' title='bbox 1822 1786 1852 1815; x_wconf 90' lang='lat' dir='ltr'>in</span> <span class='ocrx_word' id='word_1_1041' title='bbox 1872 1795 1888 1815; x_wconf 92' lang='lat' dir='ltr'>e</span> <span class='ocrx_word' id='word_1_1042' title='bbox 1911 1785 2158 1824; x_wconf 84' lang='lat' dir='ltr'>provenientibus,</span> <span class='ocrx_word' id='word_1_1043' title='bbox 2176 1786 2340 1825; x_wconf 84' lang='lat' dir='ltr'>respondeat</span> <span class='ocrx_word' id='word_1_1044' title='bbox 2357 1789 2373 1803; x_wconf 65' lang='lat'>⁴⁵</span> <span class='ocrx_word' id='word_1_1045' title='bbox 2391 1788 2444 1815; x_wconf 90' lang='lat'>111.</span> 
     </span>
     <span class='ocr_line' id='line_1_145' title="bbox 1278 1821 2423 1861; baseline -0.001 -8"><span class='ocrx_word' id='word_1_1046' title='bbox 1278 1822 1378 1853; x_wconf 86' lang='lat' dir='ltr'>nostris</span> <span class='ocrx_word' id='word_1_1047' title='bbox 1394 1823 1533 1857; x_wconf 73' lang='lat' dir='ltr'>Fratribus</span> <span class='ocrx_word' id='word_1_1048' title='bbox 1546 1821 1699 1854; x_wconf 67' lang='lat' dir='ltr'>antediffis.</span> <span class='ocrx_word' id='word_1_1049' title='bbox 2359 1835 2423 1861; x_wconf 85' lang='lat'>217.</span> 
     </span>
    </p>
   </div>
   <div class='ocr_carea' id='block_1_27' title="bbox 1315 1899 2323 2092">
    <p class='ocr_par' dir='ltr' id='par_1_46' title="bbox 1315 1899 2323 2092">
     <span class='ocr_line' id='line_1_146' title="bbox 1316 1899 1540 1938; baseline -0.004 -7"><span class='ocrx_word' id='word_1_1050' title='bbox 1316 1899 1351 1931; x_wconf 91' lang='lat' dir='ltr'>In</span> <span class='ocrx_word' id='word_1_1051' title='bbox 1364 1900 1461 1938; x_wconf 84' lang='lat' dir='ltr'>cujus,</span> <span class='ocrx_word' id='word_1_1052' title='bbox 1480 1900 1540 1931; x_wconf 89' lang='lat' dir='ltr'>&amp;c.</span> 
     </span>
     <span class='ocr_line' id='line_1_147' title="bbox 1315 1973 2323 2017; baseline 0.002 -12"><span class='ocrx_word' id='word_1_1053' title='bbox 1315 1973 1405 2006; x_wconf 89' lang='lat' dir='ltr'>Teste</span> <span class='ocrx_word' id='word_1_1054' title='bbox 1420 1975 1502 2016; x_wconf 88' lang='lat' dir='ltr'>Rege</span> <span class='ocrx_word' id='word_1_1055' title='bbox 1516 1975 1591 2015; x_wconf 87' lang='lat' dir='ltr'>apud</span> <span class='ocrx_word' id='word_1_1056' title='bbox 1606 1975 1897 2008; x_wconf 87' lang='lat' dir='ltr'>Westmoriasterium</span> <span class='ocrx_word' id='word_1_1057' title='bbox 1906 2000 1916 2015; x_wconf 85' lang='lat'>‚</span> <span class='ocrx_word' id='word_1_1058' title='bbox 1932 1976 2047 2008; x_wconf 89' lang='lat' dir='ltr'>decimo</span> <span class='ocrx_word' id='word_1_1059' title='bbox 2059 1977 2178 2015; x_wconf 88' lang='lat' dir='ltr'>septimo</span> <span class='ocrx_word' id='word_1_1060' title='bbox 2191 1976 2237 2009; x_wconf 89' lang='lat' dir='ltr'>die</span> <span class='ocrx_word' id='word_1_1061' title='bbox 2246 1977 2323 2017; x_wconf 90' lang='lat' dir='ltr'>Julii.</span> 
     </span>
     <span class='ocr_line' id='line_1_148' title="bbox 1338 2052 2232 2092; baseline 0.001 -9"><span class='ocrx_word' id='word_1_1062' title='bbox 1338 2071 1342 2075; x_wconf 75' lang='lat'><em>›</em></span> <span class='ocrx_word' id='word_1_1063' title='bbox 1796 2056 1851 2083; x_wconf 83' lang='lat' dir='ltr'>Per</span> <span class='ocrx_word' id='word_1_1064' title='bbox 1867 2052 1949 2083; x_wconf 81' lang='lat' dir='ltr'>breve</span> <span class='ocrx_word' id='word_1_1065' title='bbox 1962 2053 1994 2083; x_wconf 85' lang='lat' dir='ltr'>de</span> <span class='ocrx_word' id='word_1_1066' title='bbox 2003 2057 2120 2092; x_wconf 82' lang='lat' dir='ltr'>privato</span> <span class='ocrx_word' id='word_1_1067' title='bbox 2134 2053 2232 2092; x_wconf 73' lang='lat' dir='ltr'>sigillo.</span> 
     </span>
    </p>
   </div>
   <div class='ocr_carea' id='block_1_28' title="bbox 1283 2129 2349 2285">
    <p class='ocr_par' dir='ltr' id='par_1_47' title="bbox 1283 2129 2349 2285">
     <span class='ocr_line' id='line_1_149' title="bbox 1341 2129 2347 2171; baseline 0 -10"><span class='ocrx_word' id='word_1_1068' title='bbox 1341 2131 1372 2161; x_wconf 84' lang='lat' dir='ltr'>T</span> <span class='ocrx_word' id='word_1_1069' title='bbox 1393 2130 1558 2162; x_wconf 86' lang='lat' dir='ltr'>mandatum</span> <span class='ocrx_word' id='word_1_1070' title='bbox 1580 2130 1621 2161; x_wconf 90' lang='lat' dir='ltr'>est</span> <span class='ocrx_word' id='word_1_1071' title='bbox 1642 2130 1764 2171; x_wconf 89' lang='lat' dir='ltr'>Hugoni</span> <span class='ocrx_word' id='word_1_1072' title='bbox 1782 2130 1809 2160; x_wconf 91' lang='lat' dir='ltr'>le</span> <span class='ocrx_word' id='word_1_1073' title='bbox 1827 2129 2002 2168; x_wconf 87' lang='lat' dir='ltr'>Despenser,</span> <span class='ocrx_word' id='word_1_1074' title='bbox 2021 2129 2238 2162; x_wconf 88' lang='lat' dir='ltr'>Constabulario</span> <span class='ocrx_word' id='word_1_1075' title='bbox 2253 2131 2347 2162; x_wconf 87' lang='lat' dir='ltr'>Castri</span> 
     </span>
     <span class='ocr_line' id='line_1_150' title="bbox 1361 2168 2348 2208; baseline 0.002 -9"><span class='ocrx_word' id='word_1_1076' title='bbox 1361 2170 1505 2208; x_wconf 71' lang='lat' dir='ltr'>praediffl,</span> <span class='ocrx_word' id='word_1_1077' title='bbox 1524 2169 1602 2208; x_wconf 88' lang='lat' dir='ltr'>quod</span> <span class='ocrx_word' id='word_1_1078' title='bbox 1624 2168 1756 2200; x_wconf 89' lang='lat' dir='ltr'>Castrum</span> <span class='ocrx_word' id='word_1_1079' title='bbox 1777 2168 1962 2206; x_wconf 60' lang='lat' dir='ltr'>praedictum,</span> <span class='ocrx_word' id='word_1_1080' title='bbox 1989 2179 2058 2198; x_wconf 86' lang='lat' dir='ltr'>cum</span> <span class='ocrx_word' id='word_1_1081' title='bbox 2078 2171 2266 2207; x_wconf 87' lang='lat' dir='ltr'>pertinentiis,</span> <span class='ocrx_word' id='word_1_1082' title='bbox 2291 2172 2348 2201; x_wconf 65' lang='lat' dir='ltr'>una</span> 
     </span>
     <span class='ocr_line' id='line_1_151' title="bbox 1283 2207 2348 2246; baseline 0.002 -10"><span class='ocrx_word' id='word_1_1083' title='bbox 1283 2216 1352 2237; x_wconf 89' lang='lat' dir='ltr'>cum</span> <span class='ocrx_word' id='word_1_1084' title='bbox 1371 2209 1530 2246; x_wconf 82' lang='lat' dir='ltr'>armaturis,</span> <span class='ocrx_word' id='word_1_1085' title='bbox 1551 2208 1735 2245; x_wconf 66' lang='lat' dir='ltr'>vi&amp;ualibus,</span> <span class='ocrx_word' id='word_1_1086' title='bbox 1760 2208 1794 2237; x_wconf 90' lang='lat'>&amp;</span> <span class='ocrx_word' id='word_1_1087' title='bbox 1814 2207 1949 2237; x_wconf 88' lang='lat' dir='ltr'>omnibus</span> <span class='ocrx_word' id='word_1_1088' title='bbox 1968 2207 2026 2236; x_wconf 89' lang='lat' dir='ltr'>aliis</span> <span class='ocrx_word' id='word_1_1089' title='bbox 2045 2207 2201 2238; x_wconf 76' lang='lat' dir='ltr'>necessariis</span> <span class='ocrx_word' id='word_1_1090' title='bbox 2215 2231 2225 2246; x_wconf 89' lang='lat'>,</span> <span class='ocrx_word' id='word_1_1091' title='bbox 2249 2209 2277 2238; x_wconf 89' lang='lat' dir='ltr'>in</span> <span class='ocrx_word' id='word_1_1092' title='bbox 2296 2218 2348 2238; x_wconf 90' lang='lat' dir='ltr'>eo-</span> 
     </span>
     <span class='ocr_line' id='line_1_152' title="bbox 1285 2244 2349 2285; baseline 0.001 -10"><span class='ocrx_word' id='word_1_1093' title='bbox 1285 2245 1352 2275; x_wconf 88' lang='lat' dir='ltr'>dem</span> <span class='ocrx_word' id='word_1_1094' title='bbox 1372 2245 1475 2276; x_wconf 88' lang='lat' dir='ltr'>Castro</span> <span class='ocrx_word' id='word_1_1095' title='bbox 1496 2245 1692 2284; x_wconf 82' lang='lat' dir='ltr'>existentibus,</span> <span class='ocrx_word' id='word_1_1096' title='bbox 1710 2246 1828 2284; x_wconf 87' lang='lat' dir='ltr'>praefato</span> <span class='ocrx_word' id='word_1_1097' title='bbox 1850 2244 2003 2283; x_wconf 88' lang='lat' dir='ltr'>Roberto,</span> <span class='ocrx_word' id='word_1_1098' title='bbox 2021 2255 2069 2283; x_wconf 90' lang='lat' dir='ltr'>per</span> <span class='ocrx_word' id='word_1_1099' title='bbox 2088 2246 2284 2285; x_wconf 85' lang='lat' dir='ltr'>indenturam,</span> <span class='ocrx_word' id='word_1_1100' title='bbox 2303 2247 2349 2276; x_wconf 88' lang='lat' dir='ltr'>in-</span> 
     </span>
    </p>
   </div>
   <div class='ocr_carea' id='block_1_29' title="bbox 1285 2282 2348 2352">
    <p class='ocr_par' dir='ltr' id='par_1_48' title="bbox 1285 2282 2348 2352">
     <span class='ocr_line' id='line_1_153' title="bbox 1285 2282 2348 2352; baseline 0.002 -39"><span class='ocrx_word' id='word_1_1101' title='bbox 1285 2284 1419 2352; x_wconf 42' lang='lat' dir='ltr'>gehipsos</span> <span class='ocrx_word' id='word_1_1102' title='bbox 1439 2284 1503 2315; x_wconf 88' lang='lat' dir='ltr'>inde</span> <span class='ocrx_word' id='word_1_1103' title='bbox 1524 2285 1699 2323; x_wconf 86' lang='lat' dir='ltr'>faciendam,</span> <span class='ocrx_word' id='word_1_1104' title='bbox 1727 2284 1827 2316; x_wconf 71' lang='lat' dir='ltr'>liberet</span> <span class='ocrx_word' id='word_1_1105' title='bbox 1853 2282 2073 2315; x_wconf 80' lang='lat' dir='ltr'>custodiendum</span> <span class='ocrx_word' id='word_1_1106' title='bbox 2102 2285 2132 2316; x_wconf 89' lang='lat' dir='ltr'>in</span> <span class='ocrx_word' id='word_1_1107' title='bbox 2155 2284 2251 2316; x_wconf 68' lang='lat' dir='ltr'>forma</span> <span class='ocrx_word' id='word_1_1108' title='bbox 2272 2294 2348 2323; x_wconf 80' lang='lat' dir='ltr'>prae-</span> 
     </span>
     <span class='ocr_line' id='line_1_154' title="bbox 1308 2332 1373 2352; baseline 0 -1"><span class='ocrx_word' id='word_1_1109' title='bbox 1308 2332 1315 2351; x_wconf 93' lang='lat' dir='ltr'>l</span> <span class='ocrx_word' id='word_1_1110' title='bbox 1349 2333 1373 2352; x_wconf 83' lang='lat' dir='ltr'>a.</span> 
     </span>
    </p>
   </div>
   <div class='ocr_carea' id='block_1_30' title="bbox 1325 2398 1553 2439">
    <p class='ocr_par' dir='ltr' id='par_1_49' title="bbox 1325 2398 1553 2439">
     <span class='ocr_line' id='line_1_155' title="bbox 1325 2398 1553 2439; baseline 0.004 -10"><span class='ocrx_word' id='word_1_1111' title='bbox 1325 2398 1415 2430; x_wconf 89' lang='lat' dir='ltr'>Teste</span> <span class='ocrx_word' id='word_1_1112' title='bbox 1426 2407 1457 2431; x_wconf 89' lang='lat' dir='ltr'>ut</span> <span class='ocrx_word' id='word_1_1113' title='bbox 1467 2399 1553 2439; x_wconf 85' lang='lat' dir='ltr'>supra.</span> 
     </span>
    </p>
   </div>
   <div class='ocr_carea' id='block_1_31' title="bbox 1452 2523 2180 2572">
    <p class='ocr_par' dir='ltr' id='par_1_50' title="bbox 1452 2523 2180 2572">
     <span class='ocr_line' id='line_1_156' title="bbox 1452 2523 2180 2572; baseline 0.001 -13"><span class='ocrx_word' id='word_1_1114' title='bbox 1452 2529 1511 2560; x_wconf 85' lang='lat' dir='ltr'>Pro</span> <span class='ocrx_word' id='word_1_1115' title='bbox 1531 2525 1651 2559; x_wconf 72' lang='lat' dir='ltr'>Thoma</span> <span class='ocrx_word' id='word_1_1116' title='bbox 1669 2529 1705 2565; x_wconf 63' lang='grc' dir='ltr'>ὠ·</span> <span class='ocrx_word' id='word_1_1117' title='bbox 1725 2524 1888 2559; x_wconf 79' lang='lat' dir='ltr'>Edmundo</span> <span class='ocrx_word' id='word_1_1118' title='bbox 1905 2523 2067 2558; x_wconf 78' lang='lat' dir='ltr'>Fratribus</span> <span class='ocrx_word' id='word_1_1119' title='bbox 2083 2528 2180 2572; x_wconf 77' lang='lat' dir='ltr'>Regis.</span> 
     </span>
    </p>
   </div>
   <div class='ocr_carea' id='block_1_32' title="bbox 1288 2609 2501 3036">
    <p class='ocr_par' dir='ltr' id='par_1_51' title="bbox 1288 2609 2501 3036">
     <span class='ocr_line' id='line_1_157' title="bbox 1288 2609 2500 2672; baseline -0.001 -30"><span class='ocrx_word' id='word_1_1120' title='bbox 1288 2610 1412 2672; x_wconf 86' lang='lat' dir='ltr'>REX</span> <span class='ocrx_word' id='word_1_1121' title='bbox 1426 2612 1578 2651; x_wconf 86' lang='lat' dir='ltr'>omnibus,</span> <span class='ocrx_word' id='word_1_1122' title='bbox 1596 2610 1631 2641; x_wconf 91' lang='lat' dir='ltr'>ad</span> <span class='ocrx_word' id='word_1_1123' title='bbox 1648 2620 1737 2649; x_wconf 66' lang='lat' dir='ltr'>qum,</span> <span class='ocrx_word' id='word_1_1124' title='bbox 1753 2610 1814 2641; x_wconf 67' lang='grc' dir='ltr'>δίε.</span> <span class='ocrx_word' id='word_1_1125' title='bbox 1833 2609 1957 2640; x_wconf 68' lang='lat' dir='ltr'>salutem.</span> <span class='ocrx_word' id='word_1_1126' title='bbox 2366 2610 2442 2641; x_wconf 82' lang='lat' dir='ltr'>Ann.</span> <span class='ocrx_word' id='word_1_1127' title='bbox 2458 2609 2500 2641; x_wconf 88' lang='lat' dir='ltr'>D.</span> 
     </span>
     <span class='ocr_line' id='line_1_158' title="bbox 1389 2646 2474 2689; baseline -0.001 -9"><span class='ocrx_word' id='word_1_1128' title='bbox 1389 2650 1487 2680; x_wconf 89' lang='lat' dir='ltr'>Sciatis</span> <span class='ocrx_word' id='word_1_1129' title='bbox 1507 2650 1588 2688; x_wconf 78' lang='lat' dir='ltr'>quod</span> <span class='ocrx_word' id='word_1_1130' title='bbox 1611 2648 1801 2681; x_wconf 79' lang='lat' dir='ltr'>concessimus</span> <span class='ocrx_word' id='word_1_1131' title='bbox 1822 2648 1856 2679; x_wconf 89' lang='lat'>&amp;</span> <span class='ocrx_word' id='word_1_1132' title='bbox 1878 2647 2074 2688; x_wconf 75' lang='lat' dir='ltr'>assignavimus</span> <span class='ocrx_word' id='word_1_1133' title='bbox 2093 2647 2224 2679; x_wconf 88' lang='lat' dir='ltr'>Thomae</span> <span class='ocrx_word' id='word_1_1134' title='bbox 2236 2647 2271 2679; x_wconf 91' lang='lat'>&amp;</span> <span class='ocrx_word' id='word_1_1135' title='bbox 2291 2646 2352 2678; x_wconf 89' lang='lat' dir='ltr'>Ed·</span> <span class='ocrx_word' id='word_1_1136' title='bbox 2389 2659 2474 2689; x_wconf 87' lang='lat'>1310.</span> 
     </span>
     <span class='ocr_line' id='line_1_159' title="bbox 1291 2685 2465 2727; baseline 0 -11"><span class='ocrx_word' id='word_1_1137' title='bbox 1291 2687 1419 2727; x_wconf 79' lang='lat' dir='ltr'>mundo,</span> <span class='ocrx_word' id='word_1_1138' title='bbox 1445 2687 1586 2719; x_wconf 85' lang='lat' dir='ltr'>Fratribus</span> <span class='ocrx_word' id='word_1_1139' title='bbox 1604 2688 1705 2718; x_wconf 89' lang='lat' dir='ltr'>nostris</span> <span class='ocrx_word' id='word_1_1140' title='bbox 1730 2686 1891 2725; x_wconf 78' lang='lat' dir='ltr'>karissimis,</span> <span class='ocrx_word' id='word_1_1141' title='bbox 1909 2687 2006 2717; x_wconf 88' lang='lat' dir='ltr'>omnia</span> <span class='ocrx_word' id='word_1_1142' title='bbox 2028 2686 2144 2724; x_wconf 86' lang='lat' dir='ltr'>Castra,</span> <span class='ocrx_word' id='word_1_1143' title='bbox 2164 2687 2266 2724; x_wconf 84' lang='lat' dir='ltr'>Villas,</span> <span class='ocrx_word' id='word_1_1144' title='bbox 2285 2685 2353 2717; x_wconf 89' lang='lat' dir='ltr'>Ma·</span> <span class='ocrx_word' id='word_1_1145' title='bbox 2367 2692 2419 2717; x_wconf 82' lang='lat' dir='ltr'>An.</span> <span class='ocrx_word' id='word_1_1146' title='bbox 2436 2698 2465 2724; x_wconf 83' lang='lat'>4.</span> 
     </span>
     <span class='ocr_line' id='line_1_160' title="bbox 1288 2724 2447 2765; baseline 0 -11"><span class='ocrx_word' id='word_1_1147' title='bbox 1288 2727 1380 2765; x_wconf 78' lang='lat' dir='ltr'>neria,</span> <span class='ocrx_word' id='word_1_1148' title='bbox 1405 2727 1525 2765; x_wconf 86' lang='lat' dir='ltr'>Terras,</span> <span class='ocrx_word' id='word_1_1149' title='bbox 1549 2729 1583 2759; x_wconf 90' lang='lat'>&amp;</span> <span class='ocrx_word' id='word_1_1150' title='bbox 1608 2727 1808 2762; x_wconf 86' lang='lat' dir='ltr'>Tenementa,</span> <span class='ocrx_word' id='word_1_1151' title='bbox 1825 2734 1890 2763; x_wconf 89' lang='lat' dir='ltr'>quae</span> <span class='ocrx_word' id='word_1_1152' title='bbox 1909 2725 2024 2755; x_wconf 86' lang='lat' dir='ltr'>fuerunt</span> <span class='ocrx_word' id='word_1_1153' title='bbox 2045 2725 2157 2762; x_wconf 87' lang='lat' dir='ltr'>Rogeri</span> <span class='ocrx_word' id='word_1_1154' title='bbox 2179 2724 2214 2755; x_wconf 93' lang='lat' dir='ltr'>de</span> <span class='ocrx_word' id='word_1_1155' title='bbox 2236 2724 2351 2764; x_wconf 89' lang='lat' dir='ltr'>Bygod,</span> <span class='ocrx_word' id='word_1_1156' title='bbox 2367 2731 2398 2755; x_wconf 84' lang='grc' dir='ltr'>Ε.</span> <span class='ocrx_word' id='word_1_1157' title='bbox 2420 2738 2447 2755; x_wconf 88' lang='lat'>2.</span> 
     </span>
     <span class='ocr_line' id='line_1_161' title="bbox 1288 2763 2465 2804; baseline -0.001 -10"><span class='ocrx_word' id='word_1_1158' title='bbox 1288 2765 1433 2801; x_wconf 89' lang='lat' dir='ltr'>quondam</span> <span class='ocrx_word' id='word_1_1159' title='bbox 1446 2765 1571 2796; x_wconf 91' lang='lat' dir='ltr'>Comitis</span> <span class='ocrx_word' id='word_1_1160' title='bbox 1584 2764 1768 2802; x_wconf 80' lang='lat' dir='ltr'>Norfolciae‚</span> <span class='ocrx_word' id='word_1_1161' title='bbox 1786 2764 1820 2795; x_wconf 89' lang='lat'>&amp;</span> <span class='ocrx_word' id='word_1_1162' title='bbox 1842 2763 2022 2794; x_wconf 88' lang='lat' dir='ltr'>Mareschalli</span> <span class='ocrx_word' id='word_1_1163' title='bbox 2040 2763 2168 2804; x_wconf 83' lang='lat' dir='ltr'>Angliae,</span> <span class='ocrx_word' id='word_1_1164' title='bbox 2187 2764 2220 2795; x_wconf 90' lang='lat'>&amp;</span> <span class='ocrx_word' id='word_1_1165' title='bbox 2240 2773 2304 2801; x_wconf 77' lang='lat' dir='ltr'>quae</span> <span class='ocrx_word' id='word_1_1166' title='bbox 2324 2764 2354 2793; x_wconf 87' lang='lat' dir='ltr'>in</span> <span class='ocrx_word' id='word_1_1167' title='bbox 2368 2769 2465 2801; x_wconf 84' lang='lat' dir='ltr'>Pat.4.</span> 
     </span>
     <span class='ocr_line' id='line_1_162' title="bbox 1289 2803 2482 2842; baseline -0.001 -10"><span class='ocrx_word' id='word_1_1168' title='bbox 1289 2812 1375 2833; x_wconf 90' lang='lat' dir='ltr'>manu</span> <span class='ocrx_word' id='word_1_1169' title='bbox 1390 2803 1485 2834; x_wconf 70' lang='lat' dir='ltr'>nostra</span> <span class='ocrx_word' id='word_1_1170' title='bbox 1497 2804 1634 2842; x_wconf 78' lang='lat' dir='ltr'>existunr3</span> <span class='ocrx_word' id='word_1_1171' title='bbox 1900 2828 1907 2835; x_wconf 91' lang='grc'><em>,</em></span> <span class='ocrx_word' id='word_1_1172' title='bbox 2369 2808 2398 2831; x_wconf 77' lang='grc' dir='ltr'>Ε.</span> <span class='ocrx_word' id='word_1_1173' title='bbox 2414 2814 2439 2832; x_wconf 86' lang='lat'>2.</span> <span class='ocrx_word' id='word_1_1174' title='bbox 2456 2810 2482 2840; x_wconf 86' lang='lat' dir='ltr'>p.</span> 
     </span>
     <span class='ocr_line' id='line_1_163' title="bbox 1324 2839 2501 2880; baseline -0.003 -9"><span class='ocrx_word' id='word_1_1175' title='bbox 1324 2841 1496 2873; x_wconf 75' lang='lat' dir='ltr'>HABENDA</span> <span class='ocrx_word' id='word_1_1176' title='bbox 1512 2843 1614 2873; x_wconf 88' lang='lat' dir='ltr'>eisdem</span> <span class='ocrx_word' id='word_1_1177' title='bbox 1628 2842 1769 2872; x_wconf 88' lang='lat' dir='ltr'>Fratribus</span> <span class='ocrx_word' id='word_1_1178' title='bbox 1781 2839 1899 2878; x_wconf 84' lang='lat' dir='ltr'>nostris,</span> <span class='ocrx_word' id='word_1_1179' title='bbox 1911 2850 1964 2878; x_wconf 87' lang='lat' dir='ltr'>pro</span> <span class='ocrx_word' id='word_1_1180' title='bbox 1978 2839 2176 2871; x_wconf 88' lang='lat' dir='ltr'>sustentatione</span> <span class='ocrx_word' id='word_1_1181' title='bbox 2186 2839 2354 2880; x_wconf 82' lang='lat' dir='ltr'>sua,quam-</span> <span class='ocrx_word' id='word_1_1182' title='bbox 2371 2852 2395 2872; x_wconf 85' lang='lat' dir='ltr'>i.</span> <span class='ocrx_word' id='word_1_1183' title='bbox 2412 2852 2446 2871; x_wconf 87' lang='lat' dir='ltr'>m.</span> <span class='ocrx_word' id='word_1_1184' title='bbox 2458 2850 2501 2869; x_wconf 69' lang='grc' dir='ltr'>ιι,</span> 
     </span>
     <span class='ocr_line' id='line_1_164' title="bbox 1291 2877 2355 2920; baseline -0.002 -10"><span class='ocrx_word' id='word_1_1185' title='bbox 1291 2879 1342 2910; x_wconf 74' lang='lat' dir='ltr'>disi</span> <span class='ocrx_word' id='word_1_1186' title='bbox 1364 2881 1447 2911; x_wconf 89' lang='lat' dir='ltr'>nobis</span> <span class='ocrx_word' id='word_1_1187' title='bbox 1468 2881 1618 2920; x_wconf 89' lang='lat' dir='ltr'>placuerit,</span> <span class='ocrx_word' id='word_1_1188' title='bbox 1643 2890 1713 2910; x_wconf 90' lang='lat' dir='ltr'>curn</span> <span class='ocrx_word' id='word_1_1189' title='bbox 1735 2878 1836 2909; x_wconf 89' lang='lat' dir='ltr'>Feodis</span> <span class='ocrx_word' id='word_1_1190' title='bbox 1856 2878 2004 2917; x_wconf 84' lang='lat' dir='ltr'>Militum,</span> <span class='ocrx_word' id='word_1_1191' title='bbox 2023 2878 2204 2917; x_wconf 87' lang='lat' dir='ltr'>Hundredis,</span> <span class='ocrx_word' id='word_1_1192' title='bbox 2222 2877 2355 2917; x_wconf 84' lang='lat' dir='ltr'>Wardis,</span> 
     </span>
     <span class='ocr_line' id='line_1_165' title="bbox 1292 2916 2355 2958; baseline -0.002 -9"><span class='ocrx_word' id='word_1_1193' title='bbox 1292 2918 1433 2956; x_wconf 83' lang='lat' dir='ltr'>Releviis,</span> <span class='ocrx_word' id='word_1_1194' title='bbox 1452 2919 1623 2958; x_wconf 77' lang='lat' dir='ltr'>Mai-itagiis,</span> <span class='ocrx_word' id='word_1_1195' title='bbox 1640 2919 1673 2950; x_wconf 92' lang='lat'>&amp;</span> <span class='ocrx_word' id='word_1_1196' title='bbox 1694 2917 1830 2956; x_wconf 74' lang='lat' dir='ltr'>Escaetis‚</span> <span class='ocrx_word' id='word_1_1197' title='bbox 1846 2927 1916 2948; x_wconf 89' lang='lat' dir='ltr'>cum</span> <span class='ocrx_word' id='word_1_1198' title='bbox 1936 2916 2107 2956; x_wconf 86' lang='lat' dir='ltr'>acciderint,</span> <span class='ocrx_word' id='word_1_1199' title='bbox 2129 2927 2162 2948; x_wconf 90' lang='lat' dir='ltr'>ac</span> <span class='ocrx_word' id='word_1_1200' title='bbox 2187 2916 2244 2948; x_wconf 82' lang='lat' dir='ltr'>aliis</span> <span class='ocrx_word' id='word_1_1201' title='bbox 2269 2917 2355 2955; x_wconf 86' lang='lat' dir='ltr'>perti-</span> 
     </span>
     <span class='ocr_line' id='line_1_166' title="bbox 1292 2957 2102 2996; baseline -0.001 -9"><span class='ocrx_word' id='word_1_1202' title='bbox 1292 2958 1393 2988; x_wconf 88' lang='lat' dir='ltr'>nentiis</span> <span class='ocrx_word' id='word_1_1203' title='bbox 1408 2957 1460 2988; x_wconf 84' lang='lat' dir='ltr'>suis</span> <span class='ocrx_word' id='word_1_1204' title='bbox 1472 2959 1707 2996; x_wconf 87' lang='lat' dir='ltr'>quibuscumque.</span> <span class='ocrx_word' id='word_1_1205' title='bbox 2096 2958 2102 2961; x_wconf 79' lang='grc'><strong>“</strong></span> 
     </span>
     <span class='ocr_line' id='line_1_167' title="bbox 1329 2995 1554 3036; baseline -0.004 -9"><span class='ocrx_word' id='word_1_1206' title='bbox 1329 2995 1366 3027; x_wconf 89' lang='lat' dir='ltr'>In</span> <span class='ocrx_word' id='word_1_1207' title='bbox 1380 2997 1475 3036; x_wconf 84' lang='lat' dir='ltr'>cujus,</span> <span class='ocrx_word' id='word_1_1208' title='bbox 1493 2997 1554 3028; x_wconf 89' lang='lat' dir='ltr'>&amp;c.</span> 
     </span>
    </p>
   </div>
   <div class='ocr_carea' id='block_1_33' title="bbox 1321 3068 2141 3114">
    <p class='ocr_par' dir='ltr' id='par_1_52' title="bbox 1321 3068 2141 3114">
     <span class='ocr_line' id='line_1_168' title="bbox 1321 3068 2141 3114; baseline -0.006 -9"><span class='ocrx_word' id='word_1_1209' title='bbox 1321 3073 1422 3105; x_wconf 26' lang='lat' dir='ltr'>*Teste</span> <span class='ocrx_word' id='word_1_1210' title='bbox 1436 3074 1517 3114; x_wconf 84' lang='lat' dir='ltr'>Rege</span> <span class='ocrx_word' id='word_1_1211' title='bbox 1528 3072 1602 3113; x_wconf 90' lang='lat' dir='ltr'>apud</span> <span class='ocrx_word' id='word_1_1212' title='bbox 1617 3069 1923 3109; x_wconf 43' lang='lat' dir='ltr'>&amp;Vestmonasterium‚</span> <span class='ocrx_word' id='word_1_1213' title='bbox 1945 3070 1988 3101; x_wconf 88' lang='lat'>18.</span> <span class='ocrx_word' id='word_1_1214' title='bbox 2007 3069 2053 3100; x_wconf 85' lang='lat' dir='ltr'>die</span> <span class='ocrx_word' id='word_1_1215' title='bbox 2063 3068 2141 3109; x_wconf 86' lang='lat' dir='ltr'>Julii.</span> 
     </span>
    </p>
   </div>
   <div class='ocr_carea' id='block_1_34' title="bbox 1291 3150 1432 3158">
    <p class='ocr_par' dir='ltr' id='par_1_53' title="bbox 1291 3150 1432 3158">
     <span class='ocr_line' id='line_1_169' title="bbox 1291 3150 1432 3158; baseline 0 1103"><span class='ocrx_word' id='word_1_1216' title='bbox 1291 3150 1432 3158; x_wconf 95' lang='lat' dir='ltr'> </span> 
     </span>
    </p>
   </div>
   <div class='ocr_carea' id='block_1_35' title="bbox 1294 3194 2357 3277">
    <p class='ocr_par' dir='ltr' id='par_1_54' title="bbox 1294 3194 2357 3277">
     <span class='ocr_line' id='line_1_170' title="bbox 1294 3194 2357 3246; baseline -0.009 -12"><span class='ocrx_word' id='word_1_1217' title='bbox 1294 3199 1353 3234; x_wconf 87' lang='lat' dir='ltr'>Ad</span> <span class='ocrx_word' id='word_1_1218' title='bbox 1366 3202 1473 3246; x_wconf 80' lang='lat' dir='ltr'>Regem</span> <span class='ocrx_word' id='word_1_1219' title='bbox 1491 3200 1621 3232; x_wconf 68' lang='lat' dir='ltr'>Francia</span> <span class='ocrx_word' id='word_1_1220' title='bbox 1636 3196 1672 3229; x_wconf 84' lang='lat' dir='ltr'>de</span> <span class='ocrx_word' id='word_1_1221' title='bbox 1689 3206 1798 3229; x_wconf 79' lang='lat' dir='ltr'>mutua</span> <span class='ocrx_word' id='word_1_1222' title='bbox 1813 3195 1937 3239; x_wconf 63' lang='lat' dir='ltr'>visione,</span> <span class='ocrx_word' id='word_1_1223' title='bbox 1957 3203 2077 3240; x_wconf 85' lang='lat' dir='ltr'>propter</span> <span class='ocrx_word' id='word_1_1224' title='bbox 2091 3197 2190 3227; x_wconf 83' lang='lat' dir='ltr'>Scotos</span> <span class='ocrx_word' id='word_1_1225' title='bbox 2215 3194 2357 3226; x_wconf 85' lang='lat' dir='ltr'>Inimicos</span> 
     </span>
     <span class='ocr_line' id='line_1_171' title="bbox 1732 3243 1904 3277; baseline 0 0"><span class='ocrx_word' id='word_1_1226' title='bbox 1732 3243 1904 3277; x_wconf 78' lang='lat' dir='ltr'>retardata.</span> 
     </span>
    </p>
   </div>
   <div class='ocr_carea' id='block_1_36' title="bbox 1292 3323 2497 4056">
    <p class='ocr_par' dir='ltr' id='par_1_55' title="bbox 1292 3323 2497 4056">
     <span class='ocr_line' id='line_1_172' title="bbox 1353 3323 2497 3368; baseline -0.008 -5"><span class='ocrx_word' id='word_1_1227' title='bbox 1353 3333 1387 3364; x_wconf 94' lang='lat' dir='ltr'><strong>U</strong></span> <span class='ocrx_word' id='word_1_1228' title='bbox 1401 3333 1461 3363; x_wconf 88' lang='lat' dir='ltr'>Roi</span> <span class='ocrx_word' id='word_1_1229' title='bbox 1475 3332 1510 3362; x_wconf 88' lang='lat' dir='ltr'>de</span> <span class='ocrx_word' id='word_1_1230' title='bbox 1524 3331 1650 3368; x_wconf 86' lang='lat' dir='ltr'>France,</span> <span class='ocrx_word' id='word_1_1231' title='bbox 1669 3331 1730 3361; x_wconf 67' lang='grc' dir='ltr'>ἃς.</span> <span class='ocrx_word' id='word_1_1232' title='bbox 2368 3323 2497 3354; x_wconf 79' lang='grc' dir='ltr'><strong>Αῃη.]).</strong></span> 
     </span>
     <span class='ocr_line' id='line_1_173' title="bbox 1391 3361 2480 3403; baseline -0.009 -2"><span class='ocrx_word' id='word_1_1233' title='bbox 1391 3371 1542 3401; x_wconf 82' lang='lat' dir='ltr'>Treschier</span> <span class='ocrx_word' id='word_1_1234' title='bbox 1563 3370 1596 3400; x_wconf 68' lang='grc' dir='ltr'>ὃς</span> <span class='ocrx_word' id='word_1_1235' title='bbox 1616 3369 1772 3399; x_wconf 74' lang='lat' dir='ltr'>Tres-ainez</span> <span class='ocrx_word' id='word_1_1236' title='bbox 1793 3367 1854 3398; x_wconf 87' lang='lat' dir='ltr'>Sire</span> <span class='ocrx_word' id='word_1_1237' title='bbox 1875 3367 1908 3397; x_wconf 73' lang='grc' dir='ltr'>δε</span> <span class='ocrx_word' id='word_1_1238' title='bbox 1924 3365 2012 3403; x_wconf 87' lang='lat' dir='ltr'>Pete,</span> <span class='ocrx_word' id='word_1_1239' title='bbox 2030 3373 2101 3394; x_wconf 90' lang='lat' dir='ltr'>nous</span> <span class='ocrx_word' id='word_1_1240' title='bbox 2118 3363 2209 3394; x_wconf 90' lang='lat' dir='ltr'>sumes</span> <span class='ocrx_word' id='word_1_1241' title='bbox 2223 3361 2297 3393; x_wconf 89' lang='lat' dir='ltr'>molt</span> <span class='ocrx_word' id='word_1_1242' title='bbox 2308 3361 2354 3392; x_wconf 87' lang='lat' dir='ltr'>lez</span> <span class='ocrx_word' id='word_1_1243' title='bbox 2395 3371 2480 3402; x_wconf 83' lang='lat'>1310.</span> 
     </span>
     <span class='ocr_line' id='line_1_174' title="bbox 1293 3401 2464 3449; baseline -0.009 -9"><span class='ocrx_word' id='word_1_1244' title='bbox 1293 3410 1327 3440; x_wconf 89' lang='lat'>&amp;</span> <span class='ocrx_word' id='word_1_1245' title='bbox 1344 3411 1446 3449; x_wconf 84' lang='lat' dir='ltr'>joyous</span> <span class='ocrx_word' id='word_1_1246' title='bbox 1466 3409 1514 3438; x_wconf 89' lang='lat' dir='ltr'>des</span> <span class='ocrx_word' id='word_1_1247' title='bbox 1536 3409 1623 3438; x_wconf 88' lang='lat' dir='ltr'>bones</span> <span class='ocrx_word' id='word_1_1248' title='bbox 1645 3407 1775 3443; x_wconf 86' lang='lat' dir='ltr'>noveles,</span> <span class='ocrx_word' id='word_1_1249' title='bbox 1793 3416 1848 3443; x_wconf 85' lang='lat' dir='ltr'>que</span> <span class='ocrx_word' id='word_1_1250' title='bbox 1869 3414 1940 3434; x_wconf 91' lang='lat' dir='ltr'>nous</span> <span class='ocrx_word' id='word_1_1251' title='bbox 1953 3413 2051 3433; x_wconf 80' lang='lat' dir='ltr'>avonis</span> <span class='ocrx_word' id='word_1_1252' title='bbox 2067 3401 2211 3432; x_wconf 89' lang='lat' dir='ltr'>entenduz</span> <span class='ocrx_word' id='word_1_1253' title='bbox 2226 3411 2273 3439; x_wconf 84' lang='lat' dir='ltr'>par</span> <span class='ocrx_word' id='word_1_1254' title='bbox 2294 3410 2353 3432; x_wconf 89' lang='lat' dir='ltr'>voz</span> <span class='ocrx_word' id='word_1_1255' title='bbox 2367 3405 2418 3430; x_wconf 71' lang='lat' dir='ltr'>An.</span> <span class='ocrx_word' id='word_1_1256' title='bbox 2435 3412 2464 3438; x_wconf 86' lang='lat'>4.</span> 
     </span>
     <span class='ocr_line' id='line_1_175' title="bbox 1293 3439 2447 3488; baseline -0.01 -9"><span class='ocrx_word' id='word_1_1257' title='bbox 1293 3449 1442 3488; x_wconf 75' lang='lat' dir='ltr'>meffrigeS,</span> <span class='ocrx_word' id='word_1_1258' title='bbox 1459 3455 1571 3485; x_wconf 91' lang='lat' dir='ltr'>porturs</span> <span class='ocrx_word' id='word_1_1259' title='bbox 1591 3446 1627 3477; x_wconf 93' lang='lat' dir='ltr'>de</span> <span class='ocrx_word' id='word_1_1260' title='bbox 1649 3445 1737 3476; x_wconf 86' lang='lat' dir='ltr'>cestes</span> <span class='ocrx_word' id='word_1_1261' title='bbox 1757 3445 1865 3480; x_wconf 88' lang='lat' dir='ltr'>lettres,</span> <span class='ocrx_word' id='word_1_1262' title='bbox 1880 3442 1916 3471; x_wconf 90' lang='lat' dir='ltr'>de</span> <span class='ocrx_word' id='word_1_1263' title='bbox 1939 3440 2035 3484; x_wconf 81' lang='lat' dir='ltr'>vostre</span> <span class='ocrx_word' id='word_1_1264' title='bbox 2057 3441 2117 3470; x_wconf 87' lang='lat' dir='ltr'>bon</span> <span class='ocrx_word' id='word_1_1265' title='bbox 2137 3439 2221 3477; x_wconf 83' lang='lat' dir='ltr'>estat,</span> <span class='ocrx_word' id='word_1_1266' title='bbox 2242 3439 2270 3470; x_wconf 91' lang='lat' dir='ltr'>le</span> <span class='ocrx_word' id='word_1_1267' title='bbox 2287 3439 2353 3478; x_wconf 88' lang='lat' dir='ltr'>quel</span> <span class='ocrx_word' id='word_1_1268' title='bbox 2369 3445 2397 3468; x_wconf 82' lang='grc' dir='ltr'>Ε.</span> <span class='ocrx_word' id='word_1_1269' title='bbox 2422 3450 2447 3467; x_wconf 85' lang='lat'>2.</span> 
     </span>
     <span class='ocr_line' id='line_1_176' title="bbox 1294 3477 2484 3525; baseline -0.009 -8"><span class='ocrx_word' id='word_1_1270' title='bbox 1294 3485 1387 3525; x_wconf 90' lang='lat' dir='ltr'>Dieu,</span> <span class='ocrx_word' id='word_1_1271' title='bbox 1405 3496 1451 3525; x_wconf 70' lang='lat' dir='ltr'>par</span> <span class='ocrx_word' id='word_1_1272' title='bbox 1464 3486 1488 3515; x_wconf 78' lang='lat' dir='ltr'>la</span> <span class='ocrx_word' id='word_1_1273' title='bbox 1503 3494 1604 3523; x_wconf 79' lang='lat' dir='ltr'>grace,</span> <span class='ocrx_word' id='word_1_1274' title='bbox 1621 3485 1708 3515; x_wconf 86' lang='lat' dir='ltr'>voille</span> <span class='ocrx_word' id='word_1_1275' title='bbox 1721 3492 1791 3514; x_wconf 83' lang='lat' dir='ltr'>touz</span> <span class='ocrx_word' id='word_1_1276' title='bbox 1800 3482 1878 3519; x_wconf 87' lang='lat' dir='ltr'>jours</span> <span class='ocrx_word' id='word_1_1277' title='bbox 1894 3489 2059 3522; x_wconf 68' lang='lat' dir='ltr'>mevntenir.</span> <span class='ocrx_word' id='word_1_1278' title='bbox 2184 3517 2189 3522; x_wconf 34' lang='grc' dir='ltr'>ι</span> <span class='ocrx_word' id='word_1_1279' title='bbox 2364 3483 2434 3506; x_wconf 82' lang='lat' dir='ltr'>Rom.</span> <span class='ocrx_word' id='word_1_1280' title='bbox 2448 3477 2484 3512; x_wconf 58' lang='grc' dir='ltr'>ὠν</span> 
     </span>
     <span class='ocr_line' id='line_1_177' title="bbox 1328 3515 2455 3556; baseline -0.01 0"><span class='ocrx_word' id='word_1_1281' title='bbox 1328 3525 1367 3556; x_wconf 90' lang='lat' dir='ltr'>Et</span> <span class='ocrx_word' id='word_1_1282' title='bbox 1380 3534 1475 3555; x_wconf 82' lang='lat' dir='ltr'>avonis</span> <span class='ocrx_word' id='word_1_1283' title='bbox 1488 3525 1555 3553; x_wconf 89' lang='lat' dir='ltr'>bien</span> <span class='ocrx_word' id='word_1_1284' title='bbox 1571 3523 1716 3553; x_wconf 87' lang='lat' dir='ltr'>entenduz</span> <span class='ocrx_word' id='word_1_1285' title='bbox 1728 3521 1765 3550; x_wconf 87' lang='lat' dir='ltr'>les</span> <span class='ocrx_word' id='word_1_1286' title='bbox 1780 3529 1868 3549; x_wconf 87' lang='lat' dir='ltr'>autres</span> <span class='ocrx_word' id='word_1_1287' title='bbox 1883 3518 1995 3555; x_wconf 72' lang='lat' dir='ltr'>chores,</span> <span class='ocrx_word' id='word_1_1288' title='bbox 2014 3527 2069 3555; x_wconf 88' lang='lat' dir='ltr'>que</span> <span class='ocrx_word' id='word_1_1289' title='bbox 2083 3525 2141 3548; x_wconf 87' lang='lat' dir='ltr'>voz</span> <span class='ocrx_word' id='word_1_1290' title='bbox 2162 3516 2222 3546; x_wconf 86' lang='lat' dir='ltr'>ditz</span> <span class='ocrx_word' id='word_1_1291' title='bbox 2246 3515 2353 3546; x_wconf 78' lang='lat' dir='ltr'>Messa·</span> <span class='ocrx_word' id='word_1_1292' title='bbox 2367 3521 2409 3545; x_wconf 85' lang='lat' dir='ltr'>Fr.</span> <span class='ocrx_word' id='word_1_1293' title='bbox 2426 3525 2455 3552; x_wconf 91' lang='lat'>4.</span> 
     </span>
     <span class='ocr_line' id='line_1_178' title="bbox 1293 3554 2490 3603; baseline -0.011 -9"><span class='ocrx_word' id='word_1_1294' title='bbox 1293 3573 1341 3603; x_wconf 86' lang='lat' dir='ltr'>ges</span> <span class='ocrx_word' id='word_1_1295' title='bbox 1354 3574 1424 3594; x_wconf 86' lang='lat' dir='ltr'>nous</span> <span class='ocrx_word' id='word_1_1296' title='bbox 1438 3562 1541 3592; x_wconf 75' lang='lat' dir='ltr'>ont¹dit</span> <span class='ocrx_word' id='word_1_1297' title='bbox 1555 3561 1590 3591; x_wconf 90' lang='lat' dir='ltr'>de</span> <span class='ocrx_word' id='word_1_1298' title='bbox 1606 3571 1654 3600; x_wconf 83' lang='lat' dir='ltr'>par</span> <span class='ocrx_word' id='word_1_1299' title='bbox 1667 3570 1737 3591; x_wconf 83' lang='lat' dir='ltr'>vous</span> <span class='ocrx_word' id='word_1_1300' title='bbox 1772 3567 1858 3597; x_wconf 74' lang='lat' dir='ltr'>quant</span> <span class='ocrx_word' id='word_1_1301' title='bbox 1872 3566 1906 3586; x_wconf 87' lang='lat' dir='ltr'>au</span> <span class='ocrx_word' id='word_1_1302' title='bbox 1920 3556 1989 3586; x_wconf 84' lang='lat' dir='ltr'>delir</span> <span class='ocrx_word' id='word_1_1303' title='bbox 2007 3565 2062 3593; x_wconf 89' lang='lat' dir='ltr'>que</span> <span class='ocrx_word' id='word_1_1304' title='bbox 2087 3565 2158 3585; x_wconf 81' lang='lat' dir='ltr'>vous</span> <span class='ocrx_word' id='word_1_1305' title='bbox 2181 3563 2252 3585; x_wconf 87' lang='lat' dir='ltr'>avez</span> <span class='ocrx_word' id='word_1_1306' title='bbox 2271 3555 2308 3584; x_wconf 91' lang='lat' dir='ltr'>de</span> <span class='ocrx_word' id='word_1_1307' title='bbox 2330 3554 2354 3584; x_wconf 83' lang='lat' dir='ltr'>la</span> <span class='ocrx_word' id='word_1_1308' title='bbox 2369 3560 2397 3582; x_wconf 89' lang='grc' dir='ltr'>Ε.</span> <span class='ocrx_word' id='word_1_1309' title='bbox 2414 3565 2440 3582; x_wconf 90' lang='lat'>2.</span> <span class='ocrx_word' id='word_1_1310' title='bbox 2453 3564 2490 3582; x_wconf 77' lang='lat' dir='ltr'>m.</span> 
     </span>
     <span class='ocr_line' id='line_1_179' title="bbox 1292 3583 2455 3636; baseline -0.012 -3"><span class='ocrx_word' id='word_1_1311' title='bbox 1292 3613 1365 3633; x_wconf 92' lang='lat' dir='ltr'>veue</span> <span class='ocrx_word' id='word_1_1312' title='bbox 1379 3602 1483 3631; x_wconf 86' lang='lat' dir='ltr'>d&#39;entre</span> <span class='ocrx_word' id='word_1_1313' title='bbox 1495 3609 1567 3631; x_wconf 84' lang='lat' dir='ltr'>vous</span> <span class='ocrx_word' id='word_1_1314' title='bbox 1580 3601 1613 3630; x_wconf 89' lang='lat'>&amp;</span> <span class='ocrx_word' id='word_1_1315' title='bbox 1630 3608 1718 3636; x_wconf 79' lang='lat' dir='ltr'>nous3</span> <span class='ocrx_word' id='word_1_1316' title='bbox 1737 3583 1773 3627; x_wconf 81' lang='lat' dir='ltr'>de</span> <span class='ocrx_word' id='word_1_1317' title='bbox 1789 3597 1854 3635; x_wconf 88' lang='lat' dir='ltr'>quei</span> <span class='ocrx_word' id='word_1_1318' title='bbox 1869 3605 1940 3625; x_wconf 90' lang='lat' dir='ltr'>nous</span> <span class='ocrx_word' id='word_1_1319' title='bbox 1956 3604 2027 3626; x_wconf 89' lang='lat' dir='ltr'>vous</span> <span class='ocrx_word' id='word_1_1320' title='bbox 2039 3594 2192 3624; x_wconf 87' lang='lat' dir='ltr'>mercioms</span> <span class='ocrx_word' id='word_1_1321' title='bbox 2212 3593 2232 3623; x_wconf 87' lang='lat' dir='ltr'>fi</span> <span class='ocrx_word' id='word_1_1322' title='bbox 2256 3593 2354 3624; x_wconf 88' lang='lat' dir='ltr'>chere·</span> <span class='ocrx_word' id='word_1_1323' title='bbox 2370 3603 2414 3630; x_wconf 82' lang='lat'>23.</span> <span class='ocrx_word' id='word_1_1324' title='bbox 2428 3594 2455 3620; x_wconf 79' lang='lat' dir='ltr'>in</span> 
     </span>
     <span class='ocr_line' id='line_1_180' title="bbox 1294 3631 2474 3679; baseline -0.01 -8"><span class='ocrx_word' id='word_1_1325' title='bbox 1294 3650 1389 3679; x_wconf 77' lang='lat' dir='ltr'>ment,</span> <span class='ocrx_word' id='word_1_1326' title='bbox 1407 3649 1492 3670; x_wconf 89' lang='lat' dir='ltr'>come</span> <span class='ocrx_word' id='word_1_1327' title='bbox 1507 3648 1580 3668; x_wconf 86' lang='lat' dir='ltr'>nous</span> <span class='ocrx_word' id='word_1_1328' title='bbox 1594 3647 1706 3675; x_wconf 84' lang='lat' dir='ltr'>pooins.</span> <span class='ocrx_word' id='word_1_1329' title='bbox 2367 3631 2474 3660; x_wconf 80' lang='lat' dir='ltr'>cedula.</span> 
     </span>
     <span class='ocr_line' id='line_1_181' title="bbox 1332 3668 2356 3713; baseline -0.01 -5"><span class='ocrx_word' id='word_1_1330' title='bbox 1332 3679 1369 3709; x_wconf 88' lang='lat' dir='ltr'>Et</span> <span class='ocrx_word' id='word_1_1331' title='bbox 1384 3688 1453 3708; x_wconf 86' lang='lat' dir='ltr'>vous</span> <span class='ocrx_word' id='word_1_1332' title='bbox 1468 3677 1577 3707; x_wconf 87' lang='lat' dir='ltr'>feisoms</span> <span class='ocrx_word' id='word_1_1333' title='bbox 1589 3676 1682 3713; x_wconf 88' lang='lat' dir='ltr'>saver,</span> <span class='ocrx_word' id='word_1_1334' title='bbox 1697 3673 1817 3705; x_wconf 87' lang='lat' dir='ltr'>trescher</span> <span class='ocrx_word' id='word_1_1335' title='bbox 1830 3672 1891 3703; x_wconf 89' lang='lat' dir='ltr'>Sire</span> <span class='ocrx_word' id='word_1_1336' title='bbox 1902 3672 1935 3702; x_wconf 66' lang='grc' dir='ltr'>ὃς</span> <span class='ocrx_word' id='word_1_1337' title='bbox 1952 3670 2038 3709; x_wconf 83' lang='lat' dir='ltr'>Pete,</span> <span class='ocrx_word' id='word_1_1338' title='bbox 2056 3679 2128 3708; x_wconf 85' lang='lat' dir='ltr'>que,</span> <span class='ocrx_word' id='word_1_1339' title='bbox 2146 3668 2166 3699; x_wconf 87' lang='lat' dir='ltr'>si</span> <span class='ocrx_word' id='word_1_1340' title='bbox 2188 3679 2260 3700; x_wconf 89' lang='lat' dir='ltr'>vous</span> <span class='ocrx_word' id='word_1_1341' title='bbox 2283 3668 2356 3712; x_wconf 79' lang='lat' dir='ltr'>defi-</span> 
     </span>
     <span class='ocr_line' id='line_1_182' title="bbox 1295 3707 2355 3748; baseline -0.01 -1"><span class='ocrx_word' id='word_1_1342' title='bbox 1295 3727 1342 3748; x_wconf 87' lang='lat' dir='ltr'>rez</span> <span class='ocrx_word' id='word_1_1343' title='bbox 1357 3717 1428 3747; x_wconf 85' lang='lat' dir='ltr'>molt</span> <span class='ocrx_word' id='word_1_1344' title='bbox 1444 3716 1468 3745; x_wconf 87' lang='lat' dir='ltr'>la</span> <span class='ocrx_word' id='word_1_1345' title='bbox 1482 3714 1540 3745; x_wconf 91' lang='lat' dir='ltr'>dite</span> <span class='ocrx_word' id='word_1_1346' title='bbox 1552 3724 1623 3744; x_wconf 88' lang='lat' dir='ltr'>veue</span> <span class='ocrx_word' id='word_1_1347' title='bbox 1658 3723 1730 3743; x_wconf 88' lang='lat' dir='ltr'>nous</span> <span class='ocrx_word' id='word_1_1348' title='bbox 1740 3712 1765 3742; x_wconf 88' lang='lat' dir='ltr'>la</span> <span class='ocrx_word' id='word_1_1349' title='bbox 1782 3711 1928 3741; x_wconf 85' lang='lat' dir='ltr'>desirroins</span> <span class='ocrx_word' id='word_1_1350' title='bbox 1950 3709 2022 3739; x_wconf 80' lang='lat' dir='ltr'>molt</span> <span class='ocrx_word' id='word_1_1351' title='bbox 2045 3709 2122 3746; x_wconf 83' lang='lat' dir='ltr'>plus,</span> <span class='ocrx_word' id='word_1_1352' title='bbox 2141 3707 2161 3737; x_wconf 87' lang='lat' dir='ltr'>si</span> <span class='ocrx_word' id='word_1_1353' title='bbox 2181 3717 2269 3738; x_wconf 89' lang='lat' dir='ltr'>come</span> <span class='ocrx_word' id='word_1_1354' title='bbox 2286 3707 2355 3737; x_wconf 88' lang='lat' dir='ltr'>faire</span> 
     </span>
     <span class='ocr_line' id='line_1_183' title="bbox 1293 3737 2356 3792; baseline -0.01 -6"><span class='ocrx_word' id='word_1_1355' title='bbox 1293 3756 1441 3792; x_wconf 70' lang='lat' dir='ltr'>doivoniS,</span> <span class='ocrx_word' id='word_1_1356' title='bbox 1461 3763 1546 3784; x_wconf 84' lang='lat' dir='ltr'>come</span> <span class='ocrx_word' id='word_1_1357' title='bbox 1559 3737 1644 3783; x_wconf 60' lang='lat' dir='ltr'>choi}</span> <span class='ocrx_word' id='word_1_1358' title='bbox 1657 3751 1729 3782; x_wconf 90' lang='lat' dir='ltr'>dont</span> <span class='ocrx_word' id='word_1_1359' title='bbox 1741 3760 1813 3780; x_wconf 92' lang='lat' dir='ltr'>nous</span> <span class='ocrx_word' id='word_1_1360' title='bbox 1827 3749 1938 3779; x_wconf 89' lang='lat' dir='ltr'>serrieus</span> <span class='ocrx_word' id='word_1_1361' title='bbox 1951 3747 2023 3777; x_wconf 88' lang='lat' dir='ltr'>molt</span> <span class='ocrx_word' id='word_1_1362' title='bbox 2040 3745 2238 3783; x_wconf 86' lang='lat' dir='ltr'>reconfortez,</span> <span class='ocrx_word' id='word_1_1363' title='bbox 2257 3745 2290 3776; x_wconf 69' lang='grc' dir='ltr'>δε</span> <span class='ocrx_word' id='word_1_1364' title='bbox 2306 3755 2356 3783; x_wconf 85' lang='lat' dir='ltr'>pai·</span> 
     </span>
     <span class='ocr_line' id='line_1_184' title="bbox 1294 3784 2356 3833; baseline -0.01 -8"><span class='ocrx_word' id='word_1_1365' title='bbox 1294 3795 1319 3825; x_wconf 88' lang='lat' dir='ltr'>la</span> <span class='ocrx_word' id='word_1_1366' title='bbox 1343 3794 1423 3833; x_wconf 83' lang='lat' dir='ltr'>quele</span> <span class='ocrx_word' id='word_1_1367' title='bbox 1445 3802 1515 3822; x_wconf 82' lang='lat' dir='ltr'>nous</span> <span class='ocrx_word' id='word_1_1368' title='bbox 1536 3790 1705 3821; x_wconf 88' lang='lat' dir='ltr'>entendoms</span> <span class='ocrx_word' id='word_1_1369' title='bbox 1726 3789 1930 3819; x_wconf 87' lang='lat' dir='ltr'>certeinement</span> <span class='ocrx_word' id='word_1_1370' title='bbox 1949 3787 1982 3816; x_wconf 85' lang='lat'>&amp;</span> <span class='ocrx_word' id='word_1_1371' title='bbox 2005 3784 2183 3822; x_wconf 83' lang='lat' dir='ltr'>fiablement,</span> <span class='ocrx_word' id='word_1_1372' title='bbox 2202 3793 2259 3820; x_wconf 87' lang='lat' dir='ltr'>que</span> <span class='ocrx_word' id='word_1_1373' title='bbox 2281 3791 2356 3814; x_wconf 86' lang='lat' dir='ltr'>totes</span> 
     </span>
     <span class='ocr_line' id='line_1_185' title="bbox 1294 3820 2358 3868; baseline -0.009 -5"><span class='ocrx_word' id='word_1_1374' title='bbox 1294 3843 1354 3864; x_wconf 85' lang='lat' dir='ltr'>noz</span> <span class='ocrx_word' id='word_1_1375' title='bbox 1374 3832 1522 3868; x_wconf 85' lang='lat' dir='ltr'>bosoignes</span> <span class='ocrx_word' id='word_1_1376' title='bbox 1540 3829 1565 3860; x_wconf 90' lang='lat' dir='ltr'>se</span> <span class='ocrx_word' id='word_1_1377' title='bbox 1586 3829 1739 3859; x_wconf 88' lang='lat' dir='ltr'>merroient</span> <span class='ocrx_word' id='word_1_1378' title='bbox 1761 3826 1821 3864; x_wconf 85' lang='lat' dir='ltr'>plus</span> <span class='ocrx_word' id='word_1_1379' title='bbox 1834 3824 2069 3855; x_wconf 87' lang='lat' dir='ltr'>honurablernent</span> <span class='ocrx_word' id='word_1_1380' title='bbox 2082 3823 2117 3853; x_wconf 90' lang='lat'>&amp;</span> <span class='ocrx_word' id='word_1_1381' title='bbox 2131 3820 2358 3860; x_wconf 82' lang='lat' dir='ltr'>profitablement</span> 
     </span>
     <span class='ocr_line' id='line_1_186' title="bbox 1296 3882 1703 3910; baseline -0.015 -8"><span class='ocrx_word' id='word_1_1382' title='bbox 1296 3882 1349 3910; x_wconf 85' lang='lat' dir='ltr'>pur</span> <span class='ocrx_word' id='word_1_1383' title='bbox 1365 3882 1443 3901; x_wconf 52' lang='lat' dir='ltr'>nou-s.</span> <span class='ocrx_word' id='word_1_1384' title='bbox 1698 3905 1703 3909; x_wconf 94' lang='lat'>.</span> 
     </span>
     <span class='ocr_line' id='line_1_187' title="bbox 1335 3897 2353 3944; baseline -0.013 -4"><span class='ocrx_word' id='word_1_1385' title='bbox 1335 3910 1370 3941; x_wconf 89' lang='lat' dir='ltr'>Et</span> <span class='ocrx_word' id='word_1_1386' title='bbox 1391 3910 1506 3943; x_wconf 79' lang='lat' dir='ltr'>sachez,</span> <span class='ocrx_word' id='word_1_1387' title='bbox 1524 3905 1656 3936; x_wconf 88' lang='lat' dir='ltr'>treschire</span> <span class='ocrx_word' id='word_1_1388' title='bbox 1675 3904 1735 3935; x_wconf 90' lang='lat' dir='ltr'>Sire</span> <span class='ocrx_word' id='word_1_1389' title='bbox 1757 3904 1790 3934; x_wconf 86' lang='lat'>&amp;</span> <span class='ocrx_word' id='word_1_1390' title='bbox 1812 3901 1903 3944; x_wconf 75' lang='lat' dir='ltr'>Pete,</span> <span class='ocrx_word' id='word_1_1391' title='bbox 1919 3910 1990 3939; x_wconf 86' lang='lat' dir='ltr'>que,</span> <span class='ocrx_word' id='word_1_1392' title='bbox 2009 3909 2062 3937; x_wconf 90' lang='lat' dir='ltr'>por</span> <span class='ocrx_word' id='word_1_1393' title='bbox 2075 3897 2242 3938; x_wconf 84' lang='lat' dir='ltr'>letresgrant</span> <span class='ocrx_word' id='word_1_1394' title='bbox 2265 3897 2353 3936; x_wconf 81' lang='lat' dir='ltr'>desir,</span> 
     </span>
     <span class='ocr_line' id='line_1_188' title="bbox 1298 3937 2354 3986; baseline -0.012 -7"><span class='ocrx_word' id='word_1_1395' title='bbox 1298 3958 1353 3986; x_wconf 83' lang='lat' dir='ltr'>que</span> <span class='ocrx_word' id='word_1_1396' title='bbox 1375 3958 1446 3977; x_wconf 87' lang='lat' dir='ltr'>nous</span> <span class='ocrx_word' id='word_1_1397' title='bbox 1466 3954 1566 3976; x_wconf 88' lang='lat' dir='ltr'>avoms</span> <span class='ocrx_word' id='word_1_1398' title='bbox 1587 3954 1622 3974; x_wconf 84' lang='lat' dir='ltr'>eu</span> <span class='ocrx_word' id='word_1_1399' title='bbox 1641 3944 1677 3974; x_wconf 93' lang='lat' dir='ltr'>de</span> <span class='ocrx_word' id='word_1_1400' title='bbox 1696 3952 1767 3972; x_wconf 89' lang='lat' dir='ltr'>vous</span> <span class='ocrx_word' id='word_1_1401' title='bbox 1785 3950 1866 3976; x_wconf 86' lang='lat' dir='ltr'>veer,</span> <span class='ocrx_word' id='word_1_1402' title='bbox 1886 3942 1905 3969; x_wconf 84' lang='lat' dir='ltr'>li</span> <span class='ocrx_word' id='word_1_1403' title='bbox 1926 3948 2043 3977; x_wconf 71' lang='lat' dir='ltr'>avom,</span> <span class='ocrx_word' id='word_1_1404' title='bbox 2060 3944 2142 3968; x_wconf 88' lang='lat' dir='ltr'>avant</span> <span class='ocrx_word' id='word_1_1405' title='bbox 2162 3947 2208 3967; x_wconf 89' lang='lat' dir='ltr'>ces</span> <span class='ocrx_word' id='word_1_1406' title='bbox 2232 3937 2354 3979; x_wconf 74' lang='lat' dir='ltr'>houres,</span> 
     </span>
     <span class='ocr_line' id='line_1_189' title="bbox 1298 3974 2354 4023; baseline -0.013 -6"><span class='ocrx_word' id='word_1_1407' title='bbox 1298 3988 1403 4023; x_wconf 84' lang='lat' dir='ltr'>plusors</span> <span class='ocrx_word' id='word_1_1408' title='bbox 1415 3987 1474 4015; x_wconf 82' lang='lat' dir='ltr'>foiz</span> <span class='ocrx_word' id='word_1_1409' title='bbox 1486 3991 1601 4023; x_wconf 83' lang='lat' dir='ltr'>grantez</span> <span class='ocrx_word' id='word_1_1410' title='bbox 1612 3983 1698 4012; x_wconf 87' lang='lat' dir='ltr'>trieue</span> <span class='ocrx_word' id='word_1_1411' title='bbox 1713 3982 1746 4011; x_wconf 89' lang='lat'><strong>&amp;</strong></span> <span class='ocrx_word' id='word_1_1412' title='bbox 1759 3977 1897 4022; x_wconf 76' lang='lat' dir='ltr'>suffrance</span> <span class='ocrx_word' id='word_1_1413' title='bbox 1910 3978 1946 4008; x_wconf 88' lang='lat' dir='ltr'>de</span> <span class='ocrx_word' id='word_1_1414' title='bbox 1957 3985 2054 4016; x_wconf 86' lang='lat' dir='ltr'>guerre</span> <span class='ocrx_word' id='word_1_1415' title='bbox 2075 3986 2091 4006; x_wconf 93' lang='lat' dir='ltr'>a</span> <span class='ocrx_word' id='word_1_1416' title='bbox 2110 3975 2147 4005; x_wconf 88' lang='lat' dir='ltr'>les</span> <span class='ocrx_word' id='word_1_1417' title='bbox 2166 3974 2285 4012; x_wconf 86' lang='lat' dir='ltr'>Escotz,</span> <span class='ocrx_word' id='word_1_1418' title='bbox 2304 3982 2354 4012; x_wconf 86' lang='lat' dir='ltr'>qui</span> 
     </span>
     <span class='ocr_line' id='line_1_190' title="bbox 1297 4013 2356 4056; baseline -0.011 -2"><span class='ocrx_word' id='word_1_1419' title='bbox 1297 4025 1325 4055; x_wconf 89' lang='lat' dir='ltr'>se</span> <span class='ocrx_word' id='word_1_1420' title='bbox 1337 4028 1440 4056; x_wconf 90' lang='lat' dir='ltr'>tienent</span> <span class='ocrx_word' id='word_1_1421' title='bbox 1454 4023 1489 4053; x_wconf 90' lang='lat' dir='ltr'>de</span> <span class='ocrx_word' id='word_1_1422' title='bbox 1501 4021 1598 4051; x_wconf 90' lang='lat' dir='ltr'>nostre</span> <span class='ocrx_word' id='word_1_1423' title='bbox 1614 4018 1764 4056; x_wconf 83' lang='lat' dir='ltr'>enemiste,</span> <span class='ocrx_word' id='word_1_1424' title='bbox 1779 4027 1807 4055; x_wconf 86' lang='lat' dir='ltr'>Ja</span> <span class='ocrx_word' id='word_1_1425' title='bbox 1820 4019 1871 4047; x_wconf 78' lang='lat' dir='ltr'>{ott</span> <span class='ocrx_word' id='word_1_1426' title='bbox 1883 4026 1917 4046; x_wconf 93' lang='lat' dir='ltr'>ce</span> <span class='ocrx_word' id='word_1_1427' title='bbox 1931 4026 1986 4054; x_wconf 89' lang='lat' dir='ltr'>que</span> <span class='ocrx_word' id='word_1_1428' title='bbox 2001 4025 2034 4046; x_wconf 94' lang='lat' dir='ltr'>ce</span> <span class='ocrx_word' id='word_1_1429' title='bbox 2048 4013 2104 4046; x_wconf 85' lang='lat' dir='ltr'>sust</span> <span class='ocrx_word' id='word_1_1430' title='bbox 2119 4023 2134 4043; x_wconf 86' lang='lat' dir='ltr'>a</span> <span class='ocrx_word' id='word_1_1431' title='bbox 2146 4022 2225 4053; x_wconf 82' lang='lat' dir='ltr'>grant</span> <span class='ocrx_word' id='word_1_1432' title='bbox 2238 4013 2356 4050; x_wconf 84' lang='lat' dir='ltr'>damage</span> 
     </span>
    </p>
   </div>
   <div class='ocr_carea' id='block_1_37' title="bbox 1297 4052 2359 4124">
    <p class='ocr_par' dir='ltr' id='par_1_56' title="bbox 1297 4052 2359 4124">
     <span class='ocr_line' id='line_1_191' title="bbox 1297 4052 2359 4124; baseline -0.015 -29"><span class='ocrx_word' id='word_1_1433' title='bbox 1297 4064 1333 4095; x_wconf 87' lang='lat'>&amp;</span> <span class='ocrx_word' id='word_1_1434' title='bbox 1346 4063 1487 4095; x_wconf 85' lang='lat' dir='ltr'>deshonur</span> <span class='ocrx_word' id='word_1_1435' title='bbox 1502 4059 1538 4091; x_wconf 87' lang='lat' dir='ltr'>de</span> <span class='ocrx_word' id='word_1_1436' title='bbox 1551 4069 1642 4097; x_wconf 76' lang='lat' dir='ltr'>nous;</span> <span class='ocrx_word' id='word_1_1437' title='bbox 1660 4059 1713 4097; x_wconf 85' lang='lat'>&amp;,</span> <span class='ocrx_word' id='word_1_1438' title='bbox 1730 4066 1777 4095; x_wconf 83' lang='lat' dir='ltr'>par</span> <span class='ocrx_word' id='word_1_1439' title='bbox 1788 4055 1912 4124; x_wconf 56' lang='lat' dir='ltr'>1mezisme</span> <span class='ocrx_word' id='word_1_1440' title='bbox 1935 4054 1960 4085; x_wconf 84' lang='lat' dir='ltr'>la</span> <span class='ocrx_word' id='word_1_1441' title='bbox 1984 4053 2083 4092; x_wconf 84' lang='lat' dir='ltr'>reson,</span> <span class='ocrx_word' id='word_1_1442' title='bbox 2098 4052 2264 4094; x_wconf 83' lang='lat' dir='ltr'>grantasmes</span> <span class='ocrx_word' id='word_1_1443' title='bbox 2281 4057 2359 4118; x_wconf 50' lang='grc' dir='ltr'>ἓξὲξ</span> 
     </span>
    </p>
   </div>
  </div>
 </body>
</html>
