2560 4261
652 198 763 244 ET
847 195 1114 241 ACTA

0 296 60 334 ..D
72 297 128 334 sine
143 296 277 331 consensu
290 297 323 328 &
336 294 481 327 voluntate
496 291 576 331 ipsius
585 315 594 329 ,
612 299 713 329 pacem
727 288 774 320 vel
789 286 974 319 concordiam
993 292 1040 315 aut
1061 291 1136 314 treu-

0 352 38 375 >1-
73 350 138 383 gam
152 339 272 380 aliquam
286 336 428 366 faciemus.
517 370 522 374 .
604 369 609 374 .
741 367 746 371 ¹
918 365 922 369 Ι
977 364 982 370 μ

111 387 140 418 4.
156 377 202 407 Ad
217 382 353 412 majorem
366 374 460 401 autem
474 370 555 407 hujus
571 378 611 398 rei
625 374 795 397 memoriam
810 364 845 395 ὃς
856 362 1053 394 certitudinem
1067 368 1139 398 prae-

75 418 134 450 sens
150 415 216 447 inde
230 414 363 450 scriptum
376 409 436 439 fieri
449 408 629 447 praecipimus
643 407 678 437 &
694 404 783 444 sigillo
798 402 896 433 nostro
910 402 1021 432 muniri.

115 495 158 524 Et
171 489 319 522 notandum
334 486 406 527 quod
416 484 473 514 haec
489 488 576 514 Carta
583 482 668 524 faei‘a
675 480 736 520 fuit
751 479 824 519 apud
836 479 915 509 Chin.
932 478 1028 522 decimi)
1042 480 1141 521 quarto

79 534 120 564 die
136 529 274 565 cerebris,
290 528 378 555 Anno
391 527 475 562 Regni
487 526 597 553 Domini
610 524 687 558 Regi—s
701 519 752 550 III.
791 520 831 547 Et
845 517 963 547 liberata
976 516 1032 555 fuit
1046 525 1075 543 m
1088 516 1142 543 Ca-

78 572 153 601 i'nera
163 571 198 598 B.
217 564 332 602 clerico,
346 563 434 593 eodem
446 562 496 592 die.

83 630 1145 651 W

165 692 215 726 De
234 686 484 734 Confoederatione
501 691 572 718 cam
591 685 744 716 Navarra
761 684 837 729 Rege
855 677 1052 725 observanda.

4 773 60 805 -Β-
115 776 269 814 Ohannes,
286 774 343 805 Dei
357 772 457 813 gratia,
475 772 536 802 &c
555 768 675 800 Civibus
691 768 726 798 de
740 767 827 798 Baon.
1122 803 1128 807 Π

0 822 42 844 :>1.
147 815 243 846 Sciatis
265 812 343 852 quod
366 821 418 841 nos
435 811 469 842 &
492 809 557 839 Rex
573 808 714 838 Navarrae
728 804 916 837 confcederati
929 804 1020 835 sumus
1035 802 1143 834 adinVi-

6 862 30 889 3-
80 864 164 892 cem,
182 852 258 884 unde
269 852 351 883 vobis
374 848 537 879 mandamus
559 848 592 878 &
616 844 731 876 firmiter
753 845 921 884 injungimus
944 842 1023 881 quod
1043 849 1144 873 ornnes

82 891 258 923 Mercator&
274 891 307 921 δε
320 889 450 919 homines
464 886 500 916 de
513 894 584 915 terra
600 884 689 923 Regis
705 883 845 914 Navarrae
855 882 889 912 ad
910 891 963 912 vos
984 882 1144 915 venientes,

14 937 39 965 3-
83 932 117 962 &
132 940 182 968 per
196 939 248 961 vos
262 928 404 959 transitum
416 925 548 956 facientes
562 920 720 954 honorifice
739 922 891 960 recipiatis,
909 922 943 952 ὃς
965 921 1003 950 eis
1025 926 1144 949 omnem

2 977 31 995 n·
81 969 223 999 honorem
238 966 397 997 exhibeatis,
1106 994 1111 998 η

0 1014 63 1042 2-30·
118 1007 308 1037 Prohibemus
322 1005 406 1034 etiam
421 1002 504 1033 vobis
519 1011 556 1031 ne
569 1001 700 1031 homines
715 999 803 1038 Regis
826 997 957 1028 Castellae
979 1001 1125 1031 receptetis
1134 1015 1145 1031 ‚

80 1056 135 1076 nec
149 1046 186 1075 eis
197 1043 346 1075 confilium
360 1041 406 1073 vel
420 1040 552 1071 auxilium
565 1038 777 1077 praestetis,nec
791 1047 859 1068 cum
875 1037 913 1066 eis
926 1035 1048 1072 aliquam
1063 1041 1146 1075 com-

79 1081 356 1154 ffluniambhabeatis
402 1078 492 1110 Teste
514 1077 621 1116 meipso
641 1077 715 1114 apud
737 1075 800 1116 Sag.
822 1074 958 1106 vicesimo
980 1078 1081 1110 quarto
1100 1069 1146 1100 die

118 1131 204 1153 ovem
226 1131 268 1150 ris.

118 1159 341 1191 Archidiaconus
353 1155 480 1188 Stafford
493 1156 577 1185 habet
591 1154 692 1186 litteras
708 1152 831 1184 Domini
851 1150 940 1189 Regis
961 1147 1090 1179 Parentes
1111 1146 1146 1177 ad

81 1199 198 1239 Regem
214 1197 356 1228 Navarrae
373 1205 421 1234 per
436 1204 538 1225 terram
553 1193 629 1224 suam
642 1193 678 1222 de
694 1190 851 1222 conductu.

78 1325 128 1357 De
155 1318 340 1365 Testamenta
367 1317 535 1363 Constantia
556 1316 708 1363 quondam
738 1315 887 1360 Comittffie
913 1317 1072 1348 Britannia
1096 1313 1147 1347 ob-

521 1364 688 1411 servando,

22 1472 53 1504 D
119 1455 270 1494 ohannes,
289 1455 348 1487 Dei
363 1455 464 1493 gratia,
482 1452 543 1483 &c.

0 1485 33 1542 {³2
57 1498 62 1503 '
155 1494 309 1525 Batonibus
330 1493 478 1523 Britannice
530 1491 591 1521 &c
619 1487 793 1520 Mandamns
814 1489 897 1519 vobis
918 1494 1046 1528 rogantes
1068 1488 1148 1527 quod

38 1536 44 1541 ‘
116 1533 334 1563 Testamentum
349 1530 387 1561 C.
407 1515 551 1569 quondam
566 1528 729 1559 Comitiffae
744 1527 910 1564 Britanniae,
926 1527 995 1558 ficut
1010 1527 1065 1565 ipsa
1079 1527 1147 1558 illud

7 1562 33 1589 3'
79 1570 274 1602 rationabiliter
289 1569 435 1607 condidit,
454 1569 487 1599 &
510 1567 664 1598 secundum
687 1566 865 1604 Dominum,
885 1568 974 1597 teneri
995 1567 1099 1596 faciatis
1119 1565 1149 1596 in

78 1610 129 1640 hiis
148 1618 213 1647 quae
225 1608 260 1638 ad
274 1618 326 1638 nos
342 1609 500 1646 pertinent,
513 1616 551 1637 ne
567 1606 713 1636 Dominus
728 1605 822 1644 Papa,
838 1604 885 1636 vel
896 1605 962 1636 alius
975 1604 1009 1635 ad
1025 1605 1083 1636 hoc
1098 1604 1148 1635 de-

0 1638 34 1694 ,jj
78 1647 143 1679 beat
154 1656 273 1678 manum
287 1656 441 1685 apponere.

0 1713 66 1742 ⁷⁷'5'
120 1724 210 1757 Teste
224 1724 332 1762 meipso
345 1723 418 1763 apud
434 1723 516 1755 Lich.
537 1721 679 1754 tricesimo
694 1721 739 1753 die
750 1721 882 1760 Januarii.

83 1849 299 1897 Confoederatio
314 1850 405 1896 fabia
431 1853 508 1883 inter
532 1852 676 1883 Sancium
702 1851 856 1883 Navarrae
878 1851 1006 1896 Regem,
1030 1852 1067 1887 &-
1085 1848 1150 1896 Jo-

418 1897 547 1934 hannem
563 1902 672 1946 Regem
692 1898 818 1944 Angliae.

0 1998 65 2030 Η),
86 1998 112 2019 1.
133 1985 306 2049 SAncius,
324 1983 384 2017 Dei
397 1986 499 2026 gratia,
516 1984 582 2016 Rex
595 1982 778 2022 Navarrum,
796 1983 945 2023 omnibus,
964 1985 1024 2016 ἃς.

0 2046 48 2069 02.
211 2026 342 2056 Noverit
355 2023 516 2055 universitas
531 2023 622 2053 vestra
637 2033 690 2053 nos
705 2023 802 2054 fecisse
817 2025 849 2054 &
866 2023 986 2053 firmasse
1000 2032 1101 2061 pacem
1117 2023 1151 2054 &

6 2088 32 2115 3,
81 2074 179 2095 veram
199 2064 351 2093 amicitiam
373 2064 408 2094 &
429 2069 591 2101 perpetuam
614 2061 891 2092 confcederationem
918 2071 988 2092 cum
1016 2061 1152 2092 Domino

0 2137 3 2144 ‚
77 2103 210 2143 Johanne
230 2101 329 2133 illustri
342 2100 426 2142 Rege
442 2099 553 2140 Angliae
568 2101 602 2133 8(-
616 2099 786 2132 Haeredibus
802 2100 853 2131 suis
877 2109 1015 2138 perpetuo
1038 2099 1153 2131 duratu-

81 2152 150 2172 ram.

0 2164 45 2220 m}-
118 2190 146 2211 2.
173 2176 315 2211 Dabimus
341 2180 426 2210 etiam
448 2178 541 2210 eidem
564 2178 640 2218 Regi
662 2178 776 2216 Angliae
795 2178 829 2210 &
850 2177 1021 2209 Haeredibus
1041 2177 1093 2208 suis
1117 2178 1152 2209 &

0 2240 66 2268 ⁷²·5·
80 2216 291 2250 succedentibus
312 2217 444 2249 auxilium
467 2217 500 2249 ὃς
515 2217 666 2248 consilium
687 2225 787 2248 contra
805 2226 906 2247 omnes
927 2215 1058 2247 homines
1080 2216 1153 2254 (solo

83 2258 172 2302 Rege*
188 2256 405 2301 Moroccorum
425 2257 558 2325 excepto)
582 2265 636 2286 nec
659 2266 728 2299 cutm
749 2256 844 2294 aliquo
866 2257 1050 2286 inimicorum
1064 2256 1153 2295 Regis

85 2296 216 2334 Angliae,
234 2294 385 2335 postquam
398 2294 475 2325 idem
523 2304 557 2325 ex
568 2294 651 2325 nobis
663 2295 732 2325 scire
747 2295 844 2325 fecerit
859 2294 939 2332 quod
950 2295 1081 2326 inimicus
1096 2297 1154 2335 ejus

84 2335 118 2367 sit
152 2343 252 2373 pacem
268 2335 419 2373 faciemus,
436 2333 487 2364 nisi
502 2333 580 2364 idern
595 2332 661 2376 Rex
672 2333 755 2363 fuerit
769 2334 798 2362 in
811 2342 881 2372 pace
895 2332 947 2364 illa.

8 2380 69 2410 ηε,
122 2359 142 2394 3*
183 2396 189 2403 .
208 2372 278 2403 Nec
293 2380 420 2417 treugam
434 2373 592 2412 capiemus,
610 2371 684 2402 nisii
705 2371 731 2401 se
745 2371 828 2402 fuerit
841 2372 869 2401 in
883 2379 978 2409 treuga
991 2371 1044 2403 illa.

85 2382 570 2483 ...transnatasset
586 2409 640 2480 aff
661 2409 732 2441 s...
752 2410 783 2440 1¹¹
797 2410 931 2441 m...
944 2412 979 2443 ἃ
993 2421 1044 2452 Pr
1057 2413 1155 2444 <mia

123 2497 153 2533 ς..
166 2489 306 2520 Praeterea
317 2459 473 2519 scienduni'
479 2487 557 2525 quod
566 2459 624 2517 Psios
639 2496 709 2517 curn
722 2486 849 2526 Regibus
863 2485 993 2518 Castellae
1014 2490 1048 2520 &
1069 2490 1154 2521 Arra-

84 2537 181 2568 gomae
195 2537 295 2564 pacem
308 2526 354 2557 vel
369 2535 497 2563 treugam
512 2535 573 2556 non
588 2525 737 2563 faciemus,
756 2526 806 2555 nili
819 2526 893 2566 prius
906 2526 1075 2558 satisfaCtum
1091 2529 1154 2559 fue.

86 2569 124 2598 rit
136 2565 275 2606 praedi&o
288 2564 336 2595 Re
355 2565 488 2604 iAngliae
503 2563 539 2595 de
554 2563 671 2602 querelis
688 2574 752 2603 quae
767 2563 828 2595 sunt
845 2565 917 2595 inter
930 2565 1017 2603 ipsos·
1038 2567 1110 2598 salva
1125 2569 1154 2598 in

87 2604 221 2637 omnibus
236 2574 480 2646 confoeffieratione
497 2603 663 2642 praescripta.
1010 2590 1021 2604 ²

122 2643 151 2686 ῤ.
172 2641 218 2673 Ad
233 2650 370 2679 majorem
382 2648 477 2670 autern
490 2641 570 2678 hujus
586 2642 625 2670 rei
636 2640 814 2678 firmitatem,
828 2640 908 2680 supet·
934 2641 1062 2673 Crucem
1086 2643 1155 2675 Do-

88 2682 225 2724 mmicam
238 2680 273 2710 &
287 2679 480 2722 Sacro-sandta
494 2677 646 2722 Evangelia
654 2679 808 2718 juravimus
824 2679 902 2718 quod
914 2680 994 2720 haec,
1010 2681 1086 2713 bona
1098 2682 1155 2714 fide

91 2719 211 2752 fideliter
225 2718 259 2752 &
274 2716 391 2749 firmiter
402 2717 623 2750 observabimus.

86 2796 224 2829 Testibus
230 2821 241 2836 ‚

88 2875 204 2905 Domino
217 2875 252 2903 G.
272 2873 413 2913 Pampilon
431 2871 570 2915 Epifiopo,

88 2916 208 2943 Gometio
225 2913 256 2942 de
270 2912 435 2952 Agoncdlo,

88 2954 151 2981 Gar
161 2962 190 2980 ta
205 2953 283 2980 Petri
296 2951 328 2980 de
344 2954 470 2983 Moriata

91 2951 214 3020 Rodesrico
229 2989 261 3018 de
275 2991 384 3020 Bertan
392 3013 403 3030 ,
477 2975 488 2992 ³

639 2875 737 2905 Pontio
750 2875 781 2906 de
799 2875 935 2915 Lacinia,

639 2915 766 2943 Evetone
783 2914 814 2944 a'e
826 2917 937 2944 Geireiz
949 2911 988 2951 &-

638 2956 756 2983 Cometio
768 2955 926 2984 Inventore.

126 3065 230 3097 Testes
244 3075 279 3097 ex
293 3074 370 3104 parte
381 3066 469 3108 Regis
483 3066 594 3108 Angliae
607 3067 669 3100 sunt
683 3068 723 3101 hii
738 3066 879 3108 Domini,

89 3143 127 3171 E.
148 3141 295 3180 Burdogal.
310 3141 544 3183 Archiepiscopus,

90 3182 136 3249 {1¹23
148 3179 331 3258 ἶῗῖἔὲῂό
356 3194 381 3244 }
406 3197 535 3239 Epifivpi·

91 3258 135 3287 A.
155 3229 245 3286 coines
259 3254 418 3296 Engelofin,

91 3298 135 3325 A.
156 3297 302 3325 Vicecomes
317 3298 410 3325 Toarc.
642 3300 682 3328 H.
702 3300 918 3331 Archidiaconus
931 3300 1061 3341 Stafflrd.

96 3335 142 3363 W.
162 3337 252 3363 Comes
263 3336 377 3370 Sarum,
643 3339 688 3366 W.
709 3340 839 3377 Brewer,

96 3373 132 3402 R.
153 3372 185 3402 de
199 3371 340 3414 Turnham
353 3370 512 3410 Senefiallus
532 3374 605 3404 picit.
644 3377 680 3404 G.
701 3375 732 3405 de
745 3377 894 3408 Furnivall'

132 3407 172 3445 ό·
185 3409 294 3450 Vascon.
644 3415 742 3451 Regon.
759 3415 790 3444 de
803 3401 906 3446 Saceio?

640 3147 721 3176 Patr.
740 3146 773 3176 de
785 3145 901 3176 Peatell.

640 3188 668 3213 S.
690 3184 801 3214 VVellen.
821 3185 1054 3223 Archia'iaconus,

641 3222 726 3290 the
741 3223 859 3262 Rupibus
871 3223 1068 3264 Thefirurarius
1093 3225 1155 3254 Pic-

694 3272 744 3291 av.

131 3486 242 3531 Actum
256 3485 411 3530 Engolifin.
431 3495 531 3525 quarto
541 3487 587 3518 die
601 3488 763 3533 Februarii,
779 3491 868 3523 Anno
882 3492 1082 3525 incarnationis
1090 3491 1158 3525 Do*

97 3524 210 3557 minicae
223 3524 381 3557 Millefimo
396 3524 603 3557 Ducentesimo
617 3526 725 3560 Primo.

99 3667 149 3703 De
165 3668 258 3714 shlvo
281 3667 428 3705 condustu
455 3671 576 3705 Nuncio
599 3667 769 3714 constancia
797 3675 930 3721 Infantis
939 3672 1054 3721 sbroris
1074 3676 1161 3722 Regis

483 3722 638 3755 Navarra
650 3719 779 3766 concaeffi.

1 3817 84 3850 m'D'
163 3800 222 3835 EX
231 3828 247 3849 ,²
258 3804 320 3850 Sec.
338 3803 501 3845 Omnibus,
519 3807 582 3852 ὄις.
656 3846 661 3852 .

1 3865 64 3933 ἒξ·
100 3876 179 3909 tione
193 3841 461 3914 Egiffffieffi
472 3844 1162 3924 ffigssffisssssffissffflfflmffissffi:

16 3954 22 3961 .
104 3915 156 3945 οἰκ
166 3915 282 3961 Instatis
294 3919 405 3952 Sororis
417 3921 508 3960 Regis
519 3921 668 3954 Navarrae.

3 3978 21 3999 t.
38 3981 65 4009 3.
142 3952 180 3985 Et
193 3955 258 3987 “300
271 3958 353 4003 vobis
365 3960 530 3992 mandamus
546 3960 625 4006 quod
637 3959 743 4005 ipsum,
760 3969 828 3992 cum
849 3961 932 4005 rebus
951 3961 1021 4002 suis,
1037 3972 1089 4004 per
1106 3970 1163 3994 ter.

3 4008 8 4020 '
46 4025 58 4032 .
101 3992 317 4069 Ρᾟωῐίῑτῡὲξῐέῐῐὶ,
332 3996 420 4030 libere
433 3999 468 4031 δε
481 4000 539 4030 sine
550 3999 774 4040 impedimento,
791 3999 845 4030 hac
859 4007 941 4038 mee,
958 4001 998 4032 ire
1018 4003 1052 4033 &
1072 4001 1163 4033 redire

4 4055 90 4085 ’'¹·5·
103 4066 383 4140 ωέιξυξὲοῑξξὲῗω
402 4085 441 4110 ”e
457 4076 555 4120 ³1³⁶&ss
575 4077 603 4111 ei
623 4075 783 4111 “Uestiam
795 4098 806 4116 2
829 4076 958 4116 injuriam
976 4077 1024 4112 vel
1043 4078 1164 4118 impedi-

139 4146 213 4181 Tm.
223 4146 251 4177 I.
268 4146 302 4177 P.
319 4148 346 4179 Ι.

2 3932 14 3960 'e

1196 191 1673 237 PussLicA.
2183 207 2235 248 41

1217 280 1309 325 Teste
1329 279 1436 320 meipso
1453 279 1529 323 apud
1551 279 1637 311 Chin.
1655 280 1771 312 decimo
1790 279 1896 313 osi-„avo
1915 279 1962 311 die
1976 279 2136 317 Februarii,
2154 278 2242 310 Anno
2263 274 2389 311 Anni).

1184 319 1281 359 Regni
1294 319 1382 350 nostri
1396 327 1489 349 tertio.
2286 324 2368 345 1202.

1186 443 1347 477 Arthurus
1366 447 1444 479 Dux
1459 445 1577 477 Britan.
1597 442 1800 489 fhmmonitus
1826 443 2000 491 homagium
2023 443 2157 492 praestare
2181 442 2245 490 Jo-

1621 490 1714 524 hann'i
1738 494 1822 538 Regi.

1186 578 1312 642 REX
1348 579 1409 611 &c
1429 574 1547 609 Diiee'to
1561 578 1659 646 nepoti
1671 576 1720 607 suo
1734 575 1829 607 Artur.
1848 576 1908 607 ὅτε.
2270 572 2346 607 Αῃῃ,
2359 572 2399 608 D.

1292 604 1462 648 ivfandamus
1476 617 1575 654 vobis,
1605 623 1804 646 ummonentes
1820 625 1889 652 VOS,
1909 615 1985 652 quod
2000 615 2053 645 fitis
2076 616 2110 645 ad
2132 626 2199 654 rios,
2217 619 2247 646 a'-
2293 625 2377 646 1202.

1188 656 1246 693 pud
1262 656 1380 695 Argent.
1398 658 1427 686 in
1441 655 1560 686 Oetabis
1573 654 1703 693 Paschae,
1720 654 1821 685 facturi
1834 653 1916 683 nobis
1933 652 2011 690 quod
2032 653 2123 684 facere
2143 654 2249 684 debetis
2271 657 2323 682 An.
2344 665 2368 691 3.

1188 694 1255 734 ligio
1271 694 1404 725 Domino
1417 694 1520 725 vestro.
2269 692 2333 730 Jivh.

1227 732 1295 763 Nos
1308 742 1402 764 autern
1417 733 1534 763 libenter
1548 732 1683 762 faciemus
1695 731 1778 762 vobis
1799 729 1878 769 quod
1897 729 1991 760 facere
2009 728 2145 760 debemus
2162 729 2249 761 charo
2267 735 2325 759 Pat.
2347 742 2373 768 3.

1189 772 1288 809 nepoti
1300 771 1400 802 nostro
1414 772 1448 802 ὃς
1462 772 1528 811 ligio
1542 770 1653 801 homini
1667 769 1775 801 nostro.
2264 768 2364 813 than-
2397 811 2400 814 Α

1227 847 1318 878 Teste
1332 847 1440 886 meipso
1454 847 1527 888 apud
1541 846 1643 878 Andel.
1662 847 1797 878 vicesimo
1810 846 1928 884 septimo
1942 846 1988 877 die
2004 844 2111 876 Martii.
2270 810 2402 881 zizimi-,¹6¹

1194 977 1220 1003 ἒ*
1246 978 1346 1026 Qod
1371 977 1513 1012 Andreas
1543 978 1816 1071 CleJ'cudeudov.
1851 982 1881 1010 in
1901 990 1974 1025 pace
2000 988 2098 1012 teneat
2123 978 2257 1012 redditus
2277 979 2326 1007 *1-
2344 987 2405 1016 129-²

1611 1035 1662 1059 uos·
1701 1038 1715 1059 e
1738 1029 1850 1072 Deppa.

1193 1114 1336 1178 REX,
1354 1117 1414 1147 &c
1434 1114 1499 1146 Ball.
1519 1114 1555 1145 de
1579 1111 1667 1158 Arch.
1684 1114 1745 1157 ἃς.
1763 1113 1948 1161 IJijaecipIrrius
1969 1117 2029 1159 tibi.
2044 1117 2136 1160 quod¹
2149 1116 2202 1161 Ma
2224 1118 2257 1147 's-
2276 1121 2352 1154 Anu,
2366 1120 2409 1154 D⁵

1257 1195 1261 1199 ¹
1275 1164 1352 1199 trum
1367 1154 1530 1192 Andream,
1550 1151 1697 1183 Clericum
1709 1151 1804 1195 dilech
1819 1160 1930 1189 nepotis
1945 1154 2032 1182 nosti-i
2049 1153 2173 1185 Comitis
2224 1166 2257 1186 u-
2298 1171 2383 1192 1202.

1193 1194 1308 1231 dovici,
1326 1193 1408 1224 facias
1422 1195 1451 1223 in
1467 1202 1536 1231 pace
1549 1200 1645 1221 tenere
1656 1189 1778 1220 redditus
1792 1190 1854 1220 suos
1869 1190 1905 1220 de
1920 1189 2038 1233 Deppa:
2056 1192 2093 1223 Et
2105 1203 2165 1223 non
2178 1193 2257 1224 susti·
2277 1204 2329 1228 Aa.
2353 1210 2378 1238 3,

1195 1243 1259 1263 neas
1275 1231 1355 1271 quod
1369 1233 1465 1271 aliquis
1480 1232 1506 1261 ei
1520 1229 1586 1261 inde
1602 1229 1682 1261 faciat
1696 1227 1855 1259 molestiam
1868 1228 1915 1259 vel
1929 1229 2064 1267 injuriam.
2272 1238 2339 1276 Joh·

1230 1313 1322 1344 Teste
1336 1311 1442 1351 meipso
1454 1311 1528 1350 apud
1544 1309 1645 1340 Andel.
1665 1309 1802 1340 vicesimo
1816 1309 1935 1347 septimo
1949 1308 1995 1339 die
2012 1308 2119 1339 Martii.
2277 1281 2401 1381 ξεῖϊηῃζζὸ

2280 1362 2360 1386 man.
2370 1362 2379 1380 1
2405 1368 2412 1387 i

1197 1445 1295 1495 Qod
1317 1446 1440 1479 Milites
1469 1443 1637 1485 Flandriae,
1665 1445 1809 1476 Hanania
1829 1444 1865 1479 &
1894 1440 2061 1474 Brabamiae
2079 1446 2215 1476 venirent
2231 1446 2264 1475 in

1586 1493 1754 1537 firvitium
1770 1494 1868 1537 Regis.

1196 1584 1338 1647 REX,
1363 1584 1424 1616 ὅτε.
1457 1583 1603 1614 Omnibus
1625 1582 1767 1613 Militibus
1789 1580 1941 1618 Flandriae,
1971 1580 2115 1611 Hanoniae
2139 1582 2173 1613 &
2196 1580 2263 1613 Bra-
2284 1579 2410 1611 Anni).

1280 1624 1397 1660 bantiae,
1415 1622 1450 1653 ad
1466 1632 1538 1660 quos
1553 1622 1701 1660 praesentes
1715 1620 1802 1650 literae
1818 1619 2012 1657 pervenerint,
2029 1619 2151 1650 salutem.
2310 1628 2397 1649 1202.

1236 1662 1408 1693 Mandamus
1422 1661 1506 1691 vobis
1520 1660 1597 1698 quod
1612 1659 1729 1690 veniatis
1742 1658 1777 1688 ad
1792 1668 1844 1688 nos
1860 1660 1895 1688 ita
1910 1659 1995 1698 parati
2009 1659 2103 1696 equis,
2120 1659 2154 1689 ὃς
2168 1660 2262 1698 armis,
2282 1662 2334 1686 An.
2353 1666 2383 1694 4-

1197 1702 1231 1733 &
1255 1699 1449 1739 cooperturis,
1466 1699 1566 1729 froenis
1579 1698 1613 1728 ad
1629 1708 1736 1736 equos,
1755 1698 1789 1728 &
1805 1696 1860 1727 aliis
1876 1697 2035 1734 armaturis,
2053 1697 2089 1726 ita
2104 1697 2183 1735 quod
2197 1709 2263 1736 pos-
2283 1697 2346 1734 Joh.

1199 1740 1253 1770 sitis
1267 1738 1426 1770 honorifice
1440 1739 1544 1767 morari
1559 1739 1587 1767 in
1601 1737 1714 1767 servitio
1730 1735 1847 1774 nostro,
1866 1736 1917 1772 ὃς,
1935 1735 2091 1765 secundum
2104 1736 2245 1766 servitium
2255 1761 2264 1774 ,
2285 1739 2342 1762 ΡΜ.
2361 1744 2388 1769 41

1197 1778 1277 1817 quod
1291 1778 1373 1808 nobis
1393 1776 1516 1814 facietis,
1535 1776 1618 1807 vobis
1640 1775 1898 1805 remunerationem
1916 1773 2050 1804 faciemus
2074 1772 2111 1803 de
2131 1775 2210 1804 terris
2232 1775 2266 1806 &
2285 1772 2406 1837 filum-6

1219 1827 1325 1848 ecunia.
2286 1820 2384 1844 mmm
2411 1827 2416 1837 2

1197 1828 1217 1858 p
1236 1855 1274 1886 Et
1287 1855 1375 1886 fidem
1388 1853 1510 1884 habeatis
1524 1853 1576 1883 hiis
1591 1862 1655 1890 quae
1670 1852 1773 1883 Simon
1787 1851 1824 1881 de
1837 1849 1983 1888 Haveret,
1997 1849 2116 1881 dilectus
2131 1851 2164 1882 &
2180 1850 2267 1882 fidelis

1197 1895 1291 1925 homo
1311 1892 1424 1929 noster,
1442 1892 1525 1922 vobis
1546 1891 1620 1921 dicet
1642 1900 1676 1921 ex
1698 1899 1774 1929 parte
1795 1888 1889 1919 nostra
1909 1888 1946 1919 de
1967 1888 2092 1919 adventu
2115 1889 2210 1920 vestro
2231 1890 2266 1921 ad

1199 1944 1269 1972 nos,
1286 1933 1320 1964 &
1335 1932 1372 1963 de
1385 1931 1528 1961 armaturis
1545 1929 1651 1962 vestris.

1201 2011 1328 2081 M'Jeste
1349 2011 1468 2043 Comite
1493 2010 1637 2042 Albemar.
1662 2008 1736 2050 apud
1760 2007 1889 2040 Gomac.
1915 2007 2054 2040 vicesimo
2081 2006 2201 2046 septimo
2223 2005 2269 2043 diei

1242 2061 1284 2081 ¹11.

1202 2188 1269 2220 Rex
1285 2183 1443 2233 Johannes
1460 2183 1691 2219 Subventionem
1710 2192 1813 2215 contra
1831 2183 2020 2215 Francorum
2046 2183 2155 2227 Regem
2174 2176 2270 2224 foedi-

1244 2234 1374 2281 fragam
1400 2233 1440 2267 ab
1467 2232 1642 2268 Abbatibus
1666 2229 1855 2275 Ctstercienfis
1888 2230 2014 2264 Ordinis
2027 2240 2081 2276 per
2100 2226 2272 2271 Eboraceng

1235 2285 1303 2330 fim
1319 2286 1516 2317 Provinciam
1533 2293 1628 2330 rogat.

1201 2374 1326 2436 REX
1335 2400 1345 2414 ,
1363 2374 1423 2406 &c.
1442 2370 1590 2406 Univerfis
1604 2371 1762 2405 Abbatibus
1776 2370 1813 2404 de
1825 2370 1927 2403 ordine
1941 2367 2121 2402 Cistercienfi
2135 2374 2184 2407 per
2199 2366 2273 2400 Pro·
2291 2366 2366 2401 Ann.
2378 2366 2419 2400 D.

1284 2415 1408 2444 vinciam
1424 2413 1557 2444 Eborum
1574 2412 1751 2451 constitutis,
1770 2414 1831 2444 &c.
2310 2419 2395 2440 1202u

1239 2452 1310 2484 Satis
1324 2452 1428 2491 nostis,
1447 2453 1518 2483 ficut
1531 2460 1637 2482 norunt
1651 2451 1790 2489 universi,
1807 2449 1924 2488 qualiter
1938 2448 2005 2479 Rex
2021 2446 2149 2478 Franciae
2172 2454 2271 2477 contra
2290 2453 2341 2476 An.
2354 2459 2382 2484 4.

1202 2500 1303 2529 pacem
1316 2493 1388 2521 inter
1405 2501 1458 2521 nos
1474 2491 1596 2528 faustam,
1613 2490 1818 2528 &juramento
1834 2491 1868 2520 ὃς
1884 2488 1964 2518 cartis
1980 2486 2196 2524 confirmatam,
2218 2495 2270 2515 nos
2288 2487 2351 2525 Joh.

1201 2530 1279 2560 aliter
1295 2538 1381 2569 quam
1397 2530 1510 2561 deceret
1525 2529 1730 2567 impugnat‚&
1747 2527 1862 2566 qualiter
1877 2526 1912 2556 ad
1924 2524 2191 2556 Exhaeredationem
2204 2533 2271 2553 nos·
2291 2530 2353 2554 Pat.
2373 2533 2400 2562 4.

1202 2577 1275 2599 tram
1295 2569 1430 2599 omnibus
1453 2567 1545 2598 modis
1564 2567 1597 2597 as
1612 2568 1677 2596 irat:
1704 2566 1738 2596 In
1758 2567 1811 2595 hac
1831 2574 1928 2595 autem
1948 2562 2107 2594 necessitate
2128 2562 2188 2592 tam
2208 2571 2271 2592 ves-1
2289 2564 2392 2600 Johan-

1202 2615 1295 2645 trum,
1311 2607 1399 2645 quam
1418 2606 1538 2636 aliorum
1561 2605 1579 2634 fi
1602 2605 1689 2635 elium
1711 2603 1877 2634 nostrorum
1898 2602 2054 2633 nullatenus
2077 2599 2162 2630 nobis
2184 2599 2271 2630 debet
2288 2604 2424 2639 nis‚m.i3.'

1202 2646 1248 2677 vel
1264 2644 1357 2683 potest
1372 2644 1465 2674 deess'e
1479 2643 1638 2674 subsidium.

1240 2684 1389 2723 Rogamus
1410 2684 1493 2722 igitur
1516 2692 1568 2713 vos
1590 2682 1737 2720 quatinus,
1753 2680 1823 2711 sicut
1844 2690 1898 2710 nos
1921 2681 1954 2711 &
1980 2679 2124 2709 honorem
2139 2676 2272 2708 nostrum

1204 2722 1333 2762 diligitis,
1358 2721 1395 2751 de
1413 2721 1548 2760 pecunia,
1566 2721 1601 2751 ad
1622 2730 1694 2760 opus
1716 2719 1846 2750 nostrum
1869 2727 1971 2749 mutuo
2016 2715 2162 2754 uaerenda,
2180 2715 2218 2746 sic
2237 2716 2271 2745 δε

1204 2770 1274 2792 cum
1289 2769 1363 2792 tanta
1378 2759 1424 2790 dil'
1447 2760 1520 2790 entia
1532 2770 1585 2791 vos
1597 2759 1802 2796 intromittatis,
1822 2766 1854 2788 ut
1866 2756 1989 2788 vestram
2024 2755 2175 2795 iligentiam
2189 2754 2272 2784 nobis

1202 2800 1350 2831 sentiamus
1371 2798 1416 2830 fru
1449 2795 1559 2829 uosam:
1581 2797 1619 2828 Et
1640 2797 1723 2829 vobis
1745 2797 1774 2826 in
1796 2795 1907 2835 agendis
1922 2794 2037 2832 vestris,
2055 2802 2123 2824 cum
2135 2800 2207 2831 opus
2221 2792 2270 2822 ha-

1204 2839 1334 2876 bueritis,
1351 2838 1477 2874 benigne
1491 2837 1524 2867 &
1540 2836 1691 2867 efficaciter
1703 2835 1851 2866 subvenire
1866 2833 2027 2864 debeamus.
2165 2869 2169 2874 ⁵

1239 2877 1277 2908 Et
1298 2887 1350 2907 nos
1369 2876 1475 2906 dietam
1495 2876 1645 2913 pecuniam
1666 2876 1697 2904 in
1720 2875 1862 2910 terminis,
1881 2882 1953 2911 quos
1975 2871 2135 2907 statueritis,
2163 2876 2272 2905 integre

1205 2916 1325 2956 persolvi
1339 2914 1490 2952 faciemus,
1509 2915 1542 2945 ὃς
1557 2915 1586 2944 in
1600 2914 1680 2952 hujus
1695 2913 1735 2944 rei
1750 2912 1948 2945 testimonium
1971 2911 2019 2942 has
2042 2909 2142 2941 litteras
2163 2906 2273 2938 nostras

1205 2963 1330 2995 patentes
1344 2953 1471 2984 fecimus.

1241 3036 1332 3069 Teste
1345 3034 1452 3075 meipso
1467 3034 1540 3073 apud
1556 3033 1805 3066 Bonum-Portum
1822 3042 1839 3071 7
1854 3033 1900 3063 die
1910 3031 1986 3071 Julii.

1205 3172 1228 3195 *
1253 3176 1320 3207 Rex
1338 3169 1496 3218 Johannes
1513 3169 1682 3214 Sulfidium
1698 3178 1783 3215 rogat
1801 3179 1821 3199 a
1840 3167 1943 3206 Clero,
1967 3179 2025 3212 quo
2045 3165 2150 3199 melius
2175 3163 2270 3198 Ocho·
2292 3179 2307 3197 a
2325 3181 2424 3209 [μω

1381 3224 1413 3252 ni
1431 3224 1462 3252 in
1479 3221 1695 3266 Imperatorem
1709 3213 1905 3264 sublimando
1916 3211 2091 3261 fhbveniat.
2376 3201 2388 3218 ³

1240 3307 1394 3344 Ohannes,
1412 3304 1471 3335 Dei
1487 3305 1589 3345 gratia,
1607 3304 1674 3335 Rex
1689 3298 1802 3340 Angliae
1839 3301 1898 3332 &c.
1918 3300 1960 3331 H.
1979 3299 2038 3332 Dei
2053 3298 2137 3339 grati&
2151 3295 2269 3328 Archie-
2288 3307 2354 3343 Αηῃ
2379 3309 2411 3344 D

1252 3346 1387 3385 piscopo,
1405 3345 1439 3375 δεῖ
1461 3343 1591 3375 universo
1614 3342 1722 3380 Clero,
1738 3351 1789 3379 per
1810 3327 2140 3379 1³1·0viiiciamcanit1ar.
2159 3336 2267 3366 consti-
2310 3338 2383 3382 12&
2413 3332 2420 3343 ³

1205 3392 1256 3421 tut.
1271 3385 1395 3415 salutem.
1423 3382 1609 3413 Univerfitati
1623 3380 1724 3413 vestrae
1738 3380 1797 3410 satis
1810 3378 1951 3409 credimus
1963 3379 2136 3407 innoteicere
2151 3374 2267 3412 qualiter
2285 3394 2328 3418 An
2367 3375 2394 3382 “⁶

1206 3423 1303 3453 dilecti
1323 3421 1357 3452 &
1380 3421 1543 3451 venerabilis
1565 3421 1676 3458 nepotis
1699 3418 1787 3448 nostri
1812 3416 1937 3460 Othqnis
1960 3410 2267 3457 RegistRomanorum
2287 3402 2383 3466 Joh'ff‘

1205 3461 1421 3502 promotionem
1439 3459 1535 3490 divina
1555 3458 1742 3497 procreaverit
1764 3456 1930 3496 clementia,
1947 3453 1980 3483 &
2002 3453 2037 3482 ad
2053 3451 2199 3495 imperialis
2212 3451 2268 3481 ho·
2288 3471 2323 3494 Pi
2326 3474 2337 3494 t

1205 3502 1282 3531 noris
1301 3498 1415 3530 culmen
1437 3499 1598 3529 evocaverit
1617 3494 1842 3537 sublimandum,
1862 3501 1957 3529 quuS,
1980 3491 2085 3534 antiqui
2105 3486 2192 3519 hostis
2213 3489 2267 3521 du-
2288 3484 2392 3544 John-¹

1206 3538 1276 3569 dum
1291 3537 1436 3575 praepediti
1459 3536 1594 3574 versutia,
1613 3534 1789 3573 promotioni
1810 3529 1948 3572 insistere,
1966 3530 1999 3560 &
2021 3527 2130 3564 eidem,
2149 3537 2196 3566 ea,
2215 3537 2271 3566 qua
2289 3546 2327 3572 nis
2345 3550 2416 3578 ὥς),

1205 3578 1371 3608 tenebamur
1385 3576 1419 3606 &
1433 3574 1599 3612 debuimus,
1617 3572 1770 3603 affeffione
1784 3569 1947 3606 subvenu‘e,
1966 3567 2062 3605 quod,
2081 3565 2207 3597 dolentes
2226 3566 2271 3598 di·
2330 3565 2336 3575 '

1207 3616 1315 3652 cimus,
1331 3615 1423 3644 minus
1437 3611 1520 3651 plene
1535 3613 1686 3652 potuimus.
1794 3646 1799 3652 ,
1936 3644 1941 3650 .

1247 3653 1367 3693 Qanto
1380 3654 1473 3691 itaque
1487 3653 1543 3688 ejus
1557 3649 1724 3685 subsidium,
1741 3644 1778 3676 de
1793 3652 1959 3682 impotentia
1974 3642 2086 3686 nostra,
2105 3644 2140 3673 ab
2157 3644 2273 3674 univer*

1207 3692 1241 3723 sis
1262 3691 1420 3731 singularius
1445 3698 1500 3721 erat
1522 3685 1755 3722 condolendum,
1772 3692 1868 3721 tante,
1892 3683 2046 3713 reformato
2068 3690 2140 3712 inter
2162 3691 2214 3712 nos
2236 3683 2270 3712 &

1209 3741 1278 3762 eum
1299 3731 1398 3761 debito
1414 3730 1448 3761 &
1468 3727 1622 3757 desiderato
1634 3724 1704 3754 statu
1718 3721 1988 3760 confoederationiS,
2005 3731 2021 3750 a
2035 3719 2145 3759 singuiis
2157 3722 2271 3750 univer-

1206 3766 1283 3801 salius
1304 3767 1444 3800 credimus
1463 3767 1525 3795 fore
1546 3760 1813 3803 congratulandum,
1833 3769 1918 3797 curn,
1936 3769 1985 3796 per
2005 3768 2086 3797 earn,
2102 3768 2162 3788 non
2176 3758 2269 3788 solum

1206 3810 1278 3839 inter
1291 3807 1427 3847 Regnum
1442 3803 1573 3836 nostrum
1587 3803 1620 3834 ὃς
1637 3800 1790 3840 imperium
1803 3799 1912 3829 unitatis
1927 3797 2073 3827 vinculum
2095 3796 2269 3827 indissolubi-

1206 3847 1234 3877 le
1256 3846 1453 3882 contrahatur,
1470 3850 1569 3873 verum
1591 3840 1677 3869 etiam
1697 3837 1860 3877 Anglicanae
1879 3835 2015 3867 Ecclesiae
2036 3836 2214 3874 tranquilitati
2236 3835 2270 3865 &

1207 3885 1382 3924 promotioni
1393 3882 1547 3921 plurimum
1560 3876 1726 3909 consulatur.
1868 3914 1873 3919 .
2155 3909 2160 3918 ι
2252 3912 2256 3915 -

1247 3922 1351 3954 Nostis
1373 3922 1451 3952 enirn
1474 3916 1553 3957 quod
1564 3939 1575 3955 ,
1592 3915 1792 3949 confoederato
1805 3914 1888 3945 nobis
1912 3919 1992 3944 tanto
2007 3915 2072 3944 viro
2105 3912 2139 3943 δε
2154 3920 2183 3942 in
2195 3919 2271 3940 auxi-

1209 3962 1279 3992 lium
1300 3961 1428 3991 debitum
1449 3963 1631 3992 convocato,
1648 3955 1683 3985 ὃς
1704 3954 1749 3984 via
1770 3952 1853 3983 nobis
1873 3950 2000 3982 hostibus
2016 3937 2156 3982 resistendi
2171 3957 2272 3986 poten-

1211 4001 1268 4031 tior
1282 4000 1433 4037 aperiatur3
1449 3997 1483 4027 &
1498 3994 1581 4024 nobis
1599 3994 1633 4024 &
1655 3990 1790 4023 Ecclesiae
1811 3991 1976 4030 Anglicanae
1996 3989 2031 4020 ad
2054 3988 2189 4020 Ecclesite
2207 3986 2274 4015 Ro⁴

1210 4047 1319 4075 manae,
1337 4045 1402 4075 quae
1417 4033 1539 4073 ejusdem
1551 4031 1678 4062 Othonis
1692 4030 1906 4068 promotionem
1920 4028 2062 4066 specialius
2081 4025 2214 4062 affectat,
2231 4024 2274 4054 fa*

1210 4085 1314 4110 vorem
1329 4076 1363 4106 &
1377 4071 1564 4113 patrocinium
1577 4069 1767 4108 optinendum
1780 4068 1858 4098 causa
1872 4066 2015 4098 efficacior
2028 4071 2183 4105 generetur.

1250 4112 1331 4145 Cum
1352 4113 1385 4146 ὃς
1399 4119 1552 4152 praetem,
1566 4110 1598 4142 in
1611 4108 1692 4148 hujus
1706 4105 1969 4176 Cxpnfoederationis
1983 4104 2179 4140 connexione,
2192 4098 2276 4168 Ιὲίξὲ
