2570 4261
44 283 119 315 Ami.
135 281 175 313 D.
227 296 281 298 a*

44 331 111 388 31¹7?-
113 331 157 387 7{
193 343 299 374 Litcra
315 355 334 374 a
353 344 509 388 Capitctneo
534 347 564 376 in
584 343 771 377 Lombardia
791 371 799 385 ,
832 344 868 378 de
899 344 1004 378 honore
1019 343 1079 388 fibi
1098 347 1184 391 fallo
1207 357 1260 391 per

45 402 97 426 An.
112 407 138 433 3.
242 393 349 436 Regem
368 390 538 423 redeuntem
556 391 591 424 de
610 394 708 425 Terra
727 394 838 426 Sancta
856 407 866 424 :
902 395 950 426 De
968 394 1090 439 Cingulo
1116 395 1260 427 fidilitari

45 441 85 501 ἓν
101 446 159 502 Liu-
234 438 385 484 promiffo,·
406 450 457 470 nec
471 452 527 471 non
545 439 581 472 de
596 438 688 483 Gestis
708 439 901 473 Marchionis
919 442 1142 486 Montisferati.

45 519 109 548 ¹⁰8⁷·
260 522 451 552 Loriosiffimo
474 523 587 562 Princip
636 524 768 555 Domino
783 524 932 564 Edoardo,
946 525 1005 556 Dei
1019 526 1123 565 gratia,
1139 525 1259 556 illustris-

589 535 597 554 i

275 561 346 590 simo
363 560 440 598 Regi
458 547 653 600 Angliaestims
668 562 790 601 jacobus
806 563 952 595 Amarotus
969 564 1260 604 Lanceavegia‚Civis

194 598 412 637 Alexandrinus,
427 610 494 629 cum
509 599 686 631 devotissima
706 601 893 640 subjectione,
911 602 937 633 se
959 602 1047 640 ipsum
1063 604 1091 633 in
1105 605 1187 633 omni
1210 612 1260 640 ge-

193 647 260 667 nere
274 636 430 668 famulatus.

234 676 311 715 Qiia
328 675 504 713 Principibus
518 674 757 707 Excellentissimis
773 686 924 708 occurrunt
947 678 1082 717 plurima,
1106 690 1168 717 quae
1189 678 1261 716 ipso-

194 724 257 745 rum
275 716 464 751 memoriam,
479 713 514 743 de
530 714 723 754 {inguim-ibus,
739 716 887 753 praesertim
903 718 964 747 visis
986 718 1102 747 modico
1116 727 1260 755 tempore,

194 753 389 790 summovent,
405 751 499 782 dicam
515 752 621 792 aliqua,
638 763 685 791 per
698 765 759 792 quae
769 777 778 793 ,
794 756 854 792 quis
869 754 917 784 sim
928 778 937 793 ,
951 755 1082 793 Majestas
1096 755 1185 795 Regia
1200 765 1260 785 me-

193 791 243 821 lius
261 790 429 820 recordetur.

235 829 378 866 Domine,
392 827 453 858 sum
469 828 513 858 ille
523 828 646 867 Jacobus
659 852 669 867 ‚
692 831 763 869 qui,
792 831 904 869 quando
928 832 1102 862 venientibus
1123 832 1204 862 vobis
1225 830 1260 862 de

195 868 316 905 partibus
336 867 531 905 ultramarinis,
550 878 626 898 eram
649 868 814 906 Capitaneus
837 869 931 907 populi
960 869 1086 900 Civitatis
1110 870 1259 900 Bononiae:

196 906 259 944 Qii
273 915 349 935 eram
362 914 429 935 tunc
452 915 521 935 cum
543 906 762 937 Bononietilibus
782 909 812 937 in
833 910 953 938 exercitu
975 917 1071 938 contra
1090 908 1258 938 Furlivium:

197 944 260 982 QJi
279 943 421 982 personam
436 943 556 973 vestram
570 945 769 982 jocundiss‘ima
912 955 1021 977 niente:
1041 946 1099 976 Sub
1112 948 1187 985 cujus
1199 956 1258 977 ten-

194 983 269 1012 torio
279 982 402 1012 dormire
417 982 574 1019 benignitas
590 983 682 1019 Regia
696 983 844 1021 dedignata
860 994 916 1014 non
931 985 996 1015 fuit:
1007 986 1105 1023 Quem
1120 986 1189 1015 inter
1200 985 1260 1016 suos

193 1020 288 1050 fideles
307 1021 414 1051 admisit
434 1021 573 1058 judicium
597 1021 723 1059 Regium
744 1032 750 1051 ε
784 1023 811 1053 Α
833 1034 890 1060 quo
910 1024 1124 1061 promissionem
1150 1026 1260 1062 accepit

193 1059 271 1097 quod
293 1060 327 1090 de
342 1069 425 1089 manu
441 1058 532 1089 vestra
545 1060 693 1097 cingulum
710 1061 867 1098 acciperem
889 1062 1056 1100 militarem,
1071 1063 1117 1091 cui
1139 1061 1175 1092 de
1189 1063 1258 1094 libe-

194 1098 295 1128 ralitate
317 1097 408 1128 vestra
426 1097 544 1127 multum
562 1098 700 1128 honorem
719 1099 752 1129 &
771 1108 844 1136 grata
862 1099 996 1131 benefici-a
1010 1099 1202 1138 spopondistis.

232 1136 306 1166 Haec
322 1136 459 1166 sufficiant
472 1136 505 1166 ad
527 1138 723 1167 excitationem
738 1140 883 1168 memoiiae
898 1140 1057 1177 principalis
1072 1138 1107 1168 de
1127 1139 1193 1177 illo,
1211 1140 1259 1177 qui

195 1184 270 1205 totus
284 1174 323 1205 est
338 1175 436 1214 Regiae
452 1174 650 1205 Dominationi
663 1174 807 1212 subjecius.

233 1214 323 1244 Nunc
337 1213 373 1243 de
388 1212 598 1243 conditionibus
613 1214 682 1242 meis
698 1222 800 1243 cenam
817 1213 892 1245 facio
911 1216 1092 1254 cautionem,
1111 1222 1184 1245 extra
1207 1214 1260 1246 Pa-

194 1254 275 1282 triam
293 1253 434 1290 propriam
455 1252 576 1289 quodam
594 1251 654 1281 steti
672 1260 855 1295 tenip01·e,ac
875 1253 915 1283 fui
934 1254 1087 1291 plurimum
1103 1253 1259 1293 tribulatus,

194 1290 257 1328 sed,
270 1291 491 1320 tribulationibus
512 1289 704 1327 prosperitate,
720 1294 788 1320 licut
803 1290 935 1322 Domino
948 1291 1258 1330 placuit,succedente,

195 1329 288 1359 modo
306 1328 368 1359 sum
383 1329 411 1357 in
426 1327 515 1357 Patria
527 1337 594 1357 cum
609 1329 720 1367 amicis,

235 1368 316 1406 Qui,
333 1368 370 1396 ne
388 1365 609 1403 pomposioribus
897 1377 959 1398 ores
976 1366 1153 1405 vicinos‚seu
1177 1378 1258 1399 com—

196 1400 323 1444 patriotas
338 1405 442 1442 aliquos
458 1414 515 1433 non
531 1403 749 1442 liabemus,sum
766 1406 837 1435 inter
854 1404 960 1436 Milites
972 1405 1095 1436 Domini
1110 1406 1260 1437 Marchio-

195 1446 239 1473 nis
252 1442 459 1478 Montisferati,
475 1444 521 1480 qui
540 1442 731 1473 Mediolanen.
752 1442 867 1480 Papien.
890 1444 917 1474 V
920 1444 1046 1475 ercellen.
1069 1445 1141 1483 quasi
1160 1456 1261 1476 omnes

198 1481 375 1512 lombardos
387 1481 435 1511 suo
450 1480 594 1511 Dominio
609 1481 784 1520 moderatur,
798 1484 831 1512 &
849 1482 974 1520 quotidie
987 1483 1083 1514 crescit
1097 1484 1261 1524 gloria,ho-

197 1530 283 1559 nore,
300 1521 332 1550 ὃ(
342 1543 351 1559 ,
368 1529 419 1557 pro
436 1520 558 1550 bonitate
574 1519 798 1558 sua,plurimum
813 1520 900 1552 defert
913 1521 1002 1560 mihi3

237 1558 333 1597 Cupio
354 1566 448 1589 autem
473 1559 612 1588 honorem
633 1557 774 1596 promiiiae
798 1558 912 1590 Militiae
933 1559 970 1590 de
989 1559 1088 1590 vestrae
1109 1561 1263 1591 Serenitatis

194 1598 327 1635 accipere
348 1597 502 1635 manibus,
530 1597 563 1628 δε
586 1605 689 1635 paratus
702 1596 763 1627 sum
782 1607 894 1637 propter
914 1598 971 1628 hoc
993 1598 1029 1629 ad
1051 1599 1263 1630 beneficentiam

199 1636 320 1673 Regiam
336 1646 384 1666 me
400 1634 537 1665 conferre.

234 1674 333 1705 Indere
350 1674 481 1711 dignetur
498 1674 590 1711 itaque
605 1672 693 1704 vestra
705 1672 863 1705 Sublimitas
878 1675 1028 1706 reverenda
1046 1674 1123 1713 super
1135 1678 1265 1706 intentio-

199 1723 235 1743 ne
255 1713 371 1751 subjecti
389 1712 561 1744 evocationis
578 1711 695 1750 nostrae,
708 1712 777 1742 sicut
793 1714 819 1743 ei
837 1713 991 1753 videbitur,
1005 1715 1038 1745 ὃ(
1057 1714 1188 1745 instruere
1203 1715 1265 1753 dig-

199 1760 279 1782 netur
292 1751 406 1789 qualiter
428 1760 476 1781 me
489 1751 584 1781 venire
597 1750 715 1781 voluerit
729 1750 864 1782 sociatum
883 1762 890 1781 z
926 1752 962 1782 Et
982 1763 1038 1789 ego
1061 1753 1174 1784 fideliter
1187 1754 1266 1784 obse-

198 1801 268 1828 quar
284 1797 365 1828 atque
383 1791 516 1828 prompte
534 1789 634 1826 Regi-:e
648 1788 871 1829 jussioni3quam
885 1791 914 1820 in
928 1792 1062 1822 omnibus
1073 1792 1266 1831 adimplerem,

201 1839 259 1859 non
277 1828 445 1867 prospiciens
459 1827 583 1865 periculo
598 1828 664 1858 vitae
682 1837 772 1865 mete,

241 1867 322 1898 Nam
339 1867 442 1905 ipsam,
458 1876 510 1904 pro
525 1866 687 1896 exaltatione
701 1865 811 1904 Regia,
827 1865 972 1904 poscerem
992 1867 1191 1900 incunctanter.

83 1909 103 1930 ¹¹²
122 1911 160 1938 II.
238 1906 257 1926 ²*
276 1905 361 1936 Vivat
378 1906 412 1936 &
430 1904 545 1945 gaudeat
565 1903 658 1941 Regia
675 1903 817 1934 Celsitudo
827 1906 903 1942 juxta
916 1914 971 1936 tuae
991 1905 1121 1936 desideria
1140 1907 1267 1938 volunta-

79 1950 130 1976 106
135 1958 159 1985 3.
200 1945 274 1989 tiSfi,
291 1945 325 1975 &
355 1943 559 1982 responsionem
572 1965 583 1982 ‚
602 1942 705 1973 Medio
721 1943 826 1973 Latoris
840 1942 1038 1983 Praesendum,
1059 1944 1180 1976 desidero
1195 1947 1265 1977 mihi

202 1992 285 2014 mitti.

238 2059 349 2091 Datum
365 2058 521 2091 Mediolani
536 2058 652 2090 decimo
665 2058 769 2090 octavo
781 2058 828 2089 die
843 2057 928 2090 Maii.

205 2188 313 2220 Literae
328 2197 348 2218 a
365 2186 522 2232 Capitaneo
539 2183 704 2227 annalista,
732 2183 768 2217 de
782 2183 923 2218 veniendo
942 2184 986 2218 ad
1004 2188 1112 2233 Regem
1125 2198 1182 2234 pro
1199 2190 1267 2221 Cin-

607 2234 681 2280 gulo
700 2234 854 2267 Militari.

65 2328 140 2359 Αῃῃ,
154 2327 194 2358 D,
250 2319 335 2350 Acrae
350 2319 453 2357 Regiae
470 2318 629 2357 MaJ'estati,
645 2318 778 2350 Domino
796 2317 936 2363 Edwardo
949 2341 959 2357 ‚
987 2318 1044 2363 Dei
1061 2320 1165 2364 gratia,
1187 2320 1267 2358 Regi

83 2375 165 2405 1275,
267 2358 399 2396 Angliae,
421 2357 553 2388 Domino
584 2357 730 2388 Hiberniae
743 2381 753 2396 ,
778 2358 812 2388 δε
829 2356 907 2387 Dum
926 2358 1119 2397 Aiiquitaniae‚
1138 2359 1268 2391 Domino

64 2410 117 2433 An.
130 2415 154 2442 3,
206 2396 292 2464 pilam
310 2396 464 2434 plurimum
482 2395 666 2432 honorando,
680 2395 802 2434 Jacobus
819 2395 967 2426 Amarotus
984 2396 1178 2436 Lanzavegia,
1195 2407 1268 2429 totus

218 2445 234 2465 u

64 2448 94 2472 Ε.
118 2454 143 2470 1.
236 2445 265 2464 us
279 2444 346 2464 cuni
361 2434 634 2464 recommendatione
648 2433 775 2471 seipsum.

58 2486 104 2509 Le
112 2485 170 2509 Aa·
245 2472 358 2503 Litteras
371 2472 568 2509 magnitudinis
587 2472 620 2502 &
637 2471 846 2502 Dominationis
867 2471 965 2502 vestrae
988 2473 1058 2502 mihi
1083 2473 1175 2504 missas
1193 2475 1270 2513 vidi,

61 2527 126 2557 mgr,
206 2512 351 2578 &lljecepi
362 2512 460 2541 animo
497 2533 810 2542 ........
847 2518 978 2548 tanquam
995 2510 1030 2542 de
1053 2510 1186 2542 Domino
1210 2514 1269 2552 spe-

206 2560 251 2580 cia
263 2560 280 2579 i.

244 2588 280 2618 Et
297 2587 333 2618 de
349 2587 506 2626 hoc‚quod
524 2586 692 2618 Dominatio
708 2586 797 2617 vestra
814 2586 851 2617 sic
866 2586 990 2623 benigne
1003 2588 1090 2619 voluit
1103 2589 1173 2619 mihi
1189 2589 1270 2630 signi-

209 2626 311 2664 ficare,
326 2625 402 2665 quod
417 2649 426 2664 ‚
451 2636 520 2656 cum
537 2626 608 2656 mihi
627 2625 763 2663 placeret,
787 2625 821 2656 ad
840 2627 995 2662 potentiam
1013 2627 1134 2657 vestram
1147 2628 1200 2658 diri
1223 2640 1272 2660 ens

209 2665 314 2703 gressus
330 2675 424 2703 meOS,
443 2664 518 2702 quod
535 2664 682 2702 cingulum
699 2664 806 2694 militiae
824 2663 925 2694 habere
944 2672 1069 2701 poteram
1080 2667 1126 2697 2&
1143 2677 1199 2704 quo
1237 2668 1271 2699 si-

209 2704 311 2734 militer
329 2704 526 2733 commitivam
549 2703 651 2733 ducere
675 2711 800 2741 poteram
823 2702 864 2732 ob
887 2702 961 2733 hanc
985 2703 1094 2734 causam
1118 2704 1270 2738 secundum

210 2751 296 2773 metas
313 2743 346 2773 &
363 2743 484 2782 proprias
501 2741 652 2777 facultates:

250 2780 276 2811 It
310 2803 660 2811 .........
693 2778 792 2810 vestrae
826 2783 835 2809 ’.
870 2802 878 2810 .
912 2803 920 2810 .
956 2779 1080 2818 supplico
1099 2789 1162 2812 toto
1190 2783 1271 2821 posse

211 2819 288 2851 flexis
307 2819 424 2857 genibus
440 2842 450 2858 ‚
481 2826 563 2857 pmut
579 2818 695 2849 serviens
712 2818 796 2849 debet
811 2817 904 2848 facere
927 2817 1061 2850 Domino
1086 2819 1214 2860 speciali,
1237 2832 1271 2852 ex

212 2868 304 2896 nunc,
321 2858 404 2896 usque
421 2866 507 2895 tunc,
526 2867 583 2895 quo
603 2857 660 2887 mei
686 2856 779 2886 occuli
796 2857 926 2894 corporei
954 2857 1130 2896 Majestatem
1153 2859 1270 2890 vestram

211 2896 357 2936 viderunt,
369 2896 409 2926 sui
423 2895 589 2926 omnimode
610 2895 772 2933 supplicatus
792 2896 879 2937 magis
899 2896 1013 2933 cupiens
1032 2907 1082 2928 vos
1099 2897 1272 2936 personaliter

212 2935 352 2972 revidere,
370 2935 454 2972 quam
470 2934 591 2973 aliquem
609 2933 771 2964 Dominum
789 2933 868 2971 hujus
886 2934 992 2964 mondi.

251 2973 305 3011 Et,
322 2972 451 3003 Domino
466 2972 563 3010 dante,
583 2982 650 3002 cum
663 2972 802 3010 expeditus
815 2982 865 3002 ero
885 2972 901 3001 ὲ
925 2972 1003 3002 faffis
1020 2974 1053 3004 δε
1073 2976 1193 3012 negotiis
1206 2974 1270 3005 Do-

211 3012 284 3041 mini
303 3010 461 3041 Guillielmi
473 3033 483 3048 ,
504 3009 610 3041 illustris
631 3010 809 3041 Marchionis
835 3009 1022 3041 Montisferati
1044 3022 1112 3043 cum
1129 3023 1186 3050 quo
1210 3013 1271 3044 sum

211 3059 265 3086 pro
283 3048 436 3087 Capitaneo
458 3048 584 3079 Militum
607 3048 872 3086 Alexandrinorum,
887 3049 934 3086 qui
948 3049 988 3079 ibi
1008 3050 1087 3081 sunt:
1119 3051 1170 3090 Et,
1191 3051 1271 3082 fadiis

212 3088 324 3119 servitiis
338 3088 416 3125 ipsius
432 3087 554 3118 Domini
576 3086 767 3126 Marchionis,
781 3088 829 3125 qui
850 3086 889 3117 est
906 3086 948 3117 Ca
969 3088 1071 3119 itaneus
1089 3092 1171 3120 totius
1193 3093 1273 3128 partis

213 3126 322 3157 nostrae
343 3127 455 3164 Imperii
469 3124 660 3156 Lornbardiae:
676 3125 712 3156 Et
733 3125 822 3164 facta,
839 3124 917 3156 Cura
967 3128 1058 3157 omini
1080 3128 1272 3167 Marchionis‚

213 3166 303 3203 quam
317 3166 416 3203 citius,
436 3174 506 3195 curn
528 3164 626 3193 amicis
644 3163 757 3201 Imperii
779 3163 958 3195 Lombardiae
971 3187 981 3202 ‚
1005 3165 1039 3195 ad
1062 3166 1171 3197 bonum
1193 3177 1272 3198 erunt

211 3203 349 3235 effectum
364 3204 534 3241 mancipata,
548 3202 577 3231 in
591 3202 672 3231 brevi
685 3201 719 3232 ad
737 3201 913 3240 Majestatem
926 3204 1045 3234 vestram
1059 3214 1126 3235 curri
1148 3207 1272 3236 commi-

213 3244 272 3273 tiva
283 3242 395 3272 decenti
406 3242 439 3272 &
450 3240 522 3279 justa
534 3239 688 3270 secundum
702 3239 842 3271 facultates
856 3251 949 3279 meas,
969 3242 1155 3280 praetermisfis
1175 3245 1272 3274 omni-

213 3280 279 3318 bus,
294 3282 425 3318 veniam,
438 3287 540 3317 paratus
554 3287 630 3308 nunc
645 3278 678 3308 &
691 3285 758 3308 tunc
773 3278 862 3310 vestra
880 3289 1019 3318 praecepta
1040 3281 1206 3319 integraliter
1218 3283 1272 3312 ob-

223 3328 323 3348 ervare.

210 3318 229 3349 s
251 3355 318 3388 Dat.
334 3358 363 3387 in
379 3355 525 3386 obsidione
539 3353 627 3385 Orani
642 3376 652 3392 ‚
680 3352 903 3387 Communitatis
924 3356 1080 3388 Mediolani
1105 3366 1148 3398 15.
1177 3358 1273 3390 Oeno-

209 3395 276 3427 bris.

238 3470 346 3540 {chsrae
364 3508 468 3545 Regiae
487 3505 785 3545 Majestati,D0mino
795 3506 934 3540 Edwardo
950 3508 1008 3541 Dei
1023 3511 1111 3549 gratia
1126 3511 1198 3551 Regi
1216 3512 1275 3544 An-

216 3547 442 3587 gliae‚D0mino
455 3545 600 3577 Hiberniae
607 3567 618 3584 ‚
631 3546 665 3576 &
678 3544 759 3577 Duci
772 3546 930 3585 Aquitaniae
947 3548 1066 3587 speciali.

219 3695 326 3727 Lite-ra
342 3691 381 3725 ab
400 3690 566 3725 Adelheide
585 3691 708 3737 Duciffit
733 3690 770 3724 dc
795 3692 972 3738 Brunsavich
982 3694 1072 3740 fiaper
1093 3694 1225 3741 Succeffia
1245 3699 1276 3728 in

265 3744 362 3776 Terra
376 3741 487 3774 SanHa
499 3754 510 3772 .·
531 3743 625 3786 Super
644 3738 744 3772 reditu
768 3742 805 3778 ὠ·
831 3743 1020 3775 Coronatione
1037 3746 1124 3789 Regis
1152 3755 1276 3791 congra-

268 3791 413 3824 tulatoria
420 3803 431 3830 3
452 3800 488 3821 ac
501 3800 554 3835 pro
566 3787 695 3834 pensione
711 3800 732 3821 a
750 3790 842 3821 Patre
861 3792 948 3835 Regis
963 3791 1084 3837 conceffa
1095 3795 1249 3837 petitoria.

75 3877 150 3910 Ann.
163 3875 206 3906 D.
222 3877 230 3905 ξ
264 3894 791 3907 .............
828 3872 906 3911 Regi
919 3873 1048 3914 Angliae,
1057 3875 1093 3906 A.
1101 3875 1159 3906 Dei
1171 3876 1276 3915 gratia,

96 3923 179 3954 1275.
220 3911 340 3944 Duciffa
349 3915 380 3944 in
395 3911 577 3951 Brunswich‚
591 3919 713 3950 paratam
727 3911 761 3942 ad
776 3913 831 3950 ejus
843 3911 1014 3950 beneplacita
1026 3913 1199 3945 voluntatem
1217 3938 1223 3945 .
1242 3940 1248 3944 .
1268 3939 1275 3945 .

77 3959 134 3984 An.
144 3964 169 3991 3.
257 3950 492 3989 Congratulamur
502 3950 601 3982 vestrae
612 3949 770 3980 dilefflonis
783 3949 1103 3990 magnificentiae,qu0d
1117 3951 1274 3984 successum

76 3997 107 4021 Ε.
130 4002 154 4020 ι.
223 3988 344 4020 vestrum
359 3990 388 4020 in
403 3991 525 4028 partibus
544 3987 725 4020 transmarinis
761 4011 1069 4021 ........
1077 4029 1083 4035 ἢ
1104 4013 1112 4021 .
1147 3991 1276 4035 postmo-

76 4034 117 4058 sz
132 4033 192 4058 Au·
223 4027 295 4059 dum
315 4027 432 4067 gloriose
449 4027 640 4066 Coronarum,
659 4035 742 4066 quam
759 4024 905 4065 Coromm
925 4025 1005 4060 Deus
1024 4037 1147 4067 optimus
1169 4038 1199 4061 in
1217 4029 1275 4060 hoc

76 4076 140 4106 togr.

1304 178 1347 218 s
1439 180 1463 221 s
1571 183 1621 224 A.
2302 207 2354 249 77

1299 261 1398 306 saeculo
1415 263 1498 295 taliter
1519 275 1569 296 vos
1587 276 1681 305 regere
1704 269 1840 302 concedat
1875 293 2272 307 ..........
2306 288 2357 309 co·
2372 288 2439 319 Am
2461 287 2493 318 D

1298 310 1398 331 ronari.
2442 313 2464 341 ’-
2493 312 2501 318 ”

1334 337 1658 384 Ρῑκῑετεέι,,ῃεεεῐῖῐῐαῐε
1675 353 1792 383 cogente
1806 368 1815 384 ‚
1837 347 1936 378 vestrae
1954 350 2046 386 pietati
2077 350 2222 388 dirigimus
2249 354 2357 385 nostras
2371 334 2483 393 3112?ss

1297 377 1595 420 preces-devotiffime,
1631 405 1895 416 .......
1915 387 1994 417 cordi
2011 387 2105 419 vestro
2121 400 2276 428 proponere
2289 391 2355 429 dig·

1297 423 1419 452 nemini,
1438 417 1512 460 quod
1521 417 1572 455 ‚de
1586 418 1678 449 vestro
1695 419 1822 452 Consilio
1839 424 1871 453 &
1889 424 2037 464 consensu,
2052 426 2196 458 Dominus
2211 429 2291 468 Rex,
2302 430 2355 461 Pa-

1296 459 1336 495 ter
1351 452 1439 483 vester
1451 464 1505 491 piae
1521 456 1844 496 recordationis‚di'leet0
2294 479 2355 499 ma·-

1298 498 1351 520 rito
1372 491 1539 536 nostrotnos
1562 495 1718 534 copulavit,
1736 498 1872 537 quandam
1889 502 2050 537 promittens
2062 502 2202 535 summam
2215 508 2354 544 pecuniae,

1298 527 1365 571 sicut
1384 537 1455 572 patet
1472 540 1501 560 in
1518 531 1636 570 scriptis,
1658 533 1734 571 super
1749 545 1783 564 eo
1801 536 1956 577 confectis,
1971 539 2067 569 vestrae
2089 542 2194 579 pietatis
2212 545 2246 574 &
2271 545 2353 575 boni-

1297 573 1356 596 tatis
1373 567 1476 598 assensu
1489 570 1645 600 accedente.

1334 603 1413 635 Hinc
1436 606 1474 635 est
1496 608 1569 644 quod
1593 608 1710 639 vestram
1733 609 1975 647 Magnificentiam
1996 614 2136 647 humiliter
2155 628 2298 651 exoramus
2317 622 2352 651 &

1297 640 1417 681 devote,
1434 646 1557 681 quatinus
1571 647 1705 683 praedicto
1722 647 1851 678 Domino
1866 650 1959 679 nostro
1975 652 2093 690 aliquam
2115 655 2255 688 summam
2275 669 2351 690 nunc

1297 680 1475 712 transmittere
1489 682 1662 722 dignemini,
1679 686 1723 722 pie
1738 687 1811 716 circa
1828 687 1916 724 ipsum
1932 689 1964 718 &
1979 699 2028 719 nos
2041 690 2177 724 facientes.

1335 717 1436 762 Gravis
1454 722 1530 750 enim
1544 732 1609 752 cura
1628 723 1693 761 sibi,
1708 725 1735 753 in
1753 724 1933 755 confeelione
1950 727 2260 767 praesentium‚instabat
2276 732 2352 772 quod

1297 755 1391 786 multis
1402 757 1535 801 ¹indiget,
1549 769 1690 798 proptera
1702 762 1819 793 vestram
1834 763 2029 795 Excellentiam
2049 766 2118 796 adeo
2137 769 2239 801 devote
2252 772 2353 802 sollici·

1298 800 1385 824 tamus
1400 806 1428 825 in
1444 797 1575 833 praesenti.

1336 830 1415 862 Cum
1438 836 1515 867 enim
1537 836 1626 866 vestra
1642 837 1749 868 bonitas
1767 837 1900 870 fiduciam
1914 841 1994 871 nobis
2009 843 2197 881 repromittat,
2217 845 2282 877 scire
2304 857 2354 878 vos

1298 869 1426 914 volumus
1448 873 1539 911 quod,
1555 876 1653 904 totiens
1668 876 1748 905 nobis
1761 877 1796 906 ab
1810 880 1906 908 amicis
1921 879 2017 909 dileeti
2032 880 2171 919 Domini,
2183 883 2268 914 nostri
2291 884 2355 916 Du-

1298 917 1338 951 cis
1351 908 1390 938 est
1406 919 1619 949 improperatum
1636 913 1698 950 (sed
1716 916 1781 943 vere
1800 925 1858 944 non
1874 917 1910 945 ab
1920 917 1995 954 ipio)
2014 918 2032 947 si
2050 919 2147 948 vestrae
2163 920 2355 958 lelagiifficen-

1296 953 1343 976 tiae
1359 948 1512 986 constaret,
1528 949 1635 979 foriitan
1651 951 1738 982 vestra
1754 951 1845 986 Regii
1860 954 1942 990 pietas
1962 956 2042 985 nobis
2059 957 2236 998 condoleret,
2258 961 2355 991 videli-

1295 986 1441 1053 fet2qu⁰d
1456 986 1546 1017 adhuc
1560 988 1648 1018 nichil
1663 989 1777 1020 dilectus
1793 989 1935 1021 Dominus
1949 992 2039 1024 noster
2052 994 2214 1033 saepedictus
2227 997 2267 1028 est
2283 1009 2352 1029 con-

1306 1031 1408 1053 ecutus.

1334 1061 1355 1104 *J
1374 1061 1442 1092 Hoc
1459 1071 1605 1106 rogamus,
1622 1073 1732 1102 propter
1749 1065 1863 1105 Deum,
1884 1075 1913 1098 ut
1935 1068 2031 1099 vestrae
2047 1073 2189 1103 memoriae
2205 1083 2355 1106 commen-

1295 1097 1365 1129 detis
1379 1108 1414 1130 ex
1425 1109 1499 1141 parte
1514 1100 1609 1131 nostri.

1296 1174 1456 1244 Dogiimt'no
1464 1212 1515 1253 fico
1527 1214 1640 1256 inclyto,
1654 1219 1719 1255 Regi
1730 1218 1834 1255 Angliae
1842 1242 1852 1258 ,
1867 1222 1983 1249 Domino
1997 1221 2146 1251 Edwardo.

1874 485 2261 497 ..........

2398 1060 2416 1079 *
2434 1061 2471 1090 Π.

2398 1102 2475 1134 i064,

1299 1341 1406 1373 Litera
1424 1340 1600 1374 Alexandri
1618 1344 1706 1389 13⁶1ssss
1724 1346 1890 1378 Scottorum
1911 1345 2000 1390 fhper
2029 1345 2182 1390 distordiis
2205 1351 2237 1381 in
2259 1352 2356 1384 Mar-

1594 1388 1661 1422 chict
1671 1417 1680 1433 ‚
1700 1395 1736 1429 (ᾖν
1759 1394 1885 1425 Nuntiis
1898 1393 2059 1427 mittendis.

1299 1472 1503 1542 MAgnifico
1530 1474 1668 1513 principi,
1690 1476 1723 1506 ὅ(
1746 1477 1828 1507 Fratri
1846 1476 1894 1508 suo
1919 1477 2074 1517 karisfirno,
2096 1478 2229 1513 Domino
2248 1481 2280 1512 E.
2298 1483 2354 1514 Dei
2375 1474 2440 1506 ΑΠὈ
2466 1474 2505 1506 D*

1347 1527 1366 1540 J
1389 1514 1492 1549 gratia,
1507 1512 1599 1544 illustri
1618 1513 1692 1551 Regi
1715 1515 1845 1554 AngHae,
1865 1515 1995 1546 Domino
2012 1517 2192 1559 Hybernyae,
2216 1522 2248 1551 Sc
2275 1521 2353 1552 Duci
2399 1515 2481 1552 127⁶·

1299 1548 1471 1587 Aquitaniae,
1490 1551 1658 1593 Alexander,
1674 1551 1771 1583 eadem
1794 1554 1899 1592 gratia,
1917 1554 1978 1585 Rex
2000 1555 2165 1595 Scotorum,
2190 1557 2302 1590 salutern
2319 1561 2353 1591 ὅτ
2374 1557 2425 1579 Aa.
2440 1563 2468 1587 4·

1299 1587 1411 1618 sincerae
1429 1588 1585 1619 dilectionis
1599 1590 1746 1629 aflectum,
1764 1602 1832 1622 cum
1850 1602 2002 1629 augmento
2020 1594 2115 1631 gloriae
2132 1596 2165 1626 &
2182 1597 2303 1628 honoris.
2377 1594 2406 1617 E.
2431 1599 2454 1616 ¹·

1336 1625 1384 1656 De
1401 1625 1468 1656 statii
1488 1627 1596 1665 vestro,
1614 1628 1750 1660 Dominae
1767 1630 1888 1667 Regina:
1909 1631 2023 1668 Sponsae
2044 1633 2141 1664 vestrae
2155 1656 2165 1672 ,
2192 1634 2289 1665 sororis
2304 1646 2356 1666 no·
2376 1632 2415 1655 Ex
2423 1631 2481 1654 ΛΨ

1301 1663 1362 1693 strae
1379 1665 1539 1704 cariffimae,
1558 1665 1762 1705 liberorumque
1778 1669 1951 1707 vestrorum,
1967 1671 2057 1700 bonos
2076 1682 2198 1703 rumores
2221 1675 2356 1704 continue
2377 1674 2442 1702 ²⁰3⁷·

1300 1702 1393 1733 audire
1410 1714 1443 1733 ac
1460 1703 1528 1734 scire
1545 1704 1652 1735 efficaci
1671 1705 1801 1737 desiderio
1816 1707 1988 1745 aste-stantes3
2004 1708 2179 1741 Excellentiae
2191 1711 2290 1743 vestrae
2304 1713 2356 1743 du-

1302 1742 1393 1782 ximus
1418 1742 1607 1779 suplicandum
1621 1766 1631 1781 ,
1655 1746 1780 1781 quatinus
1803 1745 1901 1775 statum
1926 1745 2050 1777 vestrum
2069 1749 2102 1778 &
2119 1759 2216 1779 eorum
2236 1751 2360 1788 (utinam

1301 1782 1407 1817 lemper
1421 1781 1575 1818 prosperum
1591 1782 1625 1811 &
1638 1782 1794 1819 jocundum
1805 1784 1830 1821 l)
1848 1785 1944 1822 nobis,
1959 1784 1992 1814 ad
2013 1787 2150 1824 majorem
2164 1789 2252 1818 animi
2273 1788 2360 1819 nostri

1302 1820 1516 1857 recreationem,
1533 1820 1621 1850 velitis
1643 1819 1809 1858 frequentius
1829 1821 1989 1859 significare.

1340 1856 1391 1894 Et,
1409 1858 1469 1894 quia
1484 1857 1621 1888 credimus
1640 1868 1704 1895 vos,
1718 1861 1781 1890 vice
1796 1861 1889 1897 vei-sa,
1900 1860 1997 1891 auditis
2011 1861 2046 1891 de
2067 1861 2135 1892 statu
2156 1863 2252 1894 nostro
2273 1864 2306 1895 &
2327 1863 2358 1895 li-

1303 1895 1432 1925 berorum
1453 1896 1610 1926 nostrorum
1627 1898 1780 1928 rumoribus
1793 1898 1937 1936 prosperis,
1956 1900 2112 1930 uberiorem
2126 1902 2155 1931 in
2175 1911 2269 1932 mente
2288 1904 2358 1932 velle

1303 1934 1452 1970 concipere
1465 1934 1587 1964 laetitiam
1596 1957 1606 1971 ,
1777 1970 1779 1972 ,

1339 1970 1501 2002 Cellitudini
1515 1972 1626 2012 vestrae,
1644 1982 1738 2004 tenore
1754 1974 1925 2012 praesentium
1944 1975 2072 2006 duximus
2091 1977 2360 2017 insinuandumfflos

1303 2010 1337 2040 ὃ(
1353 2009 1440 2048 ipsos,
1457 2011 1617 2048 disponente
1628 2011 1773 2050 altilsimo,
1790 2021 1880 2050 optata
1899 2014 1950 2043 hiis
1965 2014 2060 2045 diebus
2080 2016 2179 2052 perfrui
2197 2016 2312 2047 sanitate.

1341 2047 1528 2086 Proponimus
1546 2050 1818 2088 etiam,quameitius
1835 2054 1984 2089 porerimus
1998 2053 2241 2092 commodemost
2259 2055 2360 2085 instans

1304 2086 1415 2117 Festum
1442 2086 1551 2118 Paschae
1564 2090 1691 2126 proximo
1706 2097 1853 2119 venturum
1862 2113 1872 2129 ,
1889 2090 2021 2120 Nuncios
2038 2091 2144 2121 nostros
2157 2092 2309 2131 solempnes
2324 2093 2360 2123 ad

1304 2125 1475 2163 praesentiam
1490 2126 1642 2157 Serciiitatis
1660 2126 1756 2157 vestrae
1773 2127 1923 2166 destinare,
1936 2138 1965 2159 ut
1978 2140 2026 2168 ea,
2041 2139 2103 2167 quae
2118 2139 2165 2166 pei·
2180 2130 2295 2161 Ballivos
2311 2141 2361 2161 ve·

1304 2163 1373 2193 stros
1392 2174 1479 2202 nuper
1499 2165 1561 2195 asta
1575 2164 1683 2196 fuerunt
1696 2166 1724 2194 in
1746 2165 1876 2196 Mai-chia
1889 2166 1995 2206 nostra,
2016 2178 2064 2209 per
2087 2178 2148 2205 quae
2167 2168 2297 2200 sentimus
2311 2179 2362 2200 nos

1304 2202 1427 2232 indebite
1447 2205 1569 2242 gravari,
1584 2204 1658 2241 quod
1671 2213 1729 2233 nori
1744 2205 1881 2235 credimus
1900 2204 1996 2235 vesttae
2011 2206 2187 2236 iratemitatis
2200 2207 2362 2238 benivolen-

1304 2241 1372 2270 tiam
1389 2241 1469 2270 nobis
1483 2241 1569 2278 velle,
1582 2243 1649 2273 sicut
1663 2243 1838 2281 accepimus,
1854 2243 1886 2273 ὅ(
1903 2244 2005 2281 experti
2026 2243 2116 2274 sumus
2131 2266 2140 2282 ‚
2161 2245 2243 2274 vestri
2259 2246 2364 2284 gratia,

1306 2278 1473 2316 experientia
1486 2279 1639 2319 frequenti,
1654 2280 1720 2310 viva
1735 2290 1808 2312 voce
1824 2280 1930 2319 plenius
1944 2282 2140 2320 exponant,&
2153 2283 2169 2313 a
2181 2284 2261 2314 vobis
2271 2294 2363 2314 reme-

1304 2316 1384 2347 dium
1396 2318 1538 2355 optineant
1550 2318 1627 2356 super
1640 2319 1751 2349 eisdem.

1342 2392 1429 2423 Teste
1453 2393 1557 2432 meipso
1577 2394 1649 2432 apud
1674 2393 1804 2426 Castrum
1829 2394 1984 2426 Puellarum
2004 2395 2051 2427 26.
2069 2395 2115 2426 die
2132 2396 2229 2428 Martii
2249 2420 2261 2437 ,
2290 2407 2365 2429 anno

1305 2431 1400 2469 Regni
1418 2431 1504 2463 nostri
1521 2442 1565 2473 30.

1340 2561 1388 2592 De
1396 2558 1510 2603 favore
1530 2561 1644 2606 Regum
1661 2560 1775 2606 Angliae
1795 2563 1825 2591 in
1843 2559 2077 2641 ffrchiepifiopos
2095 2561 2214 2594 Coloniae
2233 2567 2327 2597 conti-

1765 2620 1844 2640 nuan
1867 2621 1892 2642 o.

1358 2692 1498 2723 Xcellenti
1515 2691 1649 2722 Domino
1665 2691 1697 2722 E.
1716 2691 1793 2728 Regi
1813 2692 1925 2729 Angliae
1948 2693 2012 2724 Sifr.
2036 2693 2094 2725 Dei
2118 2694 2207 2731 gratia
2220 2718 2232 2734 ‚
2256 2695 2366 2727 San&ae
2384 2693 2460 2725 Ann.
2472 2692 2513 2724 D„

1310 2700 1356 2762 E
1377 2730 1549 2761 Coloniensis
1565 2729 1696 2761 Ecclesiae
1708 2731 1955 2770 Arcliiepiscopiis,
1972 2732 2040 2762 sacri
2053 2732 2167 2770 imperii
2182 2743 2230 2770 pm·
2243 2733 2365 2765 Ytaliam
2406 2734 2489 2771 1276.

1311 2769 1572 2806 Archicancellarii,
1586 2779 1652 2799 cum
1673 2769 1822 2800 devotione
1843 2771 1961 2808 qualibet
1975 2793 1984 2809 ‚
2009 2770 2063 2801 suae
2085 2770 2266 2809 poffibilitatis
2286 2772 2365 2803 obse·
2383 2775 2475 2806 Αυ-ιὶ.ν

1311 2809 1407 2846 quium
1422 2808 1527 2845 semper
1542 2815 1711 2845 promptum.
2383 2813 2413 2836 Ε.
2437 2819 2460 2836 ι.

1347 2846 1393 2877 Ad
1410 2845 1508 2884 instar,
1521 2846 1607 2876 bonae
1621 2846 1779 2884 memoriae,
1797 2844 1956 2876 nostrorum
1974 2845 2226 2886 praedecessorum,
2244 2849 2293 2887 qui
2311 2858 2365 2879 no-
2382 2851 2420 2874 Ex
2428 2850 2495 2875 Au-

1309 2885 1350 2914 bis
1367 2895 1399 2915 ac
1418 2883 1646 2921 Progenitoribus
1662 2885 1772 2922 vestris,
1785 2884 1942 2921 Anglorum
1960 2884 2087 2922 Regibus
2103 2885 2201 2915 inclitis
2215 2908 2224 2923 ,
2245 2887 2364 2918 familia-
2380 2893 2443 2921 103⁷-

1309 2933 1348 2952 res
1364 2923 1472 2961 semper
1486 2923 1646 2960 extiterunt,
1663 2923 1744 2953 vobis
1760 2924 1898 2960 cupientes
1913 2923 2024 2954 summo
2047 2923 2179 2954 desiderio
2203 2925 2365 2964 complace—

1309 2971 1352 2991 re:
1372 2962 1422 2997 ὃς,
1438 2969 1467 2991 ut
1484 2961 1563 2991 favor
1582 2960 1668 2990 vester
1685 2962 1714 2991 in
1731 2962 1808 2991 nobis
1824 2962 1858 2991 &
1882 2960 2002 2991 Ecclesia
2021 2961 2114 2992 nostra
2135 2960 2299 2995 Coloniensi
2320 2963 2365 2994 fir-

1310 2999 1382 3029 mius
1398 2999 1540 3037 solidetur,
1557 2998 1736 3029 Excellentiae
1755 2999 1853 3029 vestrae
1870 2998 2012 3029 offerimus
2036 3009 2088 3030 nos
2110 3000 2144 3030 &
2166 2999 2260 3032 nostra
2286 3012 2292 3032 :
2331 3003 2366 3033 ad

1311 3038 1386 3075 quod
1404 3038 1521 3075 insignia
1539 3036 1685 3067 multarum
1702 3039 1853 3076 virtutum,
1871 3048 1934 3076 quae
1951 3038 2051 3069 florent
2064 3039 2094 3068 in
2107 3039 2202 3078 vobis,
2219 3041 2304 3071 etiam
2317 3051 2367 3072 nos

1308 3076 1453 3107 inducunt.

1347 3114 1455 3145 Placeat
1468 3116 1551 3152 igitur
1565 3113 1703 3144 Serenitati
1717 3113 1815 3144 vestrae
1834 3114 1915 3144 nobis
1934 3115 2084 3152 praecipere
2103 3114 2139 3145 ad
2160 3125 2362 3156 quaecumque;

1310 3154 1374 3192 quia
1387 3153 1483 3184 vestris
1504 3151 1679 3190 beneplacitis
1690 3150 1797 3190 semper
1809 3153 1935 3182 volumus
1947 3152 2069 3183 obedire.

1347 3191 1433 3229 Super
1450 3191 1502 3229 qua
1523 3191 1608 3221 vestra
1622 3189 1756 3220 Serenitas
1767 3189 1858 3220 credat
1871 3189 1912 3220 W
1913 3192 2030 3222 inernars
2042 3190 2079 3221 de
2093 3190 2363 3232 Gyneniclnnostro

1311 3229 1543 3268 consanguineo,
1561 3227 1734 3267 praesentium
1754 3228 1909 3259 exhibitori.

1348 3305 1415 3337 Dat.
1432 3305 1594 3344 Aquisgrani
1608 3304 1634 3333 6.
1653 3302 1714 3334 Kal.
1729 3303 1810 3335 Maii.

1310 3365 1393 3398 Dori]

1349 3407 1464 3435 Domt'no
1480 3405 1543 3440 Regi
1558 3401 1672 3440 Angliae.

1359 3533 1463 3563 Lite-ra
1486 3525 1656 3559 Alexandri
1678 3530 1760 3573 Regis
1786 3526 1822 3559 de
1839 3529 1967 3559 Nunciis
1987 3524 2119 3560 benevole
2136 3525 2316 3573 recipiendis.

1361 3611 1583 3645 Xcellentiffimo
1610 3610 1732 3648 Principi
1747 3633 1757 3649 ‚
1779 3611 1813 3641 &
1838 3610 1920 3641 Fratri
1943 3610 1989 3640 suo
2006 3609 2163 3649 kariffimo,
2181 3610 2314 3642 Domino
2331 3610 2364 3642 E.
2381 3615 2455 3647 Αηη,
2471 3615 2512 3648 D,

1377 3652 1433 3682 Dei
1452 3649 1551 3687 gratia,
1563 3649 1657 3680 illustri
1672 3649 1747 3686 Regi
1768 3649 1896 3687 Angliae,
1916 3648 2046 3678 Domino
2063 3648 2209 3692 Hiberniae
2229 3650 2263 3680 &
2285 3650 2362 3680 Diici
2402 3654 2485 3691 1276,

1314 3689 1485 3728 Aquitaniae,
1498 3687 1668 3730 Alexander,
1682 3687 1781 3718 eadem
1798 3687 1899 3730 gratia,
1916 3686 1979 3730 Rex
1996 3687 2098 3730 Scotiae
2109 3709 2118 3724 ,
2134 3686 2249 3731 salutem
2262 3710 2272 3725 ,
2293 3697 2361 3718 cuni
2380 3697 2431 3719 Aa.
2447 3702 2476 3727 4.

1312 3729 1398 3769 gloria
1411 3728 1442 3758 δε
1464 3726 1584 3764 honore,
1601 3727 1634 3756 &
1651 3729 1763 3756 iiiicerae
1780 3725 1935 3756 dilectionis
1949 3733 2115 3755 continuum
2131 3733 2344 3755 incrementum.
2378 3734 2408 3757 Ε.
2433 3740 2455 3759 i.

1348 3767 1422 3797 Sciat
1439 3764 1525 3794 vestra
1542 3764 1673 3794 Serenitas
1690 3764 1903 3802 amabilis,nos‚
1919 3763 1953 3792 δε
1969 3762 2068 3793 liberos
2084 3762 2193 3793 nostros
2210 3763 2362 3801 bona,hii5
2380 3773 2419 3795 Ex
2434 3771 2495 3795 Au-

1311 3805 1424 3841 diebus,
1441 3803 1563 3849 corporis
1579 3802 1689 3833 [anitate
1707 3801 1841 3839 gaudere,
1860 3800 1988 3831 aitiffimo
2005 3809 2156 3845 annuente,
2170 3801 2246 3844 quod
2260 3801 2296 3848 de
2310 3812 2361 3833 vo·
2378 3808 2441 3842 togt.

1312 3845 1368 3881 bis,
1384 3842 1510 3872 Domina
1522 3839 1648 3877 Regina,
1662 3839 1759 3877 sponsa
1772 3839 1876 3878 vestra,
1887 3838 1978 3869 sorore
1991 3839 2083 3869 nostra
2096 3837 2292 3878 dilectissima,
2308 3850 2359 3878 pro

1311 3889 1388 3913 certo
1403 3880 1470 3910 scire
1485 3878 1604 3909 corditer
1614 3877 1785 3909 affectamus.
2173 3916 2179 3921 ⁵
2339 3917 2344 3922 ι

1348 3919 1367 3939 ²¹*
1387 3916 1591 3948 Mansuetudini
1610 3916 1709 3947 vestrae
1727 3914 1875 3947 affeeruose
1891 3914 2086 3958 supplicantes,
2107 3924 2232 3954 quatinus
2251 3924 2361 3960 negotia

1311 3956 1418 3995 nostra,
1433 3964 1486 3993 pro
1504 3955 1601 3993 quibus
1617 3954 1751 3986 Nuncios
1767 3953 1874 3984 nostros
1891 3953 1996 3992 modo,
2008 3956 2076 3984 licut
2096 3954 2177 3998 alias,
2194 3953 2228 3984 ad
2244 3953 2360 3998 Curiam

1311 3995 1407 4027 vestrae
1425 3992 1645 4031 Magnificentiae
1657 3992 1877 4031 transtnittimus,
1885 3991 1994 4023 auribus
2006 3993 2139 4031 aequitatis
2151 3992 2186 4024 &
2198 3991 2361 4024 benivolen-

1310 4034 1358 4065 tiae
1371 4032 1529 4070 dignemini
1541 4030 1675 4063 exaiidire.

1760 4066 1791 4098 K
1811 4076 1824 4107 3
2290 4065 2363 4097 Non

2402 3918 2417 3934 ¹²
2434 3918 2473 3944 Π.

2401 3955 2480 3988 1065.
