2570 4261
564 130 691 174 ET
774 127 1094 174 ACTA

0 276 17 295 i.
26 263 65 294 D.

0 304 43 343 56·
88 306 114 332 'k
140 309 190 340 Ne
212 306 330 341 Praelati
349 313 523 337 convertant
536 301 578 335 ’in
603 297 736 335 debitum
750 302 784 345 fi
798 299 916 346 fratres
939 302 1055 349 ‘I‘e’mpli
1077 299 1139 348 ipsis

0 351 57 416 ’ἵζ’-
225 353 447 400 Hospitalitatis
463 355 603 399 gratiam
627 354 791 383 caritative
818 351 1000 398 impendant.

8 455 55 481 40„
94 438 304 503 ALexander
317 436 487 475 Episcopus,
505 436 597 466 servus
612 435 758 466 servorum
766 435 841 473 Dei,
854 435 962 467 dileffls
975 435 1036 466 filiis
1128 468 1130 470 ,

0 494 23 520 3,
172 476 312 515 Magistro
327 478 359 506 &
373 475 503 504 fratribus
519 474 633 504 Domus
650 473 764 504 Militia:
782 474 898 512 Templi
915 472 1135 514 jerosolimitani

0 525 53 550 Au·
93 517 205 548 salutem
218 516 251 545 &
266 513 460 551 Apostolicam
471 512 708 542 benediffionem.

129 552 322 585 Intimantibus
336 551 418 582 vobis
426 551 577 589 accipimus
591 549 686 588 quod,
704 557 772 580 cum
786 549 936 581 exhibeatis
949 561 1001 582 vos
1019 552 1048 581 in
1062 549 1142 580 Hos-

92 592 222 631 pitalitate
241 590 376 621 omnibus
397 589 520 620 liberales
535 613 544 626 ,
568 589 703 618 locorum
716 588 878 619 Diocesanis
893 614 902 627 ,
922 591 956 621 &
969 590 1024 619 aliis
1040 588 1142 619 Eccle-

93 631 193 661 fiarum
208 629 346 666 Praelatis,
365 627 523 671 eorumque
541 626 650 658 familiis
662 650 672 664 ,
691 636 758 656 cum
771 626 804 656 ad
820 627 922 658 vestras
937 628 1040 658 domos
1055 628 1143 658 decli⁴

92 677 174 707 nant,
195 668 336 699 caritative
356 665 505 696 necessaria
523 664 708 695 ministrantes
720 689 729 702 ,
752 666 880 695 nonnulli
898 665 1084 696 Praelatorum
1100 667 1143 703 ip-

93 707 189 738 sorum
207 703 364 744 hujusmodi
403 705 498 734 ratiam
519 712 688 733 convertere
707 703 854 744 molientes
876 705 904 734 in
925 704 1072 740 debitum,
1090 705 1142 742 &,

92 745 173 783 quod
189 745 225 775 sic
241 744 340 782 sponte
353 713 413 779 ipffis
426 741 601 780 impenditis,
619 740 717 772 deberi
731 742 780 771 sibi
794 751 828 772 ex
840 744 952 781 antiqua
967 742 1145 784 consuetudi-

94 794 132 814 ne
152 782 298 814 afferentes
311 805 322 818 ,
339 791 392 810 vos
406 781 439 812 &
452 780 556 811 domos
570 779 672 810 vestras
682 803 692 818 ,
711 789 823 818 propter
846 781 902 812 hoc
919 806 928 820 ,
955 780 1145 817 multipliciter

94 829 242 860 aggravant
255 821 288 851 &
302 818 465 849 molestant:

135 860 203 890 Nos
222 859 321 898 igitur,
343 857 441 887 vestris
455 855 699 894 supplicationibus
713 856 851 896 inclinati,
869 857 996 888 volentes
1006 855 1107 887 vestrae
1120 856 1149 884 in

97 899 150 928 hac
164 906 240 936 parte
254 896 339 935 quieti
352 904 465 932 paterna
480 894 655 932 providentia
669 895 836 934 providere,
855 906 891 926 ne
913 894 1057 934 quisquam
1073 893 1151 923 Prae-

98 937 168 966 latus
187 935 317 971 deinceps
338 934 365 964 id
386 944 402 963 a
414 934 513 971 vobis,
533 942 566 963 ex
579 932 677 964 debito
691 934 800 973 exigere
813 934 858 965 vel
871 942 1037 971 extorquere
1050 932 1151 968 praesu-

100 983 176 1012 mat,
193 973 228 1004 ad
246 972 329 1003 instar
342 972 438 1002 faelicis
452 971 653 1002 recordationis
668 971 827 1002 Innocentii
842 972 942 1010 Papae,
961 969 1152 1009 praedeceffo-

99 1013 135 1043 ris
149 1011 254 1049 nostri,
271 1010 436 1042 imfirmitate
449 1009 643 1048 praesentium,
659 1010 826 1041 inhibemus.

136 1050 222 1082 Nulli
234 1059 319 1089 erge,
337 1049 399 1080 &c.

135 1126 203 1157 Dat.
222 1125 350 1157 Lateran.
369 1126 388 1157 6
407 1124 448 1156 Id.
468 1126 599 1157 Februar.
616 1126 801 1157 Pontificatsis
812 1125 900 1157 nostri
915 1134 990 1155 anno
1005 1123 1138 1155 secundo.

344 1184 346 1187 ·
367 1202 491 1234 Plumbeo
497 1202 585 1245 sigillo
599 1214 618 1232 a
625 1202 686 1244 filis
692 1202 785 1241 sericis
791 1202 871 1242 flavi
885 1201 1007 1242 rubeique
1021 1199 1118 1230 coloris.

484 1329 543 1360 Pro
567 1328 643 1372 Rege
667 1326 774 1358 Scotiae.

0 1422 35 1442 in.
49 1409 89 1440 D.

37 1451 55 1479 6
213 1411 244 1446 X
262 1410 411 1450 omnibus,
429 1409 490 1444 &o
507 1409 630 1442 salutem.

0 1459 32 1488 25
59 1473 64 1478 .

211 1453 307 1483 Sciatis
321 1450 400 1490 quod
421 1451 491 1481 cum
507 1449 652 1480 Dominus
671 1448 747 1487 Papa
771 1449 934 1481 vicesimam
951 1444 1163 1481 Ecclesiastico-

111 1415 206 1476 RE

0 1501 12 1517 1·
27 1500 74 1524 40-
113 1501 176 1521 ruin
191 1490 395 1521 beneficiorum
409 1488 505 1528 Regni
520 1487 625 1519 Scotiae
638 1488 721 1518 nobis
764 1489 792 1518 in
805 1488 955 1519 subsidium
970 1489 1073 1519 Terrae
1085 1489 1163 1519 sanc-

15 1537 40 1563 3-
113 1538 167 1567 tae,
182 1529 216 1558 ad
229 1529 363 1567 praesens,
379 1538 429 1565 per
439 1527 608 1564 triennium,
626 1512 812 1565 concesserit,

0 1574 21 1593 t·
34 1575 80 1601 40-
150 1567 219 1598 Nos
240 1566 425 1597 concedimus
441 1565 547 1596 &lesio
567 1564 626 1595 filio
646 1566 679 1596 ὃς
693 1564 767 1595 fideli
778 1564 878 1595 nostro
893 1564 1072 1604 Alexandro,
1090 1564 1166 1604 Regi

7 1614 67 1640 3³³—
113 1606 220 1636 Scotiae
233 1604 347 1642 illustri,
366 1604 462 1643 quod,
481 1603 630 1634 occasione
644 1603 831 1634 concessionis
852 1603 922 1634 illius
938 1628 948 1641 ,
966 1604 1033 1643 sibi,
1050 1604 1096 1636 vel
1108 1603 1168 1634 hae-

2 1664 9 1669 -
114 1643 225 1674 redibus
237 1643 288 1674 suis
300 1643 412 1673 nullum
426 1641 602 1680 inposterum
616 1641 809 1680 praejudicium
824 1650 981 1683 generetur.

153 1681 187 1713 In
200 1682 296 1720 cujus,
312 1682 373 1712 &c.

152 1757 244 1789 Teste
256 1758 339 1798 Rege
350 1757 424 1796 apud
438 1756 637 1796 Wodestoke,
655 1757 770 1788 decimo
785 1756 831 1788 die
844 1756 996 1789 Februarii.

221 1883 271 1915 M-
292 1882 512 1928 Malefassores
536 1885 636 1916 Scotiae
660 1886 693 1915 in
715 1880 868 1915 Hibernia
893 1885 1084 1928 recipmntur.

0 1977 45 1997 nn.
60 1964 100 1995 D.
123 1967 352 2030 MAndatum
363 1966 557 2012 ‘est-omnibus
571 1967 680 1999 Ballivis
691 1968 724 1999 ὃ(
739 1965 867 2012 fidelibus
878 1964 967 2008 Regis
982 1968 1012 1998 in
1025 1968 1178 2014 Hibernis,

0 2005 77 2043 [256.
221 2006 340 2050 firmiter
361 2005 517 2037 inhibendo
538 2016 575 2036 ne
587 2006 730 2051 *Anegum
752 2006 842 2037 filium
864 2006 1053 2046 Donenoldi,
1070 2008 1116 2039 vel
1131 2008 1181 2038 ali-

0 2056 24 2072 n.
42 2054 88 2080 40.
124 2053 195 2082 quos
208 2044 276 2075 alios
289 2043 482 2083 malefactores
498 2044 594 2084 Regni
615 2044 722 2075 Scotiae
745 2045 882 2083 (quorum
895 2047 1012 2076 nomina
1026 2046 1091 2077 Rex
1106 2046 1180 2077 Sco-

0 2105 6 2111 .
25 2093 50 2120 3.
123 2084 171 2112 tiae
186 2081 296 2113 illustris
316 2085 355 2113 eis
374 2083 443 2114 scire
464 2083 547 2113 faciet
566 2092 616 2120 per
631 2083 732 2113 litteras
744 2084 800 2114 suas
816 2084 952 2122 patentes)
967 2084 1070 2116 alicubi
1084 2086 1113 2116 in
1127 2096 1180 2124 po-

0 2128 26 2149 it.
36 2130 83 2158 40·
125 2120 222 2151 testate
235 2120 324 2161 Regis
336 2122 365 2151 in
380 2120 519 2152 Hibernia
535 2122 661 2152 recettari
678 2122 847 2159 permittant.

0 2165 8 2187 ¹.
25 2169 50 2197 3.
62 2167 87 2185 n.
127 2197 132 2203 ·
161 2159 196 2188 In
215 2160 294 2198 cujus
308 2182 318 2198 ,
342 2161 403 2190 &c.
421 2159 564 2191 duraturas
584 2168 635 2198 per
656 2159 763 2198 septem
784 2170 873 2192 annos
888 2161 1022 2200 proximo
1037 2162 1182 2202 sequentes

0 2208 22 2234 ³:
123 2204 234 2235 integre
247 2198 417 2236 completos.

159 2274 251 2306 Teste
266 2275 349 2317 Rege
368 2275 442 2315 apud
455 2273 656 2315 Wodestoke‚
677 2283 710 2317 13
725 2275 770 2308 die
784 2275 937 2309 Februarii.
958 2274 960 2276 ’

175 2402 225 2435 De
248 2398 326 2434 nihil
347 2398 532 2448 impetrando
557 2414 661 2437 contra
684 2407 794 2451 Regem
808 2404 899 2450 fhper
918 2404 1004 2449 fasso
1026 2405 1142 2438 Siciliae.

0 2510 58 2535 mn,
73 2501 114 2532 D.
134 2485 359 2546 MAndatum
379 2486 420 2518 est
435 2486 599 2531 ‚Batonibus
623 2490 656 2521 &
677 2488 786 2520 Ballivis
799 2488 886 2528 Regis
902 2466 1018 2520 Dovor.
1038 2489 1116 2528 quod
1130 2499 1191 2520 non

22 2541 90 2579 256.
227 2533 390 2569 permittant
407 2525 531 2564 aliquem
553 2526 701 2571 Clericurn
722 2538 772 2566 per
793 2527 916 2558 Portum
931 2527 1046 2572 Dovor.
1064 2528 1193 2572 transfre-

0 2584 39 2608 (n.
53 2589 100 2616 40·
134 2572 208 2601 tare,
226 2563 276 2606 nisi
292 2573 366 2600 prius
377 2573 452 2601 Juret
463 2564 559 2602 quod,
576 2565 597 2596 fi
611 2564 729 2596 Curiam
745 2565 909 2612 Romanam
924 2565 1038 2603 adierit,
1056 2566 1125 2596 nihil
1138 2576 1192 2610 im-

0 2623 19 2646 s·
37 2627 62 2654 3.
136 2601 256 2645 pettabit
270 2609 369 2645 contra
383 2602 498 2641 Regem
515 2602 545 2633 su
568 2613 596 2633 er
609 2603 687 2647 {asto
700 2603 798 2642 Regni
811 2604 913 2635 Siciliae
927 2617 937 2643 3
957 2614 1011 2648 nec
1024 2604 1104 2640 super
1117 2603 1194 2649 ordi-

1 2660 10 2683 5
18 2656 77 2693 aus.
143 2648 257 2670 natione
279 2638 344 2669 inde
365 2639 438 2670 fadta
456 2650 523 2684 per·
561 2650 694 2685 ominum
715 2641 822 2686 Papam
836 2654 846 2680 3
858 2653 926 2687 'nec
945 2650 1030 2674 etiam
1042 2642 1195 2681 superaius

2 2705 32 2722 ο,
48 2698 83 2721 H.
97 2702 122 2729 3,
139 2687 238 2709 contra
251 2676 401 2708 Coronam
423 2678 470 2709 vel
483 2677 662 2718 Dignitatem
676 2678 765 2720 Regis
780 2678 898 2720 Angliae.

3 2742 25 2760 ⁷·
36 2741 77 2781 '⁷5'
87 2732 111 2759 d*
178 2753 267 2786 Teste
281 2752 366 2793 Rege
380 2753 453 2792 apud
464 2753 662 2795 Wodestoke,
683 2764 717 2795 15
734 2756 780 2788 die
791 2756 943 2789 Februarii.

5 2842 8 2850 ·
26 2839 48 2866 1.
56 2838 123 2875 583,
181 2831 201 2850 Ξ*
220 2831 322 2861 Eodem
341 2830 415 2860 modo
432 2831 593 2861 mandatum
604 2831 641 2873 est
655 2834 755 2870 Rogero
770 2835 802 2864 de
816 2834 955 2875 Cobham,
972 2834 1069 2877 custodi
1084 2836 1200 2877 quinque

143 2872 274 2916 Particum
289 2891 299 2908 ,
320 2879 355 2899 ne
365 2873 512 2915 permittat
533 2869 649 2911 aliquem
669 2872 798 2903 clericum
817 2874 1001 2915 transfretare
1013 2882 1065 2914 per
1084 2875 1200 2916 aliquem

137 2907 328 2948 praea'ufforum
339 2916 454 2948 qumque
466 2910 614 2949 Portuum,
631 2909 696 2952 nist,
715 2908 776 2946 &c.

180 2945 272 2977 Teste
284 2954 316 2976 ut
326 2945 412 2984 supra.

0 3094 2 3119 i

0 3129 74 3191 iinn.
85 3158 126 3190 D.
146 3155 203 3211 R

513 3073 563 3105 De
583 3075 694 3120 negotio
717 3075 833 3110 Siciliae.

208 3152 274 3185 EX
291 3153 332 3186 R.
351 3153 456 3188 Abbati
476 3154 604 3188 Westm.
621 3156 745 3191 salutem.
772 3161 851 3201 Qiia
864 3161 1012 3193 Dominus
1024 3161 1099 3201 Papa
1119 3172 1203 3194 com·-

17 3199 102 3238 1256.
200 3231 205 3236 ¹
221 3192 295 3223 mifit
315 3193 456 3239 Magisssro
476 3194 629 3240 Rostando
650 3196 833 3231 Subdiacono
855 3201 888 3231 &
903 3200 1058 3239 Capellano
1072 3202 1122 3233 suo
1138 3212 1202 3232 exe-

10 3242 104 3274 ¹⁴tvi-40.
149 3237 296 3261 cunonem
310 3240 418 3276 negotii
432 3243 539 3272 cruos,
557 3234 591 3265 &
611 3234 702 3272 ipsum
722 3234 864 3278 affignavit
876 3238 911 3269 ad
926 3239 1146 3271 satisfaciendum
1159 3240 1202 3270 di-

18 3281 35 3304 r,
51 3286 76 3313 3,
150 3269 234 3299 versis
257 3268 466 3302 Mercatoribus
479 3297 489 3311 ‚
514 3272 551 3303 de
570 3272 690 3311 quadam
705 3273 814 3307 summa
828 3277 972 3317 pecuniae,
990 3286 1071 3316 capta
1084 3279 1118 3309 ad
1131 3289 1203 3317 opus

10 3319 113 3351 vat.40,
150 3307 279 3338 nostrum
293 3316 348 3352 pro
361 3311 477 3348 negotio
491 3309 592 3341 Siciliae
605 3311 641 3341 de
657 3314 774 3349 pecunia
786 3314 924 3355 decimae,
941 3317 1024 3347 nobis
1040 3318 1203 3356 concess'ae3

20 3357 36 3380 l.
55 3363 81 3390 3.
97 3363 122 3381 n.
185 3345 254 3376 Nos
268 3345 439 3377 solutionem
453 3348 531 3378 mille
541 3348 777 3393 septingentarum
797 3354 831 3384 δε
851 3356 977 3393 quinque
991 3355 1144 3394 librarum,
1167 3364 1202 3394 17

22 3389 48 3419 8,
150 3382 305 3416 solidorum
320 3408 329 3422 ,
354 3385 389 3415 &
409 3385 480 3416 orfito
501 3386 683 3417 denariorum
697 3387 914 3431 sterlingorum,
932 3403 1018 3431 quam
1031 3394 1203 3425 Herenimio

151 3423 326 3460 Herenimii,
344 3424 378 3454 &
392 3423 526 3467 Raynero
542 3424 683 3470 Barbotti,
701 3427 735 3458 δε
756 3427 835 3459 sociis
856 3431 907 3461 suis
923 3431 1132 3463 Mercatoribus
1154 3433 1205 3463 Se-

151 3461 228 3506 nens
247 3460 284 3490 de
305 3461 436 3505 mandato
458 3462 581 3501 ejusdem
601 3462 732 3503 Magistri
752 3465 909 3507 Rostandi,
925 3469 1042 3500 fecistis·
1062 3479 1146 3509 atque
1160 3471 1205 3501 so-

153 3500 275 3531 lutiones
295 3499 468 3545 aliasquash,
484 3500 529 3545 'de
544 3500 676 3533 mandato
689 3503 787 3543 ipsiUS,
804 3505 908 3537 eisdem
921 3495 1132 3540 Mercat’oribus
1168 3509 1205 3540 de

153 3537 254 3570 eadem
269 3547 387 3575 pecunia
399 3539 521 3582 facietis,
536 3547 623 3582 gratas
638 3540 774 3573 habemus
789 3543 824 3575 &
835 3553 978 3584 acceptas:
1141 3534 1151 3548 ²

191 3576 360 3621 Mandantes
373 3586 456 3607 etiam
471 3586 520 3616 ut,
538 3581 558 3608 ll
574 3578 653 3622 quod
667 3579 808 3612 residuum
820 3583 944 3616 habeatis
963 3584 999 3616 de
1012 3587 1130 3624 pecunia
1144 3596 1205 3617 me-

155 3614 525 3693 attinerent,
534 3615 884 3692 &agamenes
896 3633 1043 3698 natta
1052 3625 1159 3701 aaa
1171 3627 1208 3695 ἐξ

158 3692 241 3735 vobis
256 3692 313 3736 suas
327 3692 428 3722 litteras
442 3692 585 3725 conficere
598 3701 740 3733 patentes,
757 3705 789 3726 ea
801 3698 898 3728 omnia
922 3709 987 3738 quae
1000 3711 1016 3732 a
1031 3702 1114 3734 vobis
1129 3712 1209 3734 rece-

155 3738 227 3768 perit
240 3729 424 3761 testificantes.

195 3767 230 3797 In
244 3770 339 3808 cujus,
358 3770 418 3800 &c.

195 3805 286 3838 Teste
300 3807 384 3848 Rege
397 3806 470 3845 apud
485 3807 666 3848 Wodestok,
688 3818 723 3848 17
736 3808 782 3841 die
797 3810 946 3844 Februarii.

323 3886 378 3915 Per
388 3886 422 3916 P.
437 3884 757 3928 HerefirdAEpifiopum,
775 3886 815 3925 ό·
829 3889 992 3931 Magistrum
1004 3892 1174 3933 Rostandum,

2 3341 15 3406 i

8 3502 13 3578 ἕ

200 4049 277 4080 mee
291 4052 316 4082 Ι.
332 4052 365 4082 Ρ.
383 4055 424 4086 Π.

1176 128 1754 176 PUBLICA.
2177 147 2224 177 11

1176 302 1296 334 Littera
1318 300 1475 335 Wllielmo
1499 305 1632 348 Bonquer
1655 303 1691 336 dc
1721 308 1831 351 negotio
1860 306 1965 339 Sicilie
1980 328 1991 348 ‚
2030 308 2067 344 ὠ»
2097 304 2227 353 eligendo
2244 261 2376 340 §Kish-D!

1546 354 1622 398 Rege
1645 352 1840 387 Alemanniae.
2243 346 2310 370 Heu.
2326 348 2353 378 3.

1179 426 1267 485 RE
1277 426 1307 458 X
1325 427 1486 472 Willielmo
1501 427 1634 472 Bonquer
1649 428 1771 460 salutem.
1839 470 1844 476 ⁸
1943 463 1945 466 .
2133 474 2135 477 Υ
2227 469 2230 473 ⁴
2248 449 2300 477 An·
2332 459 2359 476 o.

1269 465 1319 496 De
1332 466 1589 503 circumspectionis
1603 466 1703 497 vestrae
1718 467 1861 505 prudentia
1872 469 2063 510 confidentes,
2081 476 2184 507 magna
2197 464 2232 500 ὃς
2250 492 2276 515 H
2299 458 2330 523 3‘i-

1179 503 1263 534 ardua
1278 505 1391 541 negotia
1412 505 1494 535 vobis
1508 503 1637 535 duximus
1650 507 1872 546 committenda,
1891 509 2026 545 sperantes
2040 518 2086 547 ut,
2105 510 2153 547 pei·
2167 517 2231 538 ves-

1180 549 1232 572 trae
1245 542 1415 574 discretionis
1431 542 1593 573 industriam
1602 566 1612 581 ,
1629 542 1724 574 nostra
1737 546 1855 576 intentio
1871 546 1991 577 fielicem
2006 548 2132 579 sortiatur
2146 555 2233 578 even-

1180 588 1252 611 tum.

1218 618 1261 649 Ea
1274 627 1390 657 propter
1403 618 1526 650 fidelitati
1547 619 1647 650 vestrae
1663 619 1848 657 significamus
1863 645 1873 660 ,
1891 622 1969 660 quod
1984 623 2086 654 nostrae
2102 616 2235 654 intentio-

1182 659 1222 687 nis
1237 657 1327 688 existit
1342 659 1374 689 ὃς
1389 658 1467 695 voti,
1485 667 1517 688 ut
1530 659 1588 689 talis
1602 659 1631 688 in
1647 657 1759 698 Regem
1774 659 1948 690 Alemanniae
1963 661 2094 700 eligatur,
2112 663 2160 701 qui
2175 660 2235 691 Ec-

1183 696 1273 726 clesiae
1295 696 1438 726 Romanis
1457 695 1575 727 devotus
1589 721 1598 734 ,
1624 697 1658 727 &
1680 698 1761 727 nobis
1782 698 1900 729 dilestus
1920 699 2040 738 existat,
2064 701 2097 731 &
2113 700 2236 730 maxime

1184 744 1253 764 cum
1269 734 1391 772 Gallici,
1409 735 1479 765 sicut
1493 735 1598 773 nostis,
1616 736 1644 764 in
1667 736 1861 774 praejudicinm
1876 737 1965 767 nostri
1978 737 2011 767 ad
2026 738 2084 768 hoc
2100 739 2235 776 aspirent;

1184 774 1233 815 qui
1247 773 1285 811 si,
1303 771 1381 810 quod
1395 773 1480 811 absit,
1498 773 1674 812 assequantur
1689 774 1766 811 quod
1779 783 1878 812 optant
1892 800 1902 813 ,
1919 777 2068 816 negotium
2083 776 2176 816 Regni
2191 774 2236 806 Si-

1186 811 1258 854 ciliae
1272 835 1282 848 ,
1309 810 1387 849 quod
1409 820 1442 841 ex
1461 812 1550 842 corde
1568 812 1760 850 prosequimur
1774 837 1784 850 ,
1809 821 1840 844 ut
1855 822 2002 853 tenemur,
2019 824 2136 853 gravem
2150 811 2237 853 poffit

1185 858 1328 879 incurrere
1342 848 1504 887 laesionem,

1224 886 1332 924 Unde,
1351 887 1416 917 huic
1432 888 1558 925 periculo
1572 888 1688 919 obviare
1700 889 1843 928 volentes,
1862 890 1996 921 Domino
2009 890 2094 929 Papae
2108 891 2240 921 duximus

1187 924 1415 968 supplicandum,
1431 924 1508 963 quod
1522 936 1612 956 unum
1627 926 1663 956 de
1683 927 1770 957 tribus
1785 926 1994 967 CardinalibuS,
2011 929 2116 961 scilicet
2131 928 2239 959 Domi-

1189 973 1260 993 num
1277 962 1304 1001 J.
1322 963 1425 993 Titulo
1447 963 1541 994 Sanffi
1557 964 1698 995 Laurentii
1711 966 1740 994 in
1763 965 1871 995 Lucina
1890 967 1976 996 Presb
1997 975 2088 998 terum
2103 966 2239 996 cardina*

1190 1001 1265 1039 lem,
1284 1000 1329 1031 vel
1344 1000 1508 1030 Dominum
1524 1001 1685 1039 Hugonem
1698 1027 1707 1040 ,
1724 1003 1826 1033 Titulo
1841 1003 1952 1034 Sanetae
1965 1005 2075 1036 sabina:
2090 1005 2240 1044 Presbyte-

1190 1049 1257 1071 rum
1271 1037 1465 1076 Cardinalem,
1481 1048 1528 1070 aut
1540 1039 1705 1070 Dominum
1718 1040 1906 1071 Ouobonum
1921 1042 2016 1073 Sancti
2028 1043 2117 1074 Andr.
2133 1042 2243 1073 Diaco⁴

1192 1087 1264 1108 num
1276 1076 1471 1115 Cardinalem,
1489 1078 1518 1106 in
1531 1076 1661 1108 Alcman.
1681 1078 1816 1108 destinare
1829 1079 1971 1119 dignetur,
1989 1089 2020 1111 ut
2032 1091 2082 1118 per
2095 1081 2164 1112 illius
2177 1088 2255 1118 pro—¹

1193 1116 1363 1154 videntiam,
1381 1124 1468 1153 quem
1481 1117 1591 1154 mittet,
1608 1116 1681 1146 istud
1695 1117 1844 1154 negotium
1856 1117 1982 1148 faeliciter
1994 1120 2145 1150 ordinetur.

1234 1154 1280 1185 Ad
1302 1154 1364 1185 haec
1378 1178 1388 1192 ,
1411 1152 1502 1184 vestra
1523 1154 1588 1185 sciat
1605 1154 1732 1184 discretio
1755 1154 1833 1193 quod
1845 1179 1855 1192 ,
1874 1165 1944 1185 cum
1956 1163 2101 1187 teneamur
2112 1156 2249 1187 Ecclefiae

1196 1193 1342 1224 Romanae
1354 1191 1424 1222 infra
1439 1191 1554 1222 Festum
1568 1191 1664 1223 Sanffi
1679 1192 1828 1224 Michaelis
1841 1195 1974 1230 proximo
1995 1203 2145 1225 venturum
2157 1195 2249 1226 solve-

1196 1242 1226 1262 re
1251 1240 1301 1271 135
1328 1231 1413 1261 millia
1432 1231 1594 1270 quingentas
1607 1255 1617 1269 ,
1635 1232 1669 1262 &c
1684 1241 1770 1261 unam
1788 1230 1936 1269 Marcam,
1954 1233 1988 1263 ὅ(
2003 1232 2204 1262 nichilominus
2217 1232 2250 1261 il-

1197 1270 1243 1301 luc
1255 1272 1295 1300 ire
1307 1269 1376 1299 infra
1391 1268 1514 1299 eundem
1529 1271 1701 1308 terminum,
1722 1270 1767 1300 vel
1784 1271 1896 1300 mittere
1911 1269 2099 1308 Capitaneurn
2113 1280 2182 1300 cum
2198 1272 2252 1300 mi·

1197 1309 1253 1340 litia
1268 1309 1444 1345 competenti
1456 1308 1533 1346 juxta
1546 1309 1614 1339 tanti
1626 1309 1733 1347 negotii
1748 1308 1924 1347 qualitatem:

1234 1346 1289 1385 Et,
1307 1354 1422 1385 propter
1436 1346 1548 1383 casum,
1567 1347 1614 1384 qui
1629 1346 1665 1376 de
1679 1356 1759 1377 novo
1773 1346 1874 1377 accidit
1888 1347 1998 1384 Legato
2013 1348 2040 1377 in
2054 1346 2162 1384 Regno
2177 1346 2258 1384 Apu*-

1199 1387 1261 1424 liae,
1280 1387 1313 1417 ὃς
1326 1410 1336 1424 ,
1362 1394 1477 1422 propter
1501 1385 1584 1415 etiam
1606 1385 1769 1424 captionem
1790 1385 1914 1416 Comitis
1934 1385 2096 1424 Sabaudiae,
2113 1386 2183 1416 infra
2198 1392 2259 1416 tam

1200 1426 1319 1455 brevem
1338 1424 1493 1454 terminum
1514 1433 1646 1454 neutrum
1666 1424 1815 1461 complere
1836 1424 1997 1462 poffimus3
2023 1424 2157 1455 Domino
2170 1423 2210 1454 Pa

1202 1463 1386 1500 supplicamus
1401 1461 1543 1492 humiliter
1558 1463 1591 1492 ὃ(
1607 1461 1727 1500 devote,
1744 1471 1878 1500 quatenus
1893 1462 2029 1493 dilet‘tum
2045 1462 2176 1493 nostrum
2229 1471 2259 1492 a·-

1203 1501 1323 1540 gistrum
1333 1499 1510 1538 Jordauum,
1528 1499 1685 1531 Notarium
1699 1500 1796 1539 suum,
1815 1501 1895 1539 super
1910 1501 2093 1539 prorogandis
2115 1500 2260 1540 hujusmo-

1205 1541 1234 1570 di
1254 1540 1379 1571 terminis
1400 1538 1434 1569 ad
1456 1548 1509 1570 nos
1531 1539 1623 1570 mittat
1635 1563 1645 1578 ,
1663 1539 1696 1570 &
1711 1539 1790 1577 super
1804 1540 1862 1570 hoc
1878 1549 1948 1571 cum
1960 1539 2069 1570 summa
2083 1538 2259 1571 solicitudine

1205 1579 1353 1617 laboretis,

1246 1615 1428 1656 Exponentes
1450 1616 1585 1648 Domino
1607 1616 1691 1655 Papae
1710 1617 1743 1648 &
1766 1616 1893 1648 fratribus
1914 1616 2047 1656 qualiter,
2064 1617 2134 1648 infra
2147 1616 2265 1648 Festum

1209 1657 1283 1687 beati
1301 1655 1438 1694 johannis
1458 1654 1587 1693 Baptistae
1610 1657 1742 1693 proximo
1761 1665 1913 1687 venturum
1929 1681 1938 1695 ,
1960 1657 2110 1687 occafione
2124 1654 2200 1686 istius
2215 1664 2265 1684 ne*

1209 1695 1282 1733 gorii
1303 1695 1340 1725 80
1363 1694 1448 1725 millia
1469 1694 1635 1724 Marcarum
1657 1694 1715 1725 fere
1733 1695 1892 1734 solventur3
1911 1695 2016 1725 scilicet
2029 1701 2069 1734 40
2083 1694 2169 1725 millia
2184 1693 2267 1724 Mar-

1210 1743 1308 1765 carum
1334 1735 1367 1765 &
1395 1742 1480 1763 unam
1510 1732 1720 1763 Mercatoribus
1742 1733 1843 1764 Senen.
1866 1743 1941 1763 1200
1959 1734 2039 1764 sociis
2061 1733 2164 1771 Spiliati
2215 1741 2269 1770 pro

1212 1774 1313 1812 quibus
1334 1772 1468 1803 omnibus
1490 1770 1531 1802 est
1551 1771 1662 1802 decima
1676 1772 1735 1802 obli
1756 1780 1811 1801 ata:
1831 1772 1906 1803 Item
1921 1773 1979 1803 fere
1996 1781 2033 1811 30
2050 1773 2136 1802 millia
2152 1756 2269 1802 Merca-

1215 1813 1322 1845 toribus
1332 1835 1341 1849 ,
1352 1812 1400 1849 qui
1415 1810 1519 1841 habent
1535 1809 1709 1841 Monasteria
1721 1821 1741 1841 o
1763 1811 1842 1850 ligata
1851 1820 1967 1850 ,pr-etet
1980 1811 2084 1841 damna
2097 1812 2131 1842 &
2144 1809 2272 1848 expensas

1212 1862 1278 1891 quae
1290 1850 1363 1880 bene
1376 1848 1527 1880 ascendunt
1541 1848 1575 1878 ad
1592 1849 1717 1887 quinque
1732 1850 1817 1879 millia
1832 1851 1997 1880 Marcarum
2012 1850 2045 1880 ὃς
2062 1849 2140 1879 ultra.

1252 1892 1270 1910 ²⁷⁵
1290 1888 1410 1931 Propter
1423 1887 1501 1926 quod
1517 1888 1554 1916 eis
1569 1887 1750 1930 probabiliter
1765 1888 1875 1919 suadere
1889 1888 2005 1926 potestis
2019 1912 2029 1925 ‚
2047 1896 2079 1919 ut
2093 1897 2146 1926 pro
2162 1885 2272 1917 residuo

1214 1928 1273 1961 satis
1287 1927 1402 1965 possunt
1419 1928 1452 1958 ὃς
1472 1925 1578 1956 debent
1598 1933 1733 1956 terminos
1753 1936 1922 1967 prorogare,
1941 1927 2065 1957 maxime
2077 1936 2147 1958 curn
2158 1926 2271 1955 interim

1217 1965 1417 1998 nichilominus
1431 1966 1496 1994 totis
1511 1964 1614 1994 viribus
1635 1963 1777 1995 studemus
1791 1988 1801 2002 ,
1827 1975 1858 1996 ut
1874 1965 1953 1996 dicto
1970 1967 2087 2005 negotio
2103 1966 2164 1996 tam
2180 1965 2210 1993 in
2224 1973 2275 2002 pe⁴

1219 2005 1317 2042 cunii,
1337 2004 1422 2042 quam
1434 2002 1531 2033 milititi
1545 2002 1672 2033 celeriter
1685 2002 1893 2044 succurramus3

1255 2044 1311 2075 Vel
1324 2041 1445 2073 trattetis
1459 2050 1528 2072 cum
1539 2039 1674 2071 Domino
1688 2039 1764 2079 Papa
1777 2051 1807 2072 ut
1821 2042 1900 2081 super
1915 2043 2026 2075 decima
2045 2043 2128 2074 nobis
2142 2038 2276 2074 concessa

1221 2083 1397 2114 Mercatores
1418 2086 1548 2111 mutuent
1565 2080 1714 2117 pecuniam
1728 2104 1737 2118 ,
1762 2090 1831 2111 curn
1847 2091 1901 2120 qua
1915 2083 2000 2120 poffit
2014 2090 2207 2114 memoratum
2224 2091 2276 2111 ne⁴

1220 2122 1332 2164 gotium
1354 2117 1518 2156 sustentari,
1543 2127 1609 2147 nam
1623 2117 1679 2149 isto
1697 2128 1790 2157 anno,
1808 2129 1858 2157 per
1871 2120 1930 2151 Dei
1943 2123 2078 2160 gratiam,
2096 2122 2130 2153 &
2145 2120 2276 2151 industri·

1220 2170 1267 2190 am
1281 2156 1410 2197 Magistri
1426 2155 1582 2194 Rustandi,
1601 2157 1651 2188 erit
1664 2157 1699 2189 ab
1718 2157 1937 2198 obligationibus
1952 2159 2151 2192 Mercatorum
2168 2159 2277 2191 Senem

1222 2199 1295 2230 sibus
1308 2198 1417 2236 penitus
1432 2196 1552 2226 liberata.

2248 510 2336 559 claust.

2249 574 2297 600 40.
2311 568 2380 599 H.3.

2250 612 2287 632 m.
2300 603 2376 638 13.di

2293 1903 2308 1927 *
2326 1909 2349 1937 1.
2356 1902 2424 1944 584.

1260 2265 1393 2299 Scribitur
1406 2269 1489 2296 etiam
1505 2266 1621 2296 Domino
1634 2266 1716 2305 Papae
1724 2265 1806 2306 fiper
1816 2266 1887 2299 dift'o
1901 2270 2012 2308 negotio.

1263 2344 1393 2376 Scribitur
1414 2347 1496 2387 etiam
1517 2341 1651 2383 Magistro
1670 2342 1797 2382 Jordano
1812 2347 1925 2377 Domini
1937 2348 2021 2386 Papae
2034 2346 2227 2416 Notarstper
2239 2356 2281 2378 eo-

1227 2384 1293 2414 dem.
1329 2383 1370 2413 Et
1384 2384 1548 2422 transcripta
1560 2382 1683 2412 brevium
1690 2390 1821 2421 poterunt
1833 2387 1954 2415 inveniri
1966 2389 1995 2415 in
2009 2385 2090 2426 burs&
2103 2396 2136 2416 ru
2156 2398 2196 2416 ea.

1230 2511 1279 2544 De
1304 2511 1449 2555 Captaneo
1478 2507 1671 2543 ianiciliam
1696 2519 1782 2590 eumd
1791 2510 1906 2543 militia
1934 2517 2105 2558 competenti
2131 2512 2288 2559 transmit*

1709 2566 1758 2589 ten
1779 2570 1807 2591 o.

1247 2635 1251 2636 ⁷
1283 2635 1454 2667 Anffiffimo
1468 2638 1496 2667 in
1509 2635 1626 2667 Christo
1640 2635 1730 2674 Patri,
1748 2637 1809 2668 &c.

1313 2674 1428 2719 Nuper·
1440 2685 1490 2713 per
1510 2676 1558 2706 reli
1580 2676 1668 2706 'osum
1690 2676 1786 2706 virum
1799 2700 1809 2714 ,
1832 2676 1945 2708 fratrem
1960 2675 2124 2717 Johannem
2144 2674 2181 2710 de
2202 2674 2293 2719 Dyag
2312 2692 2378 2726 Am,
2396 2689 2430 2723 D

1235 2712 1479 2744 Poenitennarium
1503 2715 1536 2744 δε
1581 2712 1736 2752 apellanum
1757 2715 1899 2756 vestrum,
1919 2717 2063 2748 Sandtitati
2072 2717 2173 2748 vestrce
2188 2717 2293 2756 scripsi·
2355 2717 2412 2763 2'6
2430 2714 2437 2723 ⁶

1237 2759 1316 2820 mpls,
1335 2761 1387 2783 nos
1400 2753 1519 2797 tractare
1529 2751 1608 2791 super
1622 2751 1778 2791 capitaneo
1793 2754 2019 2795 transmittendo,
2036 2765 2105 2787 cum
2126 2757 2244 2795 pecunia
2260 2757 2294 2787 δε
2310 2743 2352 2801 Aia
2375 2740 2430 2807 540⁸

1236 2800 1268 2821 m
1288 2799 1333 2821 itia
1346 2800 1416 2822 com
1437 2799 1536 2821 etenti:
2357 2795 2362 2801 '

1275 2801 1599 2860 Caeterumpclementiae
1618 2829 1719 2861 vestrae
1738 2828 1830 2861 adhuc
1848 2830 2001 2870 significare
2024 2832 2167 2865 studemus
2178 2858 2189 2872 ,
2216 2829 2296 2872 quod
2312 2814 2346 2878 lgl'
2363 2820 2399 2887 {ss

1238 2867 1317 2905 super
1330 2867 1475 2906 praemissis
1488 2867 1657 2907 vigilantiam
1671 2869 1705 2900 δε
1717 2868 1933 2900 sollicitudinem
1946 2870 2128 2911 adhibemus,
2334 2862 2361 2915 0⁰¹
2371 2871 2402 2915 H·
2421 2892 2433 2905 .

1277 2905 1424 2937 Caeterum
1444 2905 1579 2937 Proceres
1601 2907 1635 2937 &
1649 2906 1775 2946 Majores
1788 2906 1907 2938 Consilii
1921 2908 2026 2948 nostri,
2044 2909 2123 2948 super
2133 2908 2213 2948 casu,
2232 2907 2298 2948 qui,
2314 2897 2445 2956 2⁵1¹}

1239 2944 1304 2983 post
1316 2946 1450 2985 gratiam,
1468 2945 1551 2974 nobis
1570 2944 1675 2976 factam
1696 2946 1732 2975 de
1751 2945 1857 2986 Regno
1871 2947 1990 2985 Siciliae,
2008 2950 2085 2978 conti
2107 2950 2127 2979 it
2138 2958 2187 2986 per
2202 2947 2299 2987 prodi·
2347 2947 2353 2956 “
2384 2935 2396 2963 3
2433 2944 2440 2953 ⁶

1239 2985 1348 3014 tionem
1371 2983 1549 3013 Marchionis
1569 2982 1607 3013 de
1626 2982 1797 3014 Herebrokc
1810 3007 1821 3023 ,
1836 2985 1997 3016 mirabiliter
2011 2985 2090 3025 stupe
2103 2988 2173 3026 aeti,
2189 2988 2237 3018 vix
2250 2996 2300 3016 ne-

1238 3023 1349 3061 gotium
1367 3021 1470 3052 audent
1490 3021 1627 3051 assumere
1647 3023 1677 3052 in
1694 3023 1751 3053 hoc
1771 3022 1859 3061 statu,
1877 3024 2030 3061 praesertim
2045 3035 2114 3056 cum
2127 3027 2202 3057 inter
2216 3032 2301 3057 caete-

1239 3071 1281 3090 ras
1295 3059 1487 3097 conditiones,
1505 3060 1534 3089 in
1549 3059 1694 3100 privilegio
1710 3060 1804 3091 vestro
1817 3069 1978 3101 contentas,
1997 3063 2042 3093 illa
2061 3065 2239 3095 contineatur
2253 3073 2301 3093 ex-

1249 3099 1346 3137 nesse,
1366 3098 1445 3137 quod
1467 3108 1527 3128 non
1548 3107 1641 3128 eamus
1655 3123 1666 3137 ,
1687 3099 1733 3129 vel
1751 3099 2007 3132 mittamus·d0nec
2022 3103 2104 3134 vobis
2119 3104 2152 3135 ὅ(
2166 3102 2302 3133 Ecclenae

1272 3146 1385 3168 omanae
1397 3136 1434 3167 de
1456 3144 1567 3176 135541
1590 3135 1756 3167 Marcarum
1770 3134 1852 3175 plene
1864 3137 1948 3171 fuerit
1961 3140 2138 3172 satisfactum.

1278 3173 1387 3213 Unde,
1406 3185 1490 3214 cum,
1506 3175 1656 3205 occasione
1669 3185 1689 3205 n
1724 3176 1775 3206 otii
1786 3175 1951 3217 supradicti,
1968 3178 2179 3210 Mercatoribus
2194 3175 2302 3208 Senen-

1240 3214 1312 3245 sibus
1327 3215 1361 3245 &
1375 3214 1542 3245 Florentinis
1557 3214 1585 3242 iri
1600 3223 1699 3244 nonnu
1720 3215 1740 3243 is
1753 3216 1937 3252 pecuniarum
1950 3217 2082 3256 summis,
2098 3228 2164 3256 quas
2186 3224 2302 3246 venera-

1240 3253 1302 3283 bilis
1322 3252 1404 3284 Pater
1426 3252 1465 3282 O.
1487 3251 1598 3281 Saneiae
1615 3251 1717 3282 Mariae
1731 3254 1761 3282 in
1781 3254 1826 3283 via
1845 3254 1897 3284 lata
1912 3254 2058 3286 Diaconus
2072 3254 2239 3291 Cardinalis,
2257 3250 2301 3283 A-

1241 3291 1388 3330 postolicae
1403 3290 1469 3321 sedis
1485 3290 1623 3329 LegatuS,
1640 3290 1677 3321 de
1689 3301 1774 3321 manu
1789 3290 1943 3323 Hereford.
1960 3293 2110 3332 Episcopi,
2130 3294 2302 3324 Procurato-

1243 3332 1278 3360 ris
1293 3331 1326 3361 &
1338 3329 1452 3360 Nuncii
1465 3328 1568 3365 nostri,
1586 3330 1709 3368 recepit,
1727 3330 1811 3360 simus
1824 3330 1874 3361 sub
1888 3333 1980 3369 poenis
1994 3332 2156 3372 gravissimis
2170 3328 2302 3370 obligati,

1242 3378 1308 3407 quas
1323 3368 1488 3398 incessanter
1498 3366 1574 3410 'solvi
1589 3366 1720 3406 facimus,
1734 3369 1811 3406 juxta
1825 3369 1909 3399 vestri
1923 3377 2053 3400 tenorem
2064 3368 2200 3401 mandati:
2221 3371 2301 3407 super

1242 3407 1417 3439 ordinatione
1432 3404 1577 3442 Capitanei
1596 3405 1748 3438 destinandi
1769 3407 1899 3438 nondum
1913 3410 2055 3445 potuimus
2069 3408 2214 3446 complere
2228 3413 2302 3438 trac·

1242 3453 1348 3483 tatum,
1367 3446 1444 3483 cujus
1456 3443 1663 3475 consummatio
1677 3455 1737 3476 non
1759 3445 1909 3476 modicum
1922 3445 2057 3477 desiderat
2073 3447 2202 3485 pecuniae
2216 3447 2302 3477 inter-

1242 3492 1369 3515 ventum.

1279 3521 1356 3552 Non
1370 3522 1447 3552 enim
1462 3519 1603 3551 credimus
1618 3520 1697 3559 quod
1709 3521 1794 3552 hodie
1818 3521 1954 3560 Princeps
1976 3522 2072 3560 aliquis
2088 3530 2185 3562 regnat
2199 3522 2230 3553 in
2242 3530 2300 3554 ter-

1243 3560 1279 3593 ris
1317 3561 1365 3598 qui
1380 3558 1418 3590 ita
1431 3559 1523 3589 subito
1539 3568 1646 3589 tantam
1662 3561 1812 3597 pecuniam
1827 3560 1912 3597 poffit
1926 3561 2029 3590 habere
2044 3559 2078 3590 ad
2094 3571 2221 3592 manum.

1282 3584 1393 3629 Dicunt
1406 3607 1475 3637 ergo
1491 3597 1545 3634 illi,
1563 3597 1636 3634 apud
1659 3608 1730 3635 quos
1750 3598 1910 3628 laboramus
1931 3607 1963 3629 ut
1977 3597 2096 3637 vadant,
2115 3599 2215 3630 frustra
2230 3598 2298 3631 illuc

1244 3637 1364 3675 ibimus,
1383 3638 1412 3666 in
1436 3645 1541 3666 vanum
1559 3635 1633 3666 istud
1653 3638 1802 3675 negotium
1820 3636 2010 3675 assumemus,
2026 3637 2173 3676 quousque
2184 3648 2299 3677 prmo·-

1247 3675 1351 3706 minata
1363 3675 1471 3705 summa
1486 3673 1567 3711 plene
1581 3674 1665 3704 fuerit
1678 3672 1823 3711 persoluta.
2048 3698 2050 3700 .

1286 3713 1366 3744 Ecce
1386 3711 1464 3750 quod
1480 3737 1489 3750 ,
1513 3712 1579 3742 huic
1596 3713 1714 3750 negotio
1727 3712 1853 3742 celeriter
1867 3712 2029 3744 succurrere
2044 3716 2206 3755 cupientes,
2221 3718 2301 3755 juxta

1248 3752 1376 3784 vestrum
1398 3750 1607 3787 beneplacitum
1627 3751 1662 3781 &
1677 3750 1856 3788 mandatum,
1875 3750 1943 3782 hinc
1955 3754 2028 3782 vero
2043 3753 2210 3791 praemisum
2228 3756 2302 3792 peri«

1249 3791 1347 3821 culum
1365 3788 1560 3826 formidantes,
1579 3787 1722 3826 cujusdam
1735 3788 1920 3827 perplexitatis
1940 3789 2044 3828 laqueis
2059 3792 2240 3830 intricamur,
2257 3793 2302 3822 in*

1249 3839 1292 3861 ter
1325 3828 1420 3858 randes
1435 3828 1469 3858 ὃς
1483 3836 1579 3866 graves
1593 3837 1629 3856 an
1669 3826 1729 3857 stias
1743 3827 1897 3857 constituti.

1317 3875 1493 3897 erumtamen
1507 3864 1541 3894 ad
1555 3864 1634 3902 Apoi
1648 3864 1730 3895 olicae
1745 3864 1904 3896 clementiae
1924 3864 2154 3900 benevolentiam
2174 3864 2304 3899 conside-

1250 3906 1363 3936 rationis
1377 3903 1495 3934 oculum
1509 3908 1719 3941 retorquentes,
1736 3904 1822 3944 magis
1842 3904 1867 3934 el
1906 3905 1912 3911 '
1945 3915 1976 3936 us
1997 3905 2096 3937 vestrae
2115 3908 2222 3945 pietatis
2235 3915 2304 3943 pro*

1251 3944 1382 3976 videntiae
1404 3952 1455 3973 nos
1473 3943 1506 3973 &
1526 3941 1622 3985 nostra
1642 3950 1784 3979 exponere
1804 3914 1952 3975 hberffir
1973 3944 2007 3976 &
2021 3944 2156 3984 libenter,
2173 3954 2259 3983 quam
2273 3945 2304 3974 in

1251 3991 1332 4013 tanto
1352 3981 1477 4019 periculo
1497 3987 1645 4019 negotium
1659 3979 1784 4011 deserere
1795 3979 1990 4021 indefensum,
2006 3982 2145 4022 sperantes
2159 3993 2211 4016 vos
2226 3981 2306 4014 nolle

1251 4020 1394 4053 beneficiis
1407 4019 1504 4053 vestris
1516 4026 1570 4051 nos
1582 4017 1691 4058 decipi,
1708 4018 1754 4088 seg
1763 4019 1862 4057 juvari.
2233 4053 2314 4089 Q
