2570 4261
217 169 270 219 84·

66 250 144 285 Ann.
157 250 197 282 D.
254 250 289 284 In
303 253 380 290 cujus
395 250 432 280 rei
444 247 638 280 testimonium
659 229 838 284 praesentibus
860 243 954 275 litteris
967 241 1097 274 nostrum
1117 240 1222 282 apponi
1239 238 1282 270 se-

98 290 183 328 1264.
217 291 310 323 cimus
321 289 444 329 sigillum.

65 333 127 358 Hm.
139 338 166 366 3·
256 370 365 401 Actum
377 376 470 405 anno,
488 365 596 404 mense,
615 364 660 396 die
677 364 710 396 &
721 363 792 395 loco
805 362 955 402 praediCtis.

384 504 442 535 Pro
458 498 601 547 Johanne
609 500 806 546 primogenito
825 498 923 531 Ducis
937 495 1107 528 Britanniae.

65 591 142 623 Arm.
156 590 196 621 D.
284 589 348 622 EX
367 590 514 627 omnibus,
534 590 595 620 &c.
880 624 885 629 ·
1207 615 1212 621 .

88 629 171 667 1264.
321 628 401 659 Cum
415 638 558 659 teneamur
572 626 678 658 dileeto
691 625 750 656 filio
765 626 798 656 ὅ(
811 624 888 655 fideli
900 621 999 654 nostro
1015 619 1154 659 johanni,
1172 624 1281 657 primo-

63 672 117 697 Αιι.
130 670 177 703 48.
234 668 311 698 enito
326 667 417 698 Ducis
432 667 596 704 Britanniae,
612 667 641 696 in
654 665 731 695 mille
745 665 778 695 &
799 663 927 694 ducentis
944 660 1049 691 Marcis
1062 680 1071 696 ,
1093 657 1129 687 de
1144 663 1281 698 arreragus

64 712 99 735 H.
116 716 141 743 3-
215 706 282 735 ilius
304 708 432 747 pecuniae
446 730 455 744 ,
480 715 564 744 quarn
585 705 611 734 ei
633 702 827 742 assignavimus
847 698 1029 740 percipiendo
1047 696 1082 740 ad
1102 695 1282 726 Scaccarium

61 749 124 774 Par.
215 744 342 774 nostrum
366 755 418 782 pro
438 744 621 775 aestimatione
639 742 741 772 valoris
760 749 841 771 terrae
862 734 1084 770 Richemiindiae
1098 757 1108 772 ‚
1133 732 1281 776 occasione

63 782 143 819 Angl.
163 780 196 815 (ἑ-
217 785 352 823 maritagii
364 784 491 814 Beatricis
506 782 571 813 filiae
585 780 707 817 nostrae,
724 778 829 819 sponsae
844 778 913 821 suae:
924 775 1023 820 unde,
1041 783 1089 812 per
1108 773 1203 815 brevia
1216 780 1281 800 nos-

62 824 150 849 anc-
216 829 272 860 tra,
292 831 356 859 quae
370 822 436 853 inde
454 822 569 858 habuit,
588 819 674 850 nichil
689 819 810 858 recepit,
827 824 858 846 ut
874 816 996 851 dicitur,
1022 813 1055 843 &
1076 810 1112 841 de
1131 812 1280 848 octingen-

63 859 111 894 43·
124 864 158 886 H·
171 868 196 896 3·
216 861 248 890 tis
264 860 370 890 Marcis
389 862 414 891 ei
430 859 576 892 reddendis
596 858 630 889 ad
649 857 801 888 terminum
822 854 935 885 Paschae
956 860 1096 893 proximo.
1109 857 1279 893 ventur—uini

62 906 99 925 m·
115 906 139 925 2·
252 898 451 930 Concessimus
471 899 562 929 eidem
574 897 701 936 Johanni
717 894 794 934 quod
814 893 991 924 medietatem
1011 888 1138 932 praedi&
1151 886 1240 918 debiti
1255 895 1280 915 ei

214 938 376 977 reddemus,
395 938 429 968 ad
444 938 624 969 Scaccarium
644 935 773 965 nostrum
786 956 796 972 ,
823 933 851 962 in
869 931 1029 975 Qindena·
1044 927 1158 971 Pascliae
1180 932 1280 968 veritu-

213 986 270 1014 rae,
288 978 321 1007 ὅ(
335 977 414 1008 aliam
427 977 604 1007 medietatem
619 974 652 1005 ad
672 972 857 1012 Qiindenam
873 970 969 1001 Sancti
984 966 1133 1011 Michaelis
1148 972 1279 1006 proximo

213 1015 361 1055 sequentis,
380 1017 416 1046 ita
430 1024 524 1046 tamen
537 1013 614 1054 quod
628 1037 638 1052 ,
664 1014 684 1044 si
701 1010 849 1050 praedictus
859 1009 1002 1052 Johannes
1021 1004 1124 1044 aliquid
1141 1009 1278 1040 receperit

213 1053 248 1084 de
248 1055 378 1123 lplecunia
392 1055 528 1096 praedicta
536 1077 545 1091 ‚
561 1051 627 1084 illud
637 1053 665 1083 ci
681 1053 710 1082 in
723 1049 857 1091 praedi<sta
868 1057 987 1089 pecunia
997 1045 1139 1078 auocetur.

295 1094 391 1131 cujus,
406 1095 466 1125 &c.

250 1173 341 1205 Teste
356 1172 437 1214 Rege
448 1172 522 1213 apud
534 1172 669 1204 Ambian.
686 1178 722 1209 25
739 1170 785 1201 die
797 1168 929 1208 Januarii.

63 1308 114 1338 ‘L
129 1316 194 1346 779-
213 1307 240 1334 '⁸‘
254 1311 313 1342 Pro
328 1311 405 1356 R‘de
420 1311 551 1342 Franciae
561 1335 572 1352 ‚
597 1306 633 1340 de
643 1307 789 1400 sssusire
805 1306 930 1352 pecunie
945 1311 999 1349 per
1017 1309 1160 1346 nuperum
1171 1307 1278 1344 pacem

694 1359 743 1402 ipu
756 1363 820 1387 atae.

61 1453 140 1485 Ann.
154 1452 199 1484 D.

82 1492 165 1531 1264.

59 1534 113 1560 An.
127 1532 174 1568 43.

60 1574 95 1597 H.
114 1580 138 1607 3.

60 1611 119 1636 Pas.

59 1646 138 1683 Angl.
159 1645 192 1679 &-

61 1688 149 1712 franc.

62 1722 109 1757 48.
125 1728 157 1751 H.
168 1731 193 1760 3.

62 1770 97 1789 Μ.
114 1771 141 1791 2.

216 1445 351 1510 REX
377 1447 510 1478 universis
523 1470 533 1486 ,
557 1446 590 1477 ad
611 1455 682 1484 quos
703 1442 850 1484 praesentes
871 1442 969 1473 litterae
990 1437 1188 1479 pervenerint,
1211 1432 1280 1466 salu-

287 1495 354 1516 tem.
1211 1513 1216 1518 ι

254 1524 402 1555 Noveritis
418 1525 495 1564 quod
544 1534 613 1555 cum
629 1533 677 1562 per
697 1531 797 1562 pacem
813 1521 846 1551 &
866 1517 1106 1559 compositionem
1120 1540 1130 1554 ‚
1153 1513 1279 1556 habitam

216 1563 287 1593 inter
305 1563 476 1593 karissimum
501 1547 664 1594 bominum
686 1562 719 1591 ὃ(
740 1559 978 1599 consanguineum
1001 1555 1129 1600 nostrum
1150 1552 1278 1596 Ludovl-

215 1610 282 1631 cum
297 1602 427 1632 illustrem
442 1602 554 1647 Regem
571 1601 697 1632 Franciae
718 1600 752 1631 ὃς
772 1609 823 1629 nos
838 1621 847 1637 ,
871 1604 1010 1640 teneretur
1029 1594 1105 1625 idem
1130 1591 1277 1622 Dominus

216 1638 281 1671 Rex
292 1640 416 1671 Franciae
431 1641 513 1672 nobis
526 1642 590 1672 dare
605 1640 632 1670 id
641 1663 650 1677 ,
670 1638 748 1677 quod
768 1638 914 1676 quingenti
928 1634 1037 1665 Mihtes
1047 1631 1178 1675 constare
1190 1628 1277 1661 debe-

214 1687 273 1709 rent
287 1680 481 1710 rationabiliter
492 1679 525 1710 ad
538 1678 694 1710 tenendum
712 1686 761 1717 per
780 1675 852 1719 duos
863 1683 951 1719 annos
963 1695 973 1711 ,
999 1671 1033 1702 ad
1044 1672 1189 1702 arbitrium
1187 1676 1275 1738 ogro-

214 1717 317 1749 borum
339 1720 464 1749 virorum
486 1720 534 1757 qui
551 1718 761 1748 nominarentur
782 1714 850 1745 hinc
864 1712 930 1743 inde
945 1734 955 1750 ,
978 1709 1133 1742 secundum
1148 1718 1187 1746 qu
1244 1715 1275 1736 in

212 1756 304 1787 forma
318 1758 392 1795 pacis
406 1756 527 1795 ejusdem
539 1757 646 1797 plenius
657 1755 833 1798 continetur:
1025 1788 1031 1794 ι

249 1795 381 1826 Tandem
396 1795 476 1834 super
494 1796 551 1827 hoc
563 1796 681 1826 aliorum
694 1794 838 1824 arbitrium
857 1800 918 1821 non
938 1796 1097 1820 curavimus
1110 1784 1274 1830 experfitare3

212 1833 266 1872 set,
281 1834 317 1865 de
335 1835 477 1865 bonorum
490 1835 606 1866 consilio
655 1832 805 1864 communi
824 1829 927 1861 assensu
946 1828 981 1858 ad
999 1828 1077 1857 hunc
1096 1823 1274 1856 amicabilem

211 1871 298 1902 finem
312 1872 491 1911 devenimus,
507 1873 584 1913 quod
600 1858 675 1902 idem
693 1871 838 1914 Dominus
847 1868 917 1912 ‘Rex
950 1876 983 1896 ro
1001 1875 1055 1903 eo,
1071 1863 1150 1903 quod
1163 1860 1275 1893 consta-

211 1920 242 1941 re
256 1911 389 1943 deberent
410 1912 555 1951 quingenti
571 1911 680 1941 Milites
700 1907 895 1940 rationabiliter
908 1916 941 1950 a⁸
962 1902 1116 1949 tenendum
1136 1911 1185 1939 per
1202 1900 1275 1944 duos

211 1959 317 1989 annos,
335 1951 370 1981 ad
383 1951 528 1982 arbitrium
544 1951 700 1989 proborum
713 1948 858 1984 virorum,
873 1945 956 1975 nobis
974 1953 1006 1974 in
1027 1949 1161 1979 centum,
1178 1947 1275 1978 trigin-

211 1996 238 2019 ta
271 1997 389 2027 quatuor
404 1990 526 2020 millibus
537 1989 670 2020 librarum
684 1986 795 2017 Turon.
810 1992 953 2020 tenoetur3
1003 2020 1008 2026 ¹
1196 2017 1201 2023 .

247 2011 307 2057 Fro
320 2038 373 2067 qua
388 2027 494 2058 summa
502 2051 512 2067 ,
529 2039 545 2059 a
561 2028 642 2058 nobis
654 2032 792 2066 gratanter
805 2030 965 2061 acceptata,
981 2018 1091 2051 dierum
1109 2017 1275 2048 Dominum

215 2064 344 2105 Regem,
359 2067 396 2097 de
409 2077 445 2097 eo
459 2066 535 2105 quod
547 2075 641 2106 petere
652 2064 795 2105 possemus
803 2062 840 2093 ab
859 2060 964 2104 eodem
977 2067 1030 2096 pro
1041 2067 1093 2095 eo,
1112 2055 1191 2100 quod
1205 2065 1276 2099 con-

215 2103 285 2134 stare
299 2104 407 2145 possent
421 2105 456 2135 ad
469 2106 622 2136 tenendum
631 2127 640 2142 ‚
659 2112 689 2134 ut
699 2102 808 2133 dicium
820 2099 880 2144 est',
899 2094 1184 2143 MihtesRsupradiQ,
1201 2102 1275 2138 quit-

211 2150 303 2213 {saansius
317 2144 350 2174 &
365 2145 503 2211 quitaimlus
514 2145 549 2175 de
561 2144 697 2174 solutione
715 2138 874 2179 hujusmodi
891 2135 1018 2169 facienda
1034 2134 1068 2166 ad
1082 2142 1217 2166 terminos
1231 2142 1275 2164 in-

265 2191 304 2212 cri
325 2190 381 2212 tos·
402 2192 430 2212 vi
450 2191 530 2213 eicet

248 2219 296 2250 Ad
307 2191 494 2259 {Qiiiidenarn
509 2206 712 2252 Purificationis
726 2217 857 2256 proximo
869 2223 1012 2252 venturae,
1029 2212 1068 2244 de
1082 2211 1258 2255 sextatpart‘e3

250 2257 290 2290 Et
301 2281 313 2298 ,
339 2258 374 2289 ad
400 2258 583 2299 Quindenarn
607 2256 782 2289 Ascensionis
802 2255 1013 2293 subsequentem
1027 2274 1038 2291 ,
1067 2250 1103 2281 de
1125 2249 1177 2281 alia
1202 2249 1274 2280 sexta

234 2307 304 2328 arte*
1251 2327 1256 2332 ·

211 2307 233 2406 ξ
249 2336 288 2367 Et
294 2321 307 2375 ,²
323 2335 357 2367 ad
371 2335 553 2376 Qindenam
574 2336 718 2368 Omnium
740 2332 912 2366 Sanetorum
926 2329 1153 2370 subsequentem,
1171 2326 1208 2358 de
1221 2326 1275 2358 alia

223 2383 281 2405 exta
315 2383 385 2406 arte·
1252 2404 1259 2409 .

250 2413 286 2445 Et
295 2384 328 2443 xiii
339 2399 414 2444 anno
428 2413 552 2453 sequenti
564 2413 685 2445 similiter
699 2410 825 2444 facienda
844 2410 998 2447 solutione,
1014 2408 1047 2438 in
1062 2405 1165 2437 eisdem
1178 2412 1274 2436 termi-

212 2453 271 2489 nis,
289 2452 415 2492 quolibet
428 2455 566 2491 termino,
584 2453 620 2483 de
634 2452 705 2483 sexta
720 2458 805 2490 parte.
933 2487 938 2491 .
1066 2485 1071 2490 ⁶

250 2491 288 2522 Et
301 2490 341 2520 est
356 2490 497 2522 sciendum
510 2491 587 2531 quod
603 2492 657 2529 jam
678 2491 833 2528 recepimus
847 2510 858 2526 ‚
881 2487 917 2531 de
931 2486 975 2516 illa
995 2484 1073 2516 torah
1093 2483 1219 2528 summa,
1236 2481 1273 2526 ab

212 2530 270 2569 ipso
284 2528 417 2560 Domino
428 2529 511 2569 Rege
526 2530 691 2569 septuaginta
705 2528 748 2558 sex
767 2527 853 2558 millia
873 2526 1005 2568 librarum
1019 2524 1130 2567 Turon.
1146 2532 1176 2552 in
1190 2521 1273 2551 servi-

212 2570 285 2599 tium
298 2567 372 2607 Dei,
390 2576 436 2599 aut
448 2568 582 2599 Eccleliae
597 2592 606 2606 ,
632 2568 676 2598 vel
696 2568 726 2597 in
743 2566 888 2597 utilitatem
911 2563 1008 2606 Regni
1021 2562 1151 2601 Angliae,
1168 2569 1272 2604 expen-

211 2607 301 2638 denda
313 2629 323 2645 ,
348 2616 412 2647 quae
426 2607 527 2639 cedent
542 2609 572 2638 in
587 2607 751 2638 solutionem
770 2606 897 2643 priorum
918 2610 1104 2633 terminorum
1119 2598 1273 2639 praediao-

212 2655 285 2676 rum.
1265 2676 1270 2681 ι

249 2684 283 2715 In
297 2684 374 2721 cujus
392 2685 431 2714 rei
445 2683 639 2715 testimonium
660 2682 805 2724 praesentes
820 2681 920 2711 litteras
941 2678 1034 2709 eidem
1048 2677 1182 2708 Domino
1197 2675 1272 2714 Regi

211 2722 338 2754 Franciae
350 2722 493 2762 dedimus,
513 2723 590 2763 figiui
607 2723 693 2753 nostri
708 2721 865 2752 munimine
879 2718 1030 2749 roboratas.

249 2802 357 2833 Actum
373 2802 504 2834 Ambian.
523 2803 568 2833 die
589 2801 727 2834 Mercurii
741 2810 804 2832 ante
822 2798 1052 2841 Purificationem
1072 2797 1160 2840 beatae
1179 2793 1275 2835 Virgi-

212 2842 253 2873 nis
262 2865 271 2880 ,
288 2851 363 2871 anno
378 2841 500 2872 Domini
515 2842 662 2872 millesimo
674 2840 867 2872 ducentesimo
881 2838 1046 2877 sexagelimo
1057 2843 1150 2866 tertio.

430 2977 488 3008 Pro
508 2973 676 3022 Reymundo
703 2977 739 3008 V
737 2974 885 3006 icecomite
905 2971 1056 3004 Turennae.

62 3057 139 3088 Ann.
154 3055 194 3088 D.

85 3098 169 3134 1264.

61 3138 115 3162 An.
125 3136 172 3170 48.

62 3177 130 3201 Heu.
149 3182 174 3209 3.

213 3060 340 3116 REX
358 3063 500 3102 omnibus,
518 3064 577 3095 &c.
588 3063 711 3094 salutem.
1119 3097 1124 3102 ¹
1141 3096 1146 3102 ι

314 3100 393 3131 Cum
407 3102 511 3132 dilecto
525 3104 558 3133 ὅ(
571 3101 645 3132 fideli
659 3101 757 3131 nostro
765 3099 956 3140 Reymundo,
975 3097 1148 3141 Vicecorniti
1159 3095 1274 3127 Turen-

214 3148 277 3177 nae,
294 3139 403 3170 liberari
421 3140 537 3170 fecimus
556 3141 754 3180 quinquaginta
774 3139 854 3169 libras
870 3146 995 3168 monetae
1016 3135 1097 3167 Paris.
1119 3135 1198 3173 super
1213 3135 1274 3166 feo-

213 3176 282 3208 dum
295 3177 392 3217 suum,
409 3179 485 3218 quod
500 3180 525 3208 ei
539 3177 725 3209 conceisimus
736 3177 947 3216 percipiendum
960 3185 1010 3214 per
1028 3183 1151 3218 annum,
1169 3173 1203 3204 ad
1218 3173 1275 3218 Pu-

63 3213 121 3238 Pae.
175 3247 180 3255 7
214 3215 398 3247 rificationem
413 3217 501 3247 boetae
515 3216 632 3255 Mariae,
649 3225 698 3256 per
719 3225 834 3245 manum
848 3213 993 3246 Senescalli
1010 3213 1098 3244 nostri
1119 3211 1271 3243 Lemovic.

62 3249 140 3284 Angl.
160 3257 193 3281 (5⁸
213 3254 400 3286 concessimus
411 3255 487 3300 quod
502 3255 640 3286 residuum
654 3254 781 3295 praediffi
795 3254 870 3284 feodi
883 3253 922 3284 sui
937 3276 946 3291 ‚
970 3252 1006 3283 de
1017 3252 1141 3295 termino
1154 3251 1275 3291 praedic-

63 3288 150 3313 5⁸¹⁸ss
213 3302 261 3331 to,
279 3293 371 3324 eidem
387 3293 562 3324 Vicecomiti
577 3317 586 3331 ‚
611 3293 656 3323 vel
674 3301 754 3323 certo
770 3300 908 3322 attornato
923 3293 972 3322 suo
987 3314 997 3330 ,
1023 3290 1070 3321 has
1084 3291 1184 3333 litteras
1197 3290 1275 3320 defe-

64 3324 111 3356 48.
128 3328 160 3351 H.
170 3333 195 3361 3·
216 3333 301 3369 renti,
319 3332 437 3372 persolvi
450 3333 583 3362 faciemus
595 3331 629 3362 ad
636 3331 813 3362 Scaccarium
826 3330 954 3361 nostrum
967 3328 1123 3369 inAnglia,
1139 3338 1168 3359 in
1179 3328 1276 3368 Qin-

63 3370 101 3388 ⁷⁰·
118 3371 144 3390 ²·
215 3370 285 3400 dena
298 3369 412 3401 Paschae
427 3372 559 3409 proximo
570 3379 694 3401 ventura.

251 3408 448 3439 Conceffimus
462 3410 547 3439 etiam
560 3409 689 3439 Guidoni
703 3407 778 3437 fratri
791 3406 918 3447 praedieh'
932 3406 1117 3438 vicecomitis
1128 3427 1138 3444 ‚
1163 3404 1275 3437 Pontio

216 3444 347 3477 Domino
364 3448 399 3478 de
422 3447 594 3486 Gordonio,
613 3447 646 3477 δε
662 3445 746 3476 Petro
760 3445 795 3475 de
815 3445 904 3486 Cryol
918 3468 929 3484 ‚
951 3445 1028 3486 quod
1043 3443 1160 3474 feodum
1178 3444 1276 3482 suum,

217 3484 294 3522 quod
305 3486 342 3515 eis
355 3496 371 3516 a
384 3494 458 3517 retro
471 3486 512 3517 est
526 3485 562 3516 de
575 3485 697 3516 termino
711 3484 864 3525 praedicto,
882 3485 950 3515 sicut
967 3494 1015 3522 per
1023 3483 1187 3525 johannem
1200 3483 1237 3514 de
1249 3482 1275 3513 la

217 3521 301 3552 Lind.
315 3523 499 3554 Senescallum
512 3525 640 3555 nostrum
656 3522 805 3554 Lemovic.
820 3523 1019 3562 intelleximus,
1037 3522 1075 3552 eis
1086 3520 1223 3564 similiter,
1240 3521 1277 3552 ad

216 3559 381 3627 gr‘gdifflm
401 3562 580 3595 Scaccarium
600 3561 729 3595 nostrum
745 3584 755 3600 ,
780 3561 859 3593 reddi
878 3562 1012 3594 faciemus
1035 3569 1158 3592 termino
1183 3560 1275 3601 supra-

237 3607 246 3626 i
276 3607 303 3626 o.

255 3634 291 3665 In
305 3637 394 3675 cujus,
412 3638 471 3670 ὅτε.

70 3762 89 3780 ς»
104 3753 203 3791 1730,
256 3713 343 3750 Teste
355 3715 435 3757 Rege
446 3718 519 3757 apud
533 3718 680 3751 Boloniam
693 3720 771 3761 supra
784 3729 876 3759 mare,
892 3720 1011 3760 septimo
1025 3718 1071 3750 die
1086 3717 1237 3749 Febmarii.

71 3793 149 3824 Ann.
165 3792 204 3823 D.

71 3833 189 3905 Ᾰῗόιῗὲ·
227 3847 249 3867 '⁶
272 3847 322 3882 De
338 3845 427 3893 Plena
445 3847 580 3892 pmstdte
601 3854 788 3900 Margarerae
811 3854 924 3899 Reginae
940 3854 1073 3886 Franciae
1087 3849 1180 3898 fi‘per
1191 3847 1278 3893 faffl’

71 3913 106 3937 H.
127 3919 152 3946 3⁸
658 3903 832 3947 Brggeriaci.

73 3951 150 4020 fog'l,
173 3983 206 4018 ῥ’
226 3985 295 4046 U
303 3983 451 4053 Nivssrsssfi
463 3982 498 4013 ad
511 3992 580 4027 quos
592 3987 735 4022 praesentes
748 3988 835 4018 literae
846 3987 1209 4029 pervenetjnhflemiwi
1219 3985 1279 4019 Dei

75 4026 165 4096 {aaz
181 4072 204 4100 3.
304 4031 404 4062 grana,
452 4030 487 4053 ex
499 4020 626 4062 Anghaeo
641 4025 701 4055 &c.
711 4025 832 4057 salutem.

74 4110 111 4128 m.
129 4108 154 4127 2.

689 150 1487 202 CONVENTIONE83

1544 150 1935 201 LITERAE,

1362 237 1516 305 *Noiffiritis
1531 247 1584 268 nos
1601 237 1758 284 Excellenti
1773 238 1947 306 1)οῐηὶηπ;1ἧι
1960 238 1994 269 &
2015 237 2113 270 Sorori
2134 237 2312 284 Kariffimae,
2326 239 2391 273 Do-
2405 235 2483 269 Ann.
2499 238 2542 272 D.

1327 284 1600 359 ἒὲἓῗοωῗὲῐῗὲἲςῗῗ
1604 276 2258 360 ²{iffigenigangaepgcggnffiupigffiffiffi
2271 280 2394 350 iffi}
2403 277 2523 354 335⁴}

1327 352 1444 397 nostro,
1459 354 1598 391 faciendi,
1615 353 1694 393 super
1706 355 1783 386 facio
1798 339 1960 394 Erigeriacz,
1978 354 2012 385 &
2029 356 2221 393 pertinentiisi'
2242 356 2307 395 fius,
2325 366 2394 389 cum

1325 391 1540 460 ffiglgilirilsalviideffi
1548 390 1704 470 ξέθῐὲῗῐυέξ
1719 394 1753 424 &
1765 392 1926 434 Margaret&
1940 393 1977 424 de
1988 393 2098 424 Turen.
2111 404 2199 425 uxore
2227 394 2263 425 ua
2275 417 2285 434 ,
2308 403 2394 437 prout

1324 467 1812 583 ἕῡέιῖᾙὲἃέῗὲἳρῗὲἧὲἓὲῗο
1835 469 2139 546 Ἓςέἐξωῗὲυἶὲῗῖῗὲ
2148 471 2316 549 Ξὲῗέἓῗ
2331 471 2392 504 Re'

1360 622 1432 656 Dat.
1445 624 1518 665 apud
1533 625 1701 666 Whitsand,
1719 627 1735 655 8
1749 625 1795 657 die
1808 626 1890 658 Febr.

1518 761 1569 793 De
1584 763 1715 794 Pecunia
1730 773 1750 794 a
1768 764 1847 810 Rege
1867 764 1999 796 Franciae
2018 762 2195 812 recipienda.

1392 849 1456 881 EX
1471 851 1620 888 omnibus,
1638 850 1699 881 &c.
2398 851 2476 883 Ann.
2490 851 2532 884 D.

1427 889 1524 920 Sciatis
1537 889 1614 928 quod
1628 888 1822 929 assignavimus
1840 890 1973 921 diledtam
1987 891 2159 923 Consonem
2178 891 2322 931 nostram,
2339 892 2382 925 A-
2417 891 2502 930 1264.

1318 928 1454 958 lienoram
1469 928 1608 968 Reginam
1630 927 1676 957 An
1697 928 1741 958 liae
1753 951 1762 966 ,
1785 927 1903 959 Petrum
1919 928 2070 961 Comitem
2092 930 2237 961 Sabaudiae
2248 954 2258 970 ,
2281 931 2378 970 &Jo-
2397 935 2448 958 An.
2464 931 2514 966 48-

1318 965 1440 996 hannem
1454 965 1592 1010 Maunsell
1604 937 1818 1011 The-{uranum
1831 967 1962 998 Eborum
1974 991 1983 1006 ‚
2009 970 2043 999 ad
2057 969 2247 1009 recipiendum
2263 971 2381 1001 nomine
2394 972 2427 997 H·
2446 978 2473 1006 3-

1318 1004 1418 1035 nostro
1432 1005 1558 1036 denarios
1604 1015 1674 1045 quos
1687 1004 1838 1036 canffimus
1859 1005 2004 1037 Dominus
2022 1008 2055 1038 &
2069 1006 2300 1048 Consanguineus
2314 1020 2380 1040 nos-
2396 1008 2503 1044 Ibidem,

1318 1051 1359 1088 ter
1374 1043 1556 1088 Eudovicus‚
1572 1028 1637 1074 Rex
1651 1043 1777 1088 Franciae
1795 1043 1922 1083 illustris,
1940 1045 2022 1076 nobis
2035 1046 2120 1076 debet
2135 1056 2183 1086 per
2196 1047 2321 1079 formam
2336 1059 2385 1090 pa-

1319 1092 1374 1118 cis,
1393 1090 1464 1113 inter
1480 1082 1571 1122 ipsum
1583 1083 1617 1114 δε
1630 1092 1682 1113 nos
1695 1091 1787 1113 initae:

1356 1120 1466 1151 Dantes
1480 1123 1518 1152 eis
1531 1121 1698 1159 potestatem
1713 1121 1922 1162 componendi,
1941 1121 2105 1161 ordinandi⁷
2125 1123 2159 1154 &
2179 1122 2299 1154 faciendi
2314 1133 2384 1155 cum

1319 1159 1457 1199 praedffito
1468 1160 1568 1200 Rege,
1582 1161 1618 1192 de
1631 1159 1771 1200 praedictis
1785 1160 1917 1200 denariis,
1935 1169 2018 1200 prout
2032 1161 2068 1192 ad
2081 1161 2271 1192 commodum
2285 1162 2319 1193 ὃς
2331 1162 2386 1193 ho-

1319 1208 1421 1230 norem
1435 1198 1566 1230 nostrum
1579 1199 1703 1230 viderint
1715 1199 1859 1239 expedire,

1357 1236 1468 1268 Rarum
1481 1237 1602 1268 habituri
1616 1237 1752 1277 quicquid
1763 1238 1812 1278 ipsi
1826 1246 1896 1270 cum
1910 1237 2048 1278 praedicsto
2062 1237 2146 1279 Rege
2164 1236 2244 1277 super
2258 1240 2386 1278 praemis-

1318 1276 1351 1308 fis
1365 1275 1494 1306 duxerint
1507 1276 1626 1308 faciend.

1356 1314 1391 1345 In
1405 1316 1499 1354 cujus,
1516 1315 1577 1347 &c.

1354 1394 1425 1428 Dat.
1438 1399 1511 1438 apud
1518 1396 1689 1436 Whitsand,
1712 1405 1748 1436 14
1761 1397 1807 1428 die
1821 1396 1982 1436 Februarii,
1995 1406 2072 1428 anno
2084 1395 2209 1428 Domini
2227 1397 2311 1434 1263.

1356 1479 1446 1516 Item,
1462 1476 1547 1507 habet
1562 1476 1716 1519 confimilem
1731 1478 1857 1516 literam,
1875 1477 1924 1509 hoc
1944 1478 2049 1517 adjeao
2063 1502 2074 1517 ‚
2099 1476 2233 1519 quicquid
2253 1476 2303 1517 ipsi
2317 1487 2384 1510 om·

1318 1524 1368 1546 nes
1382 1516 1426 1547 vel
1439 1516 1497 1547 duo
1513 1516 1652 1555 ipsorum,
1668 1516 1728 1547 &c.

1353 1554 1388 1586 In
1402 1556 1497 1595 cujus,
1512 1557 1573 1588 &c.

1354 1635 1423 1668 Dat.
1438 1645 1468 1668 ut
1484 1635 1569 1675 supra.

1404 1771 1455 1802 De
1471 1766 1635 1815 Jocalibus
1651 1771 1741 1816 Regis
1757 1768 1840 1817 apud
1857 1769 2016 1816 Templum
2031 1767 2132 1813 Paris:
2147 1766 2286 1814 depffitis.

1316 1856 1444 1912 REX
1459 1860 1592 1890 omnibus
1628 1859 1689 1890 &c.
2401 1856 2479 1889 Ann.
2492 1858 2535 1891 D.

1414 1897 1512 1966 Sfiatis
1525 1882 1610 1937 quod,
1622 1897 1670 1928 affi
1687 1897 1817 1967 mvmpus
1831 1897 1964 1931 dilectam
1978 1896 2152 1966 consortsenga
2160 1894 2285 1965 ufstraxff
2306 1896 2383 1928 Alie-
2399 1898 2508 1964 ‘4226ss

1316 1944 1445 2017 1iilloiiamunsel
1455 1974 1486 2005 T
1508 1936 1674 2006 εἳὲυωωτῇῃπῖ
1692 1945 1892 2020 ἔὺᾎωῗηπξὲἒὶ
1907 1936 2117 2015 §eggigi-iduma
2123 1934 2381 2019 ndxminJeonffian:
2396 1978 2431 2018 H:
2445 1946 2486 2011 ’34-ᾗ
2508 1960 2515 1967 ·

1312 2011 1421 2051 Jocaiia
1434 2012 1530 2044 nostra
1545 2024 1608 2054 quae
1621 2013 1682 2044 sunt
1694 2024 1724 2044 in
1736 2014 1863 2055 deposito
1873 2014 1946 2055 apud
1957 2014 2116 2057 Templum
2130 2011 2213 2043 Pans.
2296 2053 2301 2057 Ι
2391 2013 2497 2043 Ibidem.

1351 2049 1460 2095 Dantes
1473 2053 1512 2083 eis
1526 2051 1694 2092 potestatem
1713 2052 1877 2091 disponendi
1891 2076 1901 2092 ,
1923 2054 1957 2084 &
1973 2051 2111 2090 faciendi,
2128 2051 2163 2082 de
2177 2050 2315 2096 praedisps
2324 2051 2380 2091 Jo-

1315 2089 1419 2134 cahbus
1427 2113 1436 2128 ,
1453 2099 1537 2131 prout
1550 2091 1586 2124 ad
1599 2091 1792 2123 commodum
1804 2092 1838 2124 &
1851 2091 1992 2124 honorem
2005 2089 2135 2123 nostrum
2149 2089 2248 2131 melius
2260 2090 2381 2124 viden'nt

1314 2128 1455 2199 expedire.

1368 2177 1388 2198 n
1402 2169 1495 2208 cujus,
1511 2168 1571 2200 &c.

1351 2246 1421 2280 Dat.
1436 2248 1495 2281 &c.
1511 2257 1542 2281 ut
1555 2249 1642 2291 supra.

1353 2331 1397 2360 Et
1411 2331 1572 2360 mandatum
1592 2328 1629 2371 est
1648 2328 1827 2370 Thc’st‘zurario
1845 2329 1947 2370 Templi
1962 2332 2031 2361 Pari
2045 2355 2051 2361 .
2065 2331 2138 2371 quod
2146 2331 2282 2369 praeditf't'a
2294 2329 2384 2369 Joca-

1313 2368 1353 2398 Iia
1363 2367 1490 2408 praefatis
1506 2371 1632 2408 Reginae,
1653 2371 1752 2409 Petro,
1770 2367 1809 2405 ὠ·
1824 2369 1954 2409 Johanm'
1968 2368 2021 2401 deli
2040 2376 2115 2408 eret,
2129 2380 2187 2401 cum
2207 2369 2244 2401 ab
2258 2373 2294 2400 eis
2306 2368 2383 2408 fitper

1313 2407 1361 2438 hoc
1367 2406 1457 2447 fuerit
1473 2406 1622 2448 requifitus.

1354 2449 1388 2478 ln
1402 2447 1495 2485 cujus,
1513 2446 1573 2478 &c.

1348 2524 1418 2559 Dat.
1435 2528 1497 2560 &c.
1513 2536 1544 2560 ut
1556 2527 1641 2570 supra.

1337 2664 1386 2696 De
1404 2664 1562 2698 trac'lando
1579 2675 1649 2696 cum
1661 2666 1780 2696 Simone
1795 2661 1832 2695 de
1840 2661 2026 2706 Monteforti
2035 2688 2045 2704 ‚
2071 2665 2108 2700 ὠ·
2121 2661 2286 2696 Baronibus
2294 2687 2305 2705 ,
2329 2665 2362 2696 in

1569 2711 1723 2758 praefintia
1743 2713 1864 2745 Nuncii
1880 2712 1969 2756 Regis
1985 2711 2130 2743 Francia.

1317 2799 1446 2856 REX
1466 2800 1617 2839 omnibus,
1635 2799 1696 2830 &c.
1714 2798 1836 2830 salutem.
2399 2789 2475 2822 Ann.
2489 2791 2532 2824 D.·

1419 2838 1569 2869 Noveritis
1587 2848 1639 2869 nos
1657 2837 1833 2868 constituisse
1853 2836 1887 2867 &
1905 2835 1952 2867 affi
1993 2835 2048 2866 asse
2065 2835 2254 2867 venerabilem
2274 2844 2382 2874 patrem
2416 2831 2501 2870 1264»

1315 2876 1356 2908 R.
1372 2877 1512 2908 Coventr.
1527 2877 1561 2908 &
1577 2876 1717 2907 Lichfeld.
1739 2875 1909 2917 Episcopum
1923 2897 1933 2913 ‚
2010 2873 2048 2905 M
2085 2876 2090 2881 '
2152 2885 2182 2905 m
2202 2874 2381 2906 Nicholaum
2392 2872 2444 2897 An.
2458 2871 2506 2906 48-

1315 2916 1351 2947 de
1367 2915 1525 2954 Plumpton
1541 2915 1784 2946 Archidiaconum
1794 2912 1894 2944 Norff.
1909 2912 2045 2944 Nuncios
2109 2913 2302 2945 Procuratores
2314 2924 2380 2944 nos-
2395 2912 2429 2935 H.
2453 2917 2478 2944 3·

1315 2964 1390 2994 tros,
1405 2954 1438 2984 ad
1456 2954 1656 2992 requirendum
1678 2953 1826 2984 Simonem
1846 2952 1882 2983 de
1898 2951 2071 2982 Monteforti
2090 2951 2242 2983 Comitem
2262 2951 2383 2994 Leyces-
2396 2946 2502 2982 &148

1315 2994 1394 3032 triae,
1414 2994 1429 3010 ²*
1445 2993 1478 3024 &
1495 2993 1562 3024 alios
1582 2992 1704 3023 Barones
1718 2992 1768 3022 sibi
1785 2990 1958 3021 adhaerentes
1972 2990 2007 3020 ad
2027 2990 2206 3022 tractandum
2218 2992 2248 3021 in
2283 2991 2382 3022 raesen-
2396 2989 2430 3012 H.
2449 2993 2476 3021 3-

1316 3033 1354 3064 tia
1365 3031 1502 3070 johannis
1514 3031 1550 3061 de
1563 3030 1691 3062 Valentia
1707 3029 1808 3061 Militis
1822 3030 1856 3060 &
1871 3029 1984 3060 Nuncii
2002 3027 2091 3068 Regis
2112 3029 2238 3061 Franciae
2257 3031 2265 3060 i
2287 3030 2381 3070 ustris,
2395 3033 2432 3051 m·
2446 3024 2493 3058 ⁶4·

1316 3071 1396 3110 super
1409 3069 1573 3110 quibusdam
1589 3069 1706 3101 articulis
1719 3070 1753 3100 ὃ(
1769 3069 1904 3115 negotiiS,
1918 3078 1983 3108 quae
1996 3069 2116 3108 praesatis
2131 3067 2272 3109 Episcopo
2284 3070 2318 3101 &
2327 3069 2383 3100 Ar·
2401 3062 2420 3080 ⁴*
2431 3063 2454 3091 1·
2465 3070 2478 3097 7
2483 3061 2529 3090 8¹·

1316 3109 1487 3141 chidiacono
1503 3109 1674 3147 injunximus
1685 3108 1747 3145 ipsis
1761 3108 1827 3138 viva
1841 3116 1916 3137 voce
1929 3106 2107 3146 exponenda:

1354 3148 1462 3179 Ratum
1485 3146 1605 3177 habituri
1621 3148 1654 3178 &
1689 3154 1780 3177 ratum
1793 3145 1925 3185 quicquid
1939 3144 2046 3183 praefati
2060 3144 2214 3187 Episcopus
2226 3146 2261 3178 &
2280 3145 2384 3178 Archi-

1315 3187 1450 3219 diaconus
1463 3185 1494 3216 in
1509 3185 1655 3224 praemiffis
1669 3155 1797 3216 duxerint
1810 3184 1971 3216 faciendum
1980 3206 1990 3223 ‚
2007 3183 2068 3215 &c.

1352 3266 1442 3299 Teste
1456 3265 1538 3306 Rege
1548 3265 1621 3304 apud
1635 3263 1732 3296 Oxon.
1751 3273 1783 3304 13
1800 3264 1846 3296 die
1860 3263 1966 3296 Martii

1316 3411 1407 3446 Bulla
1434 3409 1471 3443 dc
1498 3408 1702 3455 Compromiffi)
1728 3412 1817 3456 Regis
1836 3413 1872 3449 ᾤ’
1894 3411 2045 3442 Baronum
2067 3408 2113 3442 ad
2125 3412 2236 3457 Regem
2252 3410 2382 3442 Francia

1355 3456 1690 3555 &7232mequ
1717 3459 1830 3493 Oxom'i
1842 3485 1852 3502 ‚
1883 3460 1920 3498 φ’·
1945 3457 2023 3492 disto
2050 3460 2137 3506 Regis
2158 3460 2289 3494 francia
2314 3467 2382 3491 con-

1318 3596 1516 3660 [JRbanus
1529 3595 1700 3635 Episcopus,
1717 3597 1807 3629 servus
1819 3597 1962 3629 servorum
1976 3597 2052 3636 Dei,
2069 3595 2212 3628 cariffimo
2224 3596 2253 3625 in
2261 3591 2378 3636 Christo
2393 3587 2470 3619 Ann-
2483 3587 2525 3619 D.

1407 3635 1480 3665 FffiO
1606 3634 1681 3675 Regi
1695 3636 1856 3677 Anglorum
1870 3636 1983 3675 illustri,
2004 3635 2118 3666 salutern
2131 3635 2164 3666 &
2183 3630 2377 3672 Apostolicam
2419 3627 2475 3657 126

1320 3672 1560 3707 benedictionem.
2254 3708 2260 3715 Ι
2393 3670 2445 3694 Aa.
2459 3676 2478 3702 4
2500 3686 2507 3694 .

1357 3712 1441 3742 Licet
1463 3720 1513 3749 ea,
1529 3721 1593 3749 quae
1611 3720 1724 3744 attentae
1742 3714 1946 3745 deliberationis
1973 3712 2154 3744 discutiuntur
2173 3717 2298 3752 examine
2305 3730 2320 3752 Ι,
2344 3717 2377 3739 ac
2394 3709 2428 3732 Η·
2445 3714 2472 3741 3·

1319 3749 1428 3791 providi
1442 3751 1598 3781 maturitate
1618 3752 1725 3783 consilii
1738 3753 1913 3793 diriguntur,
1930 3751 2010 3782 firma
2028 3751 2210 3792 desideremus
2224 3747 2258 3778 &
2273 3746 2376 3791 illibata
2393 3747 2423 3771 L.
2438 3746 2476 3770 A·
2508 3782 2509 3786 Ἰ

1319 3789 1441 3824 servari3
1463 3797 1527 3827 quae
1546 3797 1641 3820 tamen
1662 3800 1712 3830 per
1733 3791 1906 3822 orthodoxos
1916 3790 2014 3835 'Reges
2032 3790 2067 3820 &
2081 3788 2236 3830 Principes,
2255 3794 2376 3830 maxime
2385 3780 2412 3818 f·
2425 3779 2507 3808 60-b·

1318 3825 2007 3908 {deffiegfflgmffifflgfflosggssfficffigrg
2018 3823 2381 3904 ffiffgffiffifffflpffi
2392 3822 2527 3888 ‘c'Z'Zssm

1322 3905 1414 3938 tolico
1426 3904 1585 3935 munimine
1596 3907 1767 3937 roboramus.
2393 3900 2510 3929 saccari

1357 3942 1431 3974 Sane
1445 3950 1494 3979 per
1506 3949 1579 3981 tuas,
1599 3943 1632 3974 ὃς
1645 3944 1777 3976 carissimi
1791 3945 1822 3975 in
1837 3941 1955 3973 Christo
1975 3939 2038 3970 Filii
2059 3936 2166 3976 nostri,
2185 3937 2271 3978 Regis
2291 3937 2379 3970 Fran-

1319 3990 1422 4013 corum
1439 3978 1547 4010 illustris
1560 4005 1570 4019 ‚
1588 3982 1687 4013 litteras
1707 3991 1797 4022 nuper
1816 3981 1976 4017 accepimus
1995 3976 2090 4016 quod,
2105 3977 2178 4007 inter
2193 3985 2236 4014 te,
2255 3985 2289 4007 ex
2301 3984 2380 4021 pane

1319 4030 1393 4060 una,
1410 4020 1445 4052 δε
1458 4018 1593 4059 quosdam
1609 4019 1781 4062 Episcopus,
1796 4019 1830 4051 δε
1848 4016 2000 4051 nonnullos
2016 4014 2135 4048 Baiones
2152 4013 2249 4058 Regni
2268 4023 2380 4090 tab?

2369 4074 2380 4091 5
