2570 4261
677 179 787 222 ET
871 181 1137 224 ACTA

0 261 36 283 ¹1¹·
49 249 92 283 D·
137 257 216 301 ,Qui
230 259 345 298 quidem
361 259 486 293 Domini
502 262 714 301 Archiepiscopi
726 288 736 302 ,
761 263 795 295 ad
811 275 907 303 preces
924 267 1049 304 praedicti
1064 267 1172 297 Princi-

0 291 73 358 138}
114 304 157 334 pls
194 299 311 335 praeseiis
323 299 457 337 scriptum
471 301 626 339 iigillorum
641 302 753 332 suorum
769 306 926 334 munimine
940 305 1118 336 roborarunt.

172 336 296 367 'aeterum
316 339 442 375 pioniilit
456 347 627 376 memoratus
640 339 773 378 Princeps
789 341 862 380 Regi
879 342 988 382 Angli-x
1000 344 1172 380 supradicto,

112 372 163 404 sub
177 375 281 405 virtute
294 376 421 413 praediffl
436 377 550 413 praestiti
560 378 732 420 juramenti,
746 380 823 416 quod
837 404 846 417 ‚
874 391 958 417 quani
973 382 1030 412 cito
1044 381 1172 419 Sigillum

112 421 250 452 magnum
266 413 323 442 fieri
336 413 433 444 fecerit
447 416 480 445 ὅ(
497 415 639 454 habuerit,
657 422 775 454 praeiens
798 419 931 456 scriptum
945 420 995 450 sub
1011 419 1115 449 eodem
1130 420 1173 448 51-

110 450 180 489 gillo
190 451 274 482 faciet
288 452 423 482 innovari.

149 526 259 557 Adsum
279 525 352 564 apud
375 526 494 557 Oleron.
515 528 679 565 praediCram
693 554 702 568 ,
734 528 811 562 tertis}
831 532 877 562 die
898 534 1017 564 intrante
1034 533 1173 563 Novem-

108 566 170 596 bris
184 588 194 601 ,
223 573 299 595 anno
328 564 452 596 Domini
477 567 625 597 millesimo
643 568 836 600 ‹iuceiiteiiiiio
859 572 1037 609 offogesirno
1056 572 1171 602 octavo.

114 602 276 646 Indidiione
304 601 432 635 secunda.
455 603 640 636 Pontificatus
662 606 784 640 Domini
804 604 944 641 Nicholai
964 610 1049 649 Pap-22
1069 610 1173 648 Quini

112 650 190 672 anno
204 650 308 679 primo.

150 716 337 749 Praesentibus
352 716 503 757 Testibus,

148 792 365 829 Venerabilibus
376 792 505 825 Patribus
519 793 674 835 Dominis,
692 796 751 828 Dei
768 798 871 838 gratifi,

150 870 236 898 Petro
242 868 451 908 ·Archiepifi·0po
466 872 571 899 Montis
583 872 706 912 Regalis,

151 906 395 946 Praedic‘lofratre
406 911 442 938 R.
459 911 524 947 Vap.
542 906 581 943 ὠ
674 932 678 936 .

154 944 271 975 Roherto
284 946 406 976 Bathon.
589 923 613 974 }
625 928 741 969 Epzfiop.

112 982 270 1023 Dominis,

151 1021 270 1062 Gastone
285 1023 317 1053 de
330 1024 426 1054 Biern.

152 1060 289 1100 Johanne
303 1061 334 1091 de
347 1061 423 1101 Vefiy
432 1084 444 1101 ,

152 1099 284 1130 Mathaeo
297 1101 329 1130 de
339 1102 436 1130 Adria
444 1124 454 1139 ,
471 1098 511 1136 &⁶

153 1137 283 1169 Arnald.
301 1139 332 1168 de
346 1140 467 1169 Gironda
485 1137 596 1177 Milite,
610 1138 704 1178 fratre
718 1137 868 1169 Guillielmo
905 1137 943 1174 (ᾤ’

154 1179 255 1221 Ρνᾳινς
270 1175 423 1207 Guillielmo
436 1176 509 1208 dela
525 1180 677 1208 Manuaria
691 1177 794 1213 ordinis
810 1161 1046 1216 praedicatorum,

117 1214 309 1323 Μὲξιὲῧὲξῆηο
330 1254 362 1284 de
383 1255 485 1292 Luda,
502 1253 689 1285 Thesaurario
709 1253 834 1284 Domini
856 1253 948 1292 Regis
964 1251 1076 1292 Angliae
1087 1251 1179 1290 supra-

211 1303 220 1322 i

159 1315 296 1369 Joham'ze
315 1330 347 1361 de
362 1332 424 1360 Lac
454 1329 630 1361 Cancellario
639 1329 817 1373 ΥΟιίεςεβνὶιεὲ
851 1360 871 1366 4,

156 1370 259 1405 Fratre
272 1370 355 1398 Petro
369 1369 401 1398 de
425 1379 444 1397 a
460 1368 595 1406 Mandon.
606 1367 718 1404 ,ordinis
732 1368 966 1406 praedicatorum,

159 1406 295 1448 Magistro
310 1405 445 1445 Gaufrido
460 1407 492 1436 de
507 1405 630 1446 Longeffi
643 1411 680 1444 ,A
697 1413 753 1443 ten„
763 1406 929 1445 *Praeposito
936 1429 954 1445 ,,

158 1447 258 1476 Adam
275 1445 308 1474 de
326 1447 360 1475 Ti
363 1444 442 1485 fitam
468 1443 586 1476 Clerico
613 1446 647 1476 ὃς
708 1444 862 1476 hesaurario
880 1446 992 1475 Domini
1012 1441 1184 1480 Salernitani

197 1486 328 1522 Principis
355 1482 510 1522 upradififi,
552 1507 556 1510 Δ

155 1521 292 1553 Nicholao
306 1522 338 1551 de
355 1520 431 1552 Valle
444 1520 567 1561 Sorand,
585 1518 623 1558 ό·

155 1563 242 1590 Petro
258 1559 408 1601 Magistro,
925 1599 930 1606 .

191 1624 196 1629 .
218 1600 335 1629 cadonio
349 1599 485 1637 pupplicis
500 1599 666 1630 auu-oritate
678 1599 813 1637 praedifta
826 1598 974 1639 Notanis,
1014 1634 1017 1637 ,

188 1647 198 1669 t
212 1648 261 1669 me
274 1640 356 1667 Petro
371 1639 402 1667 de
416 1637 574 1677 Bafunche,
592 1638 709 1676 publico
729 1638 894 1668 austoritate
905 1636 1074 1677 Apostolici
1090 1635 1186 1667 Nota-

121 1677 184 1715 rio,
203 1678 251 1715 qui
272 1676 416 1714 praemiffis
437 1676 571 1706 omnibus
593 1677 625 1706 ὃς
642 1676 752 1715 singulis
767 1676 897 1713 interfui,
915 1686 1004 1715 eaque
1016 1675 1128 1714 scripsi,
1147 1677 1181 1706 &

120 1715 151 1745 iii
167 1716 310 1753 publicam
326 1715 449 1744 formam
464 1714 574 1753 redegi,
594 1713 733 1753 signoque
744 1724 811 1746 meo
826 1715 963 1751 consueto
986 1715 1092 1753 signavi
1106 1723 1187 1753 roga-

122 1760 166 1784 tus
180 1754 215 1785 &
230 1752 381 1791 requisitus.

161 1828 195 1858 In
210 1828 288 1867 cujus
301 1828 446 1867 praesentia
457 1829 492 1861 &
506 1828 621 1867 testium
658 1830 860 1870 praedictorum,
878 1829 1029 1869 praedietus
1042 1830 1189 1861 Dominus

122 1866 191 1897 Rex
206 1867 317 1906 Angliae
332 1869 436 1899 remilit
449 1870 483 1900 &
496 1871 612 1907 quitavit
637 1870 707 1906 ,icio
722 1869 846 1907 Principi
858 1869 1058 1908 juramentum
1070 1868 1190 1908 praedic—

124 1913 205 1943 tum,
221 1906 356 1937 omnibus
368 1907 424 1937 aliis
438 1908 466 1945 in
479 1907 529 1938 suo
538 1908 807 1946 ¹r'obor,odoratu-ris.
840 1941 844 1944 Α
1152 1915 1170 1951 ’.

164 1943 295 1982 Duoque
308 1944 508 1984 instrumenta,
528 1946 650 1984 ejusdem
665 1948 787 1985 tenoris,
806 1947 884 1984 super
919 1945 1042 1977 raemiffis
1057 1945 1191 1983 consecr,

125 1990 251 2020 quorum
263 1993 353 2014 unum
368 1984 433 2014 dedi
445 1984 583 2022 praedidto
595 1984 729 2016 Domino
745 1985 822 2024 Regi
836 1985 902 2025 Ang
913 1987 964 2023 iae,
981 1985 1124 2022 reliquum
1139 1993 1190 2016 ve-

126 2022 163 2051 ro
176 2020 317 2059 praedieio
335 2022 472 2053 Domino
487 2022 623 2064 Principi.
652 2062 664 2064 ἢ

1 2156 110 2195 11.396.
126 2149 154 2179 *ἓ
186 2155 433 2189 Procuratorinm
464 2156 608 2187 Civitatis
643 2152 860 2200 Burdogalenfis
886 2153 978 2201 fitper
999 2150 1189 2196 Liberatione

418 2203 522 2237 Caroli
541 2206 690 2250 Principis
704 2203 898 2237 Salernitani.
998 2210 1003 2214 “

0 2286 57 2312 lnn.
68 2279 110 2312 D.

0 2320 85 2352 1288.

0 2363 32 2387 ln.
53 2369 95 2395 ¹7·

169 2287 205 2319 N
222 2287 358 2320 Nomine
370 2287 494 2320 Domini
510 2288 614 2321 Arnen.
1132 2326 1137 2332 ¹

201 2326 236 2357 In
249 2328 391 2365 praesentia
408 2329 485 2367 mei,
504 2328 620 2359 Notarii
640 2328 674 2360 &
695 2326 809 2358 testium
823 2326 1058 2371 subscriptorum,
1069 2325 1189 2371 ‚Mation

129 2365 218 2404 Jurati
237 2376 270 2396 ac
293 2366 494 2397 Communitas
515 2366 668 2397 hominum
690 2365 819 2397 Civitatis
839 2365 1061 2405 Burdegalensis,
1079 2375 1108 2395 m
1122 2365 1191 2394 loco

132 2414 215 2435 more
227 2404 311 2435 solito
324 2406 507 2443 congregati,
524 2405 668 2442 fecerunt,
687 2404 894 2435 constituerunt
905 2427 917 2442 ,
941 2405 974 2435 &
993 2403 1194 2434 ordinaverunt

29 2440 58 2464 B.
67 2435 93 2472 f-
133 2444 302 2474 unanimiter
315 2444 349 2475 &
365 2443 545 2481 concorditer
559 2443 624 2478 tales
639 2453 740 2474 eorum
755 2442 902 2486 Concives
916 2466 926 2480 ,
943 2441 1006 2472 suos
1020 2441 1193 2485 Procurato-

1 2481 52 2538 gnis
63 2483 116 2540 ga-
135 2491 178 2513 res
195 2481 324 2519 speciales
339 2506 349 2520 ,
376 2483 410 2514 &
424 2481 692 2526 quemlibet-eorum
705 2482 734 2512 in
749 2479 888 2519 solidum,

174 2520 221 2550 Ad
240 2521 465 2557 promittendum
478 2545 489 2559 ,
504 2530 623 2552 nomine
637 2520 670 2551 &
677 2527 827 2563 proparte
839 2520 990 2563 ipsorum,
999 2519 1033 2550 &
1047 2517 1195 2563 cujussibet

135 2558 324 2597 eorumdem,
338 2558 377 2588 'de
397 2558 457 2597 ipsit
473 2558 602 2590 'Civitate
615 2581 624 2597 ,
650 2559 683 2590 gc
699 2555 888 2596 adjutandum
902 2558 932 2587 in
946 2567 1050 2588 animas
1063 2565 1196 2601 omniurn

159 2596 341 2628 raedietorum
360 2597 402 2628 &·
414 2597 561 2635 cujussibet
581 2596 748 2628 eorumdem
763 2621 774 2635 ,
799 2596 1033 2627 Procuratoribus
1054 2594 1195 2640 magnifiCi

136 2607 276 2673 grincipis
298 2634 421 2666 Domini
439 2635 549 2666 Alfonsi
561 2659 571 2674 ,
595 2635 655 2666 Dei
677 2635 782 2675 gratia,
800 2634 910 2665 illustris
925 2635 1013 2674 Regis
1030 2635 1196 2679 Aragoniae,

137 2673 362 2711 Majoricarum,
375 2675 413 2712 ,ὃς
426 2673 581 2713 Valentiae,
599 2684 632 2704 ac
647 2673 771 2704 Comitis
784 2672 986 2711 Barchinonae,
1000 2673 1197 2711 recipientibus

138 2711 173 2742 &
194 2705 386 2749 stipulantibus
406 2722 460 2749 pro
483 2712 619 2743 Domino
637 2712 721 2751 Rege
734 2712 889 2750 praediero,
906 2713 940 2743 &
955 2712 1006 2741 suis
1022 2711 1197 2756 haeredibUS,

137 2749 176 2779 de
195 2760 318 2788 quorum
338 2751 537 2789 procuratione
558 2761 608 2789 per
628 2751 728 2782 litteras
747 2751 827 2788 ipsius
843 2750 930 2790 Regis
944 2749 1070 2781 constitit
1084 2749 1199 2781 eViden-

139 2795 183 2820 ter

180 2813 274 2865 Qiod
294 2827 344 2865 ipsi
357 2850 369 2866 ‚
392 2838 494 2859 omnes
514 2828 548 2859 &
569 2827 667 2867 singuli
681 2851 690 2866 ,
707 2826 822 2869 fideliter
838 2826 942 2859 facient
957 2826 1037 2865 poffe
1051 2826 1148 2865 suum,
1167 2828 1200 2858 &

141 2875 271 2903 operam.
286 2865 556 2904 dabuntquanturn
582 2873 717 2904 poterunt
738 2866 886 2896 efficacem
900 2889 909 2904 ,
935 2865 1015 2904 quod
1036 2875 1066 2895 m
1102 2866 1201 2896 nificus

140 2903 296 2942 PrincePS,
314 2904 459 2935 Dominus
481 2904 635 2936 Edwardus
649 2928 658 2943 ,
675 2904 733 2934 Dei
748 2904 849 2943 gratini,
864 2903 976 2934 illustris
990 2904 1054 2934 Rex
1100 2904 1201 2942 ngliae,

141 2942 290 2973 Dominus
310 2941 458 2973 Hibemiae
471 2966 482 2982 ,
502 2945 536 2974 ὃς
558 2943 628 2974 Dux
650 2943 826 2981 Aquitaniae,
844 2943 890 2973 vel
904 2943 943 2972 sui
958 2942 1098 2980 haeredes,
1116 2942 1203 2972 libere

142 2981 178 3011 &
199 2981 228 3010 in
251 2990 321 3017 pace
342 2981 451 3012 solvent
466 3003 476 3020 ,
500 2981 547 3012 vel
565 2982 638 3013 solvi
655 2982 758 3012 facient
773 2981 865 3012 eidem
876 2981 953 3022 Regi
969 2981 1138 3021 Aragoniae,
1155 2980 1202 3012 vel

143 3019 203 3056 ejus
216 3018 388 3057 haeredibus,

180 3055 290 3095 Viginti
302 3056 377 3086 milia
394 3055 557 3088 Marcarum
573 3059 677 3097 argenti
688 3059 717 3089 in
733 3068 818 3090 unam
830 3066 955 3100 partem,

182 3093 224 3125 Et
237 3095 524 3134 quinquaginta-milia
537 3096 703 3128 Marcarum
714 3098 837 3137 argenti,
856 3099 885 3127 in
897 3098 976 3128 aliam
990 3100 1115 3136 partem,

180 3132 229 3163 Ac
244 3132 345 3163 decem
357 3134 434 3163 milia
448 3133 612 3165 Marcarum
625 3138 747 3174 argenti,
765 3138 793 3166 in
806 3144 912 3175 partem
926 3137 1035 3166 tertiam
1044 3159 1055 3174 ,
1072 3137 1082 3142 ⁶

182 3170 288 3201 Eidem
308 3171 384 3211 Regi
407 3172 556 3212 Aragoniae
577 3173 624 3204 vel
641 3174 692 3203 suis
712 3174 886 3213 liaeredibus,
904 3184 956 3212 pro
970 3174 1203 3213 complemento,

145 3209 269 3249 scilicet,
287 3211 322 3241 &
334 3210 477 3241 securitate
488 3219 628 3242 certarum
642 3210 879 3248 Conventionum
894 3212 988 3243 eidem
1003 3212 1079 3252 Regi
1096 3213 1205 3252 Arago-

146 3248 203 3278 niae
225 3248 260 3278 ὃς
279 3248 331 3279 suis
351 3249 507 3279 haeredibus
521 3273 531 3287 ,
556 3259 605 3287 per
667 3252 761 3289 egium
770 3252 864 3282 virum
881 3252 1047 3282 Dominum
1064 3251 1205 3282 Karolum

147 3285 354 3320 salernitanum
367 3287 531 3325 Principem
545 3297 635 3325 comp
646 3289 796 3328 endarum,
811 3300 859 3328 per
880 3290 1004 3321 eundem
1017 3290 1130 3329 Regem
1144 3290 1206 3320 An-

0 2558 80 2579 verar-

147 3324 214 3363 gliae
226 3335 378 3365 poenarum
394 3328 512 3356 nomine
525 3326 654 3366 obligati:

188 3363 223 3393 In
235 3363 358 3401 casibus,
374 3364 522 3402 videlicet,
541 3366 570 3394 in
593 3365 692 3402 quibus
707 3365 866 3403 hujusmodi
886 3367 1062 3398 summarum
1076 3367 1204 3405 pecuniae

148 3401 252 3432 solutio
265 3401 324 3431 fieri
337 3402 469 3440 debebit,
486 3410 571 3442 prout
584 3410 642 3432 tarn
656 3404 685 3432 in
700 3404 818 3435 tracitatu
838 3406 910 3442 apud
925 3406 1099 3445 Oleronem,
1119 3405 1205 3444 quam

149 3441 178 3470 in
200 3440 255 3470 alio
278 3440 395 3471 tractatu
413 3441 447 3471 &
469 3440 798 3480 instrumentis'publicis
813 3466 823 3480 ,
843 3444 948 3482 scriptis
970 3455 1055 3475 manu
1077 3443 1206 3485 Magistri

143 3478 281 3517 Johannis
295 3477 331 3509 de
346 3478 488 3517 Cadamo,
503 3478 611 3519 publici
624 3479 789 3520 Apostolicii
802 3481 967 3516 audioritate
979 3483 1112 3521 Notarii,
1126 3484 1205 3525 super

147 3517 315 3552 liberatione
329 3517 398 3561 dieti
413 3516 549 3555 Principis
564 3517 681 3561 habitis,
695 3519 804 3563 -pleriius
820 3521 991 3563 continetur.
1184 3559 1190 3565 .

186 3555 226 3586 Et
249 3554 328 3594 quod
351 3554 427 3586 idem
447 3555 513 3586 Rex
527 3555 651 3596 Angliae,
668 3557 715 3590 vel
728 3556 767 3588 fui
781 3557 904 3590 haeredes
917 3561 1105 3601 complebunt
1118 3559 1205 3589 fideli-

149 3603 210 3633 ter,
221 3595 254 3626 &
269 3593 413 3624 attendent
426 3594 588 3633 generaliter
600 3595 697 3624 omnia
709 3596 742 3626 &
759 3595 877 3635 singula,
893 3598 958 3636 quae
969 3600 1150 3629 continentur
1156 3598 1207 3628 de-

148 3633 217 3664 bere
230 3632 289 3702 ficii}
299 3643 350 3701 pesr
365 3632 437 3673 ipsos
451 3633 484 3665 &
498 3632 576 3672 suos,
590 3634 619 3662 in
631 3632 769 3673 praediffis
790 3634 981 3675 instrumentis
1000 3638 1033 3669 &
1045 3637 1206 3680 traCtatibus

148 3680 218 3702 com
241 3682 271 3702 re
291 3681 326 3701 en
339 3681 362 3701 a.

187 3681 387 3741 Prliiinittentes
399 3719 500 3740 omnes
514 3710 548 3741 ὃς
562 3709 661 3749 singuli
673 3709 709 3739 de
719 3708 842 3741 Civitate
854 3712 986 3750 praedicta
994 3736 1005 3752 ,
1021 3714 1072 3744 sub
1085 3723 1102 3752 y
1144 3713 1207 3745 the-

148 3746 185 3778 ca
210 3750 343 3779 omnium
369 3749 515 3779 bonorum
540 3748 653 3778 suorum
673 3770 682 3786 ,
715 3748 741 3778 se
762 3756 851 3779 ratum
872 3750 1016 3782 habituros
1036 3753 1071 3783 &
1124 3762 1207 3787 mum

149 3786 287 3853 tquicqffld
303 3786 438 3826 praedieti-
449 3786 649 3817 Procuratores
674 3786 752 3824 super
780 3787 924 3824 praemiffis
950 3789 1081 3822 duxerint
1103 3791 1208 3822 facien-

151 3833 383 3935 diserta
392 3862 1019 3936 {3200iterassemsuffitia
1028 3866 1208 3937 saffira

150 3937 372 3979 praedictorum,
390 3912 526 3982 Magjgris,
540 3912 703 3980 quratorurii
716 3941 750 3971 &
762 3940 985 3984 Communitatis
993 3965 1004 3980 ,
1016 3944 1050 3974 &
1062 3915 1210 3982 cffijussibet

150 3975 324 4016 eorundem,
342 3979 482 4016 praedictis
495 3979 728 4010 Procuratoribus
741 3978 932 4016 stipulantibus
942 3981 1000 4018 4&
1012 3983 1210 4019 recipientibus

150 4023 205 4051 pro
226 4013 310 4053 Rege
328 4016 478 4056 Aragoniae
502 4017 678 4057 supradicto,
695 4018 728 4050 &
749 4016 800 4048 suis
822 4017 997 4058 haeredibus,
1014 4019 1142 4065 fecerunt
1155 4021 1209 4067 sol-

151 4052 260 4090 lempni
279 4052 454 4095 stipulatione
466 4056 623 4102 Pxffimiffaj
639 4088 655 4094 ..

1219 182 1697 231 PUBLICA.
2229 204 2282 245 37

1256 266 1294 298 Et
1311 269 1510 314 juramentum
1523 296 1533 312 ,
1552 273 1580 304 in
1594 276 1697 306 animas
1712 275 1896 316 eorumdem,
1912 275 2045 316 Maioris,
2062 276 2224 315 Juratorum
2238 280 2270 309 ἃ
2292 274 2366 306 Ann-
2381 273 2420 305 Da

1217 304 1456 349 Commuiiitatis,
1474 313 1506 341 ὃ(
1522 313 1667 349 cujussibet
1683 315 1868 353 eorumdem,
1887 318 1919 346 ὃ(
1933 316 1969 346 de
1983 318 2115 346 ouiniiiiis
2132 318 2164 346 διε
2182 318 2272 354 {nigla
2311 316 2394 345 1233-

1215 343 1247 387 lis
1268 346 1451 390 iuprascriptis
1471 349 1586 380 fideliter
1606 351 1787 390 adimplendis
1803 376 1812 391 ,
1830 356 1908 384 tactis
1922 355 2107 386 Sacros-inens
2123 356 2273 393 Luaezuige-
2290 362 2358 384 Euv-
2381 364 2407 384 1,

1216 381 1273 419 liis,
1292 384 1496 420 praestiterunt:

1240 420 1290 464 'ln
1305 432 1431 466 quorum
1442 425 1574 455 omnium
1591 426 1787 458 testimonium
1803 428 1924 469 praefati,
1945 430 2057 470 lxi-ijor,
2077 431 2109 463 ἃ
2125 431 2273 461 Commu-

1217 467 1303 501 nitas,
1319 462 1484 503 &quilibet
1498 464 1682 503 eorumdem,
1699 466 1914 506 mandaverunt,
1931 468 1966 499 de
1982 470 2124 506 prii-imnis
2139 470 2274 500 omnibus

1217 498 1250 527 δε
1267 498 1391 537 lingulis,
1409 509 1458 536 per
1473 510 1520 530 me
1526 524 1537 544 ,
1555 502 1757 540 infrascriptum
1770 505 1926 535 Notarium
1941 529 1950 544 ,
1969 512 2084 545 prielens
2101 508 2158 538 ficri
2171 507 2274 538 instru-

1217 544 1365 574 mentum,
1382 538 1429 568 cui
1443 538 1578 575 praediCka
1592 539 1793 572 Commuiiitas
1808 543 1925 582 sigillum
1940 546 2019 575 suuni
2033 547 2099 577 secit
2114 547 2228 584 apponi.

1217 662 1266 693 De
1291 664 1418 708 triginta
1434 661 1536 707 Miffls
1557 675 1612 710 pro
1641 667 1736 712 Rege,
1760 670 1797 704 &⁹
1817 666 2030 708 Orationibus,
2057 681 2124 703 cum
2145 671 2273 716 Pfizlmis

1265 712 1423 743 Daviticis
1441 737 1451 752 ,
1478 722 1533 757 pro
1559 711 1713 755 Olgsidibus
1738 718 1884 761 Principis
1910 711 2094 751 Salernitaeni
2115 744 2124 761 ‚
2147 721 2274 766 singulis

1265 755 1366 790 diebus
1378 785 1388 802 ‚
1414 762 1446 792 in
1461 761 1590 804 Ecclefia
1611 762 1714 794 Sanni
1731 765 1888 809 Eutropii,
1912 763 2103 799 celebrandis.
2284 770 2287 773 ⁷

1221 840 1516 902 EXcellentiffimo
1537 845 1662 883 Principi
1711 845 1821 887 Angliae
1842 848 1917 888 Regi
1937 849 2053 889 illustri,
2072 850 2206 882 Domino
2218 851 2276 882 Hi-
2294 852 2369 884 Ann.
2381 852 2423 886 D,

1255 919 1259 922 .
1299 881 1420 926 herniae,
1439 883 1654 926 Aquitaniaeque
1669 868 1747 915 Duci
1762 910 1771 923 ,
1789 887 1849 917 suus
1865 887 1962 918 Petrus
1977 888 2058 919 Prior
2079 891 2190 920 humilis
2205 891 2274 921 San·
2321 893 2405 924 1288.

1220 917 1261 960 §ti
1285 917 1412 957 Eutropii
1427 920 1582 963 'Xandtom
1603 922 1720 959 ieipsum
1735 946 1745 961 ,
1762 924 1947 964 obsequium,
1965 929 2151 959 reverentiam
2165 930 2198 960 ὃς
2211 930 2275 969 glo-
2293 936 2345 961 An.
2364 942 2406 968 ¹7-

1220 965 1291 985 riam
1304 957 1389 987 bonae
1404 967 1479 989 Vitae.
2264 977 2267 980 ·
2294 975 2324 998 Ε.
2346 980 2369 997 i.

1245 994 1397 1037 ·Susceptis
1417 996 1620 1028 Benivolentiae
1641 998 1741 1029 vestrae
1762 1000 1855 1031 litteris
1890 1002 2010 1039 ratiosis,
2026 1004 2206 1044 expositique
2221 1013 2275 1036 no·
2294 1013 2325 1036 L.
2343 1007 2408 1045 13.f.

1220 1031 1264 1062 bis
1279 1056 1288 1070 ,
1306 1043 1356 1070 per
1377 1033 1548 1074 Magistrum
1567 1035 1725 1067 Huoonem
1742 1036 1778 1067 de
1798 1038 1864 1069 Hor
1897 1050 1943 1069 am
1959 1064 1968 1078 ,
1993 1041 2105 1072 fidelem
2127 1043 2274 1074 Clericurn
2300 1056 2360 1082 ¹73-
2377 1056 2405 1074 a.

1220 1070 1347 1115 vestrum
1361 1094 1371 1110 ,
1387 1071 1560 1104 confidentis).
1578 1059 1670 1105 vestra
1690 1076 1720 1105 in
1742 1076 1761 1094 *⁵
1780 1076 1904 1115 glorioso
1918 1077 2037 1109 Martire
2050 1079 2174 1112 Domini
2191 1083 2276 1113 Beato
2294 1089 2365 1112 Penes

1221 1106 1362 1147 Eutropio
1369 1122 1380 1148 ς
2295 1127 2428 1150 eameram

1257 1146 1340 1184 Juxra
1360 1148 1495 1180 laudabile
1519 1158 1621 1181 votum
1640 1151 1782 1191 vestrum,
1799 1153 1982 1190 disposuimus
1998 1155 2026 1184 in
2041 1154 2138 1186 nostri
2151 1157 2277 1188 Ecclesia
2301 1163 2313 1177 '⁸
2325 1162 2432 1197 ll.397.

1226 1186 1338 1225 triginta
1352 1187 1459 1227 miffas,
1478 1189 1511 1219 &
1527 1198 1613 1218 unam
1627 1189 1795 1220 ordinariam
1811 1191 1920 1230 singulis
1936 1191 2050 1230 diebus,
2068 1194 2153 1231 usque
2168 1196 2201 1224 ad
2216 1196 2280 1225 Fes-

1224 1231 1287 1253 tum
1304 1225 1377 1255 beati
1386 1225 1524 1263 johannis
1539 1226 1684 1266 Baptistae,
1702 1228 1737 1258 de
1752 1228 1858 1259 Sancio
1874 1230 1994 1268 Spiritu,
2012 1232 2045 1261 ὃς
2068 1231 2150 1262 beata
2168 1233 2281 1272 Virgine

1223 1260 1322 1292 Matre
1344 1262 1402 1294 Dei
1417 1287 1427 1302 ,
1450 1266 1483 1296 ὃς
1502 1264 1539 1294 de
1550 1265 1705 1304 Triiiitate,
1725 1267 1758 1298 &
1770 1268 1853 1297 beato
1869 1267 2027 1307 Eutropio,
2047 1269 2156 1299 alternis
2172 1272 2281 1301 vicibus

1223 1300 1402 1332 celebrandas
1417 1326 1427 1340 ,
1448 1310 1478 1333 ut
1500 1302 1644 1334 Dominus
1665 1303 1760 1334 noster
1781 1307 1814 1336 ὃ(
1835 1305 2016 1344 Redemptor
2036 1308 2113 1338 aetus
2126 1308 2235 1339 vestros
2250 1310 2282 1341 &

1224 1339 1403 1377 propositum
1417 1340 1551 1372 informet
1562 1341 1696 1381 fideliter,
1713 1343 1811 1383 dirigat
1824 1345 1858 1375 ὃς
1874 1346 2079 1383 consumpmet.

1264 1376 1302 1408 Et
1317 1387 1370 1415 pro
1384 1379 1543 1418 oblidibus,
1559 1390 1612 1418 pro
1626 1380 1758 1420 Principe
1773 1383 1802 1412 in
1816 1382 1957 1423 Aragonia
1970 1383 2104 1422 deputatis
2118 1408 2128 1423 ,
2143 1386 2283 1416 orationes

1226 1425 1295 1446 cum
1307 1415 1421 1447 Psalmis
1436 1416 1589 1458 Daviticis,
1607 1420 1636 1449 iri
1647 1419 1773 1450 Ecclesia
1793 1421 1931 1453 consuetis
1942 1446 1952 1461 ,
1977 1432 2030 1460 pro
2051 1426 2165 1461 captivis
2187 1425 2284 1455 offerri

1226 1456 1359 1486 omnium
1381 1456 1528 1495 salvatori,
1554 1457 1663 1498 singulis
1682 1459 1757 1489 horis
1779 1459 1883 1490 diurnis
1904 1463 1938 1492 &
1960 1462 2105 1492 noc'turnis
2119 1487 2128 1501 ,
2151 1462 2285 1501 usquead

1227 1502 1319 1524 unum
1337 1503 1444 1525 annum
1466 1496 1636 1526 continuum
1658 1497 1691 1527 &
1713 1498 1890 1535 completum
1912 1501 1995 1530 etiam
2014 1500 2059 1530 dis
2073 1500 2196 1532 osuimus
2211 1502 2287 1532 cele-

1225 1531 1324 1570 brare,
1342 1540 1373 1563 ut
1389 1542 1489 1564 eorum
1505 1534 1673 1571 expeditioni
1688 1537 1852 1574 propitietur
1866 1537 2013 1569 Dominus
2026 1549 2041 1568 a
2075 1539 2187 1570 laudem
2202 1539 2286 1570 vestri

1227 1571 1351 1601 nominis
1364 1572 1397 1602 ὃς
1410 1571 1566 1610 honorem3
1585 1573 1707 1603 domum
1720 1574 1862 1614 nostram,
1881 1578 1914 1607 ὃς
1926 1578 2054 1617 pei-sonas
2063 1602 2072 1616 ,
2086 1579 2120 1609 ὃς
2132 1579 2206 1608 bona
2221 1588 2286 1608 nos-

1228 1616 1271 1640 tra
1304 1611 1454 1640 rotectioni
1469 1611 1568 1641 vestra:
1581 1611 1820 1643 commendantes.

1244 1694 1258 1715 a
1270 1647 1363 1716 &alffit
1378 1650 1451 1679 benc
1465 1651 1498 1681 ὃς
1514 1649 1561 1680 diu
1574 1649 1664 1681 vestra
1676 1650 1807 1689 Majestas
1822 1651 1913 1692 Regia
1927 1678 1937 1693 ,
1962 1663 2030 1685 cum
2044 1654 2156 1686 sanitate
2173 1655 2288 1694 prospe·-

1229 1695 1243 1715 r
1327 1696 1341 1716 a
1353 1696 1407 1717 ute.

1267 1760 1379 1794 Datum
1399 1764 1472 1802 apud
1490 1762 1618 1795 Xanton.
1636 1765 1685 1797 sub
1704 1765 1793 1806 sigillo
1807 1766 1907 1799 nostro
1924 1770 2058 1807 proprio,
2075 1769 2121 1800 die
2133 1769 2214 1808 Jovis
2227 1769 2292 1808 post

1231 1800 1348 1832 Festum
1369 1802 1463 1833 Sanffi
1486 1803 1605 1834 Martini
1620 1804 1772 1845 Hiemalis,
1792 1817 1867 1837 anno
1881 1807 2004 1838 Domini
2019 1808 2169 1838 milleiinio
2183 1808 2290 1839 ducen-

1231 1839 1332 1871 tesimo
1343 1841 1521 1881 octogefimo
1536 1843 1644 1874 octavo
1659 1845 1753 1875 mense
1766 1844 1956 1877 Novembris.
2227 1862 2230 1864 ·

1231 1965 1476 1997 Procuratorium
1487 1974 1543 2011 pro
1558 1965 1645 2000 Villa
1662 1966 1856 1999 Marmandae
1864 1968 1956 2015 fhper
1982 1966 2154 2002 liberatione
2172 1972 2293 2003 Princi-

1631 2017 1680 2061 pis
1695 2016 1889 2061 Salernitqni.
1967 2016 1969 2020 ’
2075 2015 2087 2017 *¹
2104 2016 2106 2018 ’

1235 2097 1308 2159 IN
1331 2096 1449 2129 nomine
1465 2096 1589 2135 Domini
1603 2097 1707 2137 Arnen.

1304 2136 1453 2173 Noverint
1473 2135 1608 2176 universi,
1627 2137 1772 2181 prcel‘entes
1786 2140 1889 2178 pariter
1910 2141 1944 2172 δε
1965 2140 2067 2180 futuri,
2087 2141 2164 2181 quod
2177 2142 2206 2173 in
2220 2152 2293 2183 prce·
2351 2161 2406 2190 „gg
2426 2156 2430 2171 ι

1233 2174 1320 2206 ίεηῑίὲ
1334 2176 1406 2212 mei,
1426 2170 1502 2212 Petri
1517 2175 1634 2206 Notarii
1648 2177 1683 2218 ὅς
1697 2176 1809 2209 testium
1821 2179 2057 2219 subscriptorum,
2074 2182 2109 2210 ad
2123 2181 2179 2212 hoc
2193 2181 2294 2220 specia—
2311 2170 2387 2226 AIH‘I
2410 2183 2416 2189 ”
2436 2213 2438 2216 ,

1234 2214 1297 2244 liter
1308 2221 1478 2244 vocatorum
1492 2215 1525 2245 ὃς
1538 2223 1720 2254 rogatorum,
1739 2215 1836 2246 Vitalis
1851 2216 1975 2257 d’Artiga
1990 2220 2087 2248 tenens
2100 2219 2198 2249 locum
2214 2219 2294 2258 Bajus
2312 2242 2333 2264 E
2357 2220 2375 2264 Ἰ
2395 2210 2422 2247 ⁷7

1234 2251 1254 2283 li
1270 2251 1354 2283 Villae
1369 2251 1569 2291 Marmandae,
1586 2250 1724 2288 Consules
1737 2253 1771 2284 δί
1786 2254 1960 2290 Universitas
1974 2256 2095 2294 ejusdem
2110 2257 2168 2288 loci
2180 2282 2190 2296 ,
2208 2259 2237 2288 in
2249 2261 2293 2289 lo·
2313 2260 2341 2303 L·
2358 2256 2391 2302 13·
2400 2274 2424 2313 f

1235 2300 1274 2322 co
1288 2300 1370 2321 more
1383 2291 1465 2322 solito
1479 2292 2296 2333 congregati,fecerunt,·constituerunt&ordinaverunt
2338 2297 2343 2302 '
2383 2297 2388 2303 '
2419 2295 2427 2303 ⁴

2310 2118 2388 2152 Ann.
2403 2118 2444 2152 D„

1233 2330 1404 2361 unanimiter
1423 2330 1456 2361 &
1478 2331 1660 2361 concordirer
1678 2329 1879 2374 Procuratores
1897 2332 2121 2376 suosgSindicos
2156 2334 2202 2365 seu
2216 2336 2296 2366 aeco-
2319 2323 2378 2349 ¹74'
2392 2314 2419 2379 Ξῖ
2434 2363 2445 2374 ,

1236 2377 1278 2398 res
1292 2391 1302 2407 2
1323 2367 1441 2398 dile‘stos
1463 2367 1690 2408 COUbUfgfflsssCS'
1702 2368 1764 2400 sUOS
1776 2393 1787 2407 ,
1809 2369 1928 2404 Petrum
1948 2371 1984 2401 de
1999 2371 2107 2402 Sancto
2127 2358 2296 2412 Nicholao,
2316 2358 2431 2418 &xgr-‘³

1237 2406 1403 2446 Amfyffon.
1420 2406 1626 2446 Raymundurn
1639 2403 1675 2437 de
1690 2405 1962 2448 Bernardiimrtiage,
1980 2406 2013 2441 ὃς
2022 2407 2151 2442 Garsiam
2163 2410 2199 2441 de
2212 2408 2298 2443 Nau-

1237 2445 1316 2483 villa,
1335 2446 1369 2476 &
1384 2445 1539 2483 quemlibet
1554 2455 1654 2483 eorum
1671 2447 1700 2475 in
1716 2445 1852 2485 solidum,
1879 2480 1881 2482 ,
1995 2448 2009 2451 ”
2058 2462 2061 2465 ,
2263 2458 2269 2466 ¹
2287 2465 2289 2468 -

1236 2482 1239 2485 '
1278 2483 1324 2513 Ad
1343 2483 1705 2522 promittendum'finom'ine
1724 2485 1757 2515 &
1778 2489 1929 2525 pro'parte
1947 2485 2074 2526 ipsorum
2091 2488 2125 2518 &
2152 2488 2299 2526 cujussibet

1239 2522 1425 2559 eorumdem,
1442 2522 1478 2557 de
1492 2521 1670 2561 dietajvilla,
1689 2523 1723 2554 &
1746 2523 1781 2560 ad
1789 2523 1899 2562 jurand.
1918 2524 1951 2554 iii
1960 2526 2065 2555 animas
2077 2527 2210 2557 omniurn
2226 2536 2299 2565 prae)-

1239 2559 1384 2591 'dierorum
1393 2585 1402 2599 ,
1421 2559 1454 2592 &
1469 2560 1616 2599 cujussibet
1629 2560 1798 2592 eorumdem
1810 2562 1960 2593 Gulielr'no
1975 2561 2083 2594 Culrati
2097 2564 2237 2604 Magistro
2258 2575 2299 2596 ra-

1239 2598 1335 2630 tional.
1352 2600 1385 2630 &
1400 2597 1548 2632 Gulielmo
1563 2599 1641 2638 Sale,
1660 2598 1893 2631 Procuratoribus
1908 2600 2057 2641 Magnifici
2073 2601 2209 2641 Principis
2232 2603 2299 2635 Do-

1241 2638 1312 2668 mini
1327 2636 1454 2677 Alfonsi,
1471 2636 1529 2667 Dei
1543 2637 1644 2676 gratia,
1663 2637 1772 2668 illustris
1786 2638 1876 2679 Regis
1888 2638 2040 2680 Aragoniae
2054 2664 2064 2678 ,
2093 2640 2300 2680 Majoricarum

1242 2677 1276 2707 &
1292 2673 1447 2713 Valentiae,
1465 2684 1497 2705 ac
1513 2675 1638 2706 Comitis
1652 2675 1858 2716 Barchinonae,
1877 2678 2073 2715 recipientibus
2095 2680 2128 2711 &
2148 2681 2302 2718 stipulanti-

1243 2715 1295 2744 bus
1313 2724 1365 2752 pro
1381 2713 1514 2744 Domino
1534 2713 1618 2754 Rege
1637 2714 1796 2753 praedieio,
1812 2716 1845 2746 ὃς
1865 2716 1916 2746 suis
1928 2716 2097 2747 Haeredibus
2114 2717 2162 2755 (de
2176 2729 2301 2756 quorum

1245 2753 1444 2791 procuratione
1466 2763 1515 2790 per
1534 2753 1636 2784 litteras
1656 2753 1737 2791 ipsius
1756 2753 1881 2784 Domini
1903 2754 1991 2794 Regis
2004 2755 2130 2786 constitit
2146 2757 2300 2795 evidenter)

1245 2791 1324 2829 quod
1337 2791 1386 2829 ipsi
1400 2800 1501 2821 omnes
1515 2791 1548 2822 &
1564 2791 1661 2832 singuli
1673 2791 1789 2822 fideliter
1804 2792 1907 2823 facient
1920 2793 2000 2831 poste
2014 2793 2094 2824 suum
2108 2817 2118 2833 ,
2137 2797 2170 2826 δε
2185 2805 2303 2834 operam

1246 2831 1369 2868 dabunt,
1385 2838 1522 2867 quantum
1536 2838 1685 2870 poterunt,
1703 2831 1850 2861 efficacem
1872 2830 1949 2869 quod
1972 2842 2002 2861 m
2037 2833 2135 2863 nificus
2152 2833 2303 2874 Princeps,

1247 2868 1392 2898 Dominus
1414 2867 1567 2899 Edwardus
1582 2891 1591 2907 ,
1618 2868 1676 2899 Dei
1691 2869 1793 2908 gratis,
1812 2869 1919 2899 illustris
1934 2869 1999 2900 Rex
2042 2871 2139 2910 ngliae,
2157 2871 2305 2904 Dominus

1247 2907 1395 2937 Hiberniae
1410 2929 1419 2943 ,
1437 2907 1470 2936 &
1486 2906 1556 2936 Dux
1575 2907 1748 2945 Aquitaniae,
1766 2908 1812 2938 vel
1827 2908 1866 2938 sui
1879 2908 2020 2946 haeredes,
2038 2909 2127 2939 libere
2139 2911 2172 2941 &
2188 2912 2216 2940 in
2233 2921 2302 2949 pace

1246 2944 1378 2983 solvent,
1403 2946 1463 2975 &c-
1483 2951 1565 2982 prout
1592 2949 1622 2975 in
1640 2948 1825 2976 Procuratorio
1851 2946 1998 2985 Burdegal.
2015 2946 2092 2988 nsque
2113 2947 2170 2978 haec
2193 2950 2282 2980 verba
2295 2973 2305 2990 ,

1248 2994 1309 3014 le.

1286 3021 1319 3052 In
1331 3031 1454 3060 quorum
1468 3022 1601 3052 omnium
1616 3022 1811 3054 testimonium
1826 3023 1933 3061 praefati
1956 3032 2082 3056 tenentes
2097 3025 2214 3064 locum,
2223 3025 2306 3057 Con-

1248 3059 1336 3098 sules,
1361 3061 1394 3091 &
1416 3060 1591 3091 Universitas
1607 3085 1616 3098 ,
1635 3062 1668 3092 &
1689 3062 1804 3100 quilibet
1826 3048 1996 3092 eorumdem
2010 3087 2020 3101 ,
2041 3064 2245 3096 mandaverunt
2267 3065 2304 3096 de

1247 3098 1391 3136 praemissis
1419 3099 1553 3129 omnibus
1574 3099 1607 3130 &
1627 3099 1666 3130 sin
1687 3101 1737 3131 ulis
1753 3109 1802 3138 per
1818 3109 1885 3139 me,
1906 3100 2112 3139 infrascriptum
2128 3103 2304 3142 Notarium,

1247 3137 1366 3174 praesens
1391 3136 1450 3167 fieri
1473 3137 1618 3175 publicum
1636 3139 1664 3167 iii
1692 3148 1871 3177 rumentum,
1887 3140 1934 3170 cui
1950 3138 2083 3177 praedicsta
2099 3142 2257 3172 univeriitas
2271 3143 2306 3172 si-

1248 3175 1350 3212 gillum
1371 3175 1452 3206 suum
1473 3176 1540 3206 fecit
1561 3178 1683 3215 apponi3
1703 3187 1763 3216 quo
1779 3178 1888 3217 integro
1903 3178 1948 3208 vel
1963 3188 2024 3209 non
2038 3180 2166 3219 integro,
2184 3181 2306 3218 appenso

1248 3213 1295 3244 vel
1317 3223 1376 3244 non
1397 3215 1535 3254 appenso,
1553 3215 1704 3246 voluerunt
1727 3215 1874 3254 praedidti,
1892 3225 2018 3247 tenentes
2037 3218 2150 3257 locum,
2169 3217 2306 3248 Consules

1247 3250 1282 3282 Bc
1295 3250 1486 3291 Universitas,
1507 3253 1540 3283 &
1556 3253 1673 3290 quilibet
1686 3254 1869 3293 eorumdem,
1884 3254 2019 3295 praedicta
2038 3258 2135 3287 omnia
2154 3257 2187 3287 &
2202 3257 2306 3296 lingula

1243 3291 1278 3328 *in
1292 3290 1342 3321 suo
1357 3291 1464 3322 robore
1475 3300 1647 3329 permanere.

1286 3366 1396 3399 Acium
1418 3369 1447 3398 in
1461 3367 1591 3399 Claustro
1607 3368 1735 3401 Fratrum
1752 3368 1904 3400 Minomm
1920 3369 2114 3410 Marmandae,
2131 3371 2177 3400 die
2189 3370 2307 3401 Veneris

1247 3414 1310 3435 ante
1333 3406 1448 3437 Festum
1469 3408 1556 3437 beatae
1577 3407 1722 3439 Katerinae
1740 3408 1860 3448 Virginis
1881 3409 1915 3439 ὃς
1936 3409 2060 3440 Martius
2076 3432 2087 3448 ,
2104 3411 2169 3440 anni
2182 3408 2306 3441 Domini

1250 3443 1401 3490 millesimo
1414 3445 1608 3476 ducentesimo
1623 3447 1802 3488 mstogeslmo
1816 3447 1930 3478 oCtavo.

1285 3519 1470 3553 Praesentibus
1485 3520 1638 3561 Testibus,
1657 3520 1804 3561 Magistris

1249 3598 1406 3627 Bertrando
1418 3599 1487 3628 dido
1500 3597 1626 3638 Pagc·sae²

1250 3638 1333 3666 Petro
1345 3636 1447 3675 Fabri,

1251 3677 1333 3704 Petro
1353 3678 1450 3704 Baroli
1462 3697 1472 3713 ‚
1498 3675 1616 3712 publicis
1631 3674 1760 3707 Notariis

1246 3744 1250 3745 ⁷
1288 3712 1374 3744 distae
1391 3713 1482 3742 Villae.

1252 3753 1335 3782 Petro
1346 3754 1445 3789 Bone,

1796 3600 1952 3640 Raymundo
1965 3599 1996 3629 de
2007 3598 2141 3640 Burgali‚

1797 3640 1878 3667 Petro
1893 3638 1924 3667 de
1939 3637 2062 3667 Pailhers
2077 3638 2214 3679 Clericis,

1796 3676 1930 3714 Johanne
1943 3677 2012 3705 dille
2028 3676 2101 3715 Pasc't
2109 3700 2119 3716 2
2222 3680 2224 3683 ’

1798 3716 1880 3744 Petro
1893 3715 1925 3744 de
1939 3718 2064 3755 Conques.

1290 3826 1380 3865 Item,
1399 3837 1446 3858 mc
1467 3829 1548 3857 Petro
1569 3828 1601 3858 de
1622 3827 1752 3867 Bafunhe
1765 3852 1775 3867 ,
1800 3828 1913 3867 publica
1934 3829 2099 3862 au&oritate
2120 3831 2307 3863 Sacrofiinetae

1253 3867 1397 3898 Romanae
1412 3865 1546 3897 Eccleliae
1560 3865 1703 3906 Notario,
1723 3869 1770 3905 qui
1782 3868 1926 3905 praemiffis
1941 3870 2074 3900 omnibus
2089 3872 2123 3902 &
2141 3871 2248 3914 singulis
2264 3872 2305 3901 in-

1253 3905 1361 3943 terfui,
1387 3914 1474 3942 eaque
1494 3905 1586 3943 scripsi
1599 3928 1609 3944 ,
1633 3907 1666 3937 &
1688 3907 1717 3935 in
1736 3906 1879 3944 publicam
1898 3906 2023 3939 formam
2044 3908 2154 3949 redegi,
2169 3909 2308 3948 iignoque

1253 3954 1322 3976 nieo
1337 3943 1472 3976 consueto
1486 3943 1592 3992 signavi
1603 3952 1714 3985 rogatus
1726 3946 1759 3976 &
1772 3944 1924 3994 requisitus.
1987 3947 1991 3950 '
2125 3960 2128 3962 ·
2174 3960 2176 3962 v
2249 3958 2251 3961 r
2289 3951 2293 3959 ¹

1745 4093 1771 4127 E
1792 4104 1808 4136 3
2203 4094 2224 4131 st
2242 4098 2311 4132 Pro-g
