2570 4261
0 252 59 284 sinii
88 250 115 280 Ej-
136 262 149 278 i·
164 263 166 270 ⁸
182 254 186 267 ·'
203 255 205 258 ⁴

15 291 85 322 1282

0 330 77 358 Elin:

0 367 125 400 *ll-557.

0 1506 65 1540 Rnn.
82 1504 122 1538 D.

10 1547 94 1585 1283.

0 1590 43 1615 dn.
66 1595 108 1613 ii.

0 1629 24 1653 Ε.
44 1633 68 1651 ι.

0 1662 109 1691 Liberate

0 1709 39 1728 ii.
57 1703 88 1726 E.
100 1708 124 1726 ι.

0 1747 30 1767 ιη.
45 1744 72 1775 5.

12 3019 134 3057 ¹111.258.

18 3615 110 3654 ³283.

28 3654 87 3717 ln.¹i
98 3662 120 3681 r.

34 3710 123 3765 {Alfi

35 3775 76 3793 10.
92 3776 117 3793 a,

31 3851 105 3871 urar.

22 3580 83 3606 imn.
99 3571 140 3605 D.

22 3813 83 3832 *tues
91 3808 142 3832 Ca-

725 168 836 210 ET
916 168 1182 212 ACTA

144 276 157 294 *A
278 255 291 270 4
311 251 436 282 franciae
453 250 539 291 Regis
558 251 631 290 filio,
656 253 690 283 ad
715 255 849 293 praemissa
870 254 961 285 eleeto
981 257 1014 287 &
1036 255 1187 294 deputato,

137 295 239 356 §mique
262 288 456 321 successoribus
469 313 480 329 ,
507 300 558 328 pro
584 290 689 330 Regno
713 293 746 323 &
765 292 913 323 Comitatu
934 294 1071 331 praedictis
1084 315 1095 331 ‚
1123 292 1187 321 haeC

138 335 163 358 tl
188 340 196 358 '-

172 366 254 403 Ego,
274 365 330 395 Dei
350 365 454 404 gratis,
472 366 536 396 Rex
563 366 717 404 Aragoniae
737 367 771 398 &
783 366 891 398 Comes
903 368 1114 406 Barchinoniae,
1130 366 1188 406 ple-

137 415 207 435 nuni
227 405 260 435 &
281 404 377 443 ligium
396 403 575 441 vaflalagium
596 406 628 435 &
643 406 807 444 homagium
818 406 920 436 faciens
931 407 1065 438 Ecclesiae
1078 407 1189 437 Roma-

136 453 182 473 nae
190 466 199 481 ,
218 452 269 483 pro
285 442 392 478 Regno
406 441 558 479 Aragoniae
572 443 605 473 &
617 441 764 473 Comitatu
782 443 991 484 Barcifinoniae,
1008 447 1036 475 in
1048 446 1189 475 Terraco-

136 491 202 511 nen.
238 480 377 517 Civitate,
396 480 404 508 i
426 480 475 509 sius
488 481 643 517 territorio,
660 480 827 511 distriiffibus
840 483 872 512 &
888 485 1058 520 pertinentiis
1074 484 1082 521 (
1091 481 1189 523 praefa-

136 527 175 549 tae
190 518 334 549 Romana:
346 528 379 548 ac
423 527 583 548 erraconen.
598 517 784 549 Eccleiiarum
800 529 847 557 per
861 523 956 551 omnia
967 523 1029 560 jure
1040 521 1132 557 salvo)
1152 519 1188 548 ab

139 557 192 587 hac
209 555 278 587 hora
293 557 320 585 in
334 564 413 586 antea
428 556 513 586 fidelis
528 558 561 587 &
576 556 710 586 obediens
724 567 774 587 ero
788 558 871 588 beato
885 558 987 598 Petro,
1005 560 1039 589 &
1053 558 1187 588 Domino

138 604 222 632 mee,
240 594 372 624 Domino
394 593 537 632 Martino,
555 593 640 632 Papae
662 603 779 634 quarto,
797 596 900 635 suisque
921 596 1122 629 successoribus
1142 605 1190 624 ca-

137 634 241 663 nonice
267 632 431 662 intrantibiis
443 655 453 670 ,
484 632 648 672 Sanetaeque
673 632 848 672 Apostolicae
874 634 1015 665 Romanae
1039 634 1188 670 Ecclesiae,

136 681 198 701 non
213 680 262 700 ero
274 672 303 700 in
318 671 434 701 consilio
444 692 454 708 ,
469 678 514 700 aut
530 670 678 709 consensu,
698 671 743 700 vel
757 671 849 711 faeto,
866 680 897 703 ut
912 675 999 704 vitam
1014 674 1127 710 perdant
1142 680 1188 701 aut

136 709 319 746 membrum,
336 716 383 739 aut
403 709 544 746 capiantur
564 709 635 738 mala
657 710 803 748 captione,
826 710 987 749 consilium,
1004 711 1080 750 quod
1100 709 1189 739 michi

137 747 271 778 credituri
297 747 359 777 sunt
376 756 425 783 per
442 745 485 784 se,
503 754 548 776 aut
571 746 704 777 Nuncios
720 747 797 786 suos,
816 748 872 779 five
893 759 941 786 per
955 750 1071 786 litteras,
1091 747 1125 778 ad
1139 757 1189 776 eo-

138 791 203 816 rum
225 785 400 824 dampnum,
418 793 465 814 me
484 783 600 823 sciente,
614 786 722 815 nemini
737 786 873 825 pandam:
893 790 943 825 &‚
961 788 981 817 fi
993 787 1100 817 scivero
1112 785 1189 823 fieri,

139 825 185 855 vel
209 823 352 861 procurari
384 823 440 853 five
457 822 566 852 tractari
584 823 703 862 aliquid,
720 823 797 862 quod
813 825 843 854 sit
861 826 891 854 in
903 835 1003 856 eorum
1015 825 1190 862 dampnum,

137 861 205 892 illud
228 870 280 900 pro
297 845 376 901 posse
395 860 565 898 impediam3
583 862 633 900 &‚
652 862 689 899 si,
707 862 841 902 impedire
854 874 915 893 non
927 863 1053 902 poffem,
1070 861 1138 892 illud
1151 862 1189 891 eis

137 897 290 937 significare
304 899 423 935 curabo3
442 898 577 936 Papatum
592 899 760 930 Romanum
773 901 807 932 &
816 902 877 940 jura
890 902 986 932 Sanffl
999 900 1073 932 Petri
1087 902 1116 930 in
1128 899 1189 929 Re-

137 947 200 975 gno
219 937 385 976 Aragoniae,
403 937 435 967 &
456 936 604 968 Comitatu
626 938 781 977 praedietis,
803 940 911 977 adjutor
931 942 968 970 eis
988 950 1052 977 ero,
1069 939 1104 968 ad
1126 939 1190 967 reti-

138 976 281 1013 nendum,
299 975 333 1006 &
351 973 575 1014 defendendum,
592 986 625 1006 ac
645 977 883 1017 recuperandum,
901 979 933 1009 &
954 987 1112 1015 recuperata
1131 986 1190 1006 ma—

139 1015 332 1045 nutenendum
340 1036 350 1052 ,
358 1022 455 1043 contra
466 1023 585 1044 omnem
598 1015 764 1053 hominem,
782 1017 903 1047 universa
915 1018 948 1048 &
962 1016 1075 1055 singula,
1083 1016 1187 1052 legem,

136 1054 358 1089 conventiones,
376 1051 410 1082 &
423 1051 521 1091 pacta,
536 1061 668 1083 contenta
683 1054 711 1083 in
725 1052 868 1092 Papalibus
883 1055 978 1086 litteris
996 1053 1190 1094 suprascriptis,

137 1091 258 1131 plenarie
272 1089 448 1129 adimplebo,
467 1100 520 1121 nec
535 1090 593 1121 ullo
605 1101 728 1130 unquam
741 1099 872 1130 tempore
885 1095 996 1125 veniam
1010 1100 1109 1124 contra
1126 1092 1188 1130 illa,

138 1130 178 1161 sic
191 1139 239 1160 me
250 1128 331 1160 Deus
344 1128 456 1168 adjuvet
471 1130 505 1160 &
519 1128 582 1160 baec
596 1129 697 1161 Sancta
712 1129 769 1160 Dei
783 1129 946 1169 Evangelia.

174 1204 243 1236 Dat.
262 1205 335 1245 apud
350 1203 468 1236 Urbem
487 1201 619 1236 Veterem
633 1207 708 1237 sexto
724 1205 787 1237 Kal.
801 1206 984 1246 Septembris,
1002 1205 1187 1237 Pontificatfis

137 1244 226 1275 nostri
239 1254 314 1276 anno
324 1244 418 1275 tertio.

141 1373 189 1408 De
204 1382 301 1405 annuo
316 1368 410 1404 Feodo
427 1367 574 1403 Matthaeo
585 1395 594 1411 ‚
617 1370 728 1402 Sanssae
748 1371 859 1402 Marlae
873 1372 904 1402 in
920 1372 1038 1417 porticu
1057 1372 1190 1404 Diacono

492 1417 667 1461 Cardinali,
687 1417 839 1463 solvendo.

214 1503 279 1536 EX
297 1503 428 1534 Thesaur.
447 1503 480 1535 &
493 1501 634 1533 Camerar.
653 1502 703 1533 suis
715 1503 835 1534 salutem.

260 1543 407 1580 Liberate,
420 1541 455 1572 de
469 1541 611 1572 Thesauro
631 1541 745 1580 nostro,
763 1542 881 1573 Uberto
899 1541 1016 1581 Dosgy,
1035 1542 1068 1572 &
1082 1541 1191 1572 Abrae-

142 1583 204 1614 tino
223 1581 362 1619 Gerardi,
381 1580 588 1611 Mercatoribus
609 1579 792 1620 Florentinis,
809 1581 845 1611 de
865 1580 993 1612 societate
1008 1581 1138 1611 Pulicum
1157 1581 1190 1611 ὃ(

141 1621 412 1657 Rambertinorum,
429 1618 565 1655 sexaginta
590 1617 700 1648 Marcas
720 1629 769 1657 per
789 1629 886 1650 manus
906 1621 962 1650 suas
978 1618 1129 1650 liberandas
1142 1629 1192 1649 ve-

141 1659 254 1689 nembili
273 1658 350 1688 Patri
369 1657 502 1687 Domino
518 1656 659 1687 Matthaeo
672 1657 783 1687 Sanctae
798 1657 898 1688 Mariae
911 1660 940 1688 in
955 1658 1070 1689 Porticu
1085 1657 1193 1687 Diaco-

140 1708 181 1728 no
191 1696 332 1727 Cardinali
340 1718 351 1734 ,
368 1695 403 1725 de
415 1696 537 1726 termino
552 1694 661 1725 Natalis
681 1694 818 1734 Domini,
836 1707 912 1726 anno
927 1697 1023 1735 Regni
1037 1695 1124 1727 nostri
1138 1705 1192 1725 un—

140 1736 272 1774 decimo,
289 1735 326 1764 de
346 1743 442 1764 annuo
459 1733 545 1763 feodo
563 1733 612 1762 suo
633 1733 766 1773 sexaginta
789 1734 967 1774 Marmrum,
985 1736 1061 1774 quod
1081 1735 1106 1764 ei
1120 1743 1191 1764 con-

139 1773 269 1805 ceffimus
286 1771 497 1816 percipiendum
514 1770 549 1802 ad
563 1771 741 1813 Scaccarium
760 1773 906 1811 nostrum,
923 1775 972 1805 nisi
993 1773 1142 1815 pecuniam
1161 1773 1194 1803 il-

140 1812 198 1844 lam
213 1813 239 1842 ei
251 1821 325 1849 prius
339 1810 517 1841 liberaveritis
530 1819 579 1847 per
590 1810 664 1840 aliud
678 1810 762 1840 breve
777 1810 903 1842 nostrum
917 1822 923 1840 :

184 1850 367 1890 Recipientes
386 1849 422 1878 ab
439 1847 541 1892 eisdem
556 1847 761 1892 Mercatoribus
774 1849 863 1881 literas
874 1850 929 1881 suas
941 1859 1081 1891 patentes,
1099 1862 1196 1893 recep-

144 1890 256 1920 tionem
270 1887 356 1919 dietae
369 1896 497 1925 pecumae
511 1886 695 1919 testificantes.

178 1961 268 1997 Teste
282 1964 367 2002 Rege
380 1964 453 2004 apud
472 1963 656 2003 Brumburgh
670 1964 791 1996 secundo
806 1965 851 1995 die
861 1965 1040 2006 Septembris.

146 2102 196 2134 De
219 2097 372 2145 stipendiis
406 2096 525 2141 Gastoni
553 2098 589 2132 de
618 2100 715 2131 Bearn
733 2110 788 2144 pro
803 2100 931 2145 sbrvitio
956 2104 1029 2147 Regi
1054 2100 1197 2144 Castellae,

192 2151 316 2242 55⁰2?
339 2149 427 2193 Regis
448 2148 564 2194 Angliae
580 2174 591 2190 ,
626 2146 814 2193 impendendo
830 2175 840 2191 ,
868 2146 907 2181 ab
930 2150 1081 2197 Hugolino
1104 2154 1141 2185 V
1140 2154 1196 2184 icio

148 2281 317 2344 Notum
335 2281 366 2313 fit
385 2281 510 2320 cunetis,
528 2289 585 2312 tam
607 2282 802 2320 praesentibus,
817 2283 904 2321 quam
922 2282 1033 2322 futurIs,
1050 2284 1126 2324 quod
1147 2295 1199 2316 nos

241 2321 347 2360 Casto,
364 2320 423 2352 Dei
444 2320 545 2359 gratici,
565 2321 732 2351 vicecomes
750 2320 845 2351 Bearn.
864 2322 1007 2353 Dominus
1019 2323 1130 2353 Montis
1142 2323 1199 2354 Ca-

149 2362 227 2393 thani
249 2362 283 2392 &
304 2359 395 2390 Castri
416 2358 543 2396 Veteris,
574 2359 798 2398 recognoscimus
820 2360 853 2390 &
872 2361 1045 2391 confitemur
1066 2362 1198 2399 recepiffe

150 2410 250 2430 mutuo
268 2399 303 2430 ab
316 2397 467 2437 Hugoliiio
481 2397 516 2427 de
532 2396 635 2435 Vicio,
653 2398 735 2427 nobis
748 2397 870 2427 tradente
882 2400 999 2429 nomine
1014 2399 1136 2429 Domini
1146 2410 1201 2430 no-

151 2438 199 2468 stri
222 2438 308 2477 Regis
328 2436 439 2472 Angliae
457 2434 581 2473 illustris,
599 2444 651 2472 pro
670 2443 799 2475 apparatu
813 2437 940 2474 gentium
955 2436 1130 2475 nostrarum,
1145 2448 1199 2468 no-

151 2477 261 2506 biscum
283 2473 516 2514 proficiscentium
533 2475 561 2502 in
582 2472 740 2511 servitium,
758 2472 890 2503 Domino
907 2473 985 2511 Regi
1000 2474 1127 2505 Castellae
1140 2476 1201 2506 illu-

151 2514 198 2544 stri
219 2513 398 2550 faciendum,
415 2513 531 2541 nomine
552 2510 674 2541 Domini
696 2510 783 2540 nostri
805 2511 896 2549 Regis
911 2512 1024 2552 Angliae
1038 2513 1201 2553 supradiffi,

149 2553 329 2590 octingentas
342 2551 423 2580 libras
435 2550 546 2579 Turon.
561 2548 731 2586 Nigrorum.

186 2591 266 2631 Qas
286 2590 384 2620 servire
425 2588 608 2625 romittimus,
625 2588 744 2617 nomine
760 2587 887 2627 praedieti
902 2586 1026 2618 Domini
1039 2589 1127 2619 nostri
1139 2590 1201 2620 Re-

148 2631 189 2670 gis
203 2631 249 2659 An
270 2629 328 2666 liae,
346 2627 395 2666 ipsi
405 2598 632 2669 ¹Domino—Regi
644 2624 785 2669 Castellae,
801 2627 833 2657 &
847 2636 890 2657 eas
904 2627 1026 2664 recipere
1039 2628 1068 2657 in
1082 2628 1202 2660 solutum

151 2668 242 2705 stipen
263 2668 282 2698 ii
296 2665 341 2697 vel
355 2665 450 2705 gadgii
461 2663 584 2701 Hospitii
597 2663 692 2694 nostri.

184 2707 221 2737 Et
243 2706 262 2736 fi
280 2705 366 2741 forte,
381 2703 444 2733 casu
457 2702 548 2742 aliquo
563 2703 763 2741 contingente,
779 2702 864 2734 dicias
876 2702 1050 2743 offingentas
1062 2702 1124 2735 libr.
1140 2715 1201 2736 non

149 2745 311 2776 serviremus
329 2742 379 2780 ipsi
393 2740 525 2771 Domino
539 2740 612 2779 Regi
627 2739 758 2771 Castellae
794 2740 928 2778 raedicto,
945 2743 1135 2781 promittimus
1148 2744 1204 2774 illas

149 2784 255 2822 integre
276 2779 512 2823 restituere-diffito
533 2778 692 2823 Hugelino,
709 2787 755 2823 aut
769 2751 892 2823 &uncio
907 2779 1029 2810 Domini
1042 2781 1129 2811 nostri
1142 2781 1204 2812 Re-

148 2823 192 2858 gis
214 2821 324 2860 Angliae
345 2817 487 2857 praedie‘h,
505 2826 548 2847 eas
568 2826 636 2847 cum
654 2816 705 2848 hus
727 2817 821 2847 litteris
840 2820 993 2856 repetenti,
1010 2828 1080 2849 curn
1096 2820 1131 2850 ab
1145 2821 1203 2859 ipso

147 2859 319 2897 Hugelino,
335 2867 380 2887 aut
402 2855 526 2886 Nuncio
549 2855 687 2895 praedidio
706 2857 838 2886 fuerimus
856 2866 885 2886 re
905 2856 975 2887 uifiti
989 2880 999 2895 ,
1015 2867 1063 2902 per
1087 2859 1203 2896 quinde-

149 2898 209 2929 cim
223 2897 279 2927 dies
291 2896 354 2936 post
367 2894 574 2932 requisitionem
588 2893 670 2937 ipsius
683 2893 837 2933 Hugelini,
854 2905 890 2927 ve
914 2895 949 2925 N
952 2896 1026 2926 uncii
1037 2899 1203 2935 memorati,

150 2937 184 2967 &
196 2936 260 2966 haec
271 2935 319 2972 ipsi
332 2932 482 2969 Hugelino
494 2932 669 2969 promiiimus
683 2932 758 2964 bona
771 2932 834 2964 fide.

189 2974 295 3004 Danres
314 2970 512 3002 nichilominus
532 2970 618 3001 libere
639 2971 780 3002 licentiam
797 2972 830 3003 &
847 2971 958 3008 plenam
971 2972 1137 3011 potestatem
1153 2974 1202 3013 ipsi

151 3011 285 3042 Domino
304 3009 403 3040 nostro
423 3008 442 3027 *⁵
459 3008 536 3045 Regi
557 3007 686 3048 Angliae‚
704 3010 737 3040 &
748 3009 903 3040 Senescallo
915 3010 995 3047 ipsius
1008 3012 1038 3040 in
1052 3010 1203 3051 Vasconia,

155 3050 199 3081 vel
221 3050 276 3087 ejus
289 3047 435 3084 mandato,
453 3054 500 3084 ut,
515 3046 681 3077 auctoritate
693 3048 819 3087 propria,
838 3048 874 3078 de
887 3047 970 3078 bonis
986 3048 1085 3079 nostris
1100 3051 1133 3081 <Sc
1150 3051 1203 3080 ho-

152 3090 263 3119 minum
285 3093 365 3116 terrae
389 3083 494 3115 nostrae
514 3084 725 3127 tantum-possit
745 3087 882 3124 recipere,
899 3096 1001 3116 eorum
1019 3089 1136 3127 quilibet
1157 3089 1202 3119 vel

152 3136 253 3157 omnes
276 3124 354 3155 simul
388 3122 531 3162 quousque
552 3121 587 3151 de
606 3121 686 3153 dietis
705 3124 783 3154 ostin
803 3132 857 3155 ent.
870 3125 931 3155 libr.
944 3125 1037 3156 eidem
1052 3127 1201 3165 Hugelino

153 3164 200 3196 vel
215 3163 337 3194 Nuncio
360 3160 497 3201 aepedffio
509 3159 590 3200 plene
601 3160 681 3191 fuerit
695 3161 778 3193 satisfa
810 3172 868 3193 um.

190 3202 224 3233 In
249 3209 371 3241 quorum
396 3200 528 3242 omniurn
550 3198 584 3229 &
606 3198 777 3236 singulorum
801 3201 993 3233 testimonium
1012 3202 1128 3242 sigillum
1149 3212 1204 3233 no-

152 3241 242 3272 strum
255 3238 433 3281 praesentibus
444 3237 572 3268 duxrmus
583 3237 790 3275 apponendum.

188 3317 255 3347 Dat.
282 3314 352 3355 apud
376 3315 477 3354 Bayas,
496 3310 650 3344 Dominica
664 3313 752 3352 prima
768 3314 867 3347 mensis
879 3316 1032 3356 Odiobris,
1050 3328 1125 3349 anno
1139 3317 1204 3349 Do-

153 3356 223 3386 mini
235 3354 381 3385 millesimo
394 3352 587 3384 ducentesimo
600 3352 779 3390 octogesimo
792 3356 880 3385 tertio.

473 3489 534 3521 Pro
550 3485 620 3530 R‘fi’
631 3484 697 3529 filio
714 3485 885 3520 Mereduci‚

159 3573 380 3635 EDwardus,
393 3570 454 3616 Dei
478 3570 580 3615 gratis,
599 3568 664 3599 Rex·
684 3569 814 3608 Angliae,
832 3570 979 3618 Dominus
993 3569 1153 3610 Hiberniae,
1171 3573 1204 3603 &

175 3651 180 3656 .
236 3612 306 3643 Dux
327 3611 455 3652 Aquitan.
473 3609 621 3646 omnibus,
642 3607 677 3638 ad
698 3618 768 3646 quos
788 3609 931 3646 praesentes
952 3611 1048 3642 litterae
1072 3620 1206 3649 pervene-

157 3651 527 3719 rmglbrffungsndediffimus
545 3685 651 3716 dilecto
664 3686 697 3716 &
713 3684 787 3715 fideli
800 3685 898 3716 nostro
910 3686 985 3717 Reso
999 3687 1058 3718 filio
1073 3687 1208 3717 Meredu-

160 3727 203 3764 ci,
214 3735 266 3767 pro
279 3727 363 3764 legali
376 3726 488 3756 servitio
502 3725 566 3762 suo,
581 3731 681 3754 terram
695 3723 731 3753 de
745 3722 914 3767 Mechlaen,
930 3724 1030 3764 Kayo,
1047 3725 1122 3756 Meb
1133 3725 1208 3755 We-

159 3773 231 3802 neo,
246 3766 279 3797 δε
298 3763 516 3796 GWenonuch.
538 3763 570 3793 &
585 3762 676 3792 eidem
698 3761 792 3800 Reyso
812 3761 968 3804 fecissemus
982 3765 1066 3794 breve
1078 3763 1208 3794 nostrum

161 3801 293 3833 Roberto
312 3804 348 3834 de
359 3804 502 3834 Tibbotot
513 3801 547 3832 ad
563 3800 724 3838 ponendum
738 3800 827 3844 ipsum
840 3801 869 3843 in
883 3800 1010 3838 ieysinam
1022 3802 1057 3832 de
1069 3802 1209 3839 praedictis

160 3841 330 3908 ‘se‘essiiiinssin
337 3851 389 3909 ¹³1¹?
408 3851 444 3909 “i
458 3839 546 3909 1333ss
558 3839 634 3907 {33³3
647 3838 757 3907 52³2&
767 3837 1126 3914 fflssi'ss‘ssi'offl‘s'iffpssr‘ffi
1139 3850 1212 3908 ⁶32:

161 3889 243 3946 dieto
257 3889 516 3955 Robertoegpre&a'
537 3887 699 3946 audioritate
714 3916 822 3954 propria
835 3914 980 3957 intrusisset
990 3915 1016 3944 se
1030 3917 1060 3946 in
1075 3887 1212 3954 praedictis

158 3955 423 3993 tenementi33super
437 3966 495 4000 quo
508 3954 654 4000 praedictus
668 3954 755 3997 Resus
768 3962 865 3997 coram
882 3952 963 3982 nobis
976 3953 1008 3983 &
1023 3955 1141 3999 consilio
1158 3965 1210 3985 no-

159 3991 365 4070 ίὶπῆξξτῖυῗι
375 4002 604 4065 ἱῗοςηιῑιοηετη
616 3992 765 4026 convietus
778 3994 844 4024 suit:
854 3990 1058 4024 consideratum
1063 3992 1212 4028 fuiffetco-

1264 159 1740 215 PUBLICAJ,
2207 190 2292 229 225

1223 262 1282 282 ram
1298 251 1380 281 nobis
1393 253 1426 283 ὃς
1441 255 1557 285 consilio
1570 256 1667 287 nost-:o
1680 258 1708 287 in
1722 257 1915 290 Parleamento
1928 259 2042 299 nostro,
2051 261 2127 300 quod
2137 263 2279 293 tenuimus
2296 252 2373 283 Asm‘
2384 250 2418 281 D

1224 291 1296 330 apud
1311 290 1410 333 ᾼὲὶοῑι
1422 291 1529 322 Burnel.
1543 295 1572 323 in
1589 295 1710 324 crastino
1722 295 1819 327 Sancti
1833 297 2071 337 Michaelis,anno
2085 300 2177 339 Regni
2195 302 2284 332 nostri
2318 292 2408 329 1283-

1226 329 1482 372 undecimo‚'quod
1500 331 1643 374 praedidhe
1658 343 1736 364 terrae
1750 344 1910 372 caperentur
1922 338 1951 366 in
1968 348 2082 368 manuni
2098 339 2281 378 nostram,&
2299 332 2356 358 Ἐάν
2389 337 2412 356 ¹³

1225 367 1301 406 quod
1325 367 1472 409 praedictus
1493 368 1580 414 Resus
1594 371 1768 407 responderet
1784 374 1863 403 nobis
1878 374 1913 404 de
1928 376 2060 413 exitibus,
2076 386 2147 415 quos
2159 379 2285 416 percepit

1226 405 1269 445 vel
1283 413 1424 447 percipere
1436 415 1534 449 potuit·
1550 417 1565 436 a
1580 416 1705 450 tempore
1720 411 1851 449 ingressus
1864 412 1902 441 sui
1916 415 1999 452 usque
2011 414 2044 444 ad
2058 413 2281 446 Parleamentum

1225 441 1443 485 praedicium,&
1457 444 1657 475 nichilominus
1672 448 1748 483 quod
1762 448 1911 484 praedicitis
1926 451 2013 482 Resus
2028 462 2179 484 remaneret
2188 455 2216 483 in
2225 455 2281 484 mi-

1223 480 1368 510 sericordia
1390 479 1483 524 nostra
1503 491 1554 520 pro
1573 483 1745 523 usurpatione
1757 485 1817 523 sua,
1835 497 1902 516 cum
1918 490 2001 518 etiam
2018 490 2091 520 idem
2110 491 2197 522 Resus
2212 493 2283 523 ultra

1224 518 1333 562 donum
1359 518 1441 562 quod*
1452 529 1479 549 ei
1491 520 1667 563 fecimu3,de
1680 523 1818 561 praediefis
1831 527 1921 563 terris,
1930 527 2075 566 usurpfisset
2091 529 2137 559 sibi
2150 538 2231 560 terras
2245 530 2283 560 de

1224 557 1322 595 quibus
1336 540 1495 587 Lewehnus
1509 557 1578 588 silius
1593 558 1769 598 Oweni,qui
1785 561 1825 591 est
1841 563 1911 593 infra
1926 567 2225 605 aetatem,fuitseyiitus
2233 578 2282 608 per

1225 594 1373 638 custodem
1391 593 1472 639 *suum
1493 604 1620 634 tempore
1636 599 1800 635 inceptionis
1816 600 1922 631 ultimae
1935 602 2064 633 Gwerrae
2078 605 2119 634 W
2122 607 2206 643 ailiam
2226 617 2281 636 nec

1225 633 1278 662 fuit
1300 640 1458 676 mtentionis
1482 634 1583 677 iiostrae
1603 636 1668 665 dare
1687 637 1731 674 jus
1749 638 1869 667 alienum
1888 649 1893 667 :
1914 650 2027 677 propter
2040 642 2116 679 quod
2127 645 2282 674 comidera—

1227 677 1287 700 tum
1306 672 1359 700 fuit
1379 670 1507 714 ln-Curla
1520 672 1612 703 nostra
1625 683 1721 704 coram
1736 675 1830 712 nobis,
1870 679 1925 707 uod
1942 680 2088 715 praedictus
2101 680 2188 712 Resus
2201 682 2282 713 resti-

1229 716 1317 752 tueret
1332 708 1472 752 pnraedidio.
1489 709 1633 741 Levvelino
1648 719 1745 750 terraS,
1763 713 1798 743 de
1811 686 1912 752 quibus
1925 717 1975 746 fuit
1987 717 2084 748 seisitus
2099 727 2225 757 tempore
2237 721 2281 751 in-

1229 755 1366 790 ceptionis
1387 748 1529 784 praediiftae
1551 747 1696 787 Gwerrae,
1713 760 1782 781 cum
1804 753 1922 783 exitibus
1942 755 2007 785 inde
2020 759 2163 794 perceptis
2202 758 2282 789 Cum

1229 792 1313 814 etiam
1331 784 1407 814 idern
1430 784 1536 824 Resus,
1550 785 1586 816 de
1607 787 1747 818 voluntate
1766 790 1875 829 nostra,
1893 793 1926 822 ὃς
1940 803 1990 832 per
2002 794 2213 826 concessionem
2228 806 2283 826 no-

1229 821 1330 859 stram,
1348 824 1381 853 ὃς
1403 832 1450 862 per
1469 824 1648 862 potestatem,
1668 826 1717 855 sibi
1738 828 1752 856 a
1774 830 1855 858 nobis
1867 832 2041 870 concessim,
2056 833 2171 870 cepiffet
2186 834 2218 864 ad
2233 844 2281 873 pa-

1229 869 1294 890 cem
1308 861 1341 891 &
1355 861 1527 904 voluntatem
1542 863 1667 893 nostram
1682 864 1811 895 homines
1825 868 1860 896 de
1875 870 1950 899 terris
1961 870 2137 908 supradietis3
2156 873 2283 902 conlide-

1229 906 1318 928 ratum
1332 898 1440 937 fuilset,
1452 899 1526 944 quod
1540 901 1667 939 praedicti
1680 902 1806 944 homines
1819 905 1980 938 devenirent
1994 909 2028 938 ad
2040 910 2213 940 voluntatem
2229 920 2283 940 no-

1230 935 1313 966 stram
1333 936 1367 966 ad
1388 938 1611 976 redemptionem
1632 940 1667 982 ab
1687 941 1747 979 ipris
1769 951 1819 979 pro
1839 946 1979 975 voluntate
2000 947 2090 976 nostra
2102 949 2283 986 capiendam,

1229 974 1262 1004 &
1283 975 1318 1005 ad
1338 975 1569 1006 statuendum&
1590 977 1778 1020 ordinandum
1806 981 1876 1018 leges
1898 992 1945 1020 per
1958 994 2023 1021 quas
2037 986 2181 1022 gubernari
2196 986 2283 1015 debe-

1228 1020 1306 1050 rent3
1323 1022 1391 1056 nOS,
1407 1013 1442 1057 de
1462 1013 1570 1052 speciali
1591 1023 1673 1057 gratia
1694 1016 1804 1055 nostra,
1822 1020 1855 1049 &
1876 1029 1927 1057 pro
1941 1022 2019 1059 legali
2033 1024 2159 1062 iervitio,
2175 1025 2210 1053 ab
2225 1025 2283 1062 ipso

1228 1050 1305 1080 Reso
1323 1051 1405 1094 nobis
1423 1050 1551 1090 impenso
1559 1074 1574 1095 ,.
1590 1053 1714 1083 ieisinam
1737 1054 1772 1084 de
1796 1057 1935 1092 praedietis
1956 1061 2045 1097 terris,
2070 1071 2135 1097 quas
2157 1062 2283 1091 indebito

1230 1088 1320 1132 modo
1329 1097 1422 1132 capit,
1439 1090 1472 1120 &
1487 1099 1553 1126 quas
1567 1099 1595 1119 in
1611 1100 1727 1121 manum
1744 1093 1867 1123 nostram
1883 1096 2016 1134 reddidit,
2033 1098 2057 1127 ei
2070 1099 2235 1129 restituimus
2248 1101 2282 1130 ὃς

1228 1126 1397 1170 reddidimus
1411 1127 1542 1170 tenenda-s
1555 1127 1705 1158 secundum
1717 1138 1843 1161 tenorem
1859 1131 1952 1164 Cartae
1966 1134 2087 1172 nostrae,
2103 1147 2185 1174 quam
2201 1139 2225 1166 ei
2240 1138 2283 1167 in-

1228 1165 1412 1211 defecimus,
1429 1166 1462 1196 &
1476 1165 1626 1209 remisimus
1640 1168 1665 1196 ei
1679 1169 1766 1198 exitus
1780 1179 1850 1207 quos
1864 1173 2002 1211 percepit,
2020 1174 2063 1203 vel
2077 1176 2219 1212 percipere
2231 1185 2284 1214 po-

1230 1211 1300 1241 tuit,
1318 1214 1332 1233 a
1345 1212 1471 1247 tempore
1486 1205 1619 1248 ingressus
1631 1204 1684 1248 sui,
1704 1206 1788 1244 usque
1802 1209 1834 1238 ad
1850 1208 2073 1241 Parleamentum
2092 1214 2257 1248 praedictum
2275 1224 2282 1242 :

1229 1243 1444 1279 perdonavunus
1461 1251 1544 1272 etiam
1566 1253 1592 1272 ei
1612 1243 1827 1275 misericordiam
1847 1247 1879 1277 ad
1898 1258 1950 1278 nos
1971 1248 2155 1287 spectantem,
2183 1260 2233 1286 pro
2249 1261 2280 1280 u-

1230 1281 1386 1324 surpatione
1400 1279 1445 1324 sua
1458 1280 1608 1318 praedic‘tag
1646 1281 1716 1313 Hoc
1729 1283 1802 1314 salvo
1816 1285 1894 1322 quod
1909 1287 2045 1326 praedidio
2060 1287 2206 1318 Levvelino
2224 1287 2282 1318 filio

1231 1318 1338 1349 Oweni
1356 1317 1530 1362 restituantur
1542 1328 1639 1358 terrae,
1657 1321 1692 1350 de
1707 1322 1806 1358 quibus
1826 1323 1877 1353 fuit
1890 1325 1989 1355 seiiitus
2003 1334 2129 1363 tempore
2143 1327 2282 1364 inceptio-

1232 1358 1274 1387 nis
1294 1357 1437 1400 praedietae
1457 1357 1587 1389 Gwerrae
1610 1358 1690 1390 simul
1709 1370 1776 1395 curn
1797 1362 1913 1393 exitibus
1927 1363 1962 1393 de
1978 1364 2115 1402 praediciis
2129 1365 2207 1394 terris
2222 1374 2284 1402 per-

1232 1404 1319 1433 ceptis
1339 1405 1345 1425 :
1373 1395 1558 1426 concessimus
1577 1398 1660 1428 etiam
1681 1398 1819 1436 praedic‘to
1838 1399 1931 1438 Reso,
1948 1403 2024 1439 quod
2049 1402 2191 1440 homines,
2212 1412 2283 1442 quos

1231 1434 1379 1478 praedictus
1397 1433 1485 1478 Resus
1503 1436 1578 1472 cepit
1598 1435 1631 1466 ad
1655 1445 1754 1475 pacem
1774 1438 1807 1468 &
1829 1440 2000 1470 voluntatem
2013 1440 2153 1477 nosti-arn,
2174 1442 2230 1470 tarn
2244 1441 2281 1471 de

1232 1482 1307 1517 terris
1327 1472 1362 1503 de
1384 1482 1495 1512 propria
1516 1474 1674 1505 haereditate
1689 1475 1770 1513 ipsius
1784 1476 1868 1515 Rest,
1882 1479 1965 1517 quam
1979 1478 2014 1508 de
2026 1480 2101 1509 terris
2113 1489 2177 1518 quas
2191 1480 2216 1508 ei
2230 1479 2284 1509 de-

1231 1511 1323 1541 dimus
1338 1534 1347 1548 ,
1371 1520 1530 1554 remaneant
1547 1512 1675 1543 homines
1696 1514 1776 1553 ipsius
1796 1514 1879 1553 Reii,
1906 1517 1990 1556 quieti
2011 1517 2046 1546 de
2066 1518 2230 1554 corporibus
2247 1517 2282 1547 &

1231 1549 1483 1589 redemptionibus,
1500 1551 1533 1581 δι’
1548 1551 1623 1589 quod
1638 1561 1691 1588 pro
1704 1553 1846 1583 voluntate
1858 1554 1902 1585 sua
1917 1554 2013 1585 statuat
2027 1557 2060 1586 δε
2074 1557 2183 1585 ordinet
2198 1556 2284 1594 leges,

1232 1598 1281 1627 per
1294 1598 1358 1628 quas
1370 1588 1517 1627 gubernari
1528 1589 1680 1620 debebunt.

1229 1668 1250 1697 t'
1269 1626 1302 1657 In
1319 1630 1395 1665 cujus
1412 1627 1451 1656 rei
1469 1627 1662 1659 testimonium
1681 1629 1728 1660 has
1746 1629 1844 1661 litteras
1861 1630 1966 1662 nostras
1981 1630 2039 1662 fieri
2055 1631 2170 1662 fecimus
2186 1638 2284 1670 paten-¹

1241 1676 1276 1697 eS.

1270 1743 1359 1775 Teste
1379 1744 1484 1785 meipso
1505 1745 1577 1784 apud
1592 1744 1688 1775 Adion
1699 1744 1798 1776 Burnel
1807 1768 1818 1784 ,
1832 1745 1966 1777 vicesimo
1978 1746 2023 1776 die
2036 1745 2190 1785 Oistobris,
2208 1756 2284 1776 anno

1232 1785 1314 1822 regni
1335 1783 1422 1814 nostri
1437 1783 1596 1814 undciemo.

1236 1905 1264 1932 ,ᾖ
1282 1909 1385 1940 Litera
1410 1905 1535 1952 Radulfi
1562 1910 1761 1940 Romanorum
1792 1910 1876 1954 Regis
1894 1906 1929 1940 de
1942 1907 2135 1953 prosperitate
2146 1907 2225 1952 sita,
2250 1910 2286 1945 ῤ’
2305 1918 2349 1945 Ἶι
2371 1927 2437 1953 259„

1342 1954 1378 1987 de
1388 1954 1500 1998 foedere
1513 1959 1649 1988 amicitiae
1666 1967 1735 1987 cum
1752 1957 1865 2002 Angliae
1884 1959 1961 2003 Rege
1975 1955 2182 2002 perpetuando.

1239 2039 1456 2102 MAgnifico
1477 2039 1616 2078 Principi,
1634 2039 1769 2070 Domino
1782 2040 1929 2078 Edvardo,
1947 2039 2004 2069 Dei
2019 2040 2121 2079 gratini,
2139 2040 2213 2080 Regi
2228 2040 2290 2070 An-

1333 2081 1448 2117 glorum
1467 2078 1580 2116 illustri,
1594 2079 1688 2108 amico
1708 2078 1757 2108 suo
1770 2078 1927 2116 kariffimo,
1946 2078 2097 2116 Rudulsus,
2113 2080 2209 2109 eadem
2225 2089 2289 2115 gra-

1236 2122 1292 2158 tia,
1309 2119 1509 2150 Romane-rum
1530 2116 1594 2147 Rex
1608 2117 1713 2154 semper
1726 2117 1881 2156 Augustus,
1899 2118 2074 2154 integerimae
2087 2117 2241 2147 dilectionis
2255 2118 2288 2147 δε
2302 2144 2344 2166 An
2379 2150 2404 2166 Η

1237 2159 1368 2189 amicitiae
1381 2157 1552 2186 continuum
1566 2156 1783 2185 incrementum.
2308 2182 2324 2186 fi
2350 2161 2354 2165 ·
2412 2158 2419 2163 ⁰

1275 2196 1357 2227 Licet
1369 2194 1464 2225 aeterni
1476 2193 1650 2232 Imperatoris
1663 2192 1831 2232 Imperium,
1846 2193 1890 2223 ciii
1901 2202 1999 2222 omnes
2012 2193 2158 2222 intendunt
2173 2194 2205 2223 δε
2220 2192 2290 2222 obe—
2305 2188 2380 2237 ¹392·

1236 2235 1317 2266 diunt
1337 2232 1469 2264 crea'turae
1482 2255 1492 2270 ,
1519 2241 1568 2270 per
1591 2240 1715 2261 mortem
1738 2233 1885 2269 lugubrem
1908 2231 2016 2261 illustris
2037 2232 2178 2271 quondam
2202 2230 2290 2260 Hart-
2308 2226 2377 2252 ''W'‘

1239 2273 1334 2305 manni
1349 2272 1396 2302 filii
1413 2270 1500 2301 nostri
1516 2269 1665 2308 kariffimi,
1680 2270 1732 2299 diri
1744 2271 1845 2300 doloris
1857 2269 2030 2306 vulneribus,
2048 2269 2178 2299 cordibus
2192 2269 2291 2298 nostris
2308 2258 2368 2281 TW·

1237 2312 1342 2342 dederit
1361 2309 1538 2340 insanabilem
1557 2309 1734 2345 cicatricem,
1753 2318 1802 2345 per
1818 2317 1903 2345 quem
1917 2308 2010 2337 inclita
2023 2307 2123 2337 domus
2136 2306 2225 2338 vestra
2240 2317 2294 2337 no-

1238 2350 1302 2380 strae
1315 2356 1449 2388 perpetuo
1461 2348 1591 2377 amicitie
1605 2347 1712 2377 foedere
1724 2346 1812 2376 fuerat
1825 2347 1968 2386 colligata,

1275 2389 1406 2425 Tamen,
1432 2394 1567 2424 quantum
1589 2385 1621 2414 ad
1643 2395 1710 2423 nos,
1730 2394 1803 2414 mors
1822 2385 1941 2423 ejusdem
1963 2382 2011 2413 filii
2032 2383 2125 2415 nostri,
2141 2384 2294 2413 amicitiam

1240 2424 1400 2464 hujusmodi
1421 2433 1480 2453 non
1501 2425 1632 2460 exrinxit,
1647 2423 1691 2453 sed
1711 2432 1774 2461 erga
1789 2429 1838 2451 vos
1850 2422 2045 2452 inviolabiliter
2060 2431 2195 2461 perpetuo
2210 2422 2293 2452 volu-

1242 2474 1305 2494 mus
1318 2463 1462 2493 observare
1474 2462 1609 2500 quicquid
1623 2471 1695 2491 verae
1709 2461 1840 2490 amicitiae
1854 2460 1896 2489 lex
1912 2459 2044 2496 deposcit.

1281 2501 1370 2532 Unde
1391 2501 1534 2530 Serenitati
1554 2499 1669 2537 vestrae,
1687 2498 1719 2529 ad
1733 2507 1917 2535 augmentum
1933 2498 2027 2534 gaudii
2039 2499 2197 2536 amplioris,
2212 2498 2295 2528 dinti-

1243 2550 1306 2571 mus
1325 2538 1510 2571 intimandum
1530 2538 1607 2577 quod
1626 2536 1816 2576 prosperamur
1837 2537 1865 2566 in
1886 2537 2018 2566 omnibus
2030 2558 2039 2573 ,
2073 2537 2105 2566 &
2120 2559 2128 2574 ,
2156 2544 2298 2567 annuente

1244 2578 1377 2608 Domino
1391 2601 1400 2616 ,
1425 2577 1525 2607 votivis
1548 2575 1710 2606 successibus
1735 2574 1948 2610 habundamus3
1979 2574 2174 2613 sublimaturi,
2198 2574 2299 2604 divino

1264 2616 1388 2653 rcefidio,
1409 2615 1522 2645 illustres
1543 2614 1613 2644 filios
1634 2613 1743 2643 nostros
1765 2612 1799 2642 ad
1819 2613 1910 2642 titulos
1929 2611 2116 2651 principatus,
2141 2615 2173 2644 ὃς
2193 2612 2297 2643 eisdem

1242 2627 1371 2686 i'Ducatus
1388 2653 1522 2690 Austriae‚
1539 2652 1646 2689 Stiriae,
1663 2653 1696 2682 &
1719 2650 1873 2681 Karinthiae
1886 2650 2050 2681 conceffuri.

2302 2061 2376 2092 Ann,
2394 2059 2433 2091 Di

2323 2102 2403 2140 1283.

1281 2692 1427 2723 Caeterum
1440 2715 1450 2728 ,
1473 2701 1541 2721 cum
1562 2690 1672 2721 Strenui
1696 2690 1765 2727 viri,
1785 2688 1888 2720 Fratres
1908 2690 1943 2719 de
1964 2688 2096 2732 Raperch
2119 2689 2242 2728 Milites,
2263 2689 2300 2721 ad

1244 2732 1383 2769 Regnum
1395 2730 1534 2767 vestrum,
1552 2736 1603 2767 pro
1616 2727 1733 2766 quadam
1748 2727 1880 2766 emenda,
1896 2726 1921 2757 se
1935 2730 2110 2765 transierant,
2128 2727 2303 2764 magnitudi-

1245 2780 1312 2801 nem
1327 2769 1445 2799 vestram
1459 2776 1606 2805 rogamus,
1625 2765 1782 2804 plenissimo
1797 2775 1866 2795 cum
1882 2765 1985 2795 effectu
2000 2766 2126 2802 quatinus
2141 2766 2227 2802 ipsos,
2245 2775 2301 2796 no-

1245 2809 1308 2838 strae
1327 2807 1485 2838 diledfionis
1504 2806 1603 2836 intuitu
1640 2805 1721 2835 vobis
1740 2804 1840 2833 habere
1861 2803 2019 2840 dignemini
2043 2803 2230 2833 favorabiliter
2254 2813 2300 2833 re-

1245 2846 1424 2884 commiffos,
1441 2845 1568 2875 securum
1587 2827 1621 2873 acl
1635 2853 1686 2872 nos
1701 2842 1856 2880 respectum
1868 2842 2015 2878 habentes,
2034 2842 2109 2879 quod
2124 2843 2152 2870 iii
2165 2841 2225 2878 ip'fis
2239 2848 2300 2871 tan-

1245 2893 1272 2915 ta
1298 2892 1392 2923 regnat
1420 2883 1560 2913 strenuitas
1581 2882 1615 2912 &
1634 2880 1746 2911 fidelitas
1766 2887 1823 2910 tam
1842 2880 1943 2910 sincera
1956 2903 1966 2917 ,
1996 2880 2073 2918 quod
2091 2880 2126 2910 de
2148 2879 2199 2908 illis
2219 2888 2300 2918 pote—

1243 2923 1291 2953 stis
1316 2924 1399 2960 plene
1430 2922 1597 2960 praesumere
1611 2939 1621 2957 ,
1653 2919 1687 2950 &
1711 2917 1773 2958 ipsis
1798 2918 1892 2949 secure
1915 2919 2082 2948 commitere
2107 2917 2241 2956 quicquid
2268 2918 2301 2948 li-

1244 2962 1299 2992 beti

1279 3032 1346 3066 Dat.
1365 3032 1480 3076 Hageri.
1501 3033 1564 3065 Kal.
1584 3033 1741 3065 Decembr.
1759 3029 1858 3071 Regni
1877 3031 1966 3064 nostri
1982 3031 2104 3063 decimo.

1280 3111 1440 3150 Magnifico
1453 3111 1594 3148 Principi‚
1610 3109 1744 3140 Domino
1761 3109 1795 3140 E.
1810 3109 1867 3139 Dei
1881 3108 1982 3149 gratia,
2000 3107 2078 3147 Regi
2092 3107 2249 3148 Anglorum
2265 3108 2295 3139 ilq

1242 3150 1336 3189 lustri,
1355 3151 1461 3182 Amico
1475 3151 1525 3180 suo
1536 3148 1683 3179 karissimo.

1244 3275 1349 3309 Litera
1372 3273 1554 3316 Afenevenfis
1575 3267 1728 3318 Epifiopi‚
1746 3282 1801 3318 per
1818 3275 1911 3319 quam
1926 3270 2104 3314 certificavit
2123 3268 2204 3315 quod
2221 3279 2298 3300 rece-

1285 3333 1372 3369 perat
1398 3322 1579 3354 mandatum
1609 3323 1690 3365 Papae
1715 3320 1751 3352 de
1779 3324 1982 3353 Matrimonia
2005 3316 2199 3350 contrahendo
2222 3319 2297 3348 inter

1291 3371 1400 3415 Refhm
1408 3369 1512 3414 filium
1532 3367 1693 3402 Mereduci
1704 3394 1714 3409 ‚
1738 3371 1775 3406 ώ-
1792 3368 1921 3401 Audam
1935 3366 1970 3399 de
1989 3364 2156 3411 Hastinges.

1245 3454 1442 3517 UNivei-sis
1462 3453 1573 3484 Sanstae
1588 3451 1687 3482 Matris
1699 3451 1830 3482 Ecclesiae
1847 3451 1923 3488 filiis,
1940 3448 1973 3480 ad
1989 3460 2059 3487 quos
2072 3448 2214 3487 praesentes
2228 3448 2300 3490 litte-
2312 3456 2385 3491 Arm,
2403 3460 2445 3492 D,v

1336 3502 1374 3522 τῖε
1392 3493 1566 3530 pervenerint
1582 3513 1591 3528 ,
1615 3491 1743 3519 Thomas
1762 3490 1938 3529 permiffione
1960 3488 2065 3518 Divina
2084 3487 2164 3516 Men.
2182 3485 2298 3525 Episco-
2333 3500 2416 3540 1283.

1244 3543 1310 3571 pus,
1329 3531 1442 3562 salutem
1457 3531 1486 3560 in
1505 3529 1634 3559 Domino
1645 3528 1848 3565 sempiternam.
1954 3565 1960 3570 ᾖ
2062 3564 2066 3569 ¹
2091 3564 2095 3569 .
2119 3563 2129 3572 Λ
2223 3564 2228 3568 “
2311 3542 2360 3566 An.
2380 3549 2422 3566 ¹2·

1283 3571 1398 3601 Litteras
1416 3567 1585 3600 Venerabilis
1603 3566 1705 3603 Patris,
1732 3565 1856 3595 Domini
1876 3565 2007 3602 Martini,
2027 3563 2133 3593 Divina
2149 3563 2299 3600 provrden-
2311 3581 2338 3603 E.
2365 3587 2386 3605 ι.

1245 3609 1301 3646 ria,
1319 3608 1419 3638 summi
1439 3605 1597 3641 Pontificis,
1614 3604 1686 3643 apud
1706 3604 1873 3642 Landegoe,
1895 3603 1940 3633 die
1960 3602 2125 3632 Sanciorum
2144 3600 2295 3631 Martirum
2306 3619 2338 3642 L.
2347 3618 2381 3642 A.
2391 3614 2420 3652 fl

1241 3647 1377 3687 Johannis
1393 3645 1427 3676 ὃς
1447 3643 1522 3674 Pauli
1537 3666 1546 3681 ‚
1579 3647 1655 3672 anun
1675 3641 1797 3672 Domini
1824 3642 1904 3679 1284.
1929 3640 2081 3676 recepimus
2099 3639 2148 3669 sub
2167 3638 2220 3670 hac
2237 3640 2297 3670 for—
2309 3654 2370 3685 352·
2384 3664 2411 3680 a.

1247 3697 1302 3717 ma·
1617 3718 1622 3722 .
1924 3717 1928 3722 .
2083 3717 2087 3721 .
2102 3717 2106 3722 .
2206 3717 2211 3722 .
2308 3685 2379 3718 'Penes
2387 3694 2443 3724 Ca«,>

1284 3723 1420 3755 Martinus
1438 3719 1589 3760 Episcopus
1606 3720 1696 3747 servus
1712 3717 1854 3747 servorum
1873 3716 1930 3746 Dei
1950 3715 2108 3758 Venerabili
2126 3715 2213 3747 Fratri
2304 3738 2398 3758 meran

1477 3757 1619 3796 Episcopo
1637 3755 1719 3787 Men..
1735 3755 1845 3786 salutem
1862 3755 1894 3785 &
1918 3752 2110 3792 Apostolicam
2128 3754 2300 3785 benediffio-

1249 3809 1438 3877 nePQantum
1458 3843 1527 3865 cum
1548 3831 1615 3862 Deo
1635 3831 1769 3872 possimus
1790 3831 1841 3861 hiis
1861 3830 1975 3860 libenter
1994 3832 2157 3870 annuimus,
2175 3840 2224 3871 per
2236 3841 2302 3870 quae

1256 3878 1411 3908 dissidentes
1426 3873 1459 3903 ad
1472 3873 1545 3910 pacis
1559 3871 1684 3900 solatium
1699 3870 1870 3899 reducantur.

1291 3915 1334 3946 Ex
1357 3921 1433 3953 parte
1455 3909 1589 3949 siquidem
1613 3909 1711 3938 nobilis
1729 3909 1781 3939 viri
1803 3906 1866 3937 Resi
1884 3905 2048 3944 Mereduci‚
2069 3909 2103 3940 &
2119 3909 2219 3938 nobilis
2238 3916 2302 3936 mu-

1253 3955 1323 3985 lieris
1344 3951 1433 3983 Audae
1456 3950 1491 3980 de
1509 3947 1658 3985 Hastinges
1671 3970 1680 3985 ,
1699 3955 1755 3976 tuae
1773 3944 1926 3986 Dyocesis,
1944 3944 1996 3975 fuir
2014 3946 2185 3985 propositum
2205 3953 2302 3976 coram

1256 3993 1356 4030 nobis,
1372 3988 1449 4030 quod
1466 3997 1500 4021 ex
1515 3986 1668 4020 inimicitiis
1685 3983 1866 4053 &chuems’
1882 3982 1990 4018 dudum
2001 3984 2073 4018 inter
2085 3984 2204 4022 ejusdem
2217 3983 2256 4013 R.
2270 3990 2306 4056 etx
