2570 4261
98 147 174 177 Anii.
185 145 223 177 D.

124 186 206 224 1285.

95 226 163 253 Edu.
185 235 207 253 i.

72 2305 201 2341 *II.309.

68 2378 144 2410 Ann.
159 2379 198 2410 D.

90 2419 173 2456 1285.

67 2462 119 2486 An.
143 2469 185 2495 13.

67 2500 99 2524 Ξ.
118 2506 139 2524 1.

66 2535 181 2564 Liberam

70 2582 113 2610 ¹3-
133 2579 160 2603 Ε.
175 2585 196 2603 i.

65 2621 103 2640 m.
122 2622 150 2648 4.

62 3377 191 3409 Ann.D.

81 3418 166 3455 1285.

61 3458 113 3483 Aa.
132 3466 173 3492 ¹3·

60 3496 90 3519 Ξ.
114 3503 136 3521 1.

59 3534 171 3568 Pat.13.

60 3572 83 3595 Ε
103 3579 171 3598 i.m.

64 3616 106 3642 ¹4·

246 75 274 113 4

280 146 334 185 Et,
353 146 386 176 ad
408 145 456 176 ista
476 144 573 174 omnia
587 142 721 179 praedicta
734 138 851 172 fideliter
865 139 1054 179 observanda,
1073 140 1225 178 praedic‘tus
1238 141 1303 172 Co-

245 196 306 216 mes
328 185 436 221 obligat
458 183 501 220 se,
527 180 668 217 limi-edes,
694 182 727 212 ἃ
752 189 916 210 executores
940 179 1002 209 suos
1018 203 1027 217 ,
1053 181 1087 210 &
1110 181 1209 210 omnia
1228 181 1305 211 bona

243 225 305 261 sua,
332 223 447 254 mobilia
470 223 503 252 ὃς
526 219 702 257 immobilia,
729 218 897 249 cohercioni
916 217 1041 248 Domini
1060 218 1159 256 Papae,
1186 220 1235 256 qui
1251 229 1305 256 pro

244 272 376 299 tempore
397 261 496 296 fuerit,
516 257 595 295 quod
622 257 708 295 polsit
730 257 855 287 eundem
878 256 1054 294 compellere
1073 267 1124 295 per
1139 258 1305 288 sententiam

243 298 548 331 excommunicationis
570 297 603 327 ὃς
626 295 784 334 interdieti,
801 294 949 334 quousque
962 304 1054 326 totam
1070 297 1238 334 pecuniam,
1257 296 1308 326 sibi

242 339 389 376 traditam,
409 337 428 367 si
444 334 622 367 conditiones
637 334 808 373 praescriptae
823 335 987 372 evenerint,
1006 334 1155 366 restituerit
1171 334 1307 365 Domino

241 377 326 408 Regi.

287 408 341 451 Et,
368 413 401 443 ad
423 414 562 452 majorem
585 411 762 443 securitatem
785 412 870 443 totius
893 411 1063 450 praescriprae
1087 411 1306 450 conventionis,

241 453 318 483 idem
334 451 445 482 Comes
460 450 599 482 concessit
613 451 691 489 quod
706 451 852 482 Dominus
868 450 933 480 Rex
949 450 1079 488 Angliae,
1098 450 1209 480 Comes
1223 450 1307 480 Flan-

241 492 327 528 driae,
346 492 379 521 δε
395 491 467 521 Dux
489 491 662 528 Birbantiae,
680 490 787 528 posfint
807 488 992 526 distringere,
1011 490 1045 520 &
1066 488 1242 526 compellere
1262 489 1305 526 ip-

240 531 301 560 sum
326 528 478 560 Comitem
501 528 682 568 Hollandiae,
701 530 734 560 &
758 538 859 560 omnes
882 528 1015 557 homines
1038 528 1119 566 suos,
1138 537 1210 565 quos
1225 527 1302 557 idem

240 569 305 599 Rex
329 568 374 598 vel
394 569 491 607 aliquis
536 569 655 598 nomine
677 568 745 606 suo,
761 568 910 598 nominare
931 566 976 596 vel
999 566 1103 602 eligere
1121 566 1244 596 voluerit
1266 565 1303 596 de

237 607 310 638 terri
332 607 398 646 suz'i,
415 616 475 638 tam
496 593 678 645 hollandiae,
704 607 792 645 quam
815 604 980 642 Zelandiae,
1005 604 1156 642 videlicet,
1182 605 1303 643 milites,

237 647 411 685 armigeros,
430 646 591 684 religiosos,
609 645 848 683 communitates,
866 645 900 675 ὃ(
916 642 1039 680 singulos
1056 642 1092 674 de
1107 644 1302 674 communita-

238 684 330 723 tibus,
350 686 384 717 &
399 695 501 716 omnes
516 684 583 714 alios
597 683 634 713 de
655 692 728 713 terra
749 683 811 722 sua,
829 681 1021 721 cujuscunque
1043 681 1127 713 fuerit
1147 681 1233 713 status
1255 682 1302 713 vel

237 723 426 762 conditionis,
444 735 495 762 per
509 723 607 754 omnia
628 723 705 752 bona
726 721 789 760 sua,
807 723 836 752 in
859 722 937 752 terris
956 720 1026 759 suis,
1045 731 1167 760 quoquo
1189 721 1301 760 modo,

237 772 426 801 quocumque
448 764 584 793 locorum
606 761 738 799 inventa;
757 761 791 792 &
815 759 914 791 ffldcrn
928 759 1005 790 bona
1020 761 1156 798 retinere³
1175 760 1302 792 vendere

236 802 270 832 δί
284 801 457 840 distrahere,
474 799 621 839 quousque
636 798 771 830 Domino
788 799 881 838 Regi,
896 798 932 843 de
945 798 1080 836 praedic‘ta
1093 799 1216 838 summa,
1232 799 1300 830 Do·

225 841 318 870 ⁴mino
333 839 447 871 Comiti
460 839 565 877 soluta,
601 838 702 868 lenarie
715 838 798 869 fuerit
811 837 999 875 satisfactum,
1017 846 1049 868 ut
1063 837 1232 875 praedit‘tum
1248 837 1297 869 est.

273 878 310 910 Et
333 879 409 916 hoc,
428 878 447 908 fi
470 877 546 908 idem
598 887 681 907 omes
701 878 731 906 in
753 877 893 907 solutione
914 875 1025 907 deficiat
1060 876 1199 908 concessit
1213 879 1299 909 etiam

235 917 313 948 idem
329 916 458 955 Comes,
477 915 556 955 quod
571 915 627 953 ipse
641 915 743 955 faciet,
783 914 841 946 uod
856 914 1004 946 Dominus
1018 901 1130 947 domes
1144 915 1299 956 Flandriae,

234 957 269 987 &
292 955 362 987 Dux
385 955 559 994 Barbantiae,
576 953 742 985 concedunt
796 954 899 985 omino
922 953 1016 994 Regi,
1041 964 1092 992 per
1114 955 1298 989 litterassuas

234 1005 378 1034 patentes,
403 994 483 1033 quod
505 995 596 1033 ipsum
618 993 791 1032 praedic‘tum
813 993 980 1024 Dominum
1001 992 1153 1024 Comitem
1175 994 1297 1026 Hollan-

234 1034 306 1073 dive,
325 1036 358 1066 &
381 1044 484 1065 omnes
506 1034 638 1064 homines
660 1031 723 1064 suos
745 1031 909 1063 Hollandiae
931 1033 965 1063 ὃς
987 1031 1152 1072 zelandiae,
1176 1034 1225 1072 qui
1247 1043 1297 1071 per

234 1073 402 1105 Dominum
425 1072 560 1111 Regem,
575 1071 620 1103 vel
642 1071 765 1110 aliquem
787 1071 824 1102 de
844 1070 896 1102 suis
917 1070 951 1102 ad
967 1071 1024 1102 hoc
1039 1071 1174 1110 miffum,
1191 1073 1298 1104 fuerint

234 1113 389 1149 nominati,
407 1121 457 1149 per
479 1111 578 1142 omnia
598 1111 675 1141 bona
696 1110 742 1141 sua
764 1109 950 1149 distringerit,
969 1111 1002 1141 &
1018 1110 1194 1148 compellent

234 1152 268 1183 ἃ·
292 1151 426 1190 ριίεάίᾶα
447 1151 524 1183 bona
540 1175 550 1189 ‚
575 1149 613 1180 sic
626 1157 716 1189 ¹capta
737 1150 770 1180 δε
793 1148 918 1180 districta
932 1173 942 1187 ,
967 1150 1130 1180 retinebunt
1149 1150 1297 1189 quousque

231 1190 369 1221 Domino
382 1189 478 1228 Regi,
495 1188 672 1226 haeredibus,
690 1188 737 1219 vel
752 1187 950 1219 executoribus
966 1187 1018 1218 suis
1031 1187 1067 1219 de
1082 1197 1142 1219 tota
1157 1191 1296 1228 pecunia,

252 1228 370 1260 rediero
392 1228 505 1259 Comiti
525 1228 630 1267 soluta,
653 1227 776 1266 plenarie
798 1227 883 1258 fuerit
902 1225 1071 1258 satisfadlcum
1086 1250 1097 1266 ,
1120 1228 1154 1259 &
1175 1228 1196 1258 ii
1218 1227 1295 1259 idem

230 1239 342 1299 {lomes
357 1269 386 1297 in
401 1267 540 1298 solutione
554 1266 640 1297 diet-:e
655 1267 784 1306 pecuniae
799 1265 942 1296 defecerit.

268 1306 409 1337 Praeterea
422 1305 563 1337 concessit
584 1305 661 1336 idem
684 1304 813 1343 Comes,
832 1303 911 1344 quod
930 1304 985 1342 ipsc
1008 1305 1109 1343 faciet,
1128 1305 1207 1344 quod
1226 1316 1294 1338 om—

229 1353 279 1376 nes
295 1346 427 1375 homines
443 1345 482 1376 sui
496 1344 531 1375 de
545 1343 619 1375 terra
634 1343 698 1382 sua,
715 1343 866 1382 videlicet,
878 1343 1000 1383 milites,
1010 1345 1079 1374 arm'
1101 1345 1140 1374 eri
1153 1344 1292 1376 &Com-

230 1385 379 1414 munitates
401 1383 549 1422 villarum,
575 1383 622 1422 qui
646 1393 696 1420 per
719 1382 887 1414 Dominum
908 1381 1023 1422 Regem
1044 1394 1063 1414 v
1111 1382 1235 1421 aliquem
1256 1384 1293 1416 de

228 1422 280 1453 fuis
304 1423 444 1453 nominati
464 1422 587 1460 fuerint,
613 1421 781 1461 obligabunt
801 1421 845 1460 se,
871 1431 920 1459 per
944 1421 1047 1452 litteras
1070 1422 1127 1452 suas
1150 1431 1293 1463 patentes,

228 1459 363 1492 Domino
389 1460 435 1491 Re
456 1462 461 1466 “
484 1461 530 1492 An
553 1461 596 1491 lite
610 1485 621 1499 .,
646 1459 760 1491 Comiti
779 1458 934 1498 Flandriae‚
960 1461 994 1492 δε
1016 1460 1096 1491 Duci
1118 1460 1291 1502 Brabantiae‚

560 1509 658 1537 omes,
676 1499 710 1530 &
731 1499 801 1530 Dux
824 1498 896 1537 ipsos
918 1499 1093 1537 compellere
1107 1499 1219 1544 ‚possint
1241 1511 1292 1539 per

248 1499 306 1530 uod
321 1499 407 1531 iidem

226 1510 325 1569 gmina
340 1539 418 1570 bona
432 1539 494 1578 sua,
513 1541 542 1568 in
555 1547 605 1568 teri
612 1539 632 1568 is
647 1538 716 1577 suis,
734 1547 923 1577 quocumque
935 1538 1087 1576 locorum,
1104 1548 1236 1579 inventa,
1249 1542 1293 1572 vi-

226 1577 346 1616 delicet,
366 1577 484 1618 Anglii,
504 1576 648 1615 Flandiia,
666 1577 700 1608 δε
717 1576 881 1614 Brabantia3
901 1577 935 1607 &
957 1576 1058 1608 eadem
1081 1578 1157 1608 bona
1175 1578 1292 1610 illorum

226 1618 346 1648 retinere
360 1618 394 1648 δε
416 1616 555 1654 vendere,
573 1615 720 1654 quousque
742 1624 802 1646 tota
824 1616 961 1654 pecunia,
980 1615 1116 1647 Domino
1139 1615 1253 1648 Comiti
1276 1619 1292 1648 a

226 1654 361 1687 Domino
377 1655 463 1693 Rege
477 1665 530 1693 pro
546 1655 732 1685 matrimonio
747 1653 852 1692 soluta,
871 1653 952 1684 dieto
967 1654 1104 1686 Domino
1120 1654 1199 1694 Regi
1212 1656 1292 1687 resti-

225 1702 345 1764 tuaturst
357 1694 376 1726 si
397 1696 475 1726 idem
490 1693 601 1726 Comes
616 1694 646 1724 in
660 1693 800 1724 solutione
814 1692 969 1732 defecerit,
987 1693 1080 1725 modo
1096 1703 1155 1732 quo
1171 1695 1292 1734 praedic-

226 1742 289 1764 rum
304 1744 320 1764 e
348 1743 358 1762 .·

264 1771 320 1811 Et,
338 1771 372 1802 ad
388 1773 486 1803 omnia
501 1771 634 1810 praediffli
649 1770 766 1802 fideliter
781 1771 814 1803 &
831 1771 888 1800 sine
901 1769 1001 1801 fraude
1015 1770 1206 1812 observanda,
1222 1773 1290 1805 hinc

224 1810 291 1841 inde
311 1810 470 1848 praestitum
491 1811 531 1842 est
553 1811 758 1841 sacramentum
781 1809 949 1848 corporale,
975 1811 1028 1848 ita,
1054 1809 1188 1843 videlicet
1210 1812 1290 1851 quod

225 1848 363 1890 Magister
385 1850 505 1881 Thoma
526 1849 562 1880 de
586 1848 737 1880 Sodinton.
757 1850 786 1879 in
808 1849 934 1892 animam
954 1847 1079 1880 Domini
1101 1849 1189 1891 Regis
1203 1851 1291 1882 sacra—

223 1897 356 1918 mentum
378 1888 506 1926 praestitit
531 1887 717 1926 praediftum:
744 1888 777 1918 &
800 1887 947 1917 Dominus
970 1886 1099 1925 Comes,
1124 1890 1152 1919 in
1176 1892 1291 1928 propria

222 1927 356 1965 persona,
374 1929 404 1958 in
419 1927 563 1966 praesentia
576 1927 658 1966 ipsius
677 1925 809 1963 Magistri
836 1926 984 1965 Thomae‚
1002 1926 1154 1964 specialiter
1173 1928 1208 1958 ad
1230 1930 1289 1961 hoc

222 1965 386 2034 transmiqi,
412 1966 492 1998 tactis
514 1965 708 2005 sacrosantis,
726 1965 933 1996 sacramentum
954 1965 1138 1997 coniimiliter
1161 1967 1290 2006 ptaestitit

222 2013 274 2034 cor
295 2015 345 2036 ora
356 2015 380 2036 e.

260 2015 295 2074 lg
318 2043 517 2075 testimonium
538 2044 672 2075 omnium
715 2041 905 2074 raemifforum
929 2040 996 2072 huic
1016 2042 1120 2081 scripto
1142 2044 1290 2086 praesenti,

222 2081 257 2112 ad
279 2082 402 2113 modum
424 2081 606 2122 Cyrographi
627 2093 665 2114 co
699 2082 785 2121 cilo,
802 2090 888 2120 penes
909 2089 1001 2124 utram
1024 2091 1059 2112 ue
1072 2090 1182 2120 partem
1198 2094 1290 2115 rema-

222 2121 318 2158 nenti,
344 2129 404 2152 tam
424 2120 501 2151 idem
524 2121 670 2152 Dominus
692 2121 774 2159 Rex,
793 2120 881 2160 quam
902 2128 987 2151 etiam
1041 2121 1156 2153 ominus
1178 2121 1290 2156 Comes

222 2158 305 2199 sigilla
321 2159 364 2190 sua
377 2159 535 2191 alternatim
547 2160 745 2199 apposuerunt.

461 1509 512 1540 ex,

496 2282 523 2309 *ἓ
548 2287 599 2319 De
616 2281 741 2328 Alfonsb
760 2285 837 2332 Rege
855 2283 990 2328 Castellae.

284 2362 342 2395 EX
359 2363 513 2394 Batonibus
529 2362 580 2393 suis
595 2362 632 2393 de
648 2362 817 2401 scaccario,
836 2362 959 2394 salutem.

320 2403 452 2434 Allocate
462 2403 567 2441 joanni
580 2402 617 2432 de
631 2401 724 2432 Burne
732 2424 742 2440 ,
759 2411 850 2445 nuper
865 2401 989 2433 Custodi
1004 2400 1110 2433 Portus
1122 2403 1212 2436 nostri
1220 2404 1287 2437 Do-

219 2443 325 2481 voriae,
343 2443 372 2472 in
385 2450 528 2480 compoto
544 2440 593 2472 suo
608 2440 643 2472 ad
666 2440 847 2471 Scaccarium
869 2441 1056 2480 praedietum,
1076 2443 1144 2480 quin
1166 2454 1203 2473 ue
1222 2444 1288 2475 soli—

219 2479 270 2511 dos
307 2491 360 2519 pro
374 2480 504 2511 custuma
518 2479 632 2518 paffagii
647 2478 743 2510 dilecti
757 2480 841 2509 nobis
856 2480 885 2509 in
911 2478 1030 2510 Christo
1053 2480 1141 2511 fratris
1209 2483 1288 2514 alteri

217 2518 256 2563 de
267 2506 433 2563 wenlock,
452 2527 521 2550 tunc
538 2518 622 2563 elcesi
635 2517 762 2548 Westm.
781 2518 816 2549 δε
838 2518 958 2563 triginta·
972 2519 1145 2559 hominum,
1162 2520 1199 2551 de
1240 2532 1288 2554 ro-

217 2558 274 2595 pna
297 2558 402 2589 familia
421 2558 503 2596 ipsius
525 2556 636 2595 metat,
652 2557 750 2587 secum
771 2556 1011 2588 transfretantium
1033 2557 1067 2588 ad
1082 2558 1203 2589 Curiam
1219 2532 1285 2591 fio-

218 2607 349 2635 manam,
368 2607 422 2635 pro
437 2597 558 2633 negotiis
573 2595 624 2626 suis
639 2596 672 2626 &
687 2594 822 2626 Ecclefiae
834 2595 890 2626 suae
905 2596 1068 2636 praediCtae,
1085 2607 1163 2629 anno
1183 2597 1283 2638 Regni

216 2635 305 2667 nostri
319 2636 514 2674 duodecimo,
530 2636 591 2666 ἃς.

252 2673 291 2705 Et
312 2676 411 2715 viginti
436 2675 470 2705 &
491 2682 613 2712 quatuor
638 2671 759 2712 solidoe,
778 2683 832 2711 pro
847 2671 980 2703 custuma
992 2672 1104 2713 passagii
1120 2675 1286 2706 venei-abilis

215 2713 304 2744 Patris
319 2714 347 2743 S.
367 2712 531 2744 Gadicenlis
543 2712 693 2752 Episcopi,
710 2711 744 2741 ad
761 2720 850 2749 partes
865 2718 987 2742 removes
1023 2721 1057 2743 ro
1077 2714 1197 2752 negotiis
1216 2713 1285 2745 Do-

214 2753 285 2782 mini
310 2752 343 2782 A.
373 2751 520 2791 quondam
544 2751 632 2790 Regis
655 2749 788 2780 Castellae
798 2773 807 2789 ‚
833 2749 932 2780 sororii
956 2760 996 2781 no
1024 2751 1046 2780 ri
1067 2753 1283 2792 transfretantis,

213 2801 282 2821 cum
298 2791 478 2831 quadraginta
492 2791 526 2822 &
539 2790 646 2828 septem
659 2789 824 2820 hominibus
836 2788 874 2832 de
887 2788 991 2818 familia
1014 2787 1075 2827 sua,
1093 2790 1129 2821 &
1143 2789 1283 2822 sexdecim

213 2832 310 2869 equis,
328 2830 458 2861 videlicet
481 2839 535 2868 pro
557 2829 680 2867 passagio
701 2827 831 2870 praediffi
852 2826 1034 2866 Episcopi&
1050 2828 1203 2860 hominum
1219 2830 1284 2861 suo-

213 2878 279 2898 rum
300 2869 372 2899 oclo
391 2868 512 2906 solidos,
529 2868 562 2899 &
585 2878 638 2906 pro
662 2866 788 2904 pass-agio
809 2865 1016 2904 praedietorum
1029 2875 1172 2905 equorum
1187 2867 1284 2899 sexde-

215 2907 275 2936 cim
291 2908 393 2938 solidos
408 2917 486 2937 anno
499 2906 646 2944 praedic'lo.
665 2921 767 2925 ---

251 2943 290 2975 Et
304 2944 375 2975 duos
390 2945 491 2976 solidos
507 2955 559 2983 pro
575 2945 707 2975 custuma
722 2943 832 2983 passagii
847 2942 973 2974 duorum
988 2942 1107 2986 fratrum
1124 2943 1281 2977 Minorum

213 2982 251 3013 de
266 2983 409 3022 Pici-avia,
428 2986 456 3014 in
470 2983 613 3015 veniendo
628 2982 662 3014 ad
677 2993 730 3013 nos
746 2983 762 3012 ᾗ
777 2983 901 3021 partibus
913 2981 1102 3024 transmarinis
1123 2984 1283 3025 praedistis,

213 3031 284 3052 cum
300 3031 419 3060 quatuor
434 3023 597 3052 hominibus
612 3022 663 3052 suis
678 3031 756 3052 anno
770 3021 927 3059 praedicto,
945 3021 1014 3058 nili,
1031 3021 1093 3052 &c.

212 3098 229 3129 f
250 3059 289 3104 Et
302 3062 437 3099 recipiatis
452 3061 487 3091 ab
502 3071 538 3092 eo
554 3061 650 3092 brevia
663 3060 758 3091 nostra
772 3059 809 3091 de
824 3068 970 3099 praecepto
987 3069 1038 3098 pet
1053 3069 1118 3099 quae
1139 3062 1280 3099 praemiffi

225 3107 288 3129 ecit.

249 3166 341 3198 Teste
354 3167 438 3207 Rege
451 3167 526 3206 apud
538 3167 667 3198 Westm.
685 3167 800 3198 decimo
816 3167 893 3198 sexto
906 3167 952 3198 die
963 3166 1051 3206 Junii.

428 3286 479 3321 De
497 3285 651 3331 Homagio
666 3295 721 3330 pro
739 3286 891 3317 Comitatu
904 3284 941 3318 de
957 3287 1058 3334 Rigor.

273 3362 331 3395 EX
346 3362 500 3400 omnibus,
519 3362 579 3392 &c.
599 3361 724 3392 salutem.

309 3402 408 3433 Sciatis
450 3399 509 3431 uod
531 3399 649 3431 dilecstus
671 3399 758 3430 fidelis
780 3400 894 3440 noster,
912 3401 1057 3440 Philippus
1078 3403 1150 3434 filius
1170 3403 1276 3434 nobilis

211 3440 262 3468 viri
285 3439 410 3471 Comitis
459 3438 589 3477 landriae‚
608 3439 636 3468 in
659 3438 756 3469 nostra
778 3440 946 3471 constitutus
968 3441 1132 3479 praesendi,
1155 3442 1275 3472 afferens

211 3476 238 3506 se
258 3478 423 3509 contraxisse
444 3478 662 3508 matrimonium
682 3487 752 3508 cum
774 3479 863 3509 nobili
886 3479 1017 3510 Domina
1030 3479 1134 3511 Matill.
1168 3480 1274 3511 Comi-

211 3515 271 3545 tiffa
291 3516 326 3547 de
347 3517 486 3555 Theche,
503 3517 624 3547 nomine
646 3515 696 3546 suo
717 3517 751 3547 &
773 3517 897 3555 ejusdem
918 3518 1060 3549 Dominae
1081 3519 1176 3550 uxoris
1198 3519 1273 3558 suae,

211 3553 311 3589 optulit
333 3556 413 3585 nobis
436 3555 605 3595 homagium
627 3554 661 3585 &
679 3555 875 3593 juramentum
897 3555 1033 3588 fidelitatis
1053 3567 1107 3596 pro
1121 3556 1273 3589 Comitatu

210 3591 247 3621 de
262 3590 366 3635 'Bygon
386 3603 473 3631 quem
494 3593 564 3626 dicit
586 3592 621 3624 ad
635 3592 663 3624 se
676 3594 785 3624 ratione
797 3595 943 3632 praeditstae
959 3597 1053 3627 tutoris
1066 3596 1122 3627 suae
1133 3597 1199 3635 jure
1211 3596 1273 3627 hae-

210 3628 339 3660 reditario
354 3632 506 3670 pertinere,

219 3706 223 3710 ⁵
244 3666 350 3705 Unde,
367 3678 435 3698 cum
451 3680 520 3707 nos,
538 3670 620 3700 certis
635 3668 672 3699 de
687 3669 792 3709 causis,
808 3670 943 3708 praedicti
958 3673 1126 3714 homagium
1143 3672 1178 3703 δε
1200 3672 1271 3703 fide-

207 3705 313 3736 litatem
327 3706 362 3735 ab
376 3706 479 3737 eodem
494 3708 627 3747 Philippo
641 3707 829 3739 distulerimus
843 3712 996 3750 recepisse,

245 3742 393 3787 Nolumus
405 3745 483 3781 quod
492 3769 501 3783 ,
517 3747 551 3776 ad
566 3746 796 3785 prosecutionem
807 3748 874 3786 juris
889 3749 927 3779 sui
963 3751 992 3780 in
1008 3750 1089 3782 dieto
1100 3749 1269 3789 Commu,

207 3783 315 3826 ratione
328 3780 396 3823 di<ssti
407 3782 531 3825 homagii
544 3794 604 3828 non
619 3786 742 3824 recepti,
759 3786 806 3816 vel
820 3787 904 3817 etiam
919 3773 1076 3827 fidelitatis,
1087 3789 1182 3820 eidem
1198 3787 1266 3818 Phi-

208 3821 286 3858 lippo
301 3818 500 3863 *praeiudicium
521 3822 635 3860 aliquod
656 3833 821 3863 generetur,
839 3835 979 3863 quantum
1000 3827 1036 3859 ad
1056 3837 1110 3859 ms
1125 3827 1267 3866 pertinet,

208 3857 399 3926 salYoffn-aliis
407 3867 470 3925 ἕπε
482 3859 581 3890 nostro
595 3862 630 3892 δε
645 3862 774 3900 quolibet
788 3863 887 3894 alieno.

261 3907 278 3926 n
294 3905 390 3934 cujus,
429 3904 467 3925 *c-

240 3970 330 4002 Teste
342 3971 425 4012 Rege
439 3970 511 4009 apud
524 3971 650 4003 Westm.
669 3975 785 4009 decimo
797 3976 905 4010 ostavo
919 3977 965 4010 die
981 3976 1070 4016 Junii.

689 52 1488 101 CONVENTIONES,

1572 53 1970 110 LITERAE,

1346 225 1395 258 De
1408 228 1558 271 pecunia,
1583 230 1698 261 ratione
1717 229 1924 274 compositionis
1934 226 2094 274 praedifi‘ae,
2120 232 2302 265 Vicecomiti
2325 243 2410 269 ante·
2425 220 2567 290 Εῇξεῗι

2489 281 2496 291 t
2533 279 2546 292 O

1387 297 1390 299 -
1753 276 1831 310 disto
1840 276 2000 324 fitlvenda.

1345 357 1470 419 REX
1485 358 1592 390 dilecto
1605 361 1639 392 &
1654 361 1730 392 fideli
1743 361 1811 402 suo,
1826 362 1989 394 Willielmo
2011 360 2154 396 Amaneni
2175 365 2352 398 vicecomiti
2371 363 2408 400 de
2424 364 2489 433 {ln-¹
2499 371 2546 407 ¹3:

1431 397 1611 437 Fronciaco,
1627 399 1751 431 salutem.
2449 425 2456 431 .
2494 428 2501 434 .
2536 426 2540 431 .

1382 435 1480 466 Sciatis
1502 436 1581 475 quod
1601 439 1859 479 compositionem,
1874 441 1947 472 inter
1968 450 2021 471 nos
2041 442 2076 473 &
2098 452 2151 473 vos
2173 452 2224 481 per
2237 442 2408 476 karissimam
2423 445 2480 471 1³0¹*-
2498 447 2562 482 VAE,

1346 471 1522 506 Consortem
1534 474 1661 506 nostram
1675 477 1858 518 Alianoram,
1875 479 2018 548 Rzinam
2039 479 2166 520 Angliae,
2183 481 2306 522 fastam,
2322 483 2409 516 ratifi-
2425 489 2479 510 con,
2497 491 2542 520 ¹3·

1346 520 1463 555 camus3
1480 514 1513 544 &
1529 522 1629 545 tenore
1643 515 1821 553 praesentium
1835 527 1924 556 appro
1945 528 2024 548 amus
2043 519 2077 550 ὅ(
2098 517 2322 560 confirmamus,
2338 532 2409 562 qua,
2426 523 2456 547 Ε.
2467 520 2562 554 tan-8:

1345 559 1396 618 VisI
1402 553 1606 623 prorogatiQe
1619 553 1666 584 seu
1679 553 1813 586 dilatione
1826 555 1962 588 ha&enus
1977 556 2072 589 habita
2085 566 2148 589 non
2161 557 2302 591 obstante.
2554 556 2559 559 ⁵

1398 599 1417 618 ri
1433 599 1530 630 cujus,
1583 601 1609 622 c.

1381 665 1449 698 Dat.
1464 667 1539 706 apud
1552 667 1593 699 W
1598 667 1680 700 estm.
1693 669 1831 702 vicesimo
1846 670 1891 702 die
1900 671 1989 711 Junii.

1399 794 1449 827 De
1463 794 1660 840 compositione
1679 806 1749 828 cum
1765 795 1926 830 Wllielmo
1941 797 2119 832 Vicecomite
2132 797 2169 832 de
2182 801 2356 835 Franciaco.

1407 877 1595 948 Ρῖέξεέιῦεᾶἰε
1610 879 1679 919 fibi,
1695 880 1853 913 Senescallo
1867 882 1902 914 &
1916 882 2138 916 Constabulatio
2159 883 2350 927 Burdegaliae,
2366 886 2407 919 fi·
2425 895 2501 928 Ans,⁶
2513 899 2555 933 D·⁵

1353 995 1358 1001 .
1379 955 1478 995 Cum,
1493 942 1602 989 ratione
1617 958 1851 1003 compositionis,
1868 961 1942 991 inter
1953 970 2007 991 nos
2021 969 2056 992 ex
2069 970 2148 1000 parte
2170 972 2242 1003 una,
2261 964 2296 996 δε
2318 962 2405 996 Guil-
2420 938 2534 1004 Alf&

1340 994 1471 1040 helmum
1487 996 1628 1028 Amaneni
1642 997 1857 1029 Vicecomitem
1871 998 1908 1029 de
1924 998 2084 1031 Fronciaco
2105 1010 2141 1031 ex
2163 1001 2264 1041 altera,
2302 1013 2333 1033 er
2354 1003 2403 1034 ka-
2420 1018 2450 1042 E.
2468 987 2537 1042 '1‚3⁸

1342 1033 1478 1064 nffimam
1499 1035 1675 1080 Consortem
1694 1036 1837 1081 nostram,
1863 1036 2030 1068 Alianoram
2051 1037 2195 1078 Reginam
2217 1012 2347 1081 Angfiae,
2362 1042 2404 1073 fa-
2421 1052 2528 1082 Ibidem,

1340 1073 1403 1111 eta,
1423 1073 1504 1112 super
1518 1083 1629 1114 triginta
1646 1075 1769 1106 millibus
1783 1075 1918 1106 librarum
1933 1075 1970 1106 de
1984 1075 2087 1116 Parys,
2103 1078 2197 1115 petitis
2212 1079 2230 1108 a
2247 1079 2332 1110 nobis
2353 1091 2406 1119 pei·

1340 1111 1465 1142 eundem
1487 1112 1703 1145 Vicecomitem
1716 1115 1746 1144 in
1761 1113 1850 1144 Curia
1872 1114 2016 1153 Franciae,
2029 1117 2140 1146 ratione
2159 1115 2323 1157 fi‘utstuum,
2340 1128 2404 1156 per-

1340 1160 1493 1189 ceptorum
1507 1151 1543 1182 de
1557 1151 1662 1183 Castro
1676 1153 1727 1183 suo
1741 1151 1778 1183 de
1799 1149 1977 1193 Fronciaco,
1997 1163 2067 1185 cum
2088 1155 2260 1192 pertinentiis
2294 1157 2311 1186 ὲ
2329 1164 2405 1188 tem-

1341 1199 1429 1234 pore,
1450 1200 1509 1228 quo
1532 1190 1610 1221 idem
1630 1190 1765 1236 Castrum
1789 1193 1859 1230 patri
1873 1192 2003 1237 praejdiffi
2019 1192 2210 1238 Vicecomitis
2224 1180 2332 1226 restitui
2353 1195 2404 1227 de-

1340 1229 1402 1258 buit
1424 1239 1481 1274 per,
1499 1229 1645 1275 quondam
1664 1230 1815 1276 Simonem
1835 1230 1996 1275 Comitem.
2010 1231 2193 1276 Leicestriae,
2212 1233 2306 1277 'usque
2326 1233 2362 1264 ad
2382 1236 2404 1256 ¹*
2423 1228 2556 1268 {Il-3¹⁹6

1339 1267 2405 1347 {Quidanp‘xtfflssiffess‘mtgffssiffiffihadlffilfiss?‘ffiifflsffliisffalss

1337 1344 1451 1376 Turon.
1471 1346 1521 1376 sibi
1535 1333 1752 1385 solvendarum⁵3
1770 1346 1808 1377 de
1827 1347 1928 1386 quibus
1943 1347 2021 1378 idem
2033 1347 2228 1388 vicecomes,
2246 1351 2276 1380 in
2291 1359 2403 1389 partem

1336 1383 1480 1428 solutionis
1503 1385 1663 1425 praedidtae,
1681 1387 1846 1425 quingentas
1868 1386 1950 1417 libras
1973 1385 2176 1428 sterlingorum
2195 1388 2317 1420 fecimus
2331 1389 2404 1421 libe-

1336 1433 1466 1493 rm‘lfobis
1489 1461 1671 1501 mandamus,
1690 1462 1808 1494 firmiter
1829 1464 2024 1504 injungentes,
2040 1473 2175 1503 quatenus
2197 1465 2291 1497 eidem
2314 1466 2405 1498 Vicess

1337 1502 1439 1531 comiti
1454 1502 1548 1541 mille,
1567 1512 1588 1532 o
1621 1503 1626 1507 ”
1668 1510 1761 1541 eritas,
1777 1503 1812 1534 &
1827 1502 1984 1533 duodecim
1997 1503 2098 1542 libras,
2114 1504 2148 1534 &
2171 1503 2275 1536 decern
2298 1505 2404 1537 solidos

1335 1539 1449 1570 Turoni
1490 1551 1536 1572 uae
1557 1539 1594 1571 de
1617 1541 1648 1571 so
1659 1542 1758 1572 utione
1780 1540 1987 1579 praedictorum
2003 1549 2125 1580 quatuor
2140 1542 2253 1573 milium
2268 1543 2405 1577 librarum

1334 1578 1448 1609 Turon.
1481 1579 1612 1617 upersunt
1635 1589 1686 1618 per
1705 1588 1818 1610 certum
1838 1588 2031 1620 compotum,
2058 1579 2116 1611 sine
2138 1579 2274 1612 dilatione
2294 1583 2404 1622 aliqua,

1334 1617 1474 1656 liberetis3
1493 1618 1595 1649 litteras
1617 1619 1796 1657 quietationis
1817 1617 1855 1649 de
1876 1619 2016 1650 solutione
2038 1627 2161 1659 quatuor
2183 1620 2297 1651 milium
2319 1621 2406 1653 libra.-

1334 1666 1401 1687 rum
1417 1656 1617 1695 praedietarum
1632 1659 1798 1696 recipientes
1814 1658 1851 1688 ab
1866 1658 1935 1696 ipso.

1372 1694 1411 1726 Et
1426 1695 1591 1734 praedictam
1607 1696 1798 1735 solutionem,
1815 1706 1886 1727 cum
1900 1706 1950 1735 per
1965 1706 2037 1736 νος,
2057 1695 2248 1728 senescallum
2263 1699 2299 1730 &
2320 1697 2406 1730 Con-

1334 1733 1517 1778 stabularium
1538 1735 1612 1766 faCta
1634 1735 1718 1766 fuerit
1731 1760 1742 1774 ,
1771 1736 1802 1765 in
1826 1744 1971 1774 compoto
1995 1734 2093 1767 vestro
2121 1736 2305 1776 praecipimus
2333 1737 2405 1769 allo-

1335 1783 1412 1843 ωὲἓ
1431 1812 1505 1856 hoc,
1520 1820 1612 1857 'prout
1635 1812 1780 1844 honorem
1792 1812 1925 1844 nostrum
1939 1813 1974 1845 &
1988 1811 2117 1845 vestrum
2130 1812 2262 1855 diligitis²
2286 1813 2405 1854 nullatef

1334 1860 1599 1930 ‘'uin‘'aeffitsssc.

1371 1965 1441 1998 Dat.
1460 1974 1492 1999 ut
1505 1967 1593 2007 supra.

1332 2095 1536 2130 Summonitio
1559 2092 1741 2141 quibusdam
1769 2091 1940 2127 hominibus
1963 2073 2113 2128 Flabdriae
2126 2092 2227 2141 quod,
2251 2103 2403 2141 tanquam

1372 2142 1524 2190 pmssmes,
1543 2144 1579 2188 fi
1597 2142 1727 2176 reddant
1741 2147 1775 2177 in
1790 2143 1874 2177 Villa
1890 2140 2041 2186 Mastroil
2051 2170 2062 2187 ‚
2081 2143 2180 2190 juxta
2189 2142 2330 2188 formam
2341 2153 2405 2190 pa<

1378 2196 1420 2224 cis
1439 2188 1550 2224 ibidem
1562 2191 1652 2236 falsat
1667 2203 1737 2225 cum
1760 2194 1875 2226 Comite
1890 2190 2034 2238 ejusdem.

1398 2276 1456 2308 EX
1473 2277 1627 2317 omniboe,
1642 2278 1703 2310 &c.
1720 2278 1845 2310 salutem.
1879 2316 1885 2322 ι
2031 2317 2037 2323 Ι
2094 2316 2100 2322 ι
2300 2317 2307 2323 θ
2419 2290 2496 2323 Am,⁸
2509 2292 2553 2327 α

1435 2315 1515 2346 Cum
1530 2315 1658 2355 dudum,
1697 2316 1743 2347 ost
1758 2323 1958 2348 contentiones
1971 2316 2079 2348 habitas
2092 2323 2182 2355 inter,
2200 2315 2321 2347 celebris
2336 2325 2400 2348 me-
2446 2333 2532 2370 1235·

1333 2355 1453 2393 moriae,
1472 2355 1639 2386 Dominum
1690 2379 1696 2384 .
1716 2354 1827 2386 dudum
1842 2355 1872 2385 R
1910 2364 1958 2385 em
1982 2355 2096 2395 Angliae
2118 2363 2228 2393 patrem
2250 2355 2401 2393 nostrum,
2416 2373 2458 2398 A„
2487 2382 2495 2398 ¹

1331 2394 1366 2425 &
1388 2392 1580 2434 Margaretam
1602 2393 1786 2425 Comitissam
1808 2393 1877 2424 Flan
1914 2394 1919 2399 '
1960 2417 1970 2432 ‚
1995 2393 2077 2432 super
2097 2393 2265 2432 quibusdam
2285 2393 2401 2425 arresta-
2417 2413 2446 2436 1-3.
2462 2393 2479 2436 ἰ
2505 2381 2531 2408 3‘

1332 2432 1458 2463 tionibus
1480 2432 1560 2464 faekis
1584 2432 1665 2471 super
1681 2432 1812 2464 homin&
1828 2433 1924 2472 Regni
1940 2431 1988 2464 An
2008 2432 2069 2472 liae,
2087 2441 2122 2462 ac
2138 2432 2218 2471 super
2234 2432 2401 2470 quibusdam
2417 2451 2436 2474 1>
2454 2456 2464 2475 t
2487 2431 2501 2475 ἰ

1331 2470 1389 2501 aliis
1403 2470 1630 2516 artestationibus
1645 2472 1724 2503 faffls
1738 2472 1903 2517 hominibus
1918 2441 2057 2516 Flanfiriae
2079 2480 2130 2509 per
2150 2471 2283 2502 homines
2305 2471 2402 2511 Regni
2416 2458 2453 2514 E?
2468 2469 2493 2515 ¹,
2509 2457 2552 2515 37⁰,

1331 2509 1476 2549 praedffih,
1496 2519 1695 2542 contentiones
1711 2511 1872 2550 praednstae,
1889 2521 1918 2541 in
1933 2509 2024 2542 reditu
2038 2509 2138 2541 nostro
2154 2511 2170 2540 ὲ
2185 2509 2279 2540 Terra
2290 2510 2401 2551 santia,
2420 2534 2463 2553 n..
2547 2519 2550 2522 ’

1330 2548 1404 2586 apud
1420 2548 1577 2581 Mustroill.
1597 2550 1626 2581 su
1648 2560 1678 2580 er
1693 2559 1787 2589 mare,
1803 2550 1987 2580 amicabiliter
2001 2550 2074 2580 inter
2089 2558 2142 2579 nos
2157 2550 2191 2581 &
2207 2548 2338 2580 nobilem
2356 2551 2400 2582 vi-

1331 2596 1397 2617 rum
1421 2586 1593 2620 Guidonem
1616 2560 1768 2621 &mitem
1785 2588 1923 2620 Flandriae
1937 2588 2029 2620 filium
2043 2587 2239 2632 &haeredem
2252 2588 2399 2628 piaedietae

1330 2624 1520 2666 Margaretae,
1536 2627 1637 2659 sedatae
1650 2629 1756 2659 fuerint
1769 2629 1798 2658 in
1813 2627 1892 2658 hunc
1906 2626 2048 2666 modum,
2066 2625 2198 2657 videlicet
2207 2651 2217 2665 ,

1367 2664 1460 2704 Qiod
1482 2666 1559 2697 idem
1578 2665 1690 2697 Comes
1711 2667 1748 2697 de
1768 2667 1904 2697 omnibus
1924 2666 2026 2704 bonis,
2044 2675 2095 2703 per
2110 2665 2243 2695 homines
2259 2664 2401 2697 Flandn'ae

1326 2701 1407 2740 super
1422 2703 1553 2735 homines
1569 2700 1666 2744 Regni
1680 2705 1825 2744 praediffi,
1840 2704 1911 2734 ultra
1925 2703 2066 2733 summam
2079 2703 2228 2733 bonorum
2243 2702 2399 2734 Flandren-

1329 2740 1400 2771 sium
1409 2764 1420 2780 ,
1438 2743 1468 2772 in
1479 2744 1585 2774 eodem
1600 2743 1708 2783 Regno
1720 2742 1936 2779 attestatorum,
1952 2740 2118 2771 hominibus
2134 2740 2259 2779 ejusdem
2281 2740 2398 2781 Regni,

1327 2779 1399 2810 infra
1421 2789 1534 2812 certum
1554 2790 1614 2813 tem
1635 2791 1667 2812 us
1687 2781 1738 2812 fibi
1752 2779 1964 2821 assignandum,
1981 2778 2164 2819 satisfaceret,
2177 2779 2256 2818 juxta
2270 2778 2398 2812 formam

1327 2819 1402 2857 pacis
1417 2819 1562 2856 praedictae
1575 2821 1605 2850 in
1626 2831 1643 2851 e
1658 2820 1760 2858 fadtae3

1364 2855 1399 2888 In
1415 2857 1471 2895 qua
1507 2858 1604 2890 uidem
1619 2858 1715 2890 formai
1728 2857 1823 2889 dilecti
1838 2857 1922 2888 nobis
1936 2855 2112 2888 Baldewinus
2126 2855 2164 2888 de
2178 2855 2305 2896 Avenis,
2317 2856 2399 2889 Wil-

1326 2895 1435 2926 lielmus
1450 2896 1487 2927 de
1525 2896 1649 2936 landria,
1664 2897 1716 2928 Hu
1737 2908 1757 2928 o
1772 2895 1947 2927 Castellanus
1959 2895 1996 2926 de
2018 2894 2178 2934 Gaudano,
2191 2894 2336 2934 johannes
2359 2896 2398 2928 de

1326 2933 1428 2965 Gistel.
1467 2934 1602 2967 Oliverus
1619 2936 1656 2968 de
1676 2936 1704 2967 A
1729 2945 1804 2974 one,
1823 2936 1857 2966 &
1881 2934 2010 2965 Michael
2032 2933 2069 2964 de
2090 2933 2194 2974 Angy,
2212 2934 2294 2972 super
2315 2933 2398 2966 resti-

1325 2974 1436 3043 tutioirie
1457 2973 1524 3006 inde
1544 2974 1674 3020 facienda
1691 2975 1720 3006 se
1741 2973 1951 3006 constituerunt
1972 2972 2138 3013 principales
2161 2972 2323 3013 debitores,
2347 2973 2396 3006 tali

1325 3021 1514 3091 ωᾶἑξὲῗεῖἰ
1525 3014 1658 3085 vrigsegff
1664 3038 1744 3084 bona
1763 3050 1898 3090 praedieta
1919 3049 2062 3096 praediffis
2083 3050 2251 3096 hominihus
2271 3049 2396 3095 nostris,

1323 3089 1395 3121 infra
1417 3098 1530 3128 tempus
1552 3092 1619 3123 illud
1634 3117 1644 3132 ,
1669 3101 1721 3130 per
1740 3090 1832 3129 ipsum
1855 3090 2007 3121 Comitem
2029 3089 2155 3121 restituta
2175 3098 2238 3121 non
2259 3088 2394 3128 finirem

1322 3138 1393 3160 tunc
1415 3129 1431 3160 ὲ
1452 3137 1602 3171 tempore,
1629 3140 1690 3170 quo
1711 3130 1760 3167 ipsi
1781 3129 1976 3167 Baldewinus,
2000 3128 2195 3167 willielmus,
2212 3126 2322 3172 Hugo,
2356 3137 2392 3158 0-

1321 3168 1444 3207 hannei,
1462 3167 1597 3200 Oliverus
1612 3171 1646 3201 &
1663 3168 1789 3199 Michael
1804 3177 1855 3207 per
1870 3178 1923 3199 nos
1939 3167 2045 3198 moniti
2058 3167 2105 3197 vel
2117 3166 2308 3197 summomne
2332 3174 2394 3206 ent,

1321 3207 1529 3276 personent-{guas
1550 3208 1624 3247 apud
1645 3207 1810 3246 praedistam
1832 3206 1938 3238 Villam
1960 3204 2126 3243 Mustroill,
2142 3213 2279 3243 tanquam
2301 3203 2393 3243 priso-

1321 3255 1370 3276 nes
1405 3257 1418 3276 r
1475 3256 1543 3276 eren
1564 3259 1569 3264 ·

1358 3270 1404 3315 sslc
1427 3254 1579 3324 praedicttu's
1601 3283 1712 3316 Comes
1734 3285 1825 3325 plures
1847 3283 1906 3315 dies
1928 3283 2009 3324 super
2029 3283 2089 3315 hoc
2110 3281 2161 3314 sibi
2174 3281 2306 3322 praefixos
2326 3291 2389 3314 non

1318 3323 1619 3401 obffircssa’vgiatffiorem
1644 3362 1848 3401 praeditstorum
1860 3362 2017 3393 hominum
2030 3359 2199 3392 nostrorum
2213 3360 2329 3391 ulterius
2341 3357 2387 3390 su-

1318 3400 1420 3432 stinere
1441 3411 1502 3432 non
1524 3402 1664 3440 valentes,
1683 3401 1880 3441 assignavimus
1902 3401 2041 3431 dileetum
2063 3399 2215 3430 Clericum
2235 3397 2385 3442 nostrum,

1313 3440 1477 3479 johannem
1499 3439 1536 3470 de
1559 3440 1727 3471 Gememue
1746 3463 1756 3479 ‚
1785 3440 1819 3471 ad
1843 3441 2038 3471 monitionem
2060 3438 2108 3469 seu
2128 3437 2385 3481 summonitionem

1338 3479 1436 3510 raefatis
1458 3477 1638 3518 Baldewino,
1663 3479 1844 3518 willielmo,
1871 3478 2011 3518 Hugoni,
2032 3476 2177 3516 Johanni,
2203 3474 2328 3519 Oliyero
2347 3473 2385 3517 ὃς

1316 3489 1456 3548 lljsslichaeli
1477 3517 1651 3548 faciendam·
1673 3519 1710 3548 ita
1732 3517 1883 3557 videlicet,
1901 3516 1980 3556 quod
1999 3518 2029 3546 in
2051 3514 2175 3559 crastino
2197 3512 2273 3544 Festi
2285 3510 2382 3555 Sansp

1316 3555 1462 3596 Remigii,
1481 3557 1615 3600 proximo
1638 3542 1724 3600 suturi
1783 3557 1892 3587 ersonas
1912 3555 1971 3586 suas
1992 3553 2158 3597 praediffls,
2174 3559 2309 3591 mnquam
2323 3558 2382 3592 pri-

1316 3595 1462 3664 soffi,g
1476 3593 1611 3634 praedi&a
1632 3594 1707 3628 Villa
1768 3595 1876 3627 usttoill
1898 3592 2033 3631 reddant,
2053 3599 2132 3632 Juxm
2156 3590 2281 3623 sormam
2303 3596 2381 3628 paelss

1313 3643 1346 3672 pr
1392 3638 1418 3664 ic
1459 3657 1464 3662 .

1341 3670 1385 3702 Jn
1399 3672 1494 3710 cujus,
1512 3671 1572 3703 &c-

1349 3747 1441 3793 Teste
1452 3748 1538 3791 Rege
1550 3750 1625 3789 apud
1638 3749 1766 3784 Westtn.
1786 3749 1926 3784 vicesimo
1939 3754 2044 3789 quarto
2056 3743 2201 3804 d-ieJurffiss
