2570 4261
101 238 180 271 Arm.
195 238 238 268 D.

128 286 209 315 1251.

105 322 168 344 ΗΘΛ.
186 325 211 351 3.

106 357 124 373 ’ἕ
136 355 157 381 Ι.
171 356 237 389 464.

104 573 156 599 Aa.
179 578 222 605 35.

109 613 140 636 H.
163 616 187 641 ς.

105 651 145 673 Ex
158 648 235 672 Traii-

96 686 175 719 scrsp.

105 722 217 749 auth-evit.

255 159 333 207 164.

260 335 286 362 *ἓ
312 334 454 380 Proceffits
477 336 513 370 (ῤ’
533 334 683 365 Sententia
701 330 736 364 de
760 329 907 363 irritando
933 330 1124 364 Contrarium
1144 332 1318 363 Matrimo-

304 384 413 417 nialcm
440 385 516 413 inter
543 383 650 426 Regem
671 383 707 418 (ῥ’
726 380 839 412 filiam
862 381 984 411 Comitis
1007 382 1162 412 Pontiven.
1192 381 1229 415 ὠ
1245 388 1316 422 pro-

301 428 466 463 nunciando
485 425 728 461 blatrimonium'
745 431 822 460 inter
833 427 1006 473 praedistum
1023 430 1130 474 Regem
1148 429 1184 464 ω’·
1202 426 1316 457 Filiam

301 481 425 512 Comitis
444 480 602 511 Provinciae
618 476 667 523 effi
686 477 866 524 legitimum.

258 575 327 633 IN
344 573 477 604 Nomine
491 573 594 612 Patris,
614 575 646 605 ὃς
663 573 740 611 Filii,
759 573 792 604 &
807 569 928 610 Spiritus
942 570 1055 608 Sanffi,
1067 569 1178 613 Amen.

320 613 388 644 Nos
411 612 509 643 Petrus
523 612 581 643 Dei
603 612 774 642 miseratione
790 609 1001 641 Herefordensis
1020 608 1044 638 E
1067 608 1175 646 iscopus
1188 630 1198 647 ,
1222 608 1238 637 a
1253 606 1320 637 Do-

257 653 339 682 mino
355 651 428 688 Papa
439 651 531 690 Judex
546 651 684 689 delegatus
694 673 703 688 ,
722 659 777 679 una
790 658 858 679 cum
875 647 1033 690 Venerabili
1074 655 1131 676 atre
1199 645 1319 689 Archie-

256 690 373 729 piscopo
389 689 576 727 Eboracensi,
595 688 672 725 super
686 688 803 726 negotio
818 687 1020 723 Matrimonii,
1044 683 1122 724 quod
1134 683 1171 714 de
1181 683 1260 714 facto
1274 694 1319 713 in·-

255 728 404 759 tervenisse
419 728 564 768 quondam
586 726 688 757 dicitur
717 727 789 756 inter
809 724 975 755 Dominum
995 722 1160 754 Henricum
1181 721 1318 765 illustrem

255 767 369 806 Regem
385 767 513 805 Angliae,
530 766 563 797 ὅς
580 764 741 795 Dominam
749 763 913 802 johannam
927 761 1072 802 quondam
1090 761 1179 792 filiam
1193 759 1319 792 Comitis

255 805 371 836 Pontivi
381 828 390 843 ‚
409 815 485 836 nunc
498 803 632 834 illustrem
646 802 789 842 Reginam
804 801 953 839 Castellae,

294 843 331 874 Et
345 844 423 882 super
436 842 569 873 consensu
584 842 633 881 qui
647 864 656 879 ,
681 851 729 878 per
748 840 918 880 interpositas
934 838 1062 878 personas
1077 848 1145 870 cum
1153 839 1316 877 juramento

255 882 398 920 praestiro,
415 880 592 912 interveniile
607 881 709 910 dicitur
726 881 795 909 inter
809 878 897 918 ipsos,

293 920 329 951 Et
344 921 421 958 super
435 928 533 959 quarto
550 918 637 957 gradu
650 917 922 957 Consanguinitatis,
942 917 971 946 in
989 925 1066 955 quo,
1080 923 1111 946 ut
1125 914 1249 945 asseritur
1263 937 1272 954 ,
1292 915 1319 946 se

255 960 412 998 attingunt,
430 967 512 997 prout
527 958 590 989 haec
605 958 638 988 &
652 957 702 987 alia
722 957 751 987 in
771 955 904 986 mandato
917 954 1090 995 Apostolico
1105 954 1211 992 plenius
1225 955 1319 985 conti·

257 1007 366 1028 nentur.

296 1036 427 1072 Recepto
449 1034 588 1073 piaedic‘to
613 1033 744 1064 mandato
757 1055 767 1071 ,
789 1032 912 1072 partibus
935 1032 1024 1063 citatis
1042 1030 1077 1061 ad
1101 1030 1226 1061 octabas
1245 1031 1320 1061 beati

257 1074 406 1114 Gregorii,
427 1084 503 1104 anno
516 1073 640 1105 Domini
651 1071 799 1102 millesimo
813 1069 1006 1101 ducentesimo
1020 1071 1249 1109 quinquagesimo
1264 1071 1320 1106 pri-

257 1122 325 1151 mo,
345 1115 373 1144 in
389 1112 511 1143 Ecclesia
532 1111 629 1142 Sanffl
651 1110 783 1147 Stephani
803 1109 943 1140 Senonen.
958 1107 1094 1148 (Collega
1108 1107 1205 1139 nostro
1218 1108 1320 1138 littera-

256 1153 330 1182 torie
342 1151 486 1189 excusato)
509 1149 646 1189 praedic‘ra
665 1148 778 1187 Regina
797 1147 927 1178 Castellae
941 1157 989 1191 per
1002 1146 1027 1177 se
1075 1146 1120 1176 vel
1132 1156 1181 1185 per
1197 1146 1319 1184 aliquem

279 1199 472 1221 rocuratorem
496 1190 616 1219 minime
636 1195 841 1224 comparente,
869 1185 1005 1225 Magister
1028 1169 1172 1224 johannes
1193 1183 1320 1224 Capelli,

257 1200 426 1260 Procurator
438 1228 507 1258 dieti
523 1227 644 1257 Domini
662 1226 748 1263 Regis
764 1225 874 1264 Angliae
892 1248 902 1262 ,
926 1234 994 1254 cum
1010 1223 1106 1254 litteris
1118 1222 1240 1262 ejusdem
1260 1222 1320 1253 Re-

257 1269 297 1307 gis
311 1290 320 1305 ,
346 1268 382 1298 de
401 1266 533 1298 mandato
553 1265 587 1296 ad
607 1265 684 1295 diem
706 1265 739 1296 &
761 1264 859 1294 locum
879 1262 1025 1302 assignatos
1045 1263 1203 1303 comparuit
1222 1271 1318 1293 coram

257 1307 348 1337 nobis.

297 1343 394 1374 Nobis
408 1343 504 1382 igitur,
522 1341 566 1372 die
585 1341 698 1372 &loco
712 1340 862 1381 assignatis,
899 1350 930 1370 ro
944 1339 1073 1370 tribunali
1094 1339 1266 1377 sedentibus,
1284 1339 1317 1370 ὃς
1362 1351 1370 1353 >

260 1383 396 1420 adjunffis
410 1379 582 1411 alsclloribus
596 1380 755 1411 Venerabili
776 1378 858 1409 Patre
903 1379 1006 1409 omino
1024 1377 1064 1408 G.
1080 1378 1138 1409 Dei
1153 1379 1240 1415 gratia
1256 1377 1319 1407 An-

261 1422 420 1452 tiliodoren.
436 1419 460 1450 E
482 1418 576 1456 iscopo
591 1441 600 1457 ,
624 1419 656 1449 ὅ(
671 1418 746 1448 Viris
762 1417 963 1448 venerabilibus
978 1417 1109 1455 Johanne
1127 1416 1317 1455 Succentorc,

259 1461 293 1490 ὃς
305 1459 435 1498 Johannc
477 1458 600 1487 anonico
612 1457 644 1487 &
660 1456 774 1487 officiali
790 1456 995 1486 Antisiodoren.
1012 1455 1153 1493 libellum,
1168 1455 1250 1485 nobis
1262 1464 1318 1485 tra-

256 1498 351 1566 :istum
365 1507 379 1527 a
391 1496 469 1526 dic‘lo
483 1503 662 1536 procuratore
674 1495 797 1525 Domini
812 1494 900 1534 Regis
914 1517 925 1534 ,
948 1495 1103 1533 recepimus
1115 1495 1145 1524 in
1163 1494 1238 1525 hunc
1254 1503 1318 1523 mo-

278 1546 335 1566 um.

295 1574 382 1604 Anno
395 1572 519 1603 Domini
541 1580 624 1610 1251.
647 1573 675 1602 in
693 1570 812 1602 Oc‘tabis
833 1572 905 1602 beati
922 1570 1054 1611 Gregorii
1070 1593 1080 1608 ,
1103 1580 1201 1601 coram
1218 1571 1316 1609 vobis,

256 1612 413 1643 venerande
433 1611 511 1642 Pater
525 1633 535 1649 ,
562 1610 696 1641 Domino
717 1610 749 1640 P.
765 1610 823 1641 Dei
841 1611 926 1649 gratia
941 1608 1138 1640 Herefordensi
1158 1608 1261 1646 Episco
1282 1620 1318 1647 o,

254 1651 357 1691 Judice
371 1661 385 1680 a
400 1650 534 1680 Domino
556 1648 630 1690 Papa
651 1649 799 1686 delegato,
837 1649 951 1686 roponit
966 1649 999 1679 δε
1014 1647 1104 1678 asserit
1117 1647 1253 1687 Magister
1285 1658 1319 1678 0-

258 1691 361 1722 hannes
373 1688 481 1728 Capelli
496 1688 664 1718 Procurator
679 1687 802 1717 Domini
855 1687 959 1724 enrici,
979 1686 1034 1716 Dei
1049 1686 1134 1725 gratia
1146 1685 1318 1716 illustrissimi

258 1729 347 1768 Regis
363 1727 488 1767 Angli-ae,
508 1726 586 1766 quod
600 1736 668 1756 cum
685 1726 739 1764 ipse
757 1725 820 1755 Rex
839 1726 909 1755 olim
926 1724 1032 1755 'urasset
1051 1724 1128 1764 quod
1139 1723 1318 1763 johannam,

257 1775 325 1798 tune
346 1766 429 1796 filiam
451 1765 575 1796 Comitis
595 1764 713 1795 Pontivi
729 1787 738 1802 ,
764 1773 841 1795 nunc
860 1763 908 1794 illu
935 1773 994 1794 rem
1013 1762 1157 1803 Reginam
1172 1762 1320 1802 Castellae,

258 1805 371 1837 duceret
385 1805 414 1835 in
426 1813 542 1834 uxorem
554 1813 560 1832 :

297 1843 488 1874 Postmodum
505 1843 534 1872 in
549 1842 654 1873 dictam
668 1840 828 1871 Dominam
839 1839 1000 1879 Johannam
1016 1863 1026 1878 ,
1047 1847 1116 1871 tunc
1130 1840 1260 1878 solutam,
1279 1840 1322 1871 di-

261 1883 324 1914 &us
341 1882 405 1912 Rex
424 1881 459 1912 de
481 1881 556 1911 faeie
576 1880 710 1910 consensit
725 1880 953 1910 matrimonaliter
974 1888 1023 1918 per
1044 1879 1214 1918 interpositas
1228 1879 1321 1917 perso-

259 1932 324 1957 nas-3
342 1930 400 1951 non
413 1927 506 1950 tamen
526 1919 728 1959 praesentialiter
741 1918 767 1948 sc
782 1917 912 1948 viderunt
925 1930 934 1957 3
959 1927 1013 1948 nec
1028 1917 1146 1958 amplius
1159 1917 1321 1959 processum

261 1960 351 1990 extitit
367 1961 436 1989 inter
452 1958 532 1996 ipsos.
1077 1967 1081 1968 ⁷

297 1997 429 2028 Tandem
442 1997 618 2033 comperiens
629 1994 720 2026 dietus
734 1994 816 2033 Rex,
836 1993 912 2032 quod
926 1994 981 2032 ipse
993 1994 1026 2024 &
1040 1992 1115 2024 dieta
1128 1994 1258 2026 Domina
1268 1994 1322 2033 J0-

262 2036 393 2067 bannale
407 2035 578 2073 attingebant
598 2035 628 2065 in
645 2042 742 2072 quarto
764 2033 851 2071 gradu
870 2033 972 2063 consan
1003 2033 1111 2063 iiniratis
1124 2056 1133 2071 ,
1158 2043 1240 2071 quare
1260 2043 1322 2063 non

262 2084 338 2113 erat,
357 2084 410 2104 nec
432 2067 487 2103 eise
500 2081 607 2111 poterat
625 2072 838 2103 matrimonium
855 2071 927 2102 inter
943 2071 975 2113 ip
986 2081 1018 2114 os
1033 2093 1043 2109 ,
1066 2072 1250 2102 matrimonio
1269 2072 1323 2102 hu-

258 2113 381 2152 jusmodi
395 2113 512 2142 minime
523 2111 720 2142 consummato
730 2134 739 2149 ,
758 2118 866 2140 mutato
877 2110 995 2140 contilio
1009 2119 1038 2139 in
1053 2110 1167 2148 melius,
1184 2112 1323 2141 contraxit

264 2151 478 2182 matrimonium
494 2151 522 2180 in
535 2149 606 2180 facie
619 2149 752 2180 Eccleliae
773 2159 841 2179 cum
859 2147 989 2179 Domina
1003 2147 1166 2187 Helyenora
1186 2148 1240 2179 filia
1253 2158 1320 2179 tunc

266 2228 300 2260 U
358 2188 480 2220 Comitis
494 2188 668 2226 Provinciae,
687 2197 771 2226 quam
784 2187 874 2217 modo
887 2187 987 2226 habet,
1004 2195 1054 2226 per
1067 2186 1126 2217 Dei
1141 2188 1256 2227 gratiam
1265 2211 1274 2225 ,
1292 2188 1322 2218 in

304 2238 410 2258 xorem.

265 2305 289 2337 st
305 2266 392 2336 {lm-{ta
416 2275 485 2298 vero
504 2265 634 2305 Johanna
658 2265 798 2296 contraxit
821 2263 1041 2295 Matrimonium
1067 2273 1133 2295 cum
1157 2263 1239 2304 Rege
1263 2264 1323 2296 Ca-

290 2316 305 2336 e
326 2316 358 2336 ae.

299 2343 391 2374 Unde
405 2367 414 2382 ,
436 2344 470 2374 ad
486 2342 687 2374 removendam
709 2351 827 2373 omnem
847 2348 945 2371 notam
967 2341 1091 2372 infami-<e
1105 2364 1115 2379 ,
1137 2351 1174 2372 ne
1197 2341 1230 2372 sit
1243 2341 1322 2386 quod

261 2383 343 2414 dieto
359 2382 447 2422 Regi,
463 2382 507 2413 vel
522 2382 572 2412 suis
586 2382 673 2412 valeat
685 2381 791 2420 objici,
805 2379 850 2411 vel
865 2388 970 2409 temere
984 2379 1132 2418 imputari,
1149 2382 1217 2419 petit
1231 2379 1323 2410 dicius

264 2421 444 2459 Procurator,
464 2421 581 2450 nomine
600 2420 670 2451 diCti
690 2420 774 2459 Regis
796 2417 924 2457 Angliae,
941 2427 956 2446 a
975 2419 1058 2448 vobis
1072 2418 1200 2449 Domine
1212 2418 1322 2457 Judex,

265 2460 342 2498 quod
357 2460 492 2497 recipiatis
501 2459 601 2489 Testes
615 2458 649 2489 ad
664 2457 838 2496 probandam
857 2455 1040 2495 supradieiam
1058 2457 1322 2497 consanguinitatem

263 2500 294 2530 in
306 2508 404 2536 quarto
419 2497 519 2538 gradu,
539 2508 625 2537 quam
641 2496 724 2528 offert
743 2496 769 2526 se
789 2496 970 2536 probaturum
986 2496 1181 2536 procuratorio
1196 2497 1322 2526 nomine.

301 2536 389 2568 Praeci
413 2546 446 2568 ue
458 2546 526 2567 cum
541 2535 676 2576 praedffla
694 2535 805 2575 Regina
818 2532 964 2572 Castellae,
985 2535 1066 2564 citata
1076 2535 1264 2572 peremptorie
1275 2543 1323 2575 per

263 2547 440 2615 Religiosiim
457 2574 558 2605 Virum
612 2573 740 2605 Priorem
750 2573 945 2610 Altecumbae,
965 2571 1130 2603 Cistercien.
1144 2572 1275 2612 Ordinis,
1290 2573 1325 2604 ad

264 2614 388 2645 octabas
402 2614 475 2644 beati
492 2613 624 2652 Gregorii
638 2636 648 2651 ,
670 2614 700 2643 in
716 2611 840 2643 Ecclesia
859 2610 953 2641 Sancti
967 2610 1100 2650 Stephani
1114 2611 1256 2642 Senonen.
1272 2621 1325 2651 pro

265 2653 400 2692 praedi&a
415 2653 513 2690 causa,
533 2651 701 2690 responderit
716 2651 792 2690 quod
806 2659 949 2689 nunquam
965 2651 1162 2689 comparebit,
1183 2650 1216 2681 &
1231 2660 1329 2682 revera

264 2701 325 2721 non
342 2699 487 2729 comparet
500 2700 549 2729 per
560 2690 603 2727 se,
618 2689 663 2721 vel
677 2700 724 2729 per
742 2689 957 2719 Procuratorem
971 2688 1098 2727 aliquem.

305 2729 393 2760 Unde
405 2739 473 2760 cum
488 2738 639 2759 contumax
653 2737 796 2769 appareat,
815 2729 925 2766 (utp0tc
939 2727 1125 2765 peremptoria
1138 2727 1268 2757 citatione
1283 2737 1326 2758 re-

267 2777 349 2808 cepta
382 2769 478 2799 venire
490 2768 708 2805 contempnens)
727 2768 796 2807 petit
813 2765 944 2796 instanter
964 2765 1056 2796 dic'tus
1071 2764 1109 2795 M
1145 2764 1208 2795 ister
1218 2766 1326 2804 Johan-

267 2817 331 2845 nes,
376 2804 606 2837 rocuraiordiffl
626 2804 748 2835 Domini
767 2804 853 2843 Regis
874 2804 985 2841 Angliae
1000 2827 1009 2842 ,
1033 2813 1064 2834 ut
1085 2812 1112 2834 te
1180 2804 1327 2844 praedictos

266 2846 417 2883 recipiatis,
438 2846 471 2876 &
490 2844 551 2884 ipsis
570 2845 704 2882 receptis,
722 2844 754 2874 &
769 2853 868 2873 eorum
882 2842 1100 2873 attestationibus
1113 2842 1240 2882 inspectis
1253 2866 1262 2881 ,
1292 2843 1326 2874 ad

268 2883 446 2914 diffinitivam
461 2883 622 2913 sententiam
639 2883 836 2913 nichilominus
856 2881 1034 2920 procedatis,
1059 2881 1223 2912 auctoritate
1245 2881 1328 2920 Apo-

267 2921 362 2951 stolica
371 2944 380 2958 ,
394 2922 548 2953 secundum
563 2921 723 2952 Canonicas
735 2920 909 2951 Sanctiones.

307 2959 381 2990 Petit
394 2962 478 2990 etiam
497 2960 587 2990 dietus
607 2960 780 2990 Procurator
794 2958 873 2998 quod
912 2958 1100 2997 ronuncietis,
1120 2966 1230 3003 quarto·
1241 2957 1328 2998 gradu

252 3030 255 3031 ⁷
270 2996 523 3038 Conlanguinitatis
536 2998 725 3036 impediente,
741 2999 813 3028 inter
827 3007 883 3037 prae
905 2998 997 3028 ictum
1017 2996 1045 3027 R
1081 3006 1128 3027 em
1143 2997 1275 3036 Angliae,
1294 2998 1328 3027 &

118 3156 134 3174 ⁸
148 3156 170 3183 1.
184 3156 251 3192 465.

270 3037 443 3074 prielibatam
456 3035 598 3075 Reginam
616 3036 746 3067 Castellae
759 3061 769 3075 ,
796 3036 939 3074 quondam
954 3035 1039 3066 filiam

268 3075 378 3105 nullum
395 3075 607 3105 matrimonium
621 3075 745 3105 extit-isse.

304 3113 360 3150 Et,
377 3123 436 3144 non
451 3112 579 3143 obstante
593 3113 741 3152 consensu,
761 3113 805 3143 vel
828 3113 998 3149 'uramento,
1014 3123 1078 3154 quae
1091 3112 1126 3143 de
1138 3113 1214 3143 fadio
1228 3112 1329 3144 dicun-

269 3160 314 3182 tur
328 3150 522 3190 intervenisse,
543 3152 561 3171 ³¹³
576 3151 733 3191 legitimum
748 3152 803 3181 effe
848 3151 1048 3182 lati-imonium
1064 3151 1242 3183 contractum
1257 3152 1328 3182 inter

269 3189 442 3228 przedidhrm
461 3189 572 3228 Regem
587 3212 596 3227 ,
623 3189 655 3220 ὅ(
671 3189 830 3220 Dominam
843 3189 1038 3230 Helyenoram
1050 3213 1061 3229 ,
1084 3189 1169 3221 filiam
1183 3189 1328 3231 quondam

265 3228 394 3260 Comitis
406 3227 584 3266 Provinciae,
603 3228 635 3259 &
650 3238 725 3258 nunc
738 3227 882 3268 Reginam
901 3229 1019 3268 Angliae.

307 3266 342 3297 Et
358 3268 414 3298 hoc
465 3267 498 3297 tit
519 3265 609 3297 dietus
622 3265 792 3297 Procurator
805 3267 880 3305 quod
901 3267 963 3298 haec
983 3267 1146 3299 auctoritate
1164 3265 1327 3306 Apostolica

269 3305 388 3345 faciatis,
406 3305 423 3334 s
444 3315 481 3335 vo
491 3306 553 3344 jure
567 3303 702 3343 addendi,
718 3305 878 3343 minuendi,
895 3307 928 3337 &
944 3316 1054 3336 caetera.

310 3344 495 3374 Attendentcs
507 3345 590 3383 igitur
606 3343 748 3382 praedidhe
764 3343 884 3382 Reginae
897 3343 1027 3375 Castellae
1043 3344 1271 3382 contumaciam,
1286 3352 1329 3374 te-

273 3381 338 3420 stes,
355 3383 436 3412 nobis
449 3383 624 3421 praesentatos
636 3392 652 3412 a
667 3382 745 3412 dieto
760 3380 946 3413 Procuratore
960 3381 1083 3413 Domini
1099 3382 1185 3422 Regis
1197 3382 1327 3422 Angliae,

273 3422 428 3460 recepimus
446 3421 482 3450 de
503 3420 618 3451 consilio
638 3420 839 3460 praediCtorum
860 3420 1020 3451 assessorum
1037 3444 1046 3460 ,
1070 3422 1103 3452 &
1121 3421 1241 3461 plurium
1259 3421 1329 3451 alio-

272 3468 351 3495 rum,
369 3459 401 3488 &
415 3459 631 3489 examinavimus
644 3459 789 3499 diligenter
801 3482 810 3497 ,
837 3458 1056 3490 attestationibus
1075 3459 1198 3497 ipsorum
1213 3458 1327 3490 testium

273 3496 304 3525 in
317 3496 420 3533 scriptis
434 3497 549 3527 redactis
564 3496 695 3534 fideliter,
714 3498 747 3528 δε
762 3497 943 3536 postmodum
957 3498 1144 3536 sollempniter
1157 3498 1310 3535 publicatis.

311 3532 452 3576 Prae-dicio
466 3534 642 3566 Procuratori
657 3535 782 3566 Domini
802 3535 905 3575 Regis,
920 3539 1025 3575 petenti
1038 3546 1105 3567 cum
1121 3535 1250 3567 instantii
1265 3545 1331 3575 pro-

276 3571 340 3612 ferri
351 3571 509 3603 sententiam
519 3596 529 3611 ,
542 3572 618 3603 diem
635 3572 789 3612 Mercurii,
806 3582 870 3604 ante
884 3573 994 3604 Ramos
1008 3574 1167 3605 Palmarum
1176 3597 1186 3613 ,
1201 3573 1330 3605 duximus

275 3609 467 3651 assignandum
482 3611 514 3641 ad
528 3611 709 3642 diffinitivam
724 3613 886 3642 sententiam
899 3613 1103 3650 proferendam.

313 3645 401 3689 Dicta
414 3658 482 3677 vero
495 3648 538 3678 die
554 3649 691 3683 Mercurii
703 3673 713 3688 ,
738 3660 922 3690 comparente
936 3651 1014 3681 dieto
1035 3651 1220 3681 Procuratore
1233 3659 1331 3681 coram

278 3685 361 3714 nobis
376 3684 408 3714 &
430 3685 611 3718 Affefforibus
624 3688 783 3727 supradietis
796 3711 806 3726 ,
834 3690 862 3718 in
877 3688 1002 3720 Ecclesia
1018 3690 1116 3721 Sancti
1130 3689 1265 3729 Stephani
1281 3689 1332 3719 Se-

1086 3036 1182 3067 omitis
1195 3035 1310 3067 Pontivi
1318 3059 1328 3074 ‚

256 3732 259 3735 “
278 3731 382 3752 nonen.
396 3722 429 3752 &
441 3723 455 3751 Ξι
469 3723 551 3753 nobis
565 3734 676 3763 petente
691 3727 806 3766 proferri
815 3727 998 3757 sententiam:

316 3759 383 3803 Nos
396 3781 405 3796 ,
427 3761 596 3792 attendentes
613 3763 718 3793 dictam
739 3765 883 3801 Reginam
900 3764 1029 3795 Castellae
1050 3765 1165 3796 existere
1184 3773 1333 3796 contuma-

279 3807 346 3828 cem
361 3807 390 3827 1n
404 3796 461 3827 hoc
475 3802 606 3842 negotio,
622 3803 677 3838 ejus
693 3804 870 3832 contumacia
882 3812 934 3841 pro
948 3804 1089 3842 praesentia
1103 3811 1242 3841 reputata,
1260 3803 1334 3833 Col-

280 3835 340 3873 lega
355 3833 452 3878 nostro
468 3837 767 3882 per-litterasuexcusato
782 3863 791 3878 ,
816 3841 913 3870 habito
932 3842 1055 3879 diligenti
1074 3841 1192 3871 imitatu
1211 3851 1279 3871 cum
1294 3851 1336 3870 as-

278 3873 422 3903 sefforibus
436 3873 534 3902 nostris
548 3874 580 3903 &
598 3877 655 3905 aliis
669 3879 731 3913 iuris
746 3879 835 3914 peritis
850 3901 859 3915 ,
885 3879 920 3908 de
942 3875 1062 3918 ipsorum
1082 3880 1218 3917 confiliO,
1236 3879 1335 3909 Deum

280 3912 413 3979 lciqlssililtses
431 3921 489 3948 prae
510 3913 596 3941 oculis
609 3936 618 3951 ,
641 3916 803 3946 auctoritate
823 3916 988 3953 Apostolica
1001 3918 1192 3949 sententiando
1211 3927 1337 3957 pronun-

303 3960 324 3978 la
398 3972 407 3983 η

321 3989 343 4016 Ρ
351 3989 374 4015 R
384 3989 424 4015 AE
433 3989 463 4015 D
471 3989 620 4016 ICTUM
631 3991 668 4031 'D
677 3992 701 4017 O
709 3993 882 4020 MINUM
898 3991 1059 4023 Henricum
1071 3993 1188 4030 Regem
1207 3993 1336 4030 Angliae‚

283 4025 316 4057 ἃ
339 4034 525 4057 memoratam
544 4024 702 4056 Dominam
720 4027 880 4065 johannam
894 4053 904 4067 ‚
927 4040 1004 4062 nunc
1023 4031 1168 4069 Reginam
1192 4029 1335 4068 Castestae,

725 144 1524 199 CONVENTIONES‚
1578 145 1973 198 LITERAE,

1354 233 1407 264 sese
1421 234 1555 269 attingere
1570 233 1599 263 in
1618 240 1718 271 quarto
1740 232 1827 269 gradu
1842 231 2096 269 Consanguinitatis
2109 243 2120 270 3
2143 232 2195 269 &,
2212 239 2314 271 quarto
2327 233 2414 272 gradu

1353 272 1606 316 Conianguinitatis
1626 271 1795 309 impediente
1809 294 1819 309 ,
1842 270 1952 300 nullum
1972 271 2092 301 extitiffe
2111 272 2326 302 matrimonium
2345 274 2416 304 inter

1353 314 1432 348 iplos.

1392 348 1499 378 Eadem
1513 347 1680 378 auctoritate
1693 349 1777 379 etiam
1792 347 2012 385 pronunciamus
2025 347 2101 387 quod
2114 371 2125 386 ,
2148 358 2207 378 non
2222 348 2352 386 obstante
2366 348 2416 380 Sa⁴

1354 396 1516 424 eramento,
1537 387 1613 424 quod
1629 386 1720 417 didius
1738 387 1801 417 Rex
1821 385 1914 415 fecisse
1935 386 2038 416 dicitur
2086 386 2122 417 de
2136 387 2332 418 contrahendo
2347 397 2417 418 cum

1353 425 1427 455 dieta
1441 424 1723 463 Dominajohanna,
1746 434 1823 454 nunc
1839 423 1950 463 Regina
1963 409 2109 463 Castellae,
2129 435 2183 456 nec
2196 426 2326 456 obstante
2339 426 2416 465 quod

1353 463 1489 494 consenfit
1504 473 1552 500 pet
1572 464 1743 501 interpositas
1756 462 1883 500 personas
1897 462 1933 493 de
1954 463 2030 493 facto
2051 464 2290 496 matrimonialiter
2307 465 2336 495 in
2351 474 2418 494 ean-

1354 501 1438 540 dem,
1458 502 1690 540 matrimonium,
1749 502 1804 532 stea
1824 500 2002 531 contractum
2024 502 2094 532 inter
2114 501 2282 540 praedictum
2303 503 2416 543 Regem

1355 539 1483 578 Angliae,
1500 540 1533 570 &
1543 539 1701 570 Dominam
1743 541 1904 578 elyenoram
1917 539 2059 578 Reginam
2069 540 2196 580 Angliae,
2214 550 2308 571 natam
2321 552 2415 580 quon-

1355 577 1420 608 dam
1527 576 1649 609 Comitis
1665 577 1841 616 Provinciae,
1859 577 1916 608 effe
1928 578 2084 617 legitimum
2098 601 2108 617 ,
2132 579 2166 610 δε
2180 579 2361 614 contractum
2374 581 2415 612 se-

1355 616 1481 647 cundum
1498 614 1659 647 Canonicas
1671 616 1846 648 Sanctiones.

1379 654 1426 698 ‘In
1441 655 1520 693 cujus
1534 655 1573 685 rei
1585 654 1815 693 Testimonium,
1832 655 1888 686 tam
1904 665 1981 694 nos„
2004 656 2089 694 quam
2104 654 2233 694 praediffl
2247 654 2415 696 Affiffores,

1356 692 1456 723 Sioillis
1471 692 1571 723 nostris
1585 693 1750 731 praesentem
1766 694 1938 724 Sententiam
1951 694 2104 732 sigillamus.

1387 717 1460 762 Nos
1472 740 1567 762 autem
1580 731 1729 769 praedictus
1742 732 1847 770 Episco
1868 742 1897 763 us
1912 732 2116 763 Antiiiodoren.
2126 732 2271 772 Johannes
2288 731 2417 763 Succen-

1356 778 1417 807 tor,
1430 770 1572 810 Johannes
1585 768 1747 812 Canonicus
1761 772 1794 801 &
1809 770 1839 801 O
1873 771 1946 801 cialis
1958 771 2163 802 Antiliodoren.
2179 770 2329 802 Asseffores
2344 780 2416 809 prae-

1356 808 1426 839 dieti
1450 809 1574 839 Domini
1601 807 1733 847 Episcopi
1757 808 1969 840 Herefordenfis
1982 834 1992 848 ,
2017 810 2145 848 praesenti
2170 809 2312 842 sententiae
2331 809 2416 849 sigilla

1357 847 1451 878 nostra
1463 847 1592 877 duximus
1606 847 1779 885 apponenda.

1394 923 1494 954 Testes
1501 946 1510 962 ,

1395 1004 1432 1030 G.
1446 1000 1642 1030 Archidiacon.
1658 1000 1816 1038 Lugdunen.

1394 1038 1541 1068 Nicholaus
1556 1040 1587 1068 de
1602 1038 1749 1078 Abbatia,
1769 1041 1914 1069 Canonicur
1931 1038 2129 1080 Antifiodoren.

1392 1077 1525 1118 Magister
1539 1081 1632 1108 Draco
1643 1082 1789 1108 eanonicus
1804 1078 2003 1118 Anttfiodoren.
2017 1077 2055 1113 &-

1394 1120 1522 1194 DosmZtus
1544 1116 1712 1147 Lambertus
1734 1115 1893 1156 Capellanus
1907 1116 2033 1156 praedm‘i
2055 1118 2167 1146 Domini
2187 1114 2306 1156 Epist-opi
2325 1119 2415 1147 Anti-

1441 1166 1464 1184 ιο
1483 1166 1553 1186 oren.

1393 1231 1500 1262 Acium
1517 1233 1545 1262 in
1564 1232 1688 1263 Ecclesia
1703 1232 1776 1264 beati
1796 1231 1928 1270 Stephani
1942 1231 2085 1263 Senonen.
2100 1232 2145 1263 die
2166 1231 2304 1263 Mercurii
2320 1255 2330 1271 ,
2354 1240 2420 1263 ante

1357 1268 1467 1301 Ramos
1480 1269 1641 1302 Palmarum
1649 1294 1660 1310 ,
1673 1281 1750 1302 anno
1764 1270 1887 1301 Domini
1902 1280 1984 1310 1251.

1566 1397 1614 1429 De
1633 1395 1765 1439 Pensione
1776 1406 1830 1442 pro
1847 1393 1976 1440 Ifhbella
1988 1395 2091 1441 fiirore
2107 1397 2204 1442 Regis.

1418 1479 1483 1510 EX
1503 1481 1653 1520 omnibus,
1671 1481 1732 1512 &c.
1743 1480 1865 1512 salutem.

2426 239 2501 273 Ann.
2516 239 2570 279 D&

2446 289 2547 317 1251*

2426 323 2490 348 Heu.
2507 330 2533 357 ³⁴
2558 334 2561 345 ἲ

2428 1486 2506 1518 Ann.
2520 1457 2562 1520 D.

1388 1559 1393 1563 η
1447 1518 1544 1549 Sciatis
1557 1519 1634 1564 quod
1646 1518 1831 1550 conceffimus
1843 1519 1952 1550 dilectae
1964 1519 2051 1549 sorori
2063 1517 2167 1563 nostrae
2182 1517 2303 1562 Isabellae
2316 1541 2331 1562 ,.
2347 1528 2410 1564 quae
2454 1535 2536 1566 1251.

1355 1558 1407 1588 fuit
1419 1567 1488 1588 uxor
1503 1557 1629 1594 Mauritn
1642 1557 1678 1588 de
1691 1557 1800 1588 Croun.
1820 1567 1876 1588 100
1891 1556 2003 1588 Marcas
2016 1557 2129 1601 ‘smgulls
2143 1566 2237 1595 annis,
2255 1565 2412 1597 percipien-
2425 1569 2479 1596 An.
2495 1575 2507 1603 3
2512 1575 2540 1602 5,

1354 1596 1400 1627 das
1412 1596 1445 1626 ad
1453 1596 1632 1627 Scaccarium
1645 1595 1774 1627 nostrum
1789 1595 1923 1634 quamdiu
1938 1597 2052 1640 vixerit,

2429 1608 2498 1641 H.3

1392 1634 1531 1665 Videlicet
1545 1642 1629 1664 unam
1646 1635 1823 1665 medietatem
1839 1635 1873 1665 ad
1889 1634 2068 1666 Scaccarium
2087 1633 2182 1665 Sancti
2197 1633 2365 1673 Michaelis,
2379 1634 2413 1665 &
2428 1645 2486 1670 Pas,
2505 1643 2550 1680 352

1353 1674 1435 1742 {liam
1451 1672 1630 1704 medietatem
1644 1673 1678 1705 ad
1691 1673 1868 1705 Scaccarium
1884 1672 1997 1705 Paschae
2008 1695 2019 1712 ,
2045 1672 2137 1703 donec
2153 1673 2180 1703 ei
2197 1673 2309 1703 uberius
2319 1674 2416 1712 provi-

1373 1721 1452 1742 imus.

1391 1749 1425 1780 In
1439 1750 1518 1788 cujus
1530 1751 1569 1780 rei
1581 1749 1791 1781 Testimonium
1805 1750 1851 1782 has
1871 1749 1972 1782 litteras
1990 1748 2096 1780 nostras
2109 1748 2168 1780 fieri
2181 1748 2300 1781 fecimus
2312 1748 2414 1781 Paten-

1356 1796 1397 1819 tes
1409 1789 1442 1820 &
1457 1788 1637 1828 dupplicatas.

1392 1864 1480 1897 Teste
1492 1865 1574 1905 Rege
1588 1865 1660 1905 apud
1674 1864 1869 1905 wodestoke,
1890 1875 1924 1896 ιο
1938 1865 1984 1896 die
1993 1864 2069 1904 Julii.

1984 1945 2038 1973 Per
2052 1941 2134 1982 iincm
2148 1941 2254 1980 Regem.

2431 1685 2458 1708 H

2430 1728 2457 1747 m

2461 1689 2514 1746 :a

1358 2067 1385 2095 'X‘
1414 2066 1634 2114 Redemptiones
1660 2078 1799 2101 votorum
1818 2095 1828 2110 ‚
1863 2067 1985 2114 conceffie
2012 2067 2216 2114 crucesignatis
2241 2069 2271 2098 in
2293 2068 2413 2109 Sentiet,
2431 2076 2564 2113 *1464

1528 2129 1584 2148 non
1605 2114 1731 2160 obstante
1751 2115 2012 2161 conceffionefac‘la
2031 2119 2105 2163 Regi
2124 2115 2250 2162 Angliae.

1358 2201 1388 2263 Ι
1397 2201 1580 2245 Nnocentius
1594 2201 1744 2246 Episcopus
1758 2225 1767 2240 ,
1792 2201 1882 2249 seryus
1895 2200 2039 2245 servorum
2055 2199 2113 2230 Dei
2125 2223 2135 2238 ,
2159 2200 2265 2231 dilectis
2277 2199 2342 2244 ‘filiis
2355 2201 2417 2230 uni-

1357 2241 1697 2310 nedsgissnfirillfefigmns
1710 2240 1809 2279 Regni
1823 2241 1930 2272 Scotiae
1944 2263 1956 2278 ‚
1977 2239 2093 2270 salutem
2116 2241 2149 2270 ὅ(
2163 2238 2351 2277 apostolicam
2366 2240 2416 2270 be-

2433 2198 2508 2229 Ann.
2520 2178 2566 2232 D.

2453 2247 2538 2277 1251.

2431 2281 2481 2305 An.
2499 2286 2544 2313 35.

1393 2317 1452 2348 Etsi
1465 2327 1517 2348 nos
1538 2318 1684 2357 contingat
1703 2317 1799 2355 saepius
1817 2316 1969 2348 nonnullos
1981 2341 1991 2355 ,
2014 2325 2114 2347 eorum
2129 2315 2362 2356 postulationibus
2379 2316 2418 2346 fa-
2434 2320 2466 2342 H-
2489 2325 2514 2352 3-

1358 2357 1519 2388 vorabiliter
1535 2356 1703 2394 annuendo,
1720 2358 1840 2395 gratioso
1855 2365 1971 2387 munere
1990 2356 2146 2393 praevenire
2161 2377 2171 2393 ,
2193 2354 2243 2385 illis
2262 2362 2358 2384 tamen
2377 2353 2417 2384 fa·
2430 2357 2468 2380 Ex
2483 2356 2543 2387 Aue

1358 2405 1424 2425 cere
1439 2396 1559 2432 gratiam
1579 2404 1639 2425 non
1662 2394 1851 2438 intendimus,
1870 2402 2140 2439 ‘quantumcumque
2161 2393 2241 2424 nobis
2259 2393 2418 2423 amicabiles
2430 2400 2495 2429 mgr.

1358 2434 1410 2464 sint
1423 2435 1456 2464 ὅ(
1469 2434 1541 2471 cari,
1555 2434 1584 2463 in
1599 2434 1811 2472 derogationem
1822 2443 1890 2471 juris
1901 2433 2006 2463 alterius
2043 2432 2088 2463 vel
2100 2430 2214 2470 justitiae
2226 2430 2384 2462 laesionem:

1397 2471 1481 2503 Licet
1495 2473 1581 2509 igitur
1596 2494 1606 2510 ,
1630 2472 1699 2502 sicut
1714 2471 1867 2503 carissimus
1880 2473 1910 2502 in
1930 2471 2002 2502 Chr'
2029 2480 2048 2501 ο
2066 2469 2134 2500 filius
2149 2469 2245 2501 noster
2360 2470 2421 2500 illu-

1360 2510 1420 2541 stris
1433 2511 1498 2541 Rex
1511 2510 1614 2541 Scotiae
1637 2511 1720 2541 nobis
1738 2509 1888 2549 significare
1907 2510 2013 2541 curavit
2027 2533 2037 2549 ,
2055 2509 2125 2539 olim
2144 2508 2352 2547 redemptiones
2366 2518 2421 2539 vo-

1360 2558 1454 2580 torum
1467 2549 1742 2587 crucesignatorum,
1761 2558 1874 2580 necnon
1891 2549 2093 2586 obventiones,
2111 2547 2198 2587 legata
2209 2571 2219 2587 ,
2245 2548 2292 2578 seu
2309 2547 2422 2586 reliciat,

1361 2597 1441 2619 terrae
1455 2588 1558 2619 saanae
1577 2587 1698 2618 subfidio
1712 2610 1722 2626 ,
1744 2588 1773 2617 in
1797 2586 1906 2624 Regno
1925 2586 2033 2618 Scon‘ae
2053 2587 2183 2624 deputata
2195 2609 2205 2624 ‚
2226 2586 2425 2624 crucesignatis

1360 2627 1458 2665 vobis,
1476 2628 1505 2657 in
1520 2626 1642 2667 praefatae
1661 2635 1742 2658 terrae
1759 2625 1910 2657 subsidium
1924 2626 2085 2657 volentibus
2103 2624 2275 2656 transfretare
2286 2648 2296 2664 ,
2313 2624 2425 2656 duxeri-

1361 2674 1422 2696 mus
1437 2664 1635 2703 concedenda,

1400 2704 1479 2742 Qia
1491 2712 1585 2734 tamen
1597 2711 1686 2742 nuper
1700 2702 1798 2734 eadem
1810 2701 1949 2735 cariffimo
1963 2702 1991 2731 in
2005 2700 2124 2732 Christo
2138 2700 2199 2731 filio
2210 2700 2310 2732 nostro

1361 2742 1457 2773 illustri
1470 2741 1545 2781 Regi
1561 2741 1677 2779 Angliae
1693 2741 1814 2771 dicimur
1829 2739 2011 2778 concesfiffe,
2030 2739 2110 2769 certis
2123 2739 2172 2769 sibi
2192 2738 2271 2777 super
2286 2740 2342 2772 hoc
2358 2749 2423 2770 exe-

1362 2782 1505 2812 cutoribus
1519 2781 1656 2818 deputatis
1670 2802 1680 2818 ,
1703 2779 1779 2809 idem
1798 2778 1863 2809 Rex
1877 2777 1983 2808 Scotiae
2001 2778 2083 2807 nobis
2095 2777 2240 2807 humiliter
2257 2777 2423 2815 supplicavit

1363 2829 1394 2850 ut
1407 2820 1483 2860 super
1496 2819 1554 2849 hoc
1569 2818 1651 2849 vobis
1663 2817 1808 2858 providere
1823 2816 1971 2853 benignius
1986 2825 2154 2846 curaremus.

1398 2858 1509 2889 Verum
1524 2866 1592 2888 cum
1604 2857 1767 2887 intentionis
1781 2854 1885 2886 nostrae
1896 2864 1956 2884 non
1970 2854 2066 2892 fuerit,
2081 2864 2135 2884 nec
2149 2853 2246 2885 existat
2260 2853 2424 2895 praedielam

1363 2896 1593 2934 concessionem,
1611 2895 1631 2925 fi
1643 2895 1716 2925 facta
1727 2895 1837 2932 extitit,
1853 2896 2006 2931 revocare,
2028 2892 2074 2923 sed
2090 2892 2208 2924 velimus
2222 2894 2314 2933 potius
2332 2901 2363 2923 ut
2378 2903 2423 2922 m-

1364 2937 1432 2967 dem
1447 2934 1592 2966 concessio
1607 2933 1686 2964 firma
1700 2933 1773 2965 sistat
1784 2955 1793 2970 ,
1818 2931 1994 2972 praesentium
2013 2932 2094 2962 vobis
2111 2931 2277 2963 auctoritate
2288 2931 2426 2963 concedi-

1366 2984 1427 3005 mus
1442 2983 1473 3004 ut
1487 2997 1497 3012 ,
1518 2973 1537 3003 si
1552 2972 1593 3003 est
1608 2973 1646 3002 ita
1667 2981 1716 3016 per
1728 2970 1852 3011 praefatas
1867 2970 1969 3001 litteras
1986 2969 2066 3001 dicto
2086 2968 2166 3007 Regi
2184 2969 2345 3007 concessa-⁵,
2361 2968 2424 3000 nul-

1363 3014 1422 3044 lum
1436 3013 1519 3043 vobis
1532 3010 1728 3051 praejudicium
1742 3017 1898 3049 generetur.

1399 3051 1483 3082 Nulli
1498 3060 1569 3087 crgo
1583 3051 1708 3080 omnino
1726 3048 1877 3078 hominurn
1893 3047 1974 3079 liceat
1992 3045 2066 3078 hanc
2082 3047 2217 3085 paginam
2234 3046 2339 3080 nostrae
2352 3056 2425 3078 con-

1365 3089 1494 3123 cessionis
1510 3088 1674 3128 infringere,
1692 3087 1736 3118 vel
1748 3087 1774 3117 ei
1786 3086 1854 3117 ausu
1864 3086 2014 3116 temerario
2026 3086 2180 3121 contraire,

1402 3128 1495 3166 Siquis
1509 3135 1603 3158 autem
1623 3126 1681 3157 hoc
1700 3133 1864 3163 attemptare
1882 3123 2100 3164 praesumpserit,
2118 3123 2345 3160 indignationem
2360 3133 2427 3154 om-

1365 3167 1516 3206 nipotentis
1529 3164 1606 3204 Dei,
1623 3165 1655 3195 &
1671 3165 1821 3195 beatorum
1836 3162 1956 3194 Petri&
1969 3161 2065 3201 Pauli,
2083 3160 2293 3203 Apostolorum
2309 3163 2383 3201 ejus,
2401 3162 2427 3193 se

1364 3206 1476 3237 noverit
1488 3203 1669 3234 incursurum.

1363 3282 1470 3352 NDat.
1497 3279 1655 3312 Mediolan.
1681 3288 1708 3309 2.
1735 3277 1818 3309 Non.
1846 3277 2004 3318 Septembr.
2030 3276 2211 3308 Pontificatus
2234 3276 2321 3312 nostri
2345 3285 2422 3307 anno

1400 3331 1468 3352 ono.

1585 3393 1710 3424 Plumbeo
1727 3392 1800 3431 Sigil.
1811 3393 1890 3432 pend.
1906 3403 1925 3422 a
1931 3391 1992 3434 filis
1998 3391 2091 3432 sericis
2097 3391 2179 3432 flavi
2191 3390 2315 3431 rubeique
2327 3388 2425 3420 coloris.

1657 3524 1705 3556 De
1729 3520 1880 3556 Conduffu
1904 3523 2016 3568 Reginae
2029 3519 2139 3551 Scotiae.

1368 3611 1423 3666 R
1429 3607 1454 3639 E
1462 3605 1502 3651 X·
1512 3606 1644 3660 omnibus
1652 3628 1662 3644 ,
1680 3606 1739 3637 &c.
1754 3606 1874 3651 salutem.

1457 3645 1553 3676 Sciatis
1573 3645 1648 3684 quod
1671 3644 1836 3683 suscepimus
1854 3654 1882 3675 in
1899 3642 2002 3674 fiilvum
2021 3641 2055 3672 &
2077 3639 2205 3670 securum
2226 3637 2422 3680 conductum,

1367 3684 1499 3716 dilestam
1514 3685 1594 3713 nobis
1609 3685 1638 3713 in
1654 3682 1771 3714 Christo
1788 3683 1912 3714 Mariam
1927 3681 2070 3720 Reginam
2085 3679 2207 3722 Scotum,
2224 3677 2373 3721 Thomam
2387 3680 2423 3711 de

1369 3723 1480 3762 Cuscy,
1497 3722 1636 3759 Egidium
1652 3721 1843 3754 castellanum
1858 3721 2009 3758 Barpamar.
2023 3719 2057 3752 &
2077 3716 2242 3748 Dominum
2256 3715 2324 3746 Belli
2338 3716 2426 3748 Man-

1369 3763 1407 3800 si,
1425 3763 1458 3792 &
1471 3770 1571 3790 eorum
1585 3760 1718 3791 familiam
1731 3784 1741 3800 ,
1768 3770 1853 3799 quam
1868 3759 1962 3790 secum
1979 3757 2084 3788 ducent
2094 3756 2127 3799 in
2147 3753 2241 3785 eundo
2256 3763 2305 3794 per
2324 3763 2423 3789 terram

1369 3802 1403 3832 ὅ(
1437 3798 1584 3829 otestatcm
1600 3798 1737 3838 nostram,
1754 3799 1860 3830 ibidem
1872 3796 2027 3833 morando,
2045 3795 2079 3825 &
2093 3792 2156 3823 inde
2168 3791 2341 3823 recedendo:

2438 3616 2513 3647 Ann.
2527 3614 2567 3646 D.

2454 3664 2538 3691 1251.

2437 3697 2489 3721 An.
2506 3700 2549 3730 35.

2436 3737 2470 3760 H.
2492 3740 2519 3767 3.

2433 3774 2492 3798 ΡΜ.
2507 3775 2550 3805 35.

2436 3812 2473 3836 H.
2491 3816 2516 3843 3.

1433 3837 1522 3869 tideo
1537 3838 1617 3868 vobis
1631 3837 1794 3869 mandamus
1814 3835 1891 3876 quod
1910 3834 2013 3865 eisdem
2031 3832 2150 3870 Reginae
2162 3853 2172 3869 ,
2194 3830 2340 3870 Thoai-ae,
2358 3833 2426 3873 Egi-
2436 3855 2473 3875 m·
2490 3853 2517 3872 ,η
2564 3871 2569 3878 ¹

1372 3877 1420 3907 dio
1430 3900 1439 3914 ,
1456 3878 1489 3907 &
1502 3884 1604 3906 eorum
1616 3875 1728 3907 familiae
1763 3884 1848 3915 quam
1859 3874 1954 3905 secum
1967 3872 2086 3908 ducent,
2100 3878 2159 3902 non
2172 3869 2311 3909 inferatis,
2328 3873 2375 3904 vel
2386 3875 2430 3907 in-

1372 3915 1437 3946 ferri
1452 3914 1630 3955 permittatiS,
1649 3900 1900 3953 impedimentum,
1917 3911 2090 3947 dampnum,
2105 3915 2153 3938 aut
2167 3916 2329 3947 gravamen.

1410 3952 1443 3983 In
1457 3952 1551 3990 cujus,
1569 3953 1629 3983 &e
1644 3952 1783 3983 duraturas
1796 3951 1881 3990 usque
1893 3949 1927 3980 ad
1939 3947 2072 3978 Pascham
2085 3955 2179 3985 anno,
2196 3947 2257 3978 &c.
2273 3948 2317 3986 36.

1412 4027 1501 4060 Teste
1515 4025 1600 4066 Rege
1614 4027 1687 4068 apud
1699 4025 1907 4058 Windlesoram
1923 4032 1972 4061 24.
1985 4020 2031 4053 die
2046 4021 2224 4060 Septembris.
2390 4062 2434 4094 De
