2570 4261
21 233 95 265 Ann.
110 227 149 258 D.

43 269 124 300 1282.

21 311 84 339 Edv.
95 316 119 334 x.

2 2350 4 2355 .
17 2328 94 2360 Ann.
110 2325 151 2357 D.

40 2367 123 2397 1282.

18 2409 70 2433 An.
94 2415 136 2432 10.

18 2448 48 2472 E.
71 2453 94 2470 1.

4 2488 5 2505 ι
19 2481 151 2510 Pet-libam.

20 2519 150 2556 Regiflrf.

20 2567 138 2623 iii-filista.

19 2632 153 2662 Lambftb.

3 2676 5 2686 ¹
19 2672 80 2699 211.
92 2681 152 2708 ¹9÷·

737 151 849 193 ET
935 152 1200 194 ACTA

200 233 309 276 Juravit
328 236 411 265 etiam
427 236 458 266 ὃς
476 237 601 273 promisit
615 236 706 267 distus
720 237 890 274 Almaricus,
908 237 985 276 quod
999 238 1159 268 volentibus
1172 236 1220 266 ad-

169 273 268 302 veriari
288 273 406 313 praefato
425 273 518 313 Regi,
537 276 581 305 vel
602 274 706 314 Regno
727 275 792 313 suo,
810 285 858 306 aut
879 275 999 314 personis
1018 276 1097 314 iplius
1111 275 1221 314 Regni,

168 311 296 341 favorem
310 312 355 341 seu
371 313 536 343 consensum
550 313 670 350 aliquem
687 323 745 343 non
760 313 908 350 praestabit.

206 349 277 388 Qui
296 350 469 389 obligatione
489 361 538 391 per
557 351 736 394 saepedietum
759 351 934 382 Almaricum
952 351 1094 391 prrestita,
1120 353 1153 382 ὃς
1195 359 1223 380 er

166 395 233 427 nos,
247 390 321 426 juxta
336 388 459 418 formam
482 389 602 426 rescripti
616 389 791 427 Apostolici‚
810 391 938 428 recept-fa,
955 401 1004 420 nos
1020 393 1147 430 praefatus
1193 398 1222 417 e-

166 436 250 456 cantis
260 449 270 465 ,
287 426 449 456 auctoritate
461 426 668 457 commistionis
681 428 764 457 nobis
778 428 875 466 fatitae,
890 429 919 458 in
935 429 1043 459 dictum
1058 428 1223 459 Dominum

169 464 344 494 Almaricum
353 486 363 502 ,
382 466 411 494 in
433 464 483 494 hiis
503 464 623 503 scriptiS,
641 467 659 496 fi
674 475 772 496 contra
787 465 892 496 dietam
906 468 1107 506 obligationem
1119 464 1223 503 aliquid

168 502 258 532 facere
273 502 461 541 praesumeret,
479 513 590 533 exnunc
603 505 768 534 iententiam
783 506 1084 535 excommunicationis
1098 505 1226 541 ferimus,

168 539 203 570 δε
219 539 307 578 ipsum
320 542 454 571 omnibus
467 540 664 572 Eccleiiasticis
680 541 819 572 beneficiis
832 553 864 573 ac
879 545 1022 582 privilegio
1036 543 1154 573 clericali
1169 542 1226 582 pri-

170 586 266 608 vatum
286 579 320 608 &
333 579 482 610 inhabilem
495 579 635 610 reddimus
646 580 681 610 ad
694 580 743 611 alia
758 581 787 610 in
803 582 944 620 posterum
960 582 1119 619 optinenda.

208 616 391 656 Praecipimus
413 619 496 648 etiarn
512 618 626 657 prazfato
642 618 774 648 Domino
788 621 824 650 A.
842 620 937 658 quod,
955 619 1105 659 postquam
1120 619 1226 649 venerit

167 653 202 684 ad
223 656 288 685 loca
308 664 367 686 tuta
384 655 476 695 Regni
490 656 630 694 Franciae‚
649 656 764 686 similem
778 658 998 697 obligationem,
1015 658 1048 688 ad
1064 658 1225 688 mandatum

169 693 316 732 nostrum,
335 694 386 724 sub
410 695 563 725 'uramento
582 696 615 725 δε
628 696 720 732 poenis
731 695 874 735 iimilibus,
894 706 1024 734 renovet,
1043 698 1075 727 &
1091 705 1153 726 eam
1169 696 1225 725 im-

169 742 336 771 perpetuum
353 733 392 762 ob
404 742 487 764 ervet.

207 810 282 840 Aeta
298 811 327 840 in
348 809 465 849 Capella
478 810 554 848 juxta
572 809 726 841 Ecclesiam
745 810 818 850 apud
833 809 958 842 Novum
970 809 1130 849 Templum
1146 809 1227 839 Lon-

171 847 239 878 don.
257 858 291 878 ex
313 857 389 885 parte
405 849 510 878 australi
531 849 610 888 ipsius
630 849 765 879 Ecclesiae
784 850 847 888 sita,
866 860 961 880 coram
975 850 1129 879 reverendis
1140 848 1228 878 Patri<

170 887 240 923 bus,
259 886 393 916 Dominis
410 887 630 925 Archiepiscopo
645 889 679 918 ὃς
693 886 838 926 Episcopis
853 889 973 926 superius
985 889 1230 925 nominatis,prae-

171 924 290 955 sentibus
302 925 368 955 vii-is
381 925 582 956 venerabilibus
597 927 630 956 &
645 926 781 965 discretis,

170 1000 312 1042 Magistris
334 1001 435 1031 rhama
456 1005 565 1032 Decano
586 1002 679 1032 Eccle-
717 1002 783 1031 Elia
802 1002 887 1034 Derb.

203 1040 252 1081 fiae
271 1042 378 1070 San-<3312
398 1041 480 1070 Pauli
499 1042 623 1071 London.
716 1041 848 1079 Johanne
864 1046 992 1072 Coventr.

173 1077 321 1108 Willielmo
336 1080 367 1108 de
376 1082 498 1109 Cornerio
511 1083 614 1109 Domini
623 1082 680 1109 Pa-
716 1079 856 1118 Radulpho
871 1082 960 1109 Midd.

172 1125 247 1184 Ripae
256 1117 423 1185 {aasgllanffi
716 1120 831 1184 Rinzra'o
851 1119 974 1186 {msdw‘}
992 1116 1193 1186 {alfidizmgss

173 1166 254 1224 Ρεῑῖῑ
272 1163 437 1224 &Hp-mua.
717 1160 963 1235 Gifhzrrt‘ocytgffirsic
976 1168 990 1185 0
1027 1153 1109 1194 eoffar
1128 1167 1151 1185 o.
1181 1164 1214 1184 me

173 1235 272 1269 Rogero
288 1231 418 1273 Leytcstr.
717 1231 855 1270 Radulpho
877 1231 992 1263 Cancell.
1013 1233 1092 1262 diclae
1105 1231 1228 1272 Ecclefiae

174 1271 289 1300 Ricardo
304 1269 444 1309 Bedeford.
752 1271 874 1300 London.

174 1311 261 1339 Henr.
283 1309 365 1349 Dmf

170 1385 299 1418 Tebibus
319 1386 483 1423 nominate,
501 1385 534 1415 ὃ(
553 1384 610 1415 aliis
631 1385 657 1415 in
672 1383 850 1415 multitudine
865 1383 977 1425 copiosa
991 1382 1095 1414 ibidem
1110 1391 1230 1422 congre-

169 1426 236 1463 gatis
249 1448 258 1462 ,
289 1435 365 1454 anno
386 1424 544 1462 supradicto
558 1447 568 1462 ‚
600 1424 756 1454 indictione
916 1424 962 1454 die
990 1423 1119 1453 vicesima
1140 1424 1227 1459 prima

168 1464 268 1493 meniis
296 1462 383 1500 April.
412 1462 550 1492 Praesente
576 1463 660 1492 etiam
687 1461 819 1499 Johanne
837 1460 873 1491 de
895 1462 999 1492 Sanfto
1022 1460 1150 1490 Martino
1174 1459 1230 1490 Le-

169 1501 254 1531 wens.
273 1501 435 1532 annor-itate
455 1500 618 1540 Apostolica
631 1500 746 1537 publico
760 1499 884 1530 Notario
898 1501 1008 1530 inferius
1021 1500 1176 1528 nominato.

206 1538 273 1570 Nos
296 1549 365 1569 vero
383 1540 421 1570 R.
444 1538 578 1569 Decanus
598 1538 726 1578 praetiatus
745 1538 812 1568 huic
832 1538 953 1578 scripto,
970 1538 1005 1568 de
1029 1537 1161 1566 mandato
1176 1545 1230 1566 no-

168 1577 243 1617 stro,
260 1577 295 1608 de
316 1578 375 1617 ipso
393 1578 519 1615 originali
539 1576 668 1614 processu
692 1576 751 1607 sum
773 1585 819 1614 t0,
838 1577 871 1607 ὃς
896 1587 942 1614 per
961 1586 1012 1606 nos
1033 1576 1175 1614 diligenter
1191 1574 1232 1618 as-

168 1616 292 1653 cultato,
311 1616 344 1646 ad
366 1616 522 1653 pleniorem
545 1614 630 1644 fidem
649 1615 740 1645 facien
761 1624 806 1645 am
830 1615 947 1654 sigillum
960 1614 1089 1644 nostrum
1104 1613 1231 1651 apposui-

170 1664 247 1692 mus,
267 1655 300 1686 δε
320 1654 468 1684 venerabili
487 1653 561 1684 Patri
584 1652 718 1684 Domino
737 1652 854 1683 Bathon.
879 1654 911 1685 ὅ(
934 1653 1068 1684 Weiiens.
1090 1651 1232 1689 Episcopo

172 1694 275 1730 petenti
290 1693 485 1724 concessimus.
1124 1727 1133 1733 1

209 1730 277 1761 Nos
307 1731 390 1760 etiam
413 1730 493 1761 frater
509 1728 537 1768 J.
558 1729 737 1767 permissione
756 1730 850 1761 divina
871 1729 956 1761 Cant.
982 1729 1087 1760 Archie
1108 1728 1231 1772 iicopus,

172 1769 257 1800 totius
276 1769 386 1838 Angldiae
400 1768 523 1838 grinias,
543 1767 752 1808 impreffionem
767 1768 856 1799 nostri
872 1769 947 1809 iigilli
961 1768 1087 1808 praesenti
1110 1777 1139 1797 us
1154 1767 1234 1797 duxi-

175 1817 238 1837 mus
254 1819 269 1838 a
310 1818 343 1837 en
366 1817 400 1838 en
424 1831 429 1837 .

211 1846 249 1876 Et
262 1817 316 1885 ἐξ)
325 1845 470 1884 Jobannes
483 1845 518 1876 de
531 1845 637 1876 Sanno
653 1843 780 1876 Martino
794 1845 920 1876 Lewens.
934 1843 1100 1885 Apostolicfi.
1114 1843 1234 1874 auetori-

173 1891 228 1915 tate
241 1884 378 1915 Notarius
392 1885 519 1922 publicus
533 1883 720 1922 supradietus,
737 1885 899 1924 praescriptis
913 1885 1045 1914 omnibus
1059 1884 1092 1913 δε
1109 1882 1233 1925 singuliS,

173 1924 227 1953 una
249 1932 316 1953 cum
338 1923 544 1961 praenominatis
563 1922 678 1952 testibus
693 1945 703 1962 ,
726 1923 837 1953 interfui
851 1923 900 1961 &,
927 1922 961 1953 ad
981 1921 1143 1952 mandatum
1164 1919 1234 1950 dieti

171 1960 295 1992 Domini
317 1961 428 1992 Decani
449 1961 532 1991 Avic.
556 1969 683 1999 rogatum
704 1961 787 1992 etiam
802 1961 924 1991 Domini
942 1961 1077 1991 Almarici
1091 1958 1252 1997 praediffl,

173 1999 291 2038 praesens
309 1999 526 2030 instrumentum
548 1999 696 2038 publicum
711 2022 720 2036 ‚
750 2009 835 2030 manu
849 1999 985 2038 johannis
1001 1998 1110 2040 piraefati
1129 1996 1234 2028 Notat.

175 2038 358 2077 confeetum,
376 2049 443 2069 meo
461 2038 540 2078 ligno
555 2039 588 2070 ὃς
602 2038 719 2070 nornine
733 2038 924 2069 communivi.

174 2181 282 2214 Litera
307 2177 346 2212 ab
369 2178 595 2226 Archiepifiopo
620 2182 768 2213 Cantuar.
784 2177 898 2212 direfla
913 2181 1043 2212 Domino
1060 2181 1160 2225 Palm,
1178 2179 1211 2223 st
1221 2198 1235 2205 -

283 2239 339 2275 per
364 2226 535 2262 liberatione
553 2231 681 2262 Domini
698 2228 856 2262 Almarici
872 2226 908 2261 a'e
925 2228 1115 2272 Adonteforti.

226 2314 395 2345 Andtiffirno
416 2315 445 2345 iri
466 2313 585 2345 Christo
608 2313 698 2352 Patri,
715 2324 747 2346 ac
769 2313 917 2352 Domino,
935 2313 1069 2344 Domino
1092 2312 1235 2354 Martino,

235 2352 331 2384 divina
353 2353 552 2394 providentia,
575 2354 634 2384 διε.
659 2353 698 2384 sui
723 2353 840 2383 humiles
863 2353 896 2383 &
913 2352 1013 2382 devoti
1030 2353 1111 2382 frater
1125 2353 1153 2390 J.
1171 2363 1236 2393 per-

174 2391 303 2422 miffione
327 2391 422 2422 divina
436 2415 447 2431 ,
469 2393 530 2422 &c.
556 2392 589 2422 &
612 2391 734 2427 eiusdem
755 2391 888 2421 Eccleiiae
907 2390 1079 2430 Suffraganei
1098 2392 1234 2430 universi,

175 2440 244 2460 cum
257 2430 330 2461 filiali
342 2431 493 2461 reverentia
501 2452 510 2467 ,
525 2429 628 2467 pedum
640 2429 733 2460 oscula
744 2430 900 2459 beatorum.

214 2468 401 2499 *Eminentia
421 2467 520 2497 vestrae
533 2467 619 2505 sedis,
637 2466 719 2498 Pater
733 2467 918 2505 sanfflffirne,
937 2476 1001 2505 quie
1015 2467 1095 2497 omni
1109 2475 1236 2505 potenta-

175 2506 216 2537 tui
237 2508 320 2537 totius
335 2506 469 2537 Ecclefiae
482 2506 662 2544 dominatur,
679 2506 712 2537 &
725 2515 784 2545 prae
797 2505 906 2535 cunctis
920 2505 1122 2543 Principatibus
1139 2506 1172 2536 ὃς
1183 2505 1234 2536 Se-

174 2545 256 2575 dibus
279 2545 408 2575 universis
431 2544 610 2575 corruschare
629 2545 753 2574 cernitur
773 2543 920 2583 Sapientiae
939 2543 1018 2574 radiis
1036 2543 1235 2583 praecellentis,

174 2593 224 2621 per
239 2583 428 2614 venerabilem
442 2583 536 2613 vitum
551 2581 720 2621 Magistrum
736 2581 941 2623 Reymundum
956 2581 1070 2621 Augerii
1084 2581 1235 2612 Decanum

176 2622 303 2651 Avicien.
326 2619 513 2660 Capellanum
534 2620 657 2651 vestrum
673 2643 682 2659 ‚
713 2619 792 2660 super
813 2620 977 2651 liberatione
999 2620 1162 2650 venerabilis
1183 2622 1234 2651 viri

175 2660 299 2690 Domini
320 2659 454 2690 Almarici
472 2659 508 2689 de
528 2659 698 2689 Monteforti
713 2681 723 2696 ,
751 2658 833 2688 vestri
857 2659 978 2688 similiter
998 2657 1145 2697 Capellani
1157 2682 1166 2697 ‚
1191 2659 1236 2690 sua

175 2699 259 2728 nobis
280 2707 368 2739 nuper
387 2697 514 2729 mandata
534 2697 651 2735 provida
664 2696 864 2728 deliberatione
877 2696 1021 2728 transmisit
1033 2708 1042 2735 3
1055 2707 1135 2737 quae,
1153 2705 1235 2738 prout

172 2737 285 2775 decuit,
310 2745 445 2767 reverent.
464 2737 498 2767 δε
519 2736 622 2766 devote
642 2735 826 2776 suscepimus,
849 2737 882 2766 &
903 2735 937 2766 ad
957 2735 1054 2766 eadem
1075 2744 1125 2765 exe
1146 2735 1236 2767 uenda

173 2785 261 2814 opem
277 2775 310 2806 &
328 2784 460 2815 operam,
487 2784 571 2813 quam
589 2773 753 2813 debulmus,
772 2783 913 2812 quamque
931 2774 1091 2814 potuimus,
1108 2783 1141 2804 ex
1164 2776 1236 2806 ibui-

173 2823 238 2844 mus
260 2813 418 2844 efficacem.

208 2851 328 2892 Nempe
347 2862 414 2882 cum
430 2852 571 2890 periculo,
588 2851 667 2890 quod
683 2861 716 2881 ex
731 2851 811 2890 ipsius
825 2850 971 2889 Capeliani
983 2851 1146 2882 liberatione
1159 2853 1233 2882 circa

171 2891 362 2922 turbationem
381 2890 474 2929 Regni
497 2890 608 2929 Angliae
629 2899 739 2931 poterat
761 2889 926 2933 formidari,
943 2899 992 2929 per
1013 2889 1135 2920 formam
1150 2891 1233 2934 ipsius

140 2964 141 2967 Ἰ
173 2928 296 2960 mandati
311 2929 492 2996 prospedmm
512 2930 607 2998 uritque
625 2929 764 2959 videretur
779 2929 919 2967 juratoriae
937 2928 1064 2958 remedio
1083 2937 1236 2966 cautionis,

173 2977 259 3005 quam
282 2966 309 2996 su
333 2968 371 2996 ire
395 2967 514 2997 debebat
539 2967 698 2998 Amaricus
721 2967 871 3007 praediEtus
885 2989 894 3005 ,
926 2968 1017 3007 poenis
1038 2967 1236 2998 nichilominus

174 3004 340 3044 quibusdam
356 3004 484 3043 adjectis,
508 3015 573 3044 quas
591 3005 665 3036 idem
685 3007 858 3044 incurreret,
882 3013 981 3036 contra
1000 3006 1146 3046 proprium
1159 3006 1235 3044 jura-

179 3051 309 3074 mentum
326 3044 456 3081 veniens,
472 3043 531 3080 ipso
548 3043 641 3082 sardio,

215 3081 253 3112 Et
277 3080 394 3111 demum
418 3082 447 3111 in
474 3081 563 3111 littera
585 3081 753 3119 Apostolica
771 3080 926 3112 memorata
945 3082 1062 3122 provide
1080 3082 1234 3122 suppletum

175 3119 285 3158 fuisset,
305 3119 383 3158 quod
398 3120 427 3149 in
450 3119 568 3158 quadam
586 3120 636 3150 alia
656 3120 744 3151 littera
756 3120 942 3158 praecedenti,
959 3130 1040 3164 quae,
1057 3121 1202 3159 videlicet,
1221 3131 1235 3151 a

178 3157 312 3189 Domino
333 3157 495 3196 Nicholao,
513 3159 566 3195 piae
581 3158 798 3196 recordationis,
815 3159 1015 3196 praedecessore
1031 3158 1140 3197 vestro,
1157 3159 1236 3196 super

178 3196 277 3227 eadem
298 3198 437 3227 emanavit
457 3195 585 3235 materia,
603 3197 690 3227 fuerat
712 3197 904 3235 defetffivum,
923 3197 1053 3228 videlicet
1072 3197 1108 3228 de
1129 3198 1236 3235 praefati

175 3235 244 3265 serie
255 3235 423 3273 juramenti,
440 3244 500 3265 non
522 3243 629 3266 tantum
640 3234 675 3265 ad
686 3233 781 3265 aestum
795 3236 828 3266 ὃς
840 3235 1006 3266 consensum
1015 3259 1025 3275 ,
1040 3246 1139 3267 verum
1153 3237 1236 3267 etiam

175 3274 302 3304 favorem
316 3274 432 3303 noxium
448 3273 628 3303 extendenda.

212 3311 364 3351 Nobisque
384 3319 418 3341 ex
438 3312 519 3351 ipsius
539 3311 671 3350 Magistri
690 3311 853 3351 Reymundi
879 3312 988 3345 Decani
1013 3314 1140 3345 Avicien.
1163 3323 1236 3353 prae-

175 3349 245 3380 dieti
266 3350 320 3380 fida
342 3349 487 3388 relatione,
511 3350 710 3380 nichilominus
729 3352 812 3381 etiam
831 3351 957 3390 aliunde,
985 3353 1140 3389 constaret,
1158 3351 1234 3391 quod

175 3388 330 3419 antedidms
350 3387 496 3418 Dominus
512 3388 667 3420 Almaricus
682 3397 866 3420 memoratam
879 3390 1099 3430 obligationem,
1118 3392 1166 3421 libi
1181 3391 1235 3420 irn-

196 3428 312 3466 ositam,
329 3426 427 3465 sponte
444 3426 591 3465 suscipere;
609 3428 655 3465 &,
676 3436 813 3465 quantum
825 3428 854 3458 in
870 3427 896 3458 se
909 3429 995 3469 ferat,
1007 3430 1236 3468 pollicitationem

175 3436 334 3497 Eu'usmodi
352 3465 440 3496 extitit
452 3464 604 3505 adimplere
617 3474 732 3503 paratus.

249 3514 281 3534 os
291 3527 301 3543 ,
316 3513 384 3534 curn
407 3512 476 3543 pace
490 3502 613 3535 Domini
632 3503 737 3543 Regis,
751 3505 828 3542 juitta
842 3513 968 3536 mentem
981 3506 1060 3545 ipsius
1073 3508 1172 3538 littei-:e
1185 3515 1235 3537 ve-

174 3541 258 3580 strae,
281 3544 311 3572 in
334 3542 392 3581 ipso
417 3543 536 3579 negotio
556 3541 710 3581 procedere
729 3541 892 3583 satagentes,
918 3544 1007 3583 ipsum
1029 3546 1234 3586 requiiivimus,

174 3581 359 3621 supplicantes
377 3580 470 3611 eidem
493 3589 523 3612 ut
545 3591 597 3621 pro
612 3580 786 3616 Apostolicae
800 3581 865 3612 sedis
877 3584 1044 3622 reverentia,
1062 3582 1236 3614 nostrarum-

174 3629 228 3659 que
241 3618 423 3657 multiplicata
437 3628 554 3656 precum
569 3618 875 3656 instantia,liberationi
889 3620 1018 3658 plenariae
1026 3621 1236 3661 faepedieriDo-

175 3659 247 3689 mini
262 3658 395 3688 Almarici
412 3657 552 3696 Regium,
567 3658 668 3697 absque
684 3657 818 3686 ulterioris
833 3666 923 3689 morae
936 3659 1234 3699 dispendio,dignare-

174 3702 218 3727 tur
237 3697 273 3729 dc
294 3705 399 3730 caetero
421 3696 552 3726 adhibere
565 3694 750 3732 consensum,
767 3696 907 3735 praecipue
922 3707 989 3728 cum
1004 3699 1060 3729 suae
1073 3699 1235 3730 turbationis

177 3734 222 3801 ἐς,
233 3734 347 3805 lflgffiii,
364 3743 429 3774 quae
446 3742 480 3764 ex
500 3734 557 3764 hoc
580 3741 685 3773 poterat
697 3733 861 3773 provenire,
877 3735 1002 3773 periculo
1014 3737 1105 3768 fuisset
1119 3737 1238 3776 plenarie

202 3779 235 3801 tis
247 3784 263 3803 a
313 3784 352 3804 m.

215 3808 252 3852 Et
271 3811 351 3850 licet,
367 3813 491 3843 evocatis
505 3810 683 3849 plurimisque
699 3809 874 3854 Principibus
887 3817 969 3849 atque
983 3811 1162 3852 Magnatibus
1175 3812 1236 3843 Re-

176 3855 226 3885 gni
245 3848 300 3886 sui,
317 3859 416 3880 eorum
430 3850 577 3880 assensibus
589 3848 667 3887 super
678 3848 728 3879 ista
745 3856 857 3878 materia
869 3850 1017 3888 requisitis,
1032 3852 1237 3881 nonnullorum

177 3893 246 3915 vota
264 3886 297 3916 ὂῑ
311 3889 425 3919 consilia
438 3888 622 3924 obstitissent,
641 3887 694 3926 ipse
707 3895 801 3917 tamen
816 3886 879 3916 Rex
891 3887 1044 3918 mansuetus
1057 3890 1090 3919 &
1106 3889 1172 3919 Deo
1187 3890 1236 3920 de-

177 3932 278 3961 votus,
296 3927 398 3963 proprii
418 3928 539 3965 pectoris
559 3927 710 3956 sinceritate
729 3926 762 3955 &
782 3923 818 3955 ad
836 3923 990 3955 Ecclesiam
1010 3925 1172 3957 Romanam
1192 3929 1235 3965 pia

178 3961 332 3992 devotione
345 3974 503 4003 permotus,
521 3964 667 3995 liberaliter
683 3965 698 3994 Ta
713 3964 794 3994 nobis
807 3962 949 3993 exhortata
964 3964 1114 3995 concessit:

217 3999 307 4038 Qiod
321 4002 350 4031 in
365 4012 400 4032 eo
415 4005 496 4034 tanto
510 4003 669 4036 laudabilius
684 4001 872 4039 aestImamus,
889 4009 1023 4040 tantoque
1035 4003 1139 4034 celsiori
1153 4003 1238 4034 laudis

179 4038 326 4109 Ρῑῗςοωῗ
342 4038 477 4110 ’ξυσίιτηυε
494 4041 695 4079 attollendum,
712 4048 818 4081 quanto
830 4048 864 4070 ex
878 4039 1034 4070 turbatione
1046 4040 1091 4071 seu
1106 4042 1237 4072 rebellio-

230 4087 279 4110 om„
316 4099 323 4107 .
369 4100 375 4107 .
392 4081 409 4110 1
427 4100 434 4109 2

1279 152 1759 202 PUBLICA.

1268 237 1525 285 nessValleniium,
1543 252 1667 274 recenter
1689 247 1716 276 in
1739 246 1846 286 Regno
1862 246 1972 286 Angliae
1986 247 2124 286 suscitata,
2143 249 2229 288 magis
2253 250 2328 279 exci-
2348 253 2421 283 Arm.
2438 255 2477 284 D,

1267 284 1349 305 tativa
1371 277 1534 322 detentionis
1554 285 1638 325 quam
1658 283 1712 313 suae
1732 284 1898 315 liberationis
1918 288 1930 316 a
1953 297 2063 317 carcere
2078 288 2228 326 procedere
2249 289 2328 318 vide-
2374 293 2456 322 125‘2.

1268 322 1363 355 rentur
1379 316 1497 354 judicia,
1517 319 1549 347 δε
1564 322 1765 361 veriiimiliora,
1784 325 1919 363 opinione
1931 325 2051 364 vulgati,
2066 325 2209 363 prodirent
2221 326 2250 355 in
2266 335 2328 355 me—
2347 332 2413 359 Edv.
2438 341 2462 358 1.

1268 350 1346 381 diurn
1361 363 1529 391 argumenta.

1282 427 1287 432 .
1306 389 1424 434 Propter
1433 402 1496 429 quae
1503 403 1563 431 1103,
1569 395 1660 437 eidem
1669 395 1842 427 affluentium
1852 399 2030 438 rependentes
2038 400 2259 432 viciscitudinem
2268 411 2328 441 gra·

1268 430 1482 476 tiaruni,ipsum
1498 430 1658 463 Dominum
1673 434 1845 465 Almai·icum
1861 438 1896 466 de
1910 439 2161 469 carceriscustodia
2169 440 2328 478 educentes,

1270 465 1356 503 usque
1371 467 1525 512 Civitatem
1541 470 1753 502 Londoniarum
1768 473 1839 503 salvo
1852 474 1953 505 deduci
1968 476 2086 506 fecimus
2098 479 2130 507 &
2146 478 2288 516 conduci3

1315 504 1460 544 ipsumque
1481 517 1510 536 in
1527 509 1681 550 multorum
1697 510 1905 547 fidedignorum
1921 514 2073 551 praesentia,
2090 515 2123 545 ad
2138 516 2194 546 hoc
2209 517 2331 554 speciali-

1268 549 1308 571 ter
1328 553 1492 587 vocatorum
1502 568 1510 582 ,
1527 545 1674 577 liberatum
1688 551 1950 589 pronunciavimus,
1969 553 2001 582 ὃς
2017 553 2032 581 a
2047 562 2157 583 carcere
2172 556 2280 593 penitus
2293 556 2328 585 &

1268 581 1387 617 plenarie
1404 583 1578 622 ablolutum,

1310 618 1461 664 Ipsumque
1481 622 1611 661 sepefato
1626 622 1768 660 Magistro
1785 624 1958 664 Reymundo
1972 626 2089 657 liberum
2104 628 2221 661 fecimus
2234 630 2329 660 omni-

1271 666 1310 700 no
1325 657 1472 700 affignarij
1492 661 1540 698 &,
1551 670 1597 700 per
1613 662 1733 691 eundem
1749 662 1920 699 Magistrum
1933 665 2027 701 ⁴ipsum
2052 666 2212 697 Dominum
2229 670 2327 699 Alma-

1270 696 1432 734 ricum,sub
1448 699 1542 727 securo
1557 698 1702 729 condutftu
1716 701 1854 738 regi0,ad
1868 702 1928 731 loca
1942 711 1999 732 tuta
2015 704 2105 741 Regni
2122 705 2244 736 Francia:
2255 717 2326 737 con-

1271 733 1447 777 ducendum,
1463 735 1606 766 sanctitati
1623 737 1721 767 vestrae.
1735 749 1802 768 cum
1833 740 1915 769 audio
1929 741 2136 772 transmittimus
2151 744 2306 774 liberatum.

1310 770 1424 817 Fulgeat
1438 783 1465 802 in
1483 773 1602 805 Ecclesia
1619 774 1692 813 Dei,
1709 774 1788 806 Pater
1813 776 1982 817 anetiffimc,
2001 779 2099 809 vestrae
2112 781 2268 812 Sanetitatis
2281 793 2328 813 au-

1274 808 1409 840 rstoritatis
1421 821 1470 848 per
1483 820 1609 850 tempora
1626 814 1763 850 longiora.

1310 847 1376 878 Dat.
1400 848 1531 892 Londqn.
1554 861 1632 881 nono
1652 850 1715 881 Kal.
1731 852 1820 892 Maii,
1838 864 1913 885 anno
1926 853 2048 885 Domini
2062 856 2209 887 millesimo
2223 858 2330 888 ducen-

1273 886 1372 916 tesimo
1383 887 1560 925 oetogeiimo
1578 889 1709 920 secundo.

2256 179 2329 205 201

1388 1007 1475 1042 Bulla
1500 1021 1559 1056 quae
1585 1016 1682 1058 tangit
1700 1012 1841 1056 Ecclifias
1856 1013 1891 1047 de
1909 1015 2028 1060 Lesbnes
2049 1020 2084 1055 ὠ·
2103 1019 2213 1051 liii-ele.

1273 1093 1348 1154 M
1358 1093 1468 1138 Artinus
1483 1095 1749 1134 Episcopus,servus
1763 1095 1904 1129 servorum
1920 1099 1993 1137 Dei,
2011 1099 2116 1130 dileeto
2131 1101 2220 1141 Filio,
2351 1093 2425 1123 ΑΠΠ·
2441 1093 2483 1124 D·

1288 1171 1291 1176 ³
1403 1132 1490 1176 Priori
1503 1137 1538 1163 dc
1552 1133 1719 1173 Crucerois,
1738 1135 1919 1167 Londonien.
1934 1136 2020 1168 Dioc.
2032 1139 2143 1169 iiilutem
2157 1142 2189 1170 ὃς
2204 1141 2329 1178 Aposto-
2371 1133 2454 1162 1282·

1274 1171 1358 1201 lic-am
1379 1172 1615 1202 benedidiionem.
2347 1174 2399 1196 A*-
2424 1181 2466 1197 ¹0·

1310 1209 1367 1240 Sua
1393 1208 1475 1240 nobis
1493 1211 1588 1240 dilecti
1610 1210 1658 1241 filii
1818 1210 1898 1242 Prior
1920 1212 1953 1242 δε
1975 1211 2144 1243 Conventus
2166 1214 2329 1247 Monasterii
2353 1213 2379 1234 E.
2404 1218 2426 1234 ¹·

1273 1246 1384 1278 Sanetae
1399 1247 1542 1278 Trinitatis
1558 1248 1740 1279 Londonien.
1754 1259 1802 1288 per
1815 1250 1942 1280 Priorem
1957 1250 2026 1281 soliti
2043 1252 2192 1288 gubernari
2202 1278 2210 1290 ,
2226 1255 2330 1285 ordinis
2353 1249 2390 1272 Ex
2406 1248 2464 1272 Au·

1273 1285 1368 1316 Sancti
1386 1286 1549 1326 Augustini,
1567 1289 1699 1325 petitione
1714 1288 1910 1325 monstarunt,
1928 1290 2004 1328 quod
2024 1291 2151 1319 nonnulli
2167 1290 2331 1322 parochiani
2352 1292 2416 1321 mgr·

1274 1322 1309 1353 de
1326 1324 1442 1354 Leseues
1457 1326 1489 1355 &
1503 1325 1608 1364 Bixele,
1631 1325 1816 1356 Eccieiianim
1832 1326 1949 1356 Roffen.
1968 1327 2056 1358 Dioc.
2073 1339 2137 1366 quas
2150 1329 2235 1359 iidem
2250 1330 2332 1360 Prior

1277 1364 1310 1392 δε
1333 1362 1501 1393 Conventus
1522 1365 1549 1393 in
1571 1365 1630 1394 usus
1649 1366 1772 1402 proprios
1787 1366 1925 1394 canonice
1938 1365 2084 1404 obtinent,
2102 1367 2137 1397 de
2154 1370 2334 1404 proventibus

1275 1410 1428 1439 terrarum,
1445 1401 1664 1440 poisessionum,
1681 1411 1827 1440 ortorum,
1845 1413 2005 1441 pratorum,
2022 1405 2265 1443 molendinorum,
2282 1417 2334 1437 nu-

1273 1439 1410 1469 trimentis
1431 1441 1611 1478 animalium,
1629 1442 1661 1471 ὃς
1681 1441 1795 1471 aliarum
1811 1451 1920 1480 rerum,
1939 1452 2004 1479 quas
2019 1444 2046 1472 in
2064 1445 2182 1481 ipsarum
2198 1444 2332 1476 Ecclesia-

1275 1487 1337 1507 rum
1352 1477 1495 1508 Parochiis
1510 1479 1656 1517 obtinent,
1671 1479 1790 1509 decimas
1805 1479 1906 1509 eisdem
1921 1479 2049 1511 Ecclcliis
2061 1483 2165 1512 debitas
2174 1506 2183 1521 ,
2205 1487 2219 1499 ¹*
2236 1485 2274 1513 eis
2288 1493 2334 1514 ex-

1274 1515 1372 1546 hibere
1393 1516 1518 1546 indebite
1538 1518 1758 1553 coritratlictiiit;
1791 1518 1930 1555 quandam
1953 1527 2065 1556 pravam
2085 1521 2330 1560 consuetudinem,

1274 1564 1338 1593 quae
1359 1555 1516 1594 corruptela
1530 1555 1648 1585 dicenda
1662 1555 1702 1585 est
1717 1556 1826 1596 potius,
1846 1556 2062 1596 praetendentes,
2083 1560 2137 1589 viz.
2154 1560 2231 1597 quod
2245 1560 2280 1590 dc
2295 1571 2335 1592 ta-

1275 1593 1344 1622 libus
1360 1593 1425 1622 nulli
1439 1593 1528 1623 adhuc
1543 1593 1666 1624 decimas
1679 1594 1877 1631 persolverunt.
2033 1599 2036 1602 ’

1315 1629 1394 1660 Cum
1409 1631 1493 1667 igitur
1511 1640 1587 1662 tanto
1599 1633 1723 1669 graviora
1739 1632 1789 1662 lint
1802 1633 1934 1672 crimina,
1953 1644 2057 1674 quanto
2070 1634 2171 1666 diutii'is
2186 1636 2328 1668 infelicem

1279 1670 1400 1699 animam
1415 1670 1538 1700 detinent
1554 1670 1708 1706 alligatam,
1724 1680 1756 1700 ac
1770 1672 1798 1700 in
1813 1671 1919 1710 iignum
1935 1674 2088 1703 universalis
2103 1674 2235 1705 Dominii
2245 1677 2334 1713 ,quasi

1277 1708 1400 1745 quodam
1413 1708 1495 1738 titulo
1509 1709 1613 1747 speciali
1627 1709 1675 1739 sibi
1692 1709 1836 1739 Dominus
1848 1710 1969 1741 decimas
1982 1712 2138 1750 reservarit,
2159 1712 2331 1744 Discretioni

1276 1756 1333 1776 tuce
1352 1756 1401 1786 per
1422 1747 1586 1785 Apostolica
1608 1747 1704 1786 scripta
1725 1748 1886 1778 mandamus
1901 1759 2051 1792 quantum,
2072 1751 2090 1780 ii
2106 1752 2146 1780 est
2159 1752 2212 1789 ita,
2234 1752 2333 1783 Parro-

1276 1784 1390 1815 chianos
1410 1784 1479 1825 ipsos
1496 1786 1573 1824 quod
1594 1786 1741 1815 occasione
1760 1786 1916 1824 hujusmodi
1930 1797 1990 1817 non
2006 1788 2150 1826 obstante,
2166 1789 2285 1820 decimas
2297 1791 2334 1821 de

1277 1823 1420 1861 praemiffis
1441 1823 1542 1853 eisdem
1564 1822 1694 1854 Eccleiiis
1718 1824 1871 1861 persolvant
1884 1825 2011 1864 integre,
2030 1836 2059 1856 ut
2074 1835 2220 1865 tenentur,
2240 1831 2334 1858 moni-

1277 1863 1357 1892 tione
1373 1861 1525 1899 praemssiiz,
1545 1871 1593 1901 per
1606 1862 1750 1893 censuram
1767 1863 2005 1902 Eccleliasticam,
2023 1865 2204 1905 appellatione
2217 1876 2334 1906 remota,

1277 1901 1380 1938 praevia
1396 1902 1503 1931 ratione
1518 1900 1676 1937 compellas.

1315 1938 1416 1969 Testes
1438 1947 1531 1970 autem
1552 1940 1599 1979 qui
1613 1939 1712 1970 fuerint
1728 1941 1881 1978 nominati,
1900 1941 1918 1970 fi
1931 1941 1958 1971 se
1973 1942 2072 1980 gratia,
2091 1942 2173 1979 odio,
2190 1943 2235 1972 vel
2249 1944 2336 1973 timo-

1278 1986 1308 2007 re
1321 1976 1518 2015 subtraxerint,
1534 1977 1646 2007 censura
1661 1977 1758 2016 simili,
1775 1979 1956 2018 appellatione
1970 1980 2104 2018 ceilante,
2123 1982 2272 2021 compellas
2286 1992 2335 2014 ve-

1277 2016 1349 2046 ritati
1362 2015 1557 2046 testimonium
1572 2015 1726 2053 perhibere.

2355 1489 2484 1524 *11.195.

1314 2092 1381 2124 Dat.
1401 2093 1474 2132 apud
1495 2093 1613 2124 Urbem
1626 2092 1760 2125 Veterem
1776 2095 1876 2135 quinto
1890 2094 1956 2126 Kal.
1972 2095 2061 2134 Maii,
2080 2096 2266 2128 Pontificatt'is
2281 2107 2335 2128 no-

1279 2132 1326 2163 stri
1341 2142 1417 2163 anno
1434 2132 1567 2163 secundo.

1974 2172 2027 2202 Sub
2032 2172 2085 2214 filo
2100 2173 2224 2203 canabeo.

1279 2301 1386 2332 Litera
1411 2297 1450 2332 ab
1473 2299 1600 2346 Alfonsb
1627 2300 1747 2344 Infante
1771 2301 1948 2346 Aragoniae,
1978 2298 2013 2331 de
2025 2299 2158 2345 prospero
2167 2297 2253 2342 statu
2266 2301 2332 2345 fito.

1279 2383 1571 2444 EXcellentissimo
1590 2385 1623 2415 &
1642 2383 1801 2415 Maonifico
1823 2383 1948 2421 Principi
1964 2382 2097 2414 Domino
2113 2383 2256 2424 EdvardO,
2276 2385 2334 2416 Dei
2356 2391 2429 2421 Αῃῃ,
2444 2390 2486 2422 D,

1354 2422 1457 2462 gratia,
1473 2422 1569 2453 illustri
1591 2423 1664 2453 Recri
1685 2409 1810 2462 Kngliae,
1828 2422 1960 2462 Domino
1974 2421 2137 2459 Hiberniae,
2156 2424 2187 2453 δε
2202 2423 2281 2454 Duci
2293 2425 2334 2455 A-
2381 2431 2463 2460 1282.

1278 2461 1426 2500 quitaniae,
1441 2461 1531 2491 infans
1544 2447 1690 2499 Alfonffis,
1705 2460 1815 2491 illustris
1831 2460 1915 2499 Regis
1930 2460 2044 2499 Aragon
2065 2463 2334 2501 primogenitus,sa—
2352 2473 2404 2495 An.
2428 2479 2469 2495 ιο.

1278 2498 1365 2529 lutem
1379 2499 1412 2529 ὃ(
1427 2499 1540 2529 sincerae
1550 2499 1707 2529 diledtionis
1722 2498 1867 2529 affeetum.
2354 2512 2383 2533 E.
2408 2517 2428 2534 ι,

1316 2537 1473 2567 Serenitatis
1493 2537 1593 2567 vestrae
1609 2538 1697 2567 literas
1719 2547 1803 2568 manu
1820 2537 1880 2566 laeta
1896 2537 2061 2577 recipimus,
2080 2537 2112 2567 &
2129 2539 2191 2575 quia
2206 2539 2288 2569 nobis
2302 2539 2335 2569 si-
2356 2549 2395 2571 Ex
2414 2546 2484 2581 Orig.

1279 2573 1428 2614 gnificfistis
1448 2577 1477 2605 in
1498 2576 1534 2605 eis
1553 2575 1666 2606 salutem
1683 2576 1715 2605 δε
1730 2576 1891 2615 prosperum
1907 2574 2009 2605 statum
2024 2574 2165 2613 vestrum,
2180 2587 2212 2606 ac
2232 2577 2336 2607 Domi-
2356 2582 2426 2619 infra

1279 2623 1324 2643 nae
1342 2613 1466 2650 Reginae
1481 2613 1625 2644 Consortis
1639 2614 1794 2651 vestree,ac
1812 2613 1964 2643 liberorum
1978 2613 2258 2652 vesti·0rum,fiiimus
2277 2616 2337 2653 plu·
2355 2624 2416 2648 Tur.

1278 2653 1381 2682 timum
1399 2652 1474 2681 ilares
1494 2652 1526 2682 &
1537 2651 1674 2690 jocundi,
1690 2652 1871 2691 significantes
1882 2652 1963 2682 vobis
1978 2661 2026 2689 per
2042 2651 2175 2688 presentes
2190 2654 2265 2692 quod
2276 2664 2337 2693 nos,

1279 2700 1329 2730 per
1347 2690 1404 2720 Dei
1421 2691 1552 2730 gratiam,
1569 2689 1614 2720 die
1632 2690 1819 2721 confedtionis
1833 2690 2006 2727 praesentium
2020 2691 2184 2726 vigebamus
2200 2701 2336 2731 corporea

1280 2729 1422 2767 sospitate,
1438 2729 1515 2768 quod
1535 2729 1601 2758 scire
1626 2728 1661 2758 de
1679 2729 1759 2759 vobis
1779 2729 1879 2759 crebro
1900 2728 2092 2766 multipliciter
2113 2729 2300 2768 gauderemus.

1316 2767 1411 2804 Siquae
1428 2766 1489 2798 sunt
1507 2767 1536 2796 in
1555 2767 1675 2806 partibus
1693 2767 1793 2797 nostris
1816 2766 1961 2797 affectibus
1978 2766 2073 2797 vestris
2092 2776 2182 2804 grata,
2202 2769 2283 2798 nobis
2303 2769 2335 2799 fi-

1278 2804 1421 2836 ducialiter
1440 2806 1586 2844 intimetis,
1604 2806 1689 2844 parati
1707 2807 1783 2836 enim
1803 2805 1894 2836 sumus
1912 2816 1942 2836 ea
1961 2815 2012 2845 pro
2028 2805 2131 2835 viribus
2149 2806 2308 2844 adimplere.

1315 2881 1383 2912 Dat.
1401 2881 1500 2912 Valuc.
1519 2881 1642 2912 secundo
1662 2881 1727 2912 Kal.
1751 2881 1858 2920 Madii,
1876 2891 1952 2911 anno
1974 2881 2095 2911 Domini
2118 2882 2265 2913 millesimo
2284 2884 2335 2915 du-

1279 2921 1432 2952 centesimo
1446 2920 1622 2959 o&ogesim0
1636 2920 1766 2951 secundo.

1279 3045 1327 3076 Dc
1353 3042 1531 3085 EdmundO,
1562 3045 1674 3076 comite
1697 3041 1865 3085 Cornubiae,
1890 3041 2028 3089 effigiatam
2053 3043 2097 3075 ad
2115 3054 2220 3089 pacem
2238 3048 2270 3076 in
2288 3044 2336 3077 a'i-

1524 3092 1612 3138 verfis
1631 3090 1830 3126 comitatibus
1844 3091 2089 3137 conftrvandnm.

1279 3177 1405 3232 REX
1420 3177 1592 3209 Vicecomiii
1610 3176 1801 3208 Middlesexiae
1815 3177 1936 3208 salutem.
2355 3194 2421 3224 Am
2445 3194 2477 3224 D

1390 3215 1468 3247 Cum
1498 3216 1719 3255 assignaverimus
1745 3216 1881 3246 dilectum
1901 3215 2149 3255 Consanguirietim
2172 3217 2204 3247 δε
2224 3216 2333 3246 fidelem
2376 3219 2446 3262 153¹„

1278 3254 1406 3284 nostrum
1419 3279 1429 3293 ,
1454 3253 1641 3285 Edmundum
1662 3253 1810 3284 Comitem
1829 3253 1984 3284 Cornubiae
1999 3277 2008 3292 ,
2034 3254 2066 3284 ad
2088 3264 2185 3294 pacem
2211 3254 2332 3284 nostram
2353 3256 2409 3298 Aa*
2427 3255 2458 3298 ιζ’

1278 3293 1497 3323 conservandam
1520 3293 1548 3322 in
1564 3291 1711 3322 Comitatu
1727 3293 1880 3330 praedieto,
1897 3293 1930 3323 &
1943 3293 2104 3330 quibusdam
2118 3293 2172 3321 aliis
2185 3292 2334 3322 Coniitati-
2355 3313 2374 3335 E
2400 3292 2414 3335 ἰ

1279 3332 1328 3361 bus
1350 3331 1444 3370 Regni
1458 3330 1562 3368 nostri,
1581 3329 1711 3368 quamdiu
1729 3331 1810 3360 nobis
1824 3332 1971 3368 placuerit,
1990 3339 2072 3367 prout
2087 3332 2114 3359 in
2131 3331 2223 3360 litteris
2235 3331 2332 3360 nostris
2352 3330 2397 3373 R&
2424 3331 2428 3334 '

1278 3370 1452 3408 patentibus,
1466 3369 1558 3399 eidem
1571 3368 1680 3398 Comiti
1693 3368 1758 3398 inde
1773 3369 1925 3405 consediis,
1944 3369 2048 3408 plenius
2062 3370 2239 3404 coiitinettir3
2352 3368 2417 3411 sz,
2444 3393 2450 3410 Ι

1314 3408 1384 3438 Tibi
1405 3409 1581 3448 praecipimus
1602 3406 1680 3445 quod
1700 3407 1794 3436 eidem
1813 3406 1927 3437 Comiti
1945 3408 1978 3437 &
2000 3407 2053 3444 eis,
2071 3416 2140 3445 quos
2161 3407 2209 3435 sub
2224 3405 2281 3445 ipso
2296 3406 2330 3437 ad
2351 3407 2387 3449 E'
2404 3406 2427 3448 ,⁴

1277 3447 1516 3477 conservationem
1531 3446 1603 3483 pacis
1615 3444 1801 3484 deputaverit,
1818 3446 1846 3475 in
1857 3445 2005 3482 omnibus,
2020 3454 2082 3481 quae
2098 3444 2130 3474 ad
2145 3444 2333 3474 conservatio-
2373 3445 2378 3450 '
2419 3444 2425 3449 '

1277 3495 1345 3515 nem
1359 3486 1433 3523 pacis
1445 3486 1597 3524 pertinent,
1609 3483 1754 3513 intendens
1767 3483 1800 3514 &
1815 3483 1861 3513 res
1873 3483 1981 3513 ondens
1994 3483 2039 3520 iis,
2054 3483 2122 3512 licut
2131 3482 2218 3523 *nobis
2227 3505 2235 3519 ,
2245 3492 2332 3519 quan-

1276 3522 1438 3562 documque
1458 3533 1506 3561 per
1528 3520 1617 3559 ipsum
1633 3520 1780 3552 Comitem
1817 3532 1851 3551 ve
1875 3521 2030 3560 Deptitatos
2042 3522 2077 3549 ab
2091 3521 2166 3558 ipio,
2186 3519 2263 3557 super
2275 3520 2333 3552 hoc

1276 3562 1360 3592 fueris
1379 3562 1534 3600 requiritus,
1552 3559 1645 3589 donec
1658 3559 1730 3589 aliud
1748 3545 1811 3590 incle
1823 3559 1979 3589 duxerimus
1992 3558 2187 3587 ordinandum.

1315 3600 1370 3637 Et,
1385 3600 1405 3630 si
1424 3598 1540 3630 fortassis
1562 3598 1707 3628 continuat
1726 3597 1801 3636 quod
1822 3598 1856 3628 ali
1877 3599 1904 3627 ui
1925 3597 2130 3639 malefeslores,
2146 3597 2189 3626 vel
2205 3595 2334 3628 homines

1277 3639 1367 3676 ignoti
1388 3638 1475 3677 aliqua
1496 3636 1666 3667 conventicu
1678 3646 1693 3665 a
1708 3637 1840 3673 fecerint,
1858 3608 1894 3666 {ie
1906 3636 2004 3673 quibus
2019 3633 2122 3664 linistra
2135 3633 2245 3674 suspitio
2262 3646 2336 3673 quo-

1279 3687 1337 3715 quo
1357 3675 1446 3706 modo
1466 3674 1660 3704 rationabiliter
1683 3674 1829 3711 habeatur,
1848 3675 1881 3704 &
1895 3682 2017 3711 quorum
2035 3674 2219 3711 proterviam,
2239 3674 2293 3704 line
2306 3685 2336 3704 e-

1275 3715 1382 3754 juiiiem
1405 3713 1528 3744 Comitis
1547 3712 1684 3748 adjutorio
1695 3714 1739 3742 {eu
1755 3712 1885 3749 coniiliO,
1905 3721 1952 3748 per
1967 3720 1993 3740 te
2007 3711 2096 3750 ipsum
2111 3712 2258 3748 reprimere
2274 3723 2334 3743 non

1279 3753 1379 3791 poffis,
1394 3760 1463 3782 tune
1488 3751 1523 3780 de
1538 3750 1694 3788 hujusmodi
1711 3751 1888 3787 hominibus,
1906 3750 1938 3779 &
1953 3749 2156 3779 conventiculis
2167 3759 2282 3788 eorum,
2301 3752 2334 3781 δε

1279 3792 1401 3829 ipsorum
1422 3789 1652 3827 receptatoribus,
1671 3788 1703 3818 &
1727 3789 1812 3825 locis,
1827 3788 1871 3816 sen
1893 3787 2030 3826 partibus,
2046 3788 2072 3816 in
2094 3788 2192 3824 quibus
2214 3797 2334 3818 conver-

1278 3832 1384 3867 santur,
1409 3829 1501 3858 eidem
1519 3826 1643 3864 Comiri,
1661 3825 1710 3855 sub
1728 3827 1807 3855 omni
1829 3825 2019 3863 festinatione,
2037 3825 2169 3855 distinete
2190 3826 2223 3856 &
2241 3835 2333 3864 aperte

1279 3868 1405 3899 constare
1419 3867 1510 3901 facias,
1533 3873 1561 3894 ut
1576 3864 1631 3908 ipse
1644 3863 1678 3893 ad
1692 3864 1748 3894 hoc
1763 3864 1917 3893 remedium
1932 3872 2054 3902 apponat
2066 3873 2266 3903 opportunum.

1317 3907 1353 3937 Et
1376 3907 1432 3935 hoc
1455 3905 1503 3933 sub
1518 3902 1691 3933 forisiacfitura
1704 3903 1834 3932 omnium
1849 3903 2010 3940 bonorum,
2025 3911 2089 3941 quae
2103 3901 2220 3942 poffides
2233 3903 2260 3930 in
2276 3901 2336 3931 Re-

1279 3955 1337 3986 gno
1351 3943 1447 3975 nostro
1463 3951 1521 3972 non
1536 3943 1655 3971 omittas,

1315 4001 1403 4032 Teste
1418 4000 1498 4038 Rege
1510 3996 1582 4035 apud
1598 3994 1761 4026 Gloucestr.
1773 3994 1913 4026 tricesimo
1927 3993 1972 4025 die
1988 3994 2094 4034 Aprilis.

1818 4069 1846 4100 C
1856 4080 1871 4100 c

2351 3470 2386 3488 m.
2401 3470 2429 3495 9.

2259 4066 2337 4096 Con-
