2570 4261
623 172 754 214 ET
837 172 1158 214 ACTA

0 274 59 301 lnn.
70 265 112 298 D.
132 265 275 298 solvemus
301 261 436 295 Ecclesiae
459 261 604 292 Romanae
630 258 786 290 duodecim
807 258 921 290 Marcas
950 259 1150 299 sterlingorum
1172 259 1202 288 in

2 315 87 344 1219.
132 303 234 344 Anglia
254 302 327 336 apud
347 301 499 331 Abbariam
518 299 555 329 de
576 298 675 328 Furnis
700 296 893 329 Cisterciensis
912 298 1018 329 ordinis
1034 323 1044 337 ,
1077 299 1107 328 in
1129 296 1202 327 festo

0 353 45 378 im.
64 353 90 382 3.
132 342 338 374 Purificationis
353 337 569 382 beatae-Mariae.
583 375 589 380 ⁴

181 380 221 412 Et
241 381 261 411 fi
281 388 341 409 non
358 377 427 407 effet
449 376 489 406 1b1
506 375 603 413 aliquis
627 384 662 405 ex
683 382 761 412 parte
779 373 872 406 vestra
887 398 896 413 ,
933 375 979 406 vel
1006 373 1202 405 successorum

133 419 312 455 vestrorum,
330 415 509 456 deponentur
529 413 613 444 dietae
630 412 786 444 duodecim
802 413 913 443 Marcae
928 423 978 456 per
993 423 1045 443 nos
1061 413 1094 443 &
1110 412 1203 442 haere-

131 459 182 490 des
195 457 307 488 nostros
320 463 405 492 penes
419 452 565 483 Abbatem
581 452 614 484 &
630 451 821 483 Conventum
834 451 970 483 Eccleliae
988 451 1133 482 Romana:
1148 460 1204 481 no-

135 506 260 566 m¹ffiiinc
270 531 455 562 donationem
471 529 504 560 δε
521 528 698 559 oblationem
712 528 803 559 dietus
816 527 965 559 Dominus
983 528 1110 572 Legatus¹
1124 537 1204 558 rece<

155 575 176 604 it
191 571 225 603 ad
239 571 415 603 voluntatem
431 570 464 601 ὃς
477 566 690 604 beneplacitum
704 566 848 605 vestrum,
867 569 901 599 &
917 566 982 605 post
1007 576 1203 611 receptionem

133 584 240 644 {Clam
259 610 296 640 ab
317 619 370 647 eo,
388 608 427 638 sic
450 606 505 645 ipse
524 605 672 636 Dominus
695 605 816 645 Legatus
837 605 943 635 dieram
967 605 1089 636 Insulam
1109 605 1204 644 dedit,

135 650 209 682 mihi
222 650 256 681 &
268 646 424 679 haeredibus
438 645 507 676 meis
521 644 549 673 in
564 643 683 674 feudum
695 652 833 682 perpetuo
848 643 1045 684 poffidendam
1058 645 1091 675 &
1103 652 1204 675 tenen-

135 688 205 720 dam
219 688 338 718 nomine
351 683 486 716 Ecclesiae
500 682 664 721 Romanae,
680 683 714 714 &
729 692 778 713 me
792 681 858 712 inde
873 692 923 721 per
936 682 1072 713 annulum
1088 692 1205 714 aureum

136 725 280 758 investivit
288 749 298 763 ,
316 725 377 757 ὅτε.

176 803 289 834 Aetam
304 799 440 831 London.
458 799 487 828 in
500 796 606 828 Domo
623 796 740 828 Militiae
752 796 871 835 Templi
889 807 921 828 11
940 797 1006 829 Kal.
1020 797 1131 829 chtob.
1143 796 1206 827 An-

138 851 180 872 no
195 840 319 872 Domini
332 838 482 869 millesimo
492 835 688 867 ducentesimo
703 835 818 867 decimo
831 846 919 868 nono.

177 917 231 955 Et,
249 925 287 946 ne
305 915 386 954 super
407 914 448 944 his
469 912 619 951 aliquando
642 912 728 952 poffit
739 912 876 953 dubitari,
895 913 942 945 has
957 913 1047 945 literas
1062 911 1124 943 fieri
1137 909 1206 941 feci-

139 964 203 986 mus
218 962 360 993 patentes,
378 953 412 984 δε
425 952 516 990 sigillo
530 951 632 983 nostro
647 953 759 983 muniri.

309 1082 360 1115 De
381 1079 527 1113 condaefiu
536 1091 593 1127 pro
608 1080 771 1128 Reginaldo
788 1084 866 1127 Rege
885 1079 922 1113 de
935 1082 1034 1113 Man.

0 1186 68 1216 [mn.
80 1182 123 1214 D·
142 1165 259 1222 REX
281 1166 417 1197 omnibus
437 1165 549 1198 Ballivis
570 1167 605 1198 &
624 1166 751 1197 fidelibus
763 1166 830 1204 suis,
848 1165 896 1197 has
910 1164 1014 1196 litteras
1028 1163 1210 1203 inspeeturis,

0 1232 94 1300 ἐξῇ·
181 1203 345 1274 Scidiilst‘iigs
358 1243 504 1282 suscepiffe
516 1245 546 1275 iri
561 1244 666 1275 salvum
681 1243 715 1274 &
729 1242 860 1273 securum
875 1242 1054 1274 conductum
1074 1241 1210 1272 dilestum

145 1281 179 1312 &
199 1280 313 1312 fidelem
333 1282 464 1314 nostrum
486 1282 676 1321 Reginaldum
698 1280 812 1320 Regem
835 1281 871 1311 de
892 1281 965 1311 Man
980 1305 990 1318 ,
1024 1281 1058 1311 &
1079 1280 1211 1324 homines

144 1319 223 1359 suos,
264 1331 314 1351 uos
329 1321 425 1352 secum
441 1320 551 1350 duxerit
586 1330 636 1357 per
648 1326 739 1349 totam
753 1319 924 1357 potestatem
938 1319 1081 1357 nostram,
1098 1329 1128 1349 in
1143 1329 1212 1350 eun-

144 1356 185 1388 do
196 1369 246 1389 ver
258 1368 288 1388 us
301 1367 403 1390 terram
416 1359 492 1389 suam
507 1357 543 1388 de
558 1344 642 1388 Man.
701 1396 707 1401 ο
851 1395 857 1401 .
881 1395 886 1401 ἡ
1193 1397 1198 1402 Β

180 1396 220 1427 Et
243 1396 308 1427 ideo
330 1398 413 1428 vobis
433 1395 616 1434 mandamus,
634 1395 750 1426 firmiter
771 1403 982 1436 praecipientCS,
1001 1395 1081 1433 quod
1096 1405 1151 1426 nec
1173 1406 1215 1426 ei-

140 1434 210 1465 dem
226 1434 386 1474 Reginaldo
408 1434 486 1474 Regi
507 1434 543 1465 de
566 1433 658 1472 Man,
678 1444 731 1464 nec
753 1434 805 1464 suis
831 1433 957 1472 malum,
974 1433 1148 1473 dampnum,
1166 1443 1214 1467 aut

144 1474 185 1504 im
207 1473 383 1503 edimentum
395 1472 497 1511 aliquid
510 1473 614 1503 faciatis
623 1496 632 1510 ,
649 1481 697 1502 aut
708 1472 769 1502 fieri
786 1473 958 1511 permittatis.

216 1512 305 1542 urabit
323 1519 418 1542 autem
439 1510 599 1542 conduetus
619 1510 672 1542 iste
693 1511 780 1550 usque
804 1509 840 1542 ad
855 1511 959 1542 instans
973 1511 1063 1544 natale
1075 1510 1215 1551 Domini,

142 1559 220 1581 anno
234 1549 332 1589 Regni
345 1549 435 1581 nostri
450 1558 559 1589 quarto.

0 1343 50 1367 Pat.
68 1348 94 1376 3.

0 1382 124 1416 [ΞΛΜ.

181 1625 222 1659 Et
234 1627 265 1657 in
279 1626 361 1667 hujus
375 1628 417 1659 rei
429 1627 646 1667 testimonium,
664 1628 726 1660 &e

179 1703 273 1735 ‘reste
297 1703 433 1735 Domino
462 1703 551 1734 Petro
577 1704 774 1735 wintoniensi
791 1703 936 1743 Episcopo
949 1728 958 1741 ,
996 1703 1070 1743 apud
1089 1703 1218 1735 Novum

143 1741 305 1786 Templum
326 1741 471 1781 London,
488 1742 627 1775 vicesimo
649 1751 751 1781 quarto
768 1741 814 1774 die
838 1742 1029 1782 Septembris,
1048 1752 1139 1781 ann0,
1157 1744 1218 1775 δίς.

142 1787 237 1812 tertio.

519 1918 578 1949 Pro
598 1918 675 1962 Rege
696 1913 732 1948 de
748 1917 846 1949 Man.

143 1997 454 2068 Rliggomnibus,
479 1999 515 2031 ad
538 2009 611 2038 quos
632 1998 782 2038 praesentes
802 1998 900 2031 litterae
920 1999 1116 2039 pervenerint,
1148 1999 1219 2031 salu-

181 2075 280 2106 Sciatis
319 2076 377 2106 uod
397 2076 517 2108 dile<5⁷tus
537 2077 572 2108 &
592 2076 680 2107 fidelis
700 2076 798 2108 noster
821 2075 996 2114 Reginaldus
1005 2076 1072 2107 Rex
1085 2076 1122 2107 de
1144 2075 1218 2107 Man

146 2115 226 2157 venit
247 2113 283 2145 ad
326 2114 395 2145 dem
414 2116 448 2147 &
469 2115 612 2147 servitium
631 2115 782 2155 nostrum,
801 2116 835 2147 &
849 2116 931 2145 nobis
945 2115 1114 2154 homagium
1137 2115 1219 2146 suum

143 2152 220 2221 fecEitt.
233 2189 300 2221 ideo
313 2191 398 2222 vobis
413 2190 581 2223 mandamus
594 2192 673 2231 quod
687 2194 718 2223 in
732 2200 834 2224 terram
849 2191 931 2230 ipsius
952 2192 1103 2232 Reginaldi
1126 2192 1219 2230 Regis

144 2227 182 2259 de
198 2229 271 2260 Man
283 2229 360 2261 salvo
375 2231 410 2261 &
424 2230 521 2261 secure
533 2232 666 2270 veniatis,
685 2232 719 2262 δε
735 2232 849 2271 negotia
861 2231 954 2262 vestra
967 2231 1075 2263 ibidem
1089 2232 1220 2270 expedia-

143 2268 179 2298 tis
185 2267 365 2346 thilixarlridljnds
367 2268 501 2347 {ugit-ad
515 2269 603 2301 fidem
619 2271 653 2302 ὃς
669 2270 813 2302 servitium
825 2269 966 2302 nostrum.

0 2025 98 2056 ibidem.

185 2381 277 2415 Teste
290 2384 430 2426 utsupra,
448 2395 543 2425 anno,
561 2386 623 2418 δίε.
642 2386 735 2418 tertio.

0 2466 101 2498 [bidem.
182 2460 348 2498 Reginaldus
365 2465 427 2491 Rex
440 2463 472 2492 de
488 2465 563 2492 Man
578 2462 662 2492 habet
676 2462 785 2492 litteras
800 2465 913 2492 Domini
925 2464 1003 2500 Regis
1024 2463 1057 2493 cle
1075 2463 1221 2503 proteft‘io-

146 2509 180 2529 ne
203 2500 319 2529 directas
340 2499 502 2540 Justiciario
522 2501 666 2530 Hiberniae
685 2499 724 2536 ὀύ
745 2501 900 2530 Baronibus
922 2500 962 2536 ὠ·
984 2500 1045 2531 aliis
1060 2526 1070 2540 ,
1091 2500 1222 2543 fidelibus

147 2539 226 2605 Relgis
236 2538 397 2576 Hiberniae5
409 2538 456 2578 Jet
467 2542 496 2569 in
500 2539 563 2582 fine
576 2539 736 2570 litterarum
750 2538 862 2570 illarum
875 2539 1061 2582 appqfitafuit
1075 2539 1132 2570 haec
1146 2539 1222 2570 clau-

159 2586 175 2604 u
187 2587 215 2605 a.
1014 2604 1017 2605 r

139 2574 169 2614 s
185 2615 204 2633 ’¹‘
219 2617 247 2644 Si
261 2625 327 2644 vero
341 2618 442 2645 inimici
453 2615 535 2656 nostri
549 2614 588 2651 ὠ·
596 2618 639 2655 sui
649 2615 849 2655 inficrrexerint
863 2619 892 2646 in
906 2627 952 2646 nos
966 2615 1006 2651 ὠ
1021 2620 1051 2646 in
1064 2615 1147 2656 ipfimt
1159 2641 1168 2655 ,
1183 2617 1226 2647 ad

146 2653 291 2692 dampnum
306 2660 389 2684 terra>
402 2653 497 2694 nostrae
510 2653 549 2689 ᾤ’
556 2653 634 2694 ficae,
653 2661 718 2685 tunc
731 2659 755 2684 ei
771 2654 893 2685 viriliter
909 2655 973 2696 fitis
993 2655 1162 2685 auxiliantes
1183 2657 1226 2686 ad

146 2698 229 2722 terrae
249 2690 345 2731 nostrae
365 2690 404 2727 ὦ·
419 2691 481 2731 fiaeae
500 2692 691 2734 dfinfionem,
708 2694 751 2724 ad
751 2692 840 2736 fidem
853 2692 892 2729 ὠ
910 2694 1070 2726 commodum
1085 2694 1222 2734 nostrum,

147 2729 275 2770 quamdiu
281 2730 406 2771 fideliter
432 2743 446 2760 e
459 2731 573 2763 habebit
587 2742 652 2770 erga
670 2742 727 2763 nos.

182 2771 227 2799 Et
238 2771 269 2798 in
281 2768 379 2808 hujus,
437 2781 459 2799 c.

0 2620 48 2649 ⁸1.
63 2628 127 2658 235.

183 2844 276 2876 Teste
288 2853 320 2877 ut
334 2845 422 2885 supra.

146 2970 239 3003 Bulla
263 2968 301 3003 de
329 2969 577 3004 Conventionibns
602 2975 681 3006 inter
706 2973 802 3019 Angl.
827 2975 864 3011 (ῥ’
890 2974 990 3006 Scotiae.
1005 2975 1097 3022 Reges
1113 2974 1220 3020 confir-

488 3019 608 3053 mandis
624 3021 677 3055 vel
693 3019 894 3066 infirmandis.

0 3126 67 3160 Am
88 3125 118 3157 D
150 3101 359 3165 HOnorius
370 3103 545 3149 Episcopus,
563 3105 655 3137 servus
669 3107 817 3139 servorum
839 3106 916 3152 Dei,
934 3106 1041 3139 dilesto
1064 3107 1124 3138 filio
1146 3106 1222 3153 Pan-

69 3150 75 3156 ·
125 3150 131 3157 ·
241 3143 352 3181 dulpho
369 3143 543 3175 NorWicen.
568 3143 689 3184 Ele-sto,
715 3145 881 3177 Camerario
905 3145 1021 3185 nostro,
1043 3145 1222 3186 Apostolicae

0 3174 105 3233 ⁴2:²29·
153 3178 221 3210 sedis
235 3180 362 3249 ngato,
377 3181 505 3227 Salutem
520 3182 554 3213 &
566 3182 752 3226 apostolicam
768 3184 1009 3215 benedicitionem.
1087 3225 1092 3230 ι
1177 3225 1183 3230 Ι

0 3225 95 3279 H.'3'.⁸
188 3218 256 3249 Cari
280 3229 354 3250 imus
374 3230 404 3250 in
423 3219 544 3251 Christo
564 3220 649 3251 Filius
668 3222 763 3252 noster
778 3247 788 3261 ‚
820 3223 886 3253 Rex
907 3223 1064 3254 Scotorum
1085 3223 1197 3255 illustris
1209 3249 1220 3263 ,

151 3258 235 3288 nobis
252 3258 321 3288 fecit
333 3258 476 3289 humiliter
489 3259 634 3297 supplicari
650 3268 682 3290 ut
695 3261 952 3302 compositionem,
971 3271 1035 3300 quae
1049 3264 1121 3293 inter
1137 3263 1220 3293 clarae

150 3297 299 3327 memoriae
311 3295 502 3327 Willielmum
523 3306 632 3336 patrem
652 3297 750 3337 suum,
769 3301 802 3331 &
823 3300 928 3330 inclitae
946 3300 1149 3331 recordationis
1165 3302 1220 3340 Jo-

148 3336 274 3366 hannem
290 3334 406 3374 Regem
418 3334 530 3375 Angliae
546 3336 617 3366 olim
633 3346 686 3373 pro
697 3338 779 3368 bono
791 3340 866 3375 pacis
879 3338 959 3377 super
970 3338 1082 3370 diversis
1098 3340 1220 3371 articulis

147 3374 315 3411 intervenit,
334 3380 419 3411 prout
432 3373 461 3402 in
476 3373 599 3412 ejusdem
612 3374 701 3415 Regis
715 3375 826 3416 Angliae
844 3377 940 3408 litteris
960 3378 1068 3415 plenius
1088 3380 1219 3409 contine-

148 3420 212 3450 tur,
236 3421 356 3451 quarum
373 3411 569 3449 transcriptum
609 3413 660 3443 sub
680 3414 700 3444 si
720 3414 771 3444 illis
792 3416 995 3447 venerabilium
1018 3417 1137 3448 fratrum
1152 3428 1219 3448 nos-

147 3458 260 3481 trorum
283 3450 379 3481 Sancti
401 3449 543 3489 Andreae,
572 3435 689 3482 bunkel
710 3462 755 3483 en.
775 3453 809 3484 ὃς
830 3452 968 3484 Catanen.
989 3454 1218 3495 Episcoporum,

148 3490 232 3520 nobis
247 3490 337 3520 extitit
352 3488 565 3527 praesentatum,
583 3489 753 3522 confirmare
763 3492 810 3523 vel
824 3491 981 3532 infirmare,
997 3494 1068 3526 sicut
1083 3494 1153 3525 effer
1166 3510 1217 3516 —-—

146 3527 312 3559 faciendum
324 3528 362 3559 de
371 3528 449 3567 jure,
464 3528 630 3558 auetoritate
642 3529 797 3567 apostolica
807 3529 996 3569 dignaremur.

187 3566 266 3606 Qia
281 3566 385 3605 igitur,
403 3567 431 3596 in
444 3574 523 3597 tanto
538 3567 672 3606 negotio),
689 3578 750 3599 non
762 3569 811 3600 nili
824 3579 937 3601 maturo
951 3569 993 3601 est
1012 3571 1132 3602 consilio
1167 3582 1216 3603 ro-

147 3604 328 3643 cedendum,
354 3615 407 3636 nos
427 3605 464 3636 de
484 3604 740 3643 circumspectione
759 3615 806 3638 tua
826 3609 940 3646 plenam
964 3614 993 3640 in
1007 3610 1129 3641 domino
1164 3611 1216 3641 du-

147 3644 223 3674 ciam
237 3644 416 3683 optinentes,
432 3644 593 3687 discretioni
607 3652 664 3675 tuae
678 3654 727 3682 per
740 3644 906 3683 Apostolica
920 3648 1019 3688 scripta
1032 3649 1216 3688 mandamus,

142 3691 283 3720 quatenus
298 3682 441 3720 praedietae
454 3683 668 3721 compoiitionis
688 3691 820 3714 tenorem
834 3686 868 3716 &
888 3687 1109 3717 circumstantias

293 3721 440 3759 inspiciens
454 3722 617 3763 diligenter,
635 3731 699 3752 earn
718 3721 884 3754 auctoritate
908 3725 1021 3764 nostra,
1039 3726 1147 3757 sublato
1167 3736 1182 3756 a
1203 3744 1216 3749 -

145 3757 301 3801 pellationis
316 3760 484 3800 obstaculo,
502 3760 671 3792 confirmare
691 3759 738 3791 vel
756 3759 897 3792 infirmare
916 3773 1071 3803 procures,
1088 3765 1160 3796 sicut
1179 3736 1216 3795 de

143 3804 209 3834 Jure
223 3796 325 3829 videris
339 3798 478 3839 expedire.

0 3286 39 3309 Ex
54 3285 112 3309 Aa·

0 3325 62 3357 togr.

148 3871 255 3941 tioDat.
281 3875 412 3909 Lateran.
431 3886 454 3917 4
474 3875 517 3908 Id.
542 3876 733 3911 Novembris.
751 3875 931 3915 pontificatus
953 3878 1043 3910 nostri
1066 3889 1143 3912 anno
1160 3888 1216 3912 ter·

823 3991 878 4024 Sub
897 3992 945 4034 filo
959 3994 1084 4026 canabeo.

1241 169 1829 221 PUBLICA.
2251 196 2304 237 79

2269 310 2291 313 -
2324 296 2400 328 Ann.
2411 296 2453 327 D.

2350 344 2436 373 1219.

1297 350 1417 382 Littera
1442 348 1616 397 Pandulphi
1647 352 1858 397 certificatoria
1878 354 1914 389 de
1938 357 2049 402 negotio
2076 367 2146 389 cum
2168 358 2248 404 Rege
2323 379 2387 403 Hen.
2409 385 2433 412 3·

1719 405 1827 436 Scotiae.

1242 481 1317 544 IN
1334 481 1467 515 Crastino
1482 483 1568 515 unffi
1583 484 1657 515 Petri
1671 485 1706 516 ad
1726 487 1857 525 vincula,
1873 488 1972 520 diebus
1991 491 2202 530 continuandis,
2221 501 2305 524 com·
2320 499 2371 525 An.
2385 502 2415 533 4;

1292 524 1413 559 paruerit
1432 532 1531 554 coram
1554 525 1636 554 nobis
1658 524 1803 555 Dominus
1825 526 1980 558 Alexander
1993 529 2058 560 Rex
2073 531 2228 562 Scotorum
2273 543 2305 563 ro
2322 540 2356 563 H.
2380 546 2404 571 3.

1242 568 1320 597 parte
1334 561 1393 600 sua,
1413 562 1446 592 ὃς
1461 561 1488 593 S.
1508 561 1545 592 de
1558 562 1679 603 Segrave
1694 562 1796 602 Miles,
1815 573 1849 594 ex
1862 574 1938 602 parte
1960 567 2081 600 Domini
2102 569 2223 601 Henrici
2276 581 2305 601 e·
2323 577 2360 600 Ex
2370 573 2455 603 Burid-

1242 599 1285 635 gis
1300 599 1429 638 Angliae,
1443 600 1617 632 Procurator
1632 601 1753 633 Domini
1766 603 1854 639 Regis
1868 604 1940 641 apud
1954 605 2090 636 Norbam
2099 632 2108 645 ,
2124 609 2203 647 super
2217 609 2305 647 causa,
2321 613 2433 640 Littera-

1246 647 1310 675 quae
1326 639 1398 669 verti
1413 639 1570 676 sperabatur
1584 650 1684 671 coram
1700 641 1783 672 nobis
1797 650 1831 671 ex
1846 641 1954 679 speciali
1970 645 2101 675 mandato
2115 646 2237 677 Domini
2253 648 2306 678 Pa-
2324 660 2382 677 rum
2397 651 2423 676 in

1263 685 1304 714 ae,
1329 676 1366 707 de
1385 678 1641 715 compositionibus
1662 678 1760 711 habitis
1783 680 1855 710 inter
1876 681 1961 711 bonae
1982 685 2130 714 memorie
2145 685 2308 722 johannem
2325 691 2403 715 Turre

1276 724 1358 754 egem
1373 715 1503 756 Angliae,
1521 717 1555 748 ὃ(
1569 717 1761 749 Willielmum
1775 718 1889 760 Regem
1900 719 2073 760 Scotorum,
2091 731 2216 759 parentes
2238 725 2311 762 ipso-
2327 728 2434 756 London.

1244 762 1318 783 rum.

1282 791 1320 822 Et
1333 799 1418 830 tunc,
1437 791 1475 824 de
1487 793 1623 825 consensu
1637 794 1706 826 dieti
1721 795 1768 827 Re
1789 796 1809 826 is
1825 795 1997 836 Scotorum,
2017 799 2051 829 ὃς
2075 798 2104 830 S.
2123 801 2313 840 procuratoris

1243 828 1313 860 dieti
1334 830 1423 870 Regis
1442 831 1571 872 Angliae,
1596 832 1673 864 datus
1696 834 1736 864 est
1758 805 1834 872 dgies,
1860 837 1890 866 in
1911 837 2033 868 crastino
2057 837 2227 869 Animarum
2247 839 2312 876 post

1245 866 1350 912 festum
1363 871 1495 914 omnium
1509 871 1688 910 sanctorum,
1706 873 1739 903 ad
1756 874 1933 905 tractandum
1947 875 1984 906 de
2005 885 2075 914 pace
2091 886 2190 908 coram
2212 878 2312 916 nobis,

1245 905 1412 945 ubicunque
1425 908 1575 947 fuerimus,
1594 910 1665 940 inter
1680 910 1772 942 ὥᾶοε
1786 912 1889 952 Reges.

1284 943 1337 988 Er,
1357 946 1376 975 fi
1391 955 1443 990 92³1
1459 955 1527 977 tunc
1542 958 1602 978 non
1616 950 1720 986 poterit
1734 953 1902 991 provenire,
1918 951 2087 990 procedetur
2101 954 2131 985 in
2143 953 2316 991 cauia,sicut

1247 980 1284 1012 de
1294 992 1358 1021 Jure
1373 983 1457 1015 fuerit
1472 985 1648 1022 procedend.

1293 1114 1441 1162 Ejusdem
1458 1116 1524 1150 alia
1543 1118 1665 1150 Littera
1680 1116 1718 1151 de
1737 1130 1769 1152 re
1786 1118 1890 1153 eadem
1908 1122 2045 1168 Epifiopo
2062 1124 2263 1170 Wntonienfi.

1249 1201 1467 1265 VEnerabili
1483 1203 1511 1232 in
1528 1201 1648 1234 Christo
1668 1204 1738 1241 patri
1756 1202 1845 1236 Petro
1880 1205 1940 1238 Dei
1958 1206 2063 1245 gratia,
2080 1208 2215 1241 Winron.
2234 1210 2317 1250 Epis-
2346 1217 2423 1249 Ama,
2436 1216 2470 1248 D

1330 1251 1409 1280 copo
1441 1240 1716 1285 Pandulsus,eadem
1752 1244 1834 1282 tatia,
1853 1228 2052 1275 Norwicensis
2065 1245 2319 1287 Electus,Domi-
2366 1265 2451 1295 1219.

1250 1279 1289 1323 ni.
1301 1279 1387 1318 Papae
1406 1266 1600 1319 Camerarius,
1619 1280 1733 1319 Aposto
1745 1283 1797 1313 icae
1823 1282 1891 1313 sedis
1907 1282 2048 1323 Legarus,
2066 1284 2182 1316 salutern
2201 1287 2231 1316 in
2251 1287 2318 1318 Do·
2336 1299 2388 1324 An.
2404 1307 2433 1331 4·

1251 1327 1340 1349 mmo.

1289 1357 1462 1388 Discretioni
1476 1356 1578 1389 vestrae
1593 1357 1713 1397 dignum
1728 1358 1858 1390 duximus
1873 1359 2064 1391 intimandum
2080 1362 2176 1401 quod,
2194 1372 2244 1401 per
2258 1372 2320 1404 gra-
2338 1339 2378 1399 ἔκ
2385 1343 2457 1399 ἐιᾷη-

1252 1396 1321 1426 tiam
1343 1396 1418 1434 Dei,
1436 1398 1555 1435 negotiis
1577 1396 1700 1428 Domini
1719 1397 1809 1428 nostri
1828 1398 1918 1438 Regis
1933 1408 2002 1430 cum
2015 1399 2099 1440 Rege
2111 1400 2216 1432 Scotiae
2228 1402 2321 1433 lauda-
2341 1410 2389 1437 del.
2406 1412 2463 1437 Lit-

1252 1434 1345 1464 biliter
1368 1435 1518 1472 expeditis,
1533 1434 1568 1465 ad
1587 1436 1722 1474 praesens,
1742 1436 1812 1467 sicut
1833 1437 1984 1475 prudentes
1996 1439 2067 1477 viri,
2087 1439 2116 1469 S.
2133 1439 2170 1470 de
2183 1439 2322 1480 Segtave,
2340 1455 2456 1475 terarum

1254 1473 1288 1504 &
1304 1472 1443 1513 Magister
1457 1473 1604 1504 Robertus
1617 1474 1654 1505 de
1669 1475 1756 1505 Aren.
1776 1474 1859 1506 vobis
1871 1477 1976 1507 referre
1991 1485 2126 1514 poterunt
2146 1479 2211 1510 viva
2230 1490 2323 1518 voce,
2343 1488 2368 1513 in
2378 1489 2456 1519 Tum

1254 1511 1289 1542 ad
1303 1522 1355 1542 vos
1368 1512 1530 1542 festinamus
1544 1512 1652 1552 redire,
1671 1521 1703 1544 ut
1715 1513 1796 1552 super
1808 1513 1860 1543 hiis
1873 1515 1907 1545 ὃς
1928 1514 2001 1553 aliis,
2020 1515 2054 1546 ad
2073 1515 2242 1548 Dominum
2262 1518 2324 1548 Re-
2342 1525 2451 1552 madon,

1253 1559 1321 1589 gem
1312 1550 1540 1619 e{pediantibuffi
1556 1561 1625 1582 cum
1637 1551 1734 1585 vestro
1748 1552 1866 1584 consilio
1879 1553 2068 1594 procedamus
2090 1554 2161 1586 ficut
2181 1556 2324 1587 videbitur

1256 1598 1291 1619 ex
1349 1599 1396 1620 ire.

1334 1638 1454 1659 onemus
1473 1637 1568 1659 autern
1587 1628 1783 1660 discretionem
1804 1629 1927 1661 vestram
1951 1633 2081 1663 attentius
2101 1632 2136 1664 &
2157 1633 2325 1665 mandamus

1258 1667 1402 1706 quatinus,
1420 1669 1495 1698 circa
1509 1669 1621 1707 negotia
1633 1668 1714 1706 ipsius
1729 1667 1853 1700 Domini
1865 1669 1973 1708 Regis,
1992 1680 2076 1702 more
2089 1671 2109 1692 ²*
2129 1672 2230 1711 solito,
2248 1673 2324 1704 solli·
2347 1679 2362 1697 ³*
2379 1680 2401 1708 1.
2413 1679 2475 1716 236.

1256 1706 1306 1736 citi
1319 1705 1481 1743 existentes,
1501 1705 1539 1737 sic
1554 1716 1585 1736 ea
1601 1709 1756 1745 procuretis
1770 1708 1883 1739 viriliter
1898 1710 1932 1740 ὃ(
1947 1709 2113 1749 prudenter,
2128 1711 2207 1750 quod
2221 1711 2257 1742 ad
2270 1712 2326 1742 ho-

1257 1753 1361 1774 norem
1380 1746 1413 1776 &
1437 1745 1584 1775 utilitatem
1604 1745 1672 1776 dicti
1696 1745 1818 1777 Domini
1838 1747 1926 1788 Regis
1946 1748 2043 1788 cedat,
2060 1750 2095 1782 δε
2115 1749 2208 1782 vestra
2227 1752 2326 1789 proin-

1257 1781 1294 1813 de
1304 1783 1394 1815 valeat
1409 1783 1555 1824 prudentia
1569 1785 1808 1816 recommendati.

1428 1921 1477 1952 De
1490 1918 1598 1964 fhrma
1617 1919 1738 1965 Treugae
1756 1922 1831 1966 Regi
1852 1921 1985 1953 Francia
2001 1921 2161 1956 mittenda.

1257 2003 1501 2065 PAndulphus,
1520 2003 1579 2035 Dei
1599 2005 1701 2044 gratia,
1720 2004 1916 2037 Norwicenfis
1938 2006 2072 2046 Eletftus,
2091 2008 2216 2040 Domini
2238 2009 2324 2049 Papae
2349 2011 2424 2042 Ann.
2437 2010 2478 2041 D.

1325 2042 1521 2082 Camerarius,
1537 2043 1715 2083 Apostolicae
1728 2043 1796 2075 sedis
1812 2044 1951 2084 Legarus,
1971 2046 2077 2077 Nobili
2091 2049 2155 2078 viro
2177 2049 2211 2079 &
2232 2051 2328 2080 amico
2376 2060 2462 2080 1220.

1261 2080 1404 2112 cariffimo
1419 2081 1553 2112 Huberto
1566 2081 1602 2113 de
1618 2081 1731 2122 Burgo,
1747 2082 1907 2121 Justiciario
1923 2085 2051 2125 Angliae,
2066 2085 2199 2126 salutem,
2218 2087 2252 2118 ὃς
2275 2088 2330 2118 sin-
2349 2093 2401 2118 An.
2415 2099 2446 2125 4.

1259 2129 1333 2151 cerae
1346 2120 1504 2151 dilectionis
1518 2120 1665 2152 affeetum.
2351 2133 2385 2156 H.
2407 2138 2433 2164 3.

1296 2158 1422 2190 Utinam
1445 2159 1524 2198 quod
1543 2159 1641 2200 finguli
1660 2160 1694 2191 ὅτ
1713 2161 1850 2200 universi,
1869 2162 1916 2201 qui
1937 2161 2028 2193 sciunt
2063 2164 2096 2195 δε
2109 2163 2225 2202 poffiint
2242 2163 2330 2204 Regis
2350 2171 2378 2194 In
2393 2171 2462 2194 Etm-

1259 2197 1294 2228 &
1308 2197 1404 2238 Regni
1417 2197 1550 2236 prodeffe
1562 2208 1580 2228 n
1618 2199 1696 2237 otiis,
1716 2209 1747 2230 ea
1758 2199 1791 2230 ad
1807 2202 2006 2238 promovenda
2019 2187 2117 2233 d’arent
2129 2213 2246 2242 operam
2267 2204 2329 2236 effi-
2351 2205 2403 2234 dela
2424 2207 2480 2233 Lit-

1259 2245 1360 2268 cacem
1375 2237 1458 2276 (sicut
1471 2208 1617 2275 tenentis}
1630 2237 1790 2269 neceffitate
1806 2241 1942 2277 temporis
1955 2241 1998 2270 exi
2019 2250 2092 2271 ente.
2348 2252 2464 2272 terarum

1297 2275 1367 2307 Nos
1381 2277 1459 2308 enim
1474 2275 1557 2315 (teste
1571 2276 1652 2314 Deo)
1668 2276 1703 2307 ad
1716 2287 1748 2308 ea
1762 2278 1904 2317 facienda,
1916 2289 1981 2317 quae
1997 2249 2074 2319 Regi
2084 2280 2216 2318 expedire
2230 2281 2328 2313 viden-
2349 2284 2374 2311 in
2384 2285 2464 2310 Turre

1259 2319 1306 2344 tur
1322 2315 1357 2347 &
1372 2325 1481 2355 regno,
1500 2315 1617 2347 fideliter
1627 2316 1799 2348 intendimus
1813 2318 1847 2349 &
1861 2318 1999 2356 libenter,
2013 2329 2067 2350 nec
2083 2322 2262 2358 pepercimus
2278 2331 2331 2352 no-
2349 2321 2427 2350 Lond.

1262 2351 1306 2383 bis
1320 2353 1414 2385 adhuc
1429 2356 1458 2384 in
1472 2355 1614 2385 laboribus
1627 2354 1673 2386 vel
1686 2356 1818 2393 expensis.

1295 2391 1423 2432 Verum,
1443 2394 1508 2433 quia
1526 2393 1642 2424 difficile
1663 2394 1747 2424 nobis
1761 2394 1831 2426 effet
1847 2396 1982 2434 (maxime
1996 2404 2130 2435 tempore
2145 2397 2212 2435 isto)
2233 2399 2331 2430 venire

1258 2430 1352 2462 versus
1366 2441 1456 2469 partes
1470 2432 1616 2471 London,
1635 2433 1669 2464 &
1683 2433 1784 2464 exinde
1799 2435 1892 2465 versus
1913 2435 2099 2479 Wigorniam
2120 2436 2265 2475 laborare,
2284 2437 2333 2467 ubi

1260 2468 1390 2508 praefixus
1403 2470 1443 2501 est
1458 2471 1516 2502 dies
1532 2471 1685 2502 Lewelino
1698 2472 1732 2503 ὃς
1747 2472 1803 2502 aliis
1816 2473 1852 2503 de
1867 2472 1998 2503 Marchia
2012 2474 2040 2503 in
2056 2474 2176 2506 oetavis
2196 2473 2333 2506 Purifica-

1259 2509 1358 2547 tionis,
1376 2519 1437 2540 non
1460 2511 1605 2540 miremini
1623 2510 1660 2548 fi,
1679 2510 1713 2541 ad
1736 2511 1870 2551 praesens,
1888 2512 2043 2543 secundum
2065 2513 2145 2551 quod
2171 2512 2332 2553 scripsistis,

1260 2557 1321 2577 non
1335 2547 1497 2578 accedimus
1511 2548 1546 2578 ad
1558 2556 1646 2586 partes
1661 2548 1736 2586 ipsas.

1298 2585 1405 2616 Unum
1419 2595 1513 2617 autem
1528 2587 1665 2617 vellemus
1673 2588 1724 2626 ,&
1737 2587 1796 2618 hoc
1812 2588 1982 2619 consulimus
1997 2588 2031 2619 ὃς
2046 2588 2213 2621 mandamus
2226 2590 2331 2621 instan—

1260 2631 1319 2663 ter,
1338 2633 1387 2663 ut,
1405 2624 1559 2656 secundum
1573 2625 1697 2656 formam
1734 2636 1799 2657 uam
1812 2627 1894 2658 vobis
1908 2628 2046 2657 mittimus
2070 2629 2247 2660 interclusam
2284 2628 2331 2660 vel

1260 2663 1342 2693 aliam
1363 2663 1529 2702 meliorem,
1550 2664 1582 2701 (si
1604 2637 1750 2701 videritig·
1763 2665 1830 2696 fiant
1842 2665 1941 2696 litterae
1954 2675 1988 2696 ex
2003 2675 2080 2704 parte
2095 2667 2220 2698 Domini
2242 2654 2332 2708 Regis

1260 2700 1295 2731 ad
1318 2700 1435 2739 Regem
1457 2702 1584 2733 Franciae
1599 2726 1609 2742 ,
1641 2713 1696 2741 pro
1714 2703 1894 2744 Treugarum
1914 2705 2114 2743 prorogatione
2142 2707 2306 2745 requirenda
2321 2732 2331 2745 ,

1260 2739 1415 2771 secundum
1438 2741 1562 2772 formam
1582 2751 1668 2780 quarn
1684 2744 1829 2773 transmisit
1841 2767 1851 2782 ,
1879 2743 1898 2773 fi
1919 2743 2021 2773 habere
2038 2745 2249 2783 nequiverimus
2269 2756 2329 2776 me-

1259 2778 1378 2818 liorem,
1399 2780 1434 2811 &
1452 2781 1544 2811 mittas
1562 2780 1666 2819 ipsam,
1690 2780 1747 2811 fine
1766 2791 1863 2819 mora,
1890 2791 1940 2819 per
1958 2782 2083 2820 aliquem
2099 2784 2193 2814 virum
2209 2784 2322 2824 religio-

1260 2817 1339 2856 sum,
1358 2828 1444 2856 quem
1456 2818 1490 2849 ad
1505 2819 1563 2850 hoc
1582 2819 1705 2850 videritis
1723 2829 1937 2861 opportunum,
1955 2821 2092 2858 provisuri
2111 2829 2141 2853 ut
2156 2822 2188 2860 (fi
2200 2832 2328 2861 unquam

1261 2856 1319 2887 effe
1332 2857 1446 2896 poterit)
1462 2857 1535 2895 apud
1547 2858 1601 2888 Wi
1621 2860 1731 2895 orniam
1746 2859 1884 2897 praedieto
1898 2860 2023 2890 termino
2037 2861 2161 2891 veniatis.

1297 2895 1416 2925 Interim
1428 2895 1463 2926 ad
1477 2896 1586 2926 faetum
1602 2867 1743 2928 Scaccarii'
1753 2898 1824 2929 detis
1837 2907 1955 2935 operam
1976 2898 2143 2938 efficacem,
2161 2897 2231 2931 sicut
2252 2898 2329 2939 Regi

1259 2934 1294 2966 &
1309 2933 1416 2974 Regno
1429 2935 1604 2974 cognoscatis
1617 2936 1756 2974 expedire.
1795 2936 1860 2969 Hiis
1871 2946 1924 2968 nos
1939 2936 2093 2968 scribimus.

1299 3013 1344 3041 W
1342 3015 1428 3041 inton.
1445 3010 1569 3050 Epistopo
1587 3010 1626 3046 ὠ

1297 3052 1415 3080 Domino
1434 3052 1478 3080 W.
1499 3054 1620 3081 Briwer.

1294 3125 1362 3158 Dat.
1380 3125 1501 3158 Bathon.
1519 3134 1541 3165 4
1556 3126 1622 3157 Idus
1633 3126 1767 3165 januarii.

1305 3263 1476 3312 Pandulphi
1493 3265 1613 3297 Littera
1629 3262 1768 3297 Haberto
1791 3263 1827 3297 de
1843 3266 1957 3311 Burgo;
1981 3264 2062 3311 quod
2074 3263 2223 3311 Philippus
2241 3264 2277 3299 de

1479 3312 1608 3346 Haletot
1629 3312 1786 3359 indifireto
1806 3313 1877 3358 usas
1897 3313 1960 3359 effer
1975 3314 2098 3357 consilio.

1257 3395 1501 3459 PAndulphUS,
1518 3397 1576 3429 Dei
1593 3398 1697 3438 gratia,
1723 3398 1921 3429 Norwicenfis
1940 3398 2058 3441 Elec'lus¹
2095 3397 2221 3429 Domini
2238 3398 2324 3438 Papae
2346 3409 2475 3444 Amfl)⁵

1325 3437 1520 3474 Camerarius,
1539 3437 1716 3475 Apostolicae
1734 3437 1801 3467 sedis
1821 3437 1943 3473 Legatus
1975 3422 2080 3466 Nobili
2100 3436 2172 3481 Viro
2191 3438 2225 3469 ὃς
2239 3438 2324 3469 Ami-
2372 3461 2457 3482 1220*

1256 3485 1294 3506 co
1316 3475 1367 3506 suo
1390 3475 1524 3506 Huberto
1540 3475 1576 3507 de
1590 3475 1686 3517 Burgo
1705 3475 1867 3515 Justiciario
1882 3461 2010 3514 Angliae,
2028 3475 2143 3505 salutem
2164 3485 2194 3506 in
2214 3475 2323 3508 Domi-
2343 3494 2398 3518 An.
2412 3499 2443 3526 4·

1255 3524 1304 3544 1¹0·
2344 3533 2378 3556 H.
2418 3549 2423 3554 .

1293 3551 1364 3583 Vifis
1377 3553 1411 3585 δε
1425 3553 1572 3585 ἰηῑεΗεθεὶε
1586 3552 1718 3584 universis
1731 3552 1827 3582 litteris
1842 3561 1907 3589 quas
1921 3550 1999 3582 P.de
2010 3551 2135 3582 Huletot
2149 3552 2231 3591 super
2244 3553 2322 3586 facto
2342 3538 2456 3594 Runilela

1255 3590 1334 3631 Rog.
1348 3591 1470 3623 Bertran.
1484 3592 1575 3630 misit,
1595 3594 1628 3623 ὃς
1644 3601 1696 3622 vos
1712 3591 1794 3620 nobis
1808 3589 1886 3626 super
1898 3590 2002 3620 eodem
2014 3589 2171 3634 destinatis,
2189 3591 2320 3624 dolemus
2341 3607 2467 3632 Bavium

1274 3630 1409 3661 lurirnum
1431 3633 1466 3662 ὃς
1486 3640 1641 3661 movemur
1661 3628 1756 3666 quod,
1785 3627 1933 3659 indiscreto
1951 3628 2013 3659 usus
2032 3629 2170 3669 consilio,
2195 3630 2321 3663 Domini
2340 3645 2366 3671 in
2376 3647 2455 3671 Turre

1287 3670 1343 3709 egis
1355 3679 1388 3700 ac
1401 3669 1531 3700 nostrum
1545 3667 1709 3698 mandatum
1724 3667 1823 3705 exequi
1837 3676 1898 3698 non
1913 3668 2038 3706 curavit,
2055 3668 2218 3701 occasiones
2231 3671 2320 3702 frivo-
2338 3682 2449 3711 Londm„

1256 3707 1292 3737 las
1325 3707 1509 3746 raeponendo.
2442 3714 2449 3717 ’

1321 3755 1348 3784 t,
1369 3748 1432 3785 quia
1453 3744 1589 3784 propositi
1608 3743 1696 3774 nostri
1713 3742 1754 3774 est
1774 3743 1918 3775 exceffum
1932 3744 2092 3784 hujusmodi
2103 3755 2164 3777 non
2176 3746 2320 3778 dimittere

1254 3785 1445 3822 impunitum,
1463 3785 1496 3814 δε
1516 3784 1579 3813 liaec
1602 3782 1708 3813 offensa
1729 3791 1775 3813 tan
1796 3793 1841 3813 ere
1856 3783 1981 3814 noscitur
1991 3792 2088 3815 totum
2103 3794 2240 3825 regnum,
2259 3786 2320 3817 abs-

1256 3833 1312 3858 que
1331 3823 1426 3854 vestro
1447 3822 1480 3852 &
1501 3821 1622 3851 aliorum
1636 3820 1724 3861 Regis
1745 3820 1762 3851 fi
1785 3822 1871 3852 elium
1885 3822 2003 3853 confilio
2017 3824 2175 3861 procedere
2186 3825 2320 3855 nolumus

1256 3859 1285 3891 in
1307 3862 1365 3891 hoc
1386 3861 1480 3897 fa<ft03
1499 3869 1535 3889 ne
1553 3859 1627 3890 forte
1645 3861 1825 3890 temerarium
1847 3860 1988 3892 diceretur
2005 3862 2041 3892 ab
2054 3863 2180 3901 aemuh's,
2198 3863 2243 3893 vel
2265 3864 2320 3892 mi<

1254 3910 1307 3929 nus
1335 3898 1488 3937 providum
1500 3921 1510 3936 ,
1543 3897 1647 3928 etiarnsi
1666 3897 1735 3929 esset
1753 3898 1813 3928 satis
1834 3898 1947 3930 bonum
1967 3900 2058 3931 solum
2080 3901 2230 3932 consilium
2252 3910 2319 3930 nos—

1255 3946 1339 3968 trum.

1294 3975 1328 4005 In
1343 3975 1477 4012 proximo
1488 3974 1566 4004 enim
1581 3984 1649 4005 cum
1664 3974 1745 4005 simul
1758 3976 1861 4005 erimus
1876 3976 1952 4006 circa
1965 3986 2054 4014 partes
2075 3977 2252 4016 Wigorniae,
2271 3976 2320 4006 ubi

1255 4022 1309 4044 vos
1324 4014 1357 4043 &
1369 4022 1471 4043 omnes
1485 4012 1551 4042 alios
1563 4013 1712 4050 volumus,
1730 4013 1764 4044 &
1777 4022 1909 4053 rogamus
1921 4015 2023 4045 habere
2039 4015 2201 4053 praesentes,
2219 4014 2255 4044 de
2267 4015 2321 4044 hiis

1255 4053 1291 4082 ὃς
1314 4052 1370 4081 aliis
1390 4050 1531 4089 pluribus,
1549 4061 1614 4089 quae
1633 4052 1801 4090 imminent,
1819 4052 1923 4091 taliter,
1941 4054 2057 4084 auctore
2080 4052 2232 4091 Domino,
2250 4062 2320 4082 cum

1257 4089 1459 4122 deliberatione
1472 4089 1593 4128 provida
1605 4089 1801 4129 disponemus,
1819 4090 1898 4130 quod
1911 4091 1946 4122 ad
1959 4092 2104 4124 honorem
2117 4090 2242 4122 Domini
2261 4091 2323 4122 Re‘

2264 4130 2321 4166 gis,
