2570 4261
726 149 837 192 ET
918 151 1183 194 ACTA

0 225 79 266 -Ᾰηη,
96 233 137 265 D.

20 274 105 312 1284.

0 313 66 350 zdv.
80 321 104 337 i.
150 318 178 346 δὲ
205 321 312 352 Litem
330 318 367 352 de
384 320 567 365 suspeximus
574 320 665 365 sicper
676 322 907 353 reconciliatione
924 323 1042 366 Alforfi
1055 321 1203 368 quondam

0 348 134 384 ἨΑ-89·
374 371 462 413 Regis
478 367 602 410 Caslcllae
622 380 691 401 cum
709 370 826 401 §anisio
835 369 901 412 filio
910 370 978 414 sito,

0 436 114 500 fE‘n'ln'
235 451 356 481 Overint
375 442 507 481 Universi
521 473 530 489 ,
547 454 711 492 praesentem
727 452 846 483 litteram
860 453 1007 493 inspedturi
1021 477 1031 492 ,
1050 453 1127 492 quod
1140 464 1205 492 nOS,

27 492 33 498 “
71 491 80 499 ”
245 489 334 519 insans
362 490 501 527 ohannes,
518 489 688 521 illustriffirni
703 491 787 529 Regis
801 491 910 522 Alfoiili
925 491 1008 530 filius,
1022 493 1208 538 &johannes

0 514 39 573 ¹⁶3
53 508 117 546 B'f'
153 525 306 570 Episcopus
333 526 482 571 ialemins.
501 529 534 558 &
557 529 688 559 Alfonsus
711 529 863 572 Episcopus
889 530 1026 561 Canicen.
1048 531 1208 560 fernandus

8 557 17 574 ¹
43 557 69 573 α’
82 557 110 612 gl
122 600 134 606 -
154 565 307 605 Episcopus
318 565 431 609 Eudon.
447 566 470 596 F
471 568 605 597 ernandus
617 566 691 597 Petr.
706 566 817 597 Electus
833 568 994 606 Segotinus,
1011 570 1045 600 &
1059 570 1089 598 iii
1102 569 1207 608 Regno

0 588 86 650 Penes,
104 594 120 613 a
152 602 451 647 'Castellae‘NotariuQ
470 605 564 648 Frater
579 604 693 648 Diurno
707 606 834 635 Fratrum
855 606 970 636 Ordinis
986 606 1205 636 Praedicatorum

2 631 72 652 mm
88 642 96 652 ⁶
153 652 183 671 m
198 641 306 680 Regnis
319 641 456 682 Hispann.
470 643 551 672 Prior
565 642 735 674 Provmcial.
748 644 906 674 Gomecius
914 644 1021 674 Gartiae
1036 645 1132 675 Abbas
1142 645 1207 674 Val-

152 680 185 710 lis
198 679 313 711 Electus
326 703 335 716 ,
351 682 385 711 ὃ(
404 680 541 711 Notarius
555 682 585 711 in
606 681 710 721 RQno
730 682 863 719 Legionis
875 705 885 720 ,
903 682 1040 721 Magister
1058 683 1124 713 Aco
1145 683 1208 713 De-

153 727 296 749 cretorum
314 718 432 749 Dostoi·
445 741 454 757 ‚
472 719 599 750 Didecus
614 719 688 759 Lupi
709 720 744 751 de
767 720 1052 757 Salzedo,J0hannes
1065 721 1153 751 Alsusi
1170 722 1206 752 de

149 757 228 795 Aro‚
244 756 403 787 Fernandus
419 757 496 787 Petri
512 757 594 788 Pons.
617 758 771 796 Stephanus
790 758 947 789 Ferdnaiidi
958 758 994 789 de
1009 759 1152 797 Gallecia,
1171 761 1205 790 &

144 795 288 834 johannes
304 795 443 826 Fernandi
456 796 492 826 de
508 795 596 827 Luna.
654 822 656 825 .

185 832 314 863 Vidimus
328 833 471 872 quandam
488 834 606 865 litteram
619 833 789 864 illustrissimi
804 834 926 873 Alfonsi,
939 836 1025 865 bonae
1039 836 1186 866 memoriae
1196 858 1206 873 ,

149 870 235 910 Regis
250 869 380 901 Castellae
392 872 426 901 &
439 872 587 911 Legionis,
604 873 692 912 Sigilli
704 874 777 903 aurei
786 874 945 904 munimine
958 875 1136 911 roboratam,
1146 883 1204 903 non

147 908 326 939 cancellatam
338 933 348 948 ,
367 920 425 940 non
445 910 563 941 deletam
574 934 583 949 ,
601 921 659 941 non
679 912 819 949 vitiatam,
834 921 892 942 non
907 920 1068 951 corruptam
1079 934 1089 950 ,
1107 920 1159 942 nec
1175 913 1205 942 in

145 947 237 1016 aligua
247 946 285 978 sui
301 957 376 985 parte
388 948 471 978 rasam
480 971 489 987 ,
507 951 584 987 cujus
598 956 677 980 tenor
691 950 748 980 talis
761 948 810 979 est.

203 985 362 1017 anstiffimo
380 988 407 1016 in
424 984 538 1017 Christo
561 987 683 1018 Patriae
706 987 854 1026 Domino,
875 987 1008 1018 Domino
1031 987 1076 1017 M.
1100 987 1206 1019 Divina

147 1022 329 1061 Providentia
342 1025 531 1056 Sacronnetae
544 1026 687 1056 Romanae
701 1025 834 1056 Eccleiiae
851 1026 961 1056 summo
976 1026 1111 1056 Pontifici
1127 1049 1137 1063 ,
1156 1026 1208 1065 Al-

147 1061 239 1092 fonsus
252 1063 351 1093 eadem
365 1065 448 1102 gratia
462 1064 526 1094 Rex
540 1064 685 1101 Castellae,
702 1064 801 1094 Toleti
810 1087 819 1102 ,
834 1064 982 1103 Legionis,
998 1064 1129 1094 Galliciae
1138 1087 1147 1102 ,
1160 1065 1206 1106 Si-

144 1100 222 1131 biliae
261 1100 432 1140 Cordubiae,
453 1102 592 1141 Murciae,
607 1102 762 1142 Geyliinnii
775 1111 858 1140 atque
873 1103 1015 1142 Algarbii,
1030 1102 1142 1133 Pedum
1149 1101 1207 1132 Oi-

147 1139 210 1170 cula
223 1124 370 1170 sseatorum
383 1148 452 1171 curn
469 1142 620 1172 reverentia
632 1141 712 1171 filiali.
1116 1179 1121 1184 .
1147 1179 1152 1183 ¹

184 1177 267 1209 Licet
285 1179 358 1209 inter
379 1188 491 1211 caeteras
512 1181 625 1211 virtutes
645 1181 676 1209 in
697 1179 832 1208 omnibus
851 1178 1026 1218 dignoscatur
1040 1179 1206 1218 hominibus

149 1216 210 1253 plus
223 1217 324 1247 decere
344 1217 513 1255 clementia,
533 1228 588 1257 prae
607 1218 713 1247 caeteris
727 1225 820 1258 tamen
836 1217 895 1254 plus
914 1217 1005 1246 elucet
1018 1218 1046 1247 in
1061 1217 1206 1255 RegibuS,

150 1255 210 1285 &c.
224 1262 304 1293 prout
318 1255 350 1285 de
361 1265 408 1295 23.
424 1258 515 1285 Mart.
528 1257 570 1294 eju
583 1256 641 1285 dem
652 1258 735 1284 Anni
748 1256 825 1293 usque
839 1254 897 1284 haec
909 1255 1005 1284 verba.

188 1292 256 1323 Nos
273 1303 342 1325 vero
361 1303 460 1324 omnes
475 1294 552 1334 supra
573 1293 638 1330 iCti,
653 1293 689 1323 de
701 1294 833 1323 mandato
847 1292 1065 1323 excellentissimi
1082 1292 1206 1322 Domini

150 1330 240 1361 nostri
260 1331 381 1368 Sanetii,
397 1331 504 1361 Divina
526 1331 703 1361 Providentia
724 1331 809 1369 Regis
823 1329 952 1360 Castellae
966 1331 1083 1367 Toleti,
1102 1331 1206 1369 Legio-

149 1370 209 1407 nis,
228 1369 368 1407 Galeciae,
386 1369 506 1407 Sibiliae,
526 1369 701 1407 Cordubiae,
721 1369 861 1411 Murciae,
878 1368 997 1410 Gihenii
1011 1378 1093 1408 atque
1108 1370 1208 1408 Algar-

150 1408 205 1444 bii,
219 1408 343 1437 volentes
362 1406 398 1437 de
416 1408 483 1446 hiis,
500 1418 564 1445 quae
585 1407 708 1438 vidimus
723 1408 756 1437 ὅ(
768 1407 913 1445 diligenter
926 1408 1110 1445 inlpeximus,
1132 1409 1205 1437 veri-

148 1446 198 1475 tati
220 1445 412 1476 testimonium
431 1445 576 1484 perhibere
590 1469 599 1484 ‚
617 1446 651 1476 ad
671 1446 750 1484 hujus
771 1447 810 1475 rei
832 1445 1002 1476 evidentiam
1024 1446 1179 1483 pleniorem
1196 1468 1206 1484 ‚

149 1482 343 1514 mandavimus
365 1483 423 1514 fieri
442 1485 559 1522 praesens
579 1485 710 1523 scriptum
726 1507 734 1521 ,
752 1484 784 1514 &
800 1485 904 1514 robore
917 1484 1080 1524 Sigillorum
1094 1484 1207 1514 nostro-

147 1531 211 1552 rum
225 1521 302 1552 idem
315 1521 433 1553 fecimus
445 1523 568 1562 iingular.
582 1523 763 1554 communiri.

185 1597 293 1628 AtS'cum
308 1598 412 1629 Simor.
424 1597 470 1630 die
484 1598 721 1638 Martis,decimo
735 1598 974 1637 Ostobrisstnno
987 1598 1111 1630 Domini
1122 1599 1206 1639 1284.

178 1724 228 1756 De
244 1721 339 1756 feodo
356 1720 488 1755 Mathaeo
506 1722 616 1754 Sanffae
632 1724 744 1754 Maria
762 1726 793 1754 in
811 1725 930 1755 porticu
947 1725 1079 1756 Diacono
1099 1725 1176 1756 Car-

508 1810 510 1813 ·
540 1769 637 1803 dinali
654 1767 817 1804 liberando.

0 1836 76 1869 Arm·
93 1838 134 1869 Β·
153 1854 275 1910 REX
292 1855 426 1886 Thesaur.
443 1856 476 1886 &
492 1854 635 1886 Camerar.
648 1855 700 1886 suis
712 1855 834 1887 salutem.

17 1877 102 1917 ¹284·
262 1894 392 1925 Liberate
411 1894 446 1924 de
465 1894 610 1925 Thesauro
630 1893 728 1924 nostro
740 1893 905 1936 ,Baruncino
923 1893 1066 1933 Gualteri,
1082 1895 1114 1926 ὅτ
1131 1894 1211 1925 sociis

0 1919 48 1943 Λα·
74 1926 114 1943 ¹²·
151 1932 201 1962 suis
224 1932 427 1963 Mercatoribus
446 1932 547 1962 nostris
564 1932 600 1962 de
619 1932 682 1962 Lul<
699 1956 707 1970 ,
731 1934 865 1972 sexaginta
885 1933 995 1964 Marc-as
1010 1945 1020 1971 .·,
1038 1944 1088 1971 per
1109 1944 1208 1963 manus

0 1959 76 2019 Εῖόι·
150 1970 207 2000 suas
230 1971 381 2002 liberandas
400 1972 551 2001 venerabili
574 1971 647 2001 Patri
665 1971 798 2001 Domino
815 1972 957 2002 Matthaeo
977 1972 1089 2002 Sanctae
1102 1971 1205 2003 Mari-‚e

0 1996 30 2020 ι’
49 2000 115 2046 ΠΨ
152 2010 180 2038 in
196 2008 311 2040 Porticu
333 2010 469 2041 Diacono
484 2007 627 2040 Cardinali
636 2032 646 2048 ‚
660 2009 695 2039 de
716 2011 838 2040 termino
853 2010 962 2041 Natalis
976 2010 1112 2048 Domini,
1130 2019 1207 2040 anno

4 2039 46 2056 η’
65 2035 96 2056 L.
108 2040 130 2057 ¹'
152 2047 247 2086 Regni
261 2048 348 2078 nosti-i
360 2048 549 2087 duodecimo,
564 2047 599 2078 de
611 2058 705 2078 annuo
719 2048 806 2084 feodo
822 2049 872 2080 suo
886 2050 1020 2088 sexaginta
1036 2047 1208 2091 Marcarum,

0 2077 33 2096 m*
45 2078 77 2125 ‘¹'
129 2124 131 2126 Ι
149 2086 225 2123 quod
243 2088 268 2116 ei
290 2087 478 2117 concedimus
495 2087 710 2126 percipiendum
730 2087 764 2117 ad
786 2087 965 2119 Scaccarium
986 2087 1138 2125 nostrum,
1157 2088 1207 2117 nili

128 2130 130 2134 ’
148 2127 265 2163 pecunia
282 2127 323 2156 illa
339 2126 387 2155 libi
406 2127 479 2165 prius
496 2126 575 2155 suerit
590 2126 698 2155 liberata
713 2134 763 2164 per
775 2126 848 2157 aliud
863 2128 949 2157 breve
960 2125 1102 2160 nostrurm

184 2162 222 2192 Et
243 2164 379 2201 recipiatis
397 2166 413 2194 a
426 2164 545 2204 praefatis
558 2163 768 2194 Mercatoribus
781 2164 870 2195 literas
880 2166 937 2196 suas
952 2172 1090 2203 patentes,
1108 2172 1207 2203 recep-

93 2223 95 2225 ·
147 2202 255 2232 tionem
269 2203 354 2233 dietae
367 2203 496 2241 pecunias
509 2201 691 2233 testificantes.

180 2278 270 2310 Teste
285 2278 370 2317 Rege
383 2278 456 2319 apud
471 2278 642 2311 Carnarvan.
657 2289 702 2309 22.
714 2278 760 2310 die
774 2278 920 2310 Oitobris.

193 2407 244 2439 De
262 2404 355 2439 Feodo
372 2405 490 2451 Jacobo
507 2404 749 2486 SamsllaebMaZae
769 2409 800 2437 in
816 2404 972 2453 Cofmedyn
986 2404 1146 2438 Cardinali

605 2467 614 2486 t
635 2466 707 2487 eran
731 2465 756 2487 o.
1024 2468 1029 2471 >

0 2529 71 2561 Asm-
87 2530 128 2561 D·
146 2537 270 2593 REX
282 2539 385 2570 eisdem
397 2538 518 2570 salutem.
1096 2577 1111 2583 ..

12 2569 97 2607 1284·
256 2577 386 2608 Liberate
399 2577 434 2608 de
449 2577 593 2608 Thesauro
607 2576 703 2608 nostro
719 2577 812 2607 eidem
827 2576 985 2606 Baruncliio
1000 2577 1033 2607 &
1046 2574 1124 2611 sociis
1131 2583 1206 2615 'prce-

0 2611 46 2634 Aa.
70 2618 112 2635 ¹2·
146 2616 227 2646 dietis
266 2617 442 2660 uinquaginta
464 2616 575 2647 Marcas
624 2626 671 2653 per
693 2626 789 2645 matius
807 2615 861 2644 iiras
880 2615 1030 2645 liberandas
1053 2615 1205 2646 venerabili

0 2650 30 2690 E..
48 2655 71 2673 ¹·
146 2654 221 2685 Patri
243 2626 374 2685 Domino
385 2655 505 2697 jacobo·
517 2655 572 2685 San
590 2659 628 2685 tae
644 2654 746 2684 Mariae
761 2655 793 2684 in
805 2650 1119 2697 Colinedy'rinljiacono
1133 2654 1205 2699 Car7

0 2683 97 2712 [bidem.
144 2693 244 2731 dinali,
263 2693 298 2723 de
314 2695 436 2724 terminis
451 2693 564 2723 Paichae
580 2694 613 2724 δ’(
628 2692 711 2723 sanffi
727 2692 876 2723 Michaelis
888 2714 897 2729 ,
917 2697 981 2721 anni
1004 2690 1099 2731 Regni
1113 2692 1202 2723 nostri

141 2730 324 2770 duodecimi,
342 2732 377 2762 de
392 2742 487 2762 annuo
506 2731 592 2762 feodo
610 2731 658 2761 suo
678 2732 875 2772 quinquaginta
889 2729 1164 2770 Marcarum,.quod
1179 2733 1204 2762 ei

142 2769 328 2839 coffieffingicis
341 2769 554 2810 percipiendum
568 2769 602 2800 ad
616 2769 796 2801 Scaccarium
810 2769 947 2800 nostrum.
1090 2771 1091 2774 ’

218 2808 245 2837 isi
313 2818 338 2838 c.
962 2812 965 2815 ’

179 2845 217 2876 Et
233 2832 384 2886 re'cipiatiS,
403 2848 462 2878 &c.
478 2855 507 2878 ut
520 2847 604 2885 supra.

178 2921 268 2953 Teste
280 2931 310 2953 ut
326 2922 411 2960 supra.
451 2928 453 2930 ’

0 3053 129 3088 *11‚290,
191 3040 219 3067 ²⁸<
247 3045 295 3077 De
311 3052 411 3075 annuo
426 3043 520 3076 Peodo
532 3054 589 3090 pro
606 3044 758 3092 Magtstro
778 3046 892 3092 Angelo
912 3049 994 3093 Papa
1016 3048 1154 3080 Notario.

0 3138 71 3169 Arm,
85 3137 126 3168 D,
206 3127 230 3158 E
238 3127 271 3158 Χ
286 3128 392 3158 eisdem
404 3127 526 3158 salutem.

15 3177 99 3215 1284.
250 3166 378 3197 Liberate
397 3167 431 3197 de
452 3166 596 3198 Thesauro
610 3169 707 3201 nostro
720 3169 811 3200 eidem
832 3169 990 3201 Baruncino
1002 3172 1035 3202 &
1050 3171 1137 3201 Sociis
1151 3170 1202 3200 suis

0 3219 45 3242 An.
67 3224 75 3242 Ι
84 3225 108 3242 2,
143 3204 299 3243 praedicitis,
316 3206 415 3243 viginti
430 3205 557 3244 Marcas3
571 3217 620 3246 per
633 3210 729 3239 mantis
745 3209 801 3239 suas
819 3208 970 3240 liberandas
984 3209 1089 3240 diletfm
1109 3208 1202 3239 Cleri-

0 3257 23 3279 E.
45 3262 66 3282 1·
143 3253 181 3273 co
203 3243 301 3273 nostro
324 3243 462 3281 Magistro
482 3244 592 3282 Angelo
613 3246 736 3276 Domini
756 3247 841 3285 Papae
863 3247 1010 3287 Notario,
1028 3248 1063 3278 de
1076 3248 1200 3278 terminis

0 3292 97 3320 ibidem.
143 3281 255 3312 Paschae
267 3283 300 3312 &
314 3282 400 3312 saneti
417 3282 563 3312 Michaelis
578 3286 643 3314 anni
652 3285 745 3323 Regni
760 3285 846 3316 nostri
861 3285 1040 3326 duodecimi,
1056 3287 1091 3316 de
1103 3296 1198 3317 annuo

101 3332 104 3334 ’
141 3320 231 3388 ῑεοᾶὶο
242 3320 292 3350 suo
305 3321 406 3359 viginti
420 3320 583 3352 Martanum
597 3322 724 3362 quotide
743 3324 823 3362 nobis
844 3326 961 3365 percipit
969 3326 1008 3357 'ad
1020 3326 1199 3356 scaccarium

141 3369 182 3390 no
210 3367 280 3389 rum.

176 3397 261 3435 Niii,
279 3397 338 3428 &c.

176 3435 215 3467 Et
229 3436 378 3473 recipiatis,
395 3435 455 3466 &c.
498 3471 503 3476 .

174 3511 264 3544 Teste
277 3519 311 3544 ut
322 3513 410 3550 supra.

180 3638 230 3669 De
247 3633 405 3684 Successore
422 3636 465 3670 ad
480 3640 664 3671 Comitatnm
678 3635 833 3672 Sabandiae
846 3649 902 3686 per
916 3644 1027 3689 Regem
1046 3641 1161 3689 Angllae

364 3689 401 3725 &²
422 3686 605 3720 Alianoram
624 3687 768 3719 Matrem
785 3689 973 3732 nominando,

0 3748 68 3812 an?
85 3749 126 3781 D'
147 3768 345 3829 UNiversis
367 3771 473 3817 Christi
495 3770 620 3801 fidelibus
632 3794 642 3810 ,
662 3770 805 3815 praesentes
821 3772 908 3803 literas
919 3754 1082 3813 inspecffiris
1094 3774 1140 3806 vel
1153 3785 1200 3805 au-

0 3789 111 3857 alnfgss·
169 3846 176 3853 ι
228 3809 342 3850 dimrls,
356 3810 499 3850 Philippus
519 3809 628 3840 Comes
648 3809 792 3840 Sabaudiae
808 3810 921 3843 salutem
935 3815 966 3843 in
980 3813 1115 3844 Domino
1129 3813 1199 3844 sem-

0 3870 24 3931 ξ
41 3876 69 3931 1¹3..
77 3902 104 3941 f,
147 3854 316 3926 1)ιίἓὲἰὲἒῶ
338 3889 371 3919 &
391 3888 490 3919 summi
504 3887 596 3931 *Patris
615 3894 733 3930 aeternus
747 3886 805 3917 Dei
820 3886 905 3926 filius,
923 3889 952 3933 iri
965 3898 1074 3920 uterum
1088 3891 1204 3930 virginis

0 3951 40 3976 4²·
53 3952 81 3969 a.
143 3923 234 3968 fait-us
251 3925 367 3971 homo,
385 3929 457 3972 inter
475 3926 526 3957 alia
544 3925 732 3969 instrucslionis
743 3925 1000 3975 *suae-saluberrima
1012 3929 1181 3973 documenta
1191 3952 1201 3967 2

0 3981 123 4008 penesca-
141 3968 216 4001 Ρ8618
234 3962 313 3995 usum
331 3965 478 4006 discipuios
498 3964 596 3997 docuit
608 3987 619 4002 2
635 3972 723 4004 quam
741 3973 770 3994 m
785 3963 872 4003 seipso
888 3964 995 4000 illibate
1013 3966 1149 4007 servavit,
1165 3968 1200 4000 ει

0 4026 84 4045 vera?-

1262 150 1735 198 PUBLICA;
2223 162 2304 214 237

1245 241 1346 276 quam,
1364 239 1511 270 ascendens
1524 242 1597 272 unde
1610 249 1740 279 venerat,
1756 240 1868 279 reliquit
1881 241 1933 279 eis,
1951 242 2026 279 pacis
2039 241 2066 273 se
2080 242 2229 275 ostendens
2241 245 2302 284 spe-
2319 243 2445 276 Anni),

1247 277 1343 306 culum
1358 278 1391 308 δε
1403 280 1539 317 exemplar
1551 281 1682 310 omnibus
1696 280 1879 318 orthodoxis,
1896 281 1973 319 quod
1987 281 2152 321 magnis-icus
2166 282 2301 321 Princeps

2339 284 2421 320 1284.

1248 313 1393 345 Dominus
1408 316 1574 354 Edwardus,
1594 318 1651 348 Dei
1664 317 1765 356 gratia,
1783 318 1849 348 Rex
1866 319 2025 359 Anglorum
2049 320 2173 358 illustris,
2193 320 2301 351 Domi-
2320 323 2385 349 Edv.
2405 330 2428 349 i.

1246 362 1297 382 nus
1317 354 1413 384 noster
1432 354 1614 393 Can'ssimus,
1638 356 1788 395 prudenter
1806 358 1948 387 attendens
1960 381 1970 395 ,
1987 358 2049 388 iuna
2069 368 2136 388 cum
2156 359 2302 391 Carissima

1247 389 1375 434 Domina
1390 392 1484 422 nostra
1498 415 1507 430 ,
1526 393 1655 424 Domina
1669 394 1798 424 Alianora
1808 417 1817 432 ,
1836 394 1934 425 eadem
1948 396 2049 435 gratia,
2068 396 2178 436 Regina
2193 397 2302 437 Angliae

1247 429 1339 459 inclita
1352 452 1362 468 ,
1378 438 1464 460 matre
1484 432 1527 461 sua
1541 454 1550 468 ,
1574 442 1625 461 nos
1647 432 1750 462 crebris
1769 434 1897 469 precibus
1915 435 2043 465 excitavit
2066 443 2095 465 ut
2114 445 2302 472 praecaventes

1248 466 1388 504 dispendia
1407 469 1441 500 &
1461 470 1582 508 pericula
1596 493 1606 506 ,
1623 479 1688 508 quae
1708 472 1872 509 contingere
1893 472 2002 511 possent
2023 471 2179 504 Comitatui
2201 475 2300 506 nostro

1249 505 1399 545 Sabaudyae
1411 530 1421 545 ,
1438 507 1607 537 Haeredibus
1620 532 1630 546 ,
1648 510 1681 538 &
1699 508 1756 537 aliis
1768 508 1930 548 Nepotibus
1943 511 2058 549 nostris,
2076 512 2124 551 qui
2136 521 2169 542 ex
2184 513 2301 544 Succes-

1249 543 1324 574 sione
1340 544 1434 576 nostra
1453 547 1563 585 possent
1578 546 1653 584 Juris
1674 546 1777 583 aliquid
1797 546 1959 585 vendicare,
1978 549 1996 578 si
2017 548 2116 579 statum
2129 550 2251 588 ipsorum
2271 553 2302 584 in

1247 580 1416 613 succeffione
1431 585 1527 615 eadem
1547 585 1750 615 dimitteremus
1772 584 1938 624 aliquatenus
1956 587 2005 615 sub
2021 588 2148 627 incerto,
2166 589 2202 619 de
2222 591 2299 621 certa

1249 619 1282 650 &
1299 622 1423 657 expressa
1443 623 1558 662 persona
1575 622 1704 652 Hier-edis
1717 622 1804 652 nostri
1819 623 1947 661 masculi,
1964 626 2012 663 qui
2025 627 2106 655 nobis
2123 627 2251 659 succedat
2270 630 2301 659 in

1249 657 1396 700 Comitatu
1417 660 1561 691 Sabaudiae
1574 684 1583 699 ,
1601 661 1790 690 ordinaremus
1803 683 1813 698 ,
1832 662 1864 692 &
1886 662 2029 699 portiones
2046 672 2127 694 terras
2147 666 2300 697 faceremus

1247 695 1302 725 aliis
1317 699 1464 737 nepotibus
1479 699 1578 729 nostris
1591 698 1731 737 masculis,
1749 709 1871 737 quorum
1886 700 2012 738 interest,
2031 702 2170 741 assignari,
2188 713 2235 743 ut,
2252 715 2302 745 per

1249 734 1305 764 lioc
1321 736 1423 780 sublata
1435 738 1605 768 dissensionis
1618 738 1745 776 turbine,
1763 747 1830 777 pax,
1849 738 1922 768 inter
1938 738 2008 776 ipsos
2029 738 2150 780 firmata,
2166 752 2301 783 perpetuo

1247 781 1355 803 maneat
1368 784 1537 815 incorrupta.

1285 810 1353 841 Nos
1373 814 1458 849 igitur
1474 838 1483 851 ,
1499 813 1696 844 deliberatione
1714 813 1794 853 super
1811 813 1868 845 hoc
1883 814 1976 845 habit&
1989 815 2035 845 dili
2056 817 2131 855 enti,
2150 827 2304 850 avertentes

1247 857 1343 892 preces
1355 851 1387 881 δε
1401 852 1607 883 exhortationes
1620 853 1698 890 hujus
1711 852 1843 890 salubres,
1860 863 1893 883 ac
1905 852 1969 883 fixas
1982 854 2010 883 in
2058 855 2136 886 adice
2150 856 2242 888 solidae
2256 868 2304 889 ca-

1248 895 1348 926 ritatis,
1367 890 1533 921 universitati
1546 890 1643 922 vestrae
1658 898 1760 920 notum
1774 890 1890 921 facimus
1902 900 1952 928 per
1963 893 2113 931 praesentes.

1250 963 1254 968 Π
1285 923 1317 954 In
1338 929 1455 969 nomine
1476 928 1600 959 Domini
1622 929 1726 959 Amen.
1766 928 1856 966 Quod
1871 938 1922 959 nos
1943 930 2112 961 attendentes
2125 931 2304 972 fidelitatem,

1248 962 1409 994 industriam
1430 967 1463 996 &
1484 968 1616 997 sinceram
1635 966 1816 997 dilectionem
1831 989 1840 1004 ,
1857 977 1942 1006 quam
1963 968 2037 998 idem
2052 969 2196 1001 Dominus
2209 972 2304 1002 noster

1250 1000 1315 1031 Rex
1331 1001 1451 1045 'Anglice
1466 1027 1475 1041 ,
1499 1005 1533 1034 &
1554 1005 1681 1034 Domina
1701 1003 1794 1034 nostra
1809 1004 1938 1043 Regina,
1957 1005 2051 1036 Mater
2065 1008 2108 1038 sua
2121 1018 2187 1045 erga
2200 1020 2252 1039 nos
2269 1012 2303 1041 δε

1248 1037 1426 1070 Comitatum
1441 1041 1569 1072 nostrum
1584 1041 1730 1073 Sabaudiae
1742 1043 1874 1072 haetenus
1888 1044 2061 1083 habuerunt,
2080 1054 2109 1076 ut
2124 1049 2225 1078 animte
2240 1059 2306 1078 nos-

1250 1085 1301 1107 trae
1313 1078 1407 1117 saluti,
1425 1080 1458 1110 &
1472 1079 1606 1110 securitati
1621 1082 1748 1119 corporis
1759 1080 1865 1117 nostri,
1883 1080 2059 1112 Concordize
2074 1083 2231 1116 Haeredum
2240 1097 2306 1116 nos-

1249 1123 1359 1146 trorum
1373 1139 1384 1156 ,
1401 1127 1435 1148 ac
1454 1119 1632 1158 tranquilitati
1649 1119 1682 1149 δε
1698 1119 1761 1156 paci
1777 1119 1861 1148 totius
1875 1118 2035 1149 Comitatus
2048 1121 2190 1153 Sabaiidiae
2205 1125 2306 1155 consu-

1248 1153 1317 1184 latur
1330 1177 1340 1193 ,
1357 1156 1486 1186 volumus
1498 1179 1507 1195 ,
1525 1155 1707 1187 concedimus
1720 1179 1730 1195 ,
1747 1166 1779 1186 ac
1800 1157 1883 1186 etiarn
1898 1157 2057 1187 ordinamus
2071 1168 2099 1189 ut
2118 1161 2219 1199 iidem,
2238 1162 2305 1193 Do-

1250 1193 1342 1222 minus
1354 1193 1448 1224 noster
1463 1195 1527 1225 Rex
1540 1196 1573 1225 &
1590 1194 1719 1225 Domina
1734 1194 1828 1224 nostra
1843 1194 1957 1231 Regina
1969 1194 2064 1226 Mater
2079 1197 2137 1235 sua,
2156 1201 2302 1238 personam

1249 1228 1377 1261 Haeredis
1398 1232 1487 1263 nostri
1509 1234 1620 1263 masculi
1641 1234 1796 1273 exprimant
1818 1234 1851 1263 &
1872 1233 2025 1271 declarent3
2062 1245 2145 1274 uem,
2164 1247 2211 1276 per
2231 1239 2303 1275 ipsos

1248 1267 1402 1299 Haeredem
1422 1271 1548 1301 nostrum
1568 1273 1762 1310 nominatum,
1780 1272 1956 1301 decernimus
1967 1271 2028 1301 fore
2073 1275 2190 1304 omitem
2203 1275 2307 1307 Sabau-

1247 1306 1309 1346 dyae
1323 1307 1386 1346 post
1397 1309 1538 1340 decessum
1554 1310 1696 1347 nostrum,
1715 1312 1763 1348 qui
1777 1310 1810 1340 δε
1825 1310 1906 1339 nobis
1918 1309 2044 1341 succedat
2058 1313 2088 1341 in
2102 1314 2236 1344 omnibus
2246 1315 2304 1351 ple-

1249 1352 1289 1375 no
1311 1348 1372 1384 jure
1388 1356 1394 1375 ε
1423 1348 1500 1379 salvis
1517 1349 1742 1386 competentibus
1764 1349 1940 1385 portionibus
1958 1348 2015 1378 aliis
2034 1350 2181 1389 nepotibus
2202 1352 2303 1383 nostris

1248 1384 1372 1415 masculis
1387 1406 1397 1422 ‚
1414 1387 1448 1416 ad
1469 1397 1540 1425 quos
1562 1388 1680 1425 pertinet
1700 1387 1801 1425 aliquid
1820 1397 1854 1416 ex
1867 1387 2036 1417 successione
2050 1388 2143 1418 nostra
2157 1390 2304 1428 praedieia,

1249 1431 1331 1461 proiit
1344 1424 1404 1463 ipfis
1415 1424 1548 1455 Domino
1561 1426 1658 1456 nostro
1674 1425 1768 1464 Regi,
1784 1426 1817 1456 &
1834 1425 1971 1455 Dominae
1985 1425 2087 1457 nostrae
2100 1426 2222 1467 Reginae
2236 1428 2305 1460 Ma-

1249 1462 1283 1490 tri
1298 1460 1353 1491 suae
1367 1463 1506 1494 videbitur
1520 1465 1657 1504 expedire.

1288 1500 1367 1544 Quas
1380 1502 1494 1539 quidem
1509 1504 1668 1542 portiones,
1683 1512 1750 1533 cum
1766 1501 1858 1532 modis
1870 1503 1904 1533 &
1918 1501 2127 1534 conditionibus
2141 1504 2309 1545 adiciendis,

1250 1545 1299 1576 per
1321 1538 1394 1578 ipsos
1413 1539 1576 1571 Dominum
1595 1541 1722 1571 nostrum
1742 1540 1858 1578 Regem
1874 1541 2000 1580 Angliae,
2019 1542 2052 1572 &
2066 1542 2226 1574 Dominam
2241 1554 2308 1575 nos-

1249 1584 1322 1619 tram
1348 1577 1493 1615 Reginam
1516 1580 1683 1619 praedietos,
1701 1579 1811 1610 limitari
1835 1580 1868 1610 &
1890 1581 2006 1618 exprimi
2030 1581 2178 1612 volumus:
2197 1592 2244 1614 aut
2257 1593 2307 1623 per

1249 1615 1315 1644 alios
1329 1639 1338 1653 ,
1356 1616 1401 1646 seu
1419 1617 1505 1648 alium
1520 1641 1529 1656 ,
1547 1628 1579 1648 ex
1595 1627 1738 1658 praecepto
1751 1628 1868 1656 eorum,
1886 1617 1960 1656 fieri,
1977 1618 2104 1658 limitari,
2118 1621 2254 1660 exprimi,
2271 1622 2307 1652 δε

1250 1653 1302 1682 hiis
1314 1664 1436 1692 quorum
1451 1656 1562 1687 interest
1575 1657 1717 1697 insignari,
1734 1658 1834 1696 quibus
1845 1655 1916 1696 ipsos
1934 1656 2065 1696 Nepotes
2085 1667 2235 1690 contentos
2251 1660 2308 1690 esse

1251 1691 1398 1731 volumus,
1417 1694 1482 1734 post
1496 1695 1637 1725 decessum
1651 1695 1779 1726 nostrum
1794 1694 1910 1733 pacifice
1927 1695 2104 1732 postidendis.

1288 1730 1460 1762 Ordinamus
1479 1734 1586 1773 insuper
1601 1757 1610 1772 ,
1634 1735 1667 1765 &
1689 1733 1805 1765 firmiter
1824 1735 2000 1773 praecipimus
2015 1744 2061 1772 ut,
2076 1735 2096 1765 si
2110 1736 2308 1773 quandocum-

1252 1777 1307 1806 que
1320 1770 1390 1800 inter
1400 1770 1554 1802 Haeredem
1567 1772 1696 1803 nostrum
1709 1772 1856 1803 Comitem
1868 1772 2014 1802 Sabaudiae
2022 1796 2032 1812 ,
2050 1783 2083 1803 ac
2097 1774 2164 1804 alios
2177 1775 2310 1815 Nepotes

1252 1807 1361 1838 nostros
1373 1809 1537 1849 praedieton
1556 1809 1634 1850 super
1647 1811 1784 1852 praedietis
1791 1811 1964 1849 portionibus
1977 1811 2022 1840 seu
2034 1811 2192 1843 acceffione
2198 1823 2310 1844 earum-

1250 1844 1316 1875 dem
1337 1849 1487 1888 quicquam
1509 1850 1647 1879 emerserit
1667 1849 1840 1887 quaestionis,
1858 1849 1936 1887 hujus
1951 1847 2071 1888 quaestio
2085 1872 2095 1888 ,
2112 1851 2312 1888 quotienscun-

1251 1893 1306 1952 Ἐκ
1319 1886 1353 1916 &
1366 1893 1558 1926 quantumque
1570 1889 1736 1927 contigerit,
1751 1887 1785 1918 ad
1792 1887 1958 1918 audientiam
1974 1887 2204 1927 Domini-nostri
2216 1890 2306 1930 Regis

1281 1924 1363 1962 ngliae
1376 1925 1530 1964 deferatur,
1548 1936 1598 1966 per
1612 1927 1701 1966 ipsum
1710 1927 1755 1957 vel
1767 1927 1838 1966 ipsos
1846 1951 1854 1963 ,
1863 1936 1932 1964 quos
1943 1925 1976 1955 ad
1988 1926 2044 1955 hoc
2053 1926 2161 1957 duxerit
2174 1929 2310 1968 assignan-

1249 1960 1317 2000 dos,
1334 1962 1370 1992 de
1389 1964 1474 2001 plano
1492 1966 1525 1995 &
1545 1965 1645 2005 absque
1653 1964 1776 2003 judiciali
1786 1965 1898 2003 strepitu
1910 1987 1919 2002 ,
1937 1964 1987 1994 ubi
1998 1965 2074 1994 idem
2087 1965 2231 1997 Dominus
2245 1977 2311 1998 nos-

1251 2007 1291 2029 ter
1314 2000 1378 2031 Rex
1395 2003 1508 2042 elegerit
1522 2027 1532 2041 ,
1548 2003 1738 2041 terminanda,
1757 2004 1792 2033 ita
1812 2003 1888 2043 quod
1904 2011 1961 2033 tam
1976 2002 2077 2032 Haeres
2091 2004 2186 2034 noster
2201 2004 2309 2036 Comes

1248 2037 1402 2079 Sabaudyae
1415 2058 1425 2078 ,
1441 2043 1526 2079 quam
1538 2041 1585 2071 alii
1599 2065 1609 2079 ,
1627 2051 1660 2072 ex
1678 2042 1848 2072 successione
1862 2042 1956 2071 nostra
1968 2043 2128 2078 portionem
2148 2043 2167 2062 ²*
2187 2044 2306 2084 aliquam

1251 2080 1425 2116 percepturi,
1443 2086 1534 2110 ratum
1548 2080 1581 2110 &
1597 2080 1713 2110 firmum
1725 2088 1837 2110 teneant
1848 2081 1882 2111 δε
1894 2080 2044 2110 observent
2057 2081 2191 2119 quicquid
2206 2093 2252 2122 per
2265 2085 2309 2122 ip-

1249 2118 1309 2159 ium
1323 2116 1490 2147 Dominum
1504 2118 1632 2149 nostrum
1651 2119 1784 2158 Regem,
1800 2118 1843 2149 seu
1863 2119 1996 2149 mandato
2015 2119 2111 2157 ipliuS,
2127 2121 2205 2157 super
2221 2121 2308 2160 quaes-

1250 2155 1505 2193 tione-hujusmodi
1525 2157 1736 2194 sententiatum,
1751 2157 1928 2195 ordinatum,
1945 2156 2054 2187 dietum
2075 2158 2157 2188 fuerit
2175 2159 2219 2189 vel
2238 2169 2310 2199 prae-

1250 2201 1385 2236 ceptum,
1405 2205 1489 2233 quam
1509 2195 1670 2227 sententiam
1687 2219 1696 2234 ,
1714 2196 1841 2233 dietum,
1856 2195 2063 2227 ordinationem
2076 2196 2121 2225 vel
2134 2206 2309 2237 praeceptum

1248 2231 1325 2261 idem
1346 2231 1491 2264 Dominus
1513 2234 1578 2265 Rex
1599 2245 1648 2274 per
1670 2236 1714 2273 se,
1733 2235 1778 2265 vel
1798 2244 1847 2272 per
1865 2234 1947 2272 alios,
1966 2234 2011 2263 seu
2030 2233 2132 2272 alium,
2150 2238 2311 2267 executioni

1248 2269 1400 2338 degnandet
1413 2295 1423 2311 ‚
1442 2273 1487 2304 vel
1506 2273 1589 2305 faciat
1608 2273 1768 2304 demandari
1781 2272 1873 2303 modis
1886 2273 2020 2303 omnibus
2032 2273 2131 2312 quibus
2143 2274 2244 2306 viderit
2262 2285 2310 2305 ex-

1267 2319 1282 2338 e
1304 2319 1350 2340 ire.
1403 2320 1405 2322 ’

1247 2317 1266 2347 p
1286 2346 1340 2387 Et,
1358 2348 1377 2378 si
1395 2347 1501 2388 forsan,
1520 2350 1677 2389 hujusmodi
1691 2347 1868 2381 ordinatione
1881 2359 1940 2379 non
1954 2348 2099 2386 completa
2113 2373 2123 2388 ,
2138 2350 2242 2388 aliquid
2255 2350 2309 2381 hu-

1249 2388 1326 2416 mani
1341 2389 1513 2427 contingeret
1527 2389 1563 2419 de
1576 2388 1709 2419 Domino
1723 2388 1820 2418 nostro
1834 2387 1983 2426 Rege,vel
1999 2387 2128 2418 Domina
2141 2388 2235 2419 nostra
2244 2389 2306 2419 Re-

1212 2444 1214 2446 v
1248 2426 1315 2460 gina
1334 2426 1493 2464 praedietis,
1513 2427 1591 2465 quod
1610 2428 1693 2466 abiit,
1712 2427 1860 2464 volumus,
1877 2425 2079 2464 concedimus,
2098 2427 2132 2457 &
2147 2427 2309 2466 ordinamus

1248 2462 1326 2499 quod
1342 2463 1454 2501 persona
1467 2467 1617 2496 alterutrius
1631 2464 1763 2504 superstes
1784 2466 1812 2495 in
1829 2464 2003 2494 ordinatione
2017 2465 2152 2495 omniurn
2169 2466 2202 2496 &
2215 2466 2254 2496 fin
2294 2465 2310 2497 -i

1246 2500 1338 2531 lorum
1353 2503 1562 2539 praemifforum
1574 2505 1685 2541 plenam
1700 2504 1798 2534 habeat
1812 2503 1993 2541 potestatem:
2013 2502 2051 2533 Et
2064 2503 2188 2541 insuper,
2205 2504 2224 2534 si
2270 2504 2305 2535 0:

1247 2541 1322 2574 mina
1335 2541 1427 2571 nostra
1441 2543 1576 2579 praedicta
1587 2541 1735 2580 superstes,
1752 2542 1820 2571 esset
1832 2541 1921 2571 forsan
1937 2541 2087 2580 impedita,
2107 2543 2145 2573 ita
2159 2542 2236 2581 quod
2243 2553 2305 2574 non

1246 2574 1338 2616 posset
1350 2578 1436 2609 dietae
1448 2580 1614 2610 ordinationi
1629 2580 1783 2611 commode
1797 2579 1972 2618 personaliter
1987 2580 2116 2610 interesse
2137 2580 2147 2615 (
2157 2581 2236 2620 super
2247 2591 2308 2620 quo

1247 2616 1322 2646 credi
1342 2617 1473 2648 volumus
1492 2618 1541 2648 suo
1562 2619 1680 2657 simplici
1700 2619 1779 2649 dieto
1793 2618 1837 2649 vel
1852 2618 2008 2658 scripturae,
2028 2628 2113 2656 quam
2131 2618 2190 2648 fieri
2204 2619 2304 2652 fecerit

1245 2656 1329 2693 super<
1342 2655 1397 2693 eo)
1416 2655 1559 2687 Dominus
1577 2657 1672 2688 noster
1689 2656 1755 2687 Rex
1766 2657 1914 2697 praedictus
1927 2654 1961 2687 in‘
1969 2656 2143 2687 ordinatione
2157 2659 2308 2698 omnium,

1244 2693 1278 2723 δί’
1291 2693 1461 2732 singulorum
1473 2695 1678 2733 praemissorum
1709 2694 1802 2727 lenam
1813 2694 1911 2726 habeat
1923 2694 2100 2735 potestatem.

1283 2730 1475 2764 protestamur
1495 2736 1578 2765 etiam
1597 2734 1689 2773 specia
1700 2735 1749 2766 iter
1763 2733 1859 2774 quod,
1877 2743 1926 2774 per
1944 2734 2182 2771 compositionem
2201 2735 2309 2767 nostrae'

1244 2768 1380 2809 supiemae
1394 2772 1555 2812 voluntatis,
1573 2774 1627 2811 jam
1642 2773 1746 2803 fastam
1759 2773 1804 2804 vel
1819 2774 1905 2803 etiarn
1919 2772 2074 2803 faciendam
2089 2796 2099 2811 ,
2114 2773 2164 2803 sub
2179 2783 2307 2812 quacun-

1246 2818 1302 2847 que
1318 2810 1408 2841 forma
1424 2811 1577 2842 verborum
1591 2820 1759 2852 conceptam
1800 2812 1846 2842 seu
1866 2812 1949 2841 etiam
1970 2811 2206 2849 concipiendam,
2223 2813 2309 2843 nolu-

1247 2853 1310 2877 mus
1323 2846 1529 2880 ordinationem
1543 2850 1744 2888 praedictorum
1791 2851 1882 2880 omini
1897 2849 1984 2879 nostri
1998 2849 2101 2889 Regis,
2111 2850 2149 2880 .&
2165 2849 2304 2890 Reginae,

1247 2885 1292 2916 vel
1305 2886 1412 2930 alterius
1426 2897 1541 2926 eorum,
1555 2889 1635 2927 super
1647 2888 1808 2928 praemiffis,
1825 2888 1871 2919 vel
1887 2887 2011 2926 ipsorum
2025 2889 2135 2927 aliquo,
2154 2887 2307 2933 infirmari,

1247 2925 1353 2963 minin,
1369 2934 1414 2956 aut
1429 2927 1512 2956 etiam
1527 2928 1556 2956 in
1568 2930 1661 2968 aliquo
1676 2927 1813 2965 mutilari,
1828 2927 1904 2957 salvo
1918 2927 2000 2956 nobis
2012 2926 2089 2966 quod
2104 2925 2257 2966 poffimus,
2273 2925 2315 2958 ιη’

1246 2962 1414 2994 testamento
1427 2964 1540 3003 nostr0,
1556 2965 1592 2996 de
1604 2967 1685 2996 rebus
1700 2967 1801 2996 nostris
1813 2964 1894 3002 dare,
1913 2964 2067 3004 relinquere
2081 2988 2090 3002 ‚
2108 2964 2154 2995 vel
2169 2964 2309 3004 assignare

1248 3000 1377 3033 Ecclesiis
1389 3004 1422 3033 ὃς
1435 3004 1486 3042 piis
1501 3004 1586 3043 locis,
1604 3004 1800 3043 servientibus,
1819 3004 1853 3034 &
1867 3003 1999 3041 gentibus
2019 3002 2120 3034 nostris
2138 3004 2306 3042 pauperibus

1245 3040 1279 3069 &
1295 3042 1407 3080 egenis,
1425 3052 1457 3072 ac
1471 3043 1554 3071 etiam
1566 3044 1662 3073 amicis
1676 3043 1794 3081 nostris,
1813 3042 1907 3072 debita
1921 3042 2004 3072 etiam
2019 3042 2175 3081 persolvere
2189 3044 2223 3074 &
2243 3042 2302 3074 cla-

1243 3087 1337 3108 mores
1350 3080 1498 3110 emendare
1512 3089 1595 3120 prout
1608 3081 1760 3112 viderimus
1772 3081 1913 3120 expedire:

1282 3117 1377 3156 Qae,
1394 3119 1414 3148 si
1427 3119 1490 3149 alias
1504 3129 1563 3148 non
1575 3119 1741 3157 fecerimus,
1759 3119 1822 3149 haec
1836 3119 1933 3150 omnia
1944 3119 1978 3150 &
1992 3118 2095 3159 singula
2109 3118 2169 3150 fieri
2180 3118 2215 3150 ὃς
2226 3120 2303 3150 ordi-

1244 3156 1302 3185 nari
1325 3165 1373 3226 ἳὲτ
1391 3157 1504 3187 eosdem
1528 3157 1692 3188 Dominum
1715 3157 1842 3188 nostrum
1866 3157 1998 3197 Regem,
2016 3159 2050 3188 &
2063 3157 2223 3188 Dominam
2236 3168 2304 3188 nos-

1243 3201 1312 3236 tram
1360 3196 1486 3234 eginam,
1506 3195 1552 3225 vel
1569 3204 1669 3226 eorum
1689 3196 1807 3226 alterum
1821 3195 1950 3227 volumus
1962 3197 1996 3227 &
2016 3195 2131 3227 fideliter
2142 3196 2304 3235 adimpleri,

1242 3239 1278 3262 ita
1290 3234 1367 3271 quod
1381 3234 1400 3264 si
1414 3244 1465 3263 nos
1477 3234 1552 3265 circa
1564 3234 1671 3265 servitia
1681 3235 1838 3272 reddenda,
1854 3245 1887 3265 ac
1901 3235 1995 3277 debita
2014 3234 2209 3274 persolvenda,
2226 3234 2300 3302 leffa-

1242 3278 1268 3300 ta
1281 3272 1476 3312 relinquenda,
1494 3273 1540 3302 seu
1560 3274 1699 3304 clamores
1709 3281 1862 3314 pauperum
1875 3274 1909 3305 δε
1931 3275 2097 3304 mliero'rum
2110 3272 2247 3303 emendari
2268 3279 2303 3302 os

1241 3309 1315 3339 aliud
1330 3321 1390 3340 non
1405 3311 1563 3341 duxerimus
1584 3311 1759 3349 inposterum
1775 3312 1962 3343 ordinandum
1978 3334 1987 3349 ,
2003 3311 2129 3341 nostram
2146 3317 2301 3341 extremam

1240 3348 1414 3380 voluntatem
1430 3349 1551 3380 totaliter
1562 3352 1767 3381 committimus
1780 3353 1810 3381 in
1824 3351 1944 3390 ipsorum
1952 3349 2077 3380 Domini
2091 3349 2177 3387 Regis
2189 3348 2300 3387 Angliae

1241 3386 1275 3415 &
1290 3386 1409 3426 Reginae
1430 3388 1529 3418 Matris
1550 3388 1623 3426 suae,
1641 3389 1687 3419 vel
1707 3389 1814 3420 alterius
1829 3398 1929 3419 eorum
1943 3387 2150 3425 dispositionem
2164 3388 2195 3416 in
2206 3388 2300 3417 omni-

1241 3425 1294 3455 bus
1307 3426 1340 3456 &
1354 3427 1465 3464 singulis
1478 3425 1637 3457 antedietis:
1656 3427 1695 3458 Et
1710 3427 1783 3465 ipsos
1795 3428 1840 3458 vel
1854 3428 1977 3467 ipsorum
1991 3427 2106 3469 alterum
2117 3426 2147 3455 in
2160 3433 2307 3463 quantum

1240 3464 1384 3502 possumus
1398 3469 1561 3502 oneratum,
1577 3466 1703 3496 volentes
1717 3474 1748 3496 ut
1766 3476 1797 3496 ea
1809 3468 1906 3496 omnia
1919 3488 1930 3502 ,
1946 3465 1980 3495 &
1995 3464 2113 3501 singula,
2131 3473 2179 3500 per
2192 3466 2236 3501 ie,
2253 3463 2299 3493 vel

1240 3512 1341 3534 eorum
1355 3503 1491 3541 alterum,
1510 3503 1554 3533 seu
1569 3513 1617 3540 per
1634 3504 1716 3542 alios,
1735 3513 1781 3534 aut
1793 3504 1895 3542 alium,
1912 3512 1998 3542 quem
2013 3502 2063 3539 ipfi
2071 3501 2174 3544 ambo,
2189 3502 2234 3532 vel
2247 3511 2298 3532 eo-

1240 3550 1304 3572 rum
1319 3541 1387 3572 alter
1399 3541 1435 3572 ad
1448 3542 1504 3571 lioc
1517 3540 1709 3580 deputaverit,
1725 3544 1824 3582 exequi
1837 3543 1961 3579 valeant,
1978 3548 2062 3580 prout
2078 3540 2200 3571 viderint
2214 3549 2299 3579 expe-

1239 3579 1315 3616 dire3
1335 3579 1442 3610 Rarum
1456 3580 1587 3610 habentes
1603 3582 1636 3612 &
1650 3589 1761 3619 gratum
1774 3590 1829 3620 pro
1839 3580 1938 3617 nobis,
1952 3577 2168 3621 &UHaeredibus
2179 3577 2306 3617 nostris,

1240 3619 1274 3649 δε
1293 3618 1501 3649 Successoribus
1519 3618 1621 3649 nostris
1637 3619 1872 3659 quibuscunque,
1886 3616 2019 3657 quicquid
2034 3625 2083 3655 per
2105 3616 2177 3660 ipsos
2190 3616 2300 3647 Domi-

1240 3666 1310 3686 num
1326 3657 1453 3686 nostrum
1470 3657 1597 3696 Regem,
1615 3658 1648 3688 &
1665 3657 1824 3696 Reginam,
1842 3657 1885 3687 vel
1901 3664 2001 3685 eorum
2014 3655 2147 3692 alterum,
2165 3665 2194 3685 in
2207 3655 2299 3686 forma

1241 3696 1443 3732 praenominata
1457 3694 1564 3725 faetum
1576 3697 1675 3733 fuerit,
1690 3696 1852 3726 ordinatum
1860 3717 1870 3732 ,
1886 3694 1932 3724 seu
1943 3698 2117 3733 praeceptum
2129 3694 2162 3724 in
2174 3695 2299 3732 praemis-

1240 3734 1289 3770 iis,
1307 3733 1352 3762 vel
1367 3734 1395 3763 in
1410 3734 1504 3771 aliquo
1518 3734 1734 3771 praemifl'orum.
1800 3742 1801 3746 ¹
2052 3747 2054 3750 ·

1278 3771 1448 3802 Mandamus
1468 3771 1574 3809 insuper
1587 3772 1719 3802 omnibus
1741 3770 1980 3808 Arcliiepiscopis,
1998 3769 2158 3810 EpiscopiS,
2176 3769 2295 3801 Abbati-

1239 3811 1305 3848 bus,
1324 3809 1483 3848 Prioribus,
1498 3811 1530 3840 ὃς
1546 3810 1602 3840 aliis
1615 3810 1782 3847 Religiosi83
1799 3808 1977 3846 Comitibus,
1989 3807 2299 3847 Baronibus,Castella-

1240 3850 1299 3887 nis,
1319 3847 1461 3878 Militibus
1474 3871 1484 3886 ,
1502 3847 1657 3888 Praepositis
1677 3849 1710 3878 &
1730 3847 1837 3877 Ballivis
1849 3845 2009 3877 Comitatfis
2019 3846 2180 3885 Sabaudiae,
2195 3847 2228 3877 &
2243 3846 2300 3876 aliis

1240 3888 1350 3918 subditis
1364 3886 1478 3924 nostris,
1496 3886 1574 3926 ipfis,
1589 3888 1618 3917 in
1633 3887 1735 3917 virtute
1749 3886 1920 3916 Sacramenti
1932 3885 2065 3916 fidelitatis
2079 3885 2160 3915 nobis
2171 3884 2300 3922 praestiti,

1240 3926 1355 3957 firmiter
1368 3927 1557 3963 injunoentes,
1576 3926 1702 3962 quatinus
1715 3923 1937 3962 ordinationem,
1954 3931 2146 3964 praeceptum,
2162 3923 2206 3952 seu
2219 3931 2300 3965 man-

1240 3965 1336 3997 datum
1357 3963 1445 4005 praedi
1476 3972 1561 3995 otum
1582 3963 1705 4031 Domigi
1728 3961 1817 3993 nostri
1831 3961 1967 4003 Regis&
1981 3962 2117 4002 Reginae,
2131 3960 2177 3994 vel
2189 3960 2298 3990 alterius

1705 4009 1724 4040 g
1743 4009 1758 4039 3
2181 4007 2298 4036 eorum,

2325 2049 2455 2087 *11.29z.
