2570 4261
41 262 120 294 Ann.
135 261 176 292 D.

66 309 149 339 1295.

44 344 112 368 Ην.
133 349 155 367 ι.

48 706 123 738 Ann.
139 705 179 736 D.

70 753 153 782 1295-

48 788 100 812 Aa.
123 793 167 820 23.

49 826 79 849 Ξ.
104 831 125 848 i.

47 860 183 896 Claus23.

49 902 79 926 E.
102 908 123 925 i.
144 907 180 924 m.

53 1294 182 1330 ⁹11.690.

61 2270 188 2304 Ann.D.

78 2318 162 2349 1295.

60 2355 112 2380 An.
131 2359 175 2386 23.

62 2394 90 2417 E.
115 2399 137 2415 i.

62 2432 116 2455 Rot.
134 2424 192 2453 Ale-

62 2476 131 2493 mall.
150 2474 177 2500 2.ν

62 2508 92 2531 Ε.
114 2513 135 2530 ι.
157 2512 194 2530 m.

67 2550 109 2577 ιγ.

191 193 270 231 150

196 303 310 332 beamus
323 299 405 329 aliam
419 294 625 334 responsivam3
1211 314 1216 319 .
1233 314 1238 318 Ι

234 337 272 369 Et
286 337 366 374 super
378 336 429 365 hiis
440 335 473 365 &
487 333 544 363 aliis
558 331 640 360 nobis
651 326 829 359 voluntatem
843 322 967 355 vestram
981 318 1144 350 remandare
1163 314 1253 347 velitis

193 387 243 416 per
257 375 433 414 praesentium
441 372 617 409 portitorem.

231 451 299 482 Dat.
313 448 387 488 apud
398 447 441 477 W
444 445 567 483 engham
581 445 628 475 28.
642 441 688 472 die
701 437 884 478 Septembris.

199 497 1251 536 Μ

196 581 245 613 De
268 573 416 608 obviando
441 576 514 620 Regi
539 573 687 611 Franciae,
714 571 766 614 qui
795 569 826 599 in
848 564 933 609 saffo
953 561 1114 606 Vaseoniae,
1142 562 1251 606 Regem

267 623 484 670 fraudulenter
499 621 648 667 deceperat
660 645 671 661 ,
697 621 732 655 (ῤ’
753 618 888 662 Regnum
907 611 1023 657 Angliae
1043 607 1177 642 invadit.

253 708 312 740 EX
330 707 492 739 Venerabili
505 708 534 737 in
547 702 665 736 Christo
682 702 758 732 Patri
772 699 812 730 R.
826 697 925 728 eadem
940 693 1042 734 gratia,
1060 690 1254 724 Cantuarienfi

256 747 458 785 rArchiepisco
479 756 499 776 o
532 745 617 774 totius
632 741 743 780 Angli-ae
757 737 890 774 Primati,
908 734 1031 765 salutern.
1215 769 1220 774 ι

238 786 317 817 Sicut
340 786 400 816 Lex
418 787 448 823 ju
476 769 582 820 issirna,
600 778 719 818 provida
740 774 995 813 circumspeffione
1007 768 1257 813 Sacrorum-Prin-

200 825 297 862 cipum
319 824 451 860 stabilita,
470 822 597 852 hortatur
620 819 652 848 &
674 816 854 858 statum-ut,
871 810 950 850 quod
969 819 1071 840 ornnes
1091 817 1179 853 tangit
1192 831 1202 845 ,
1219 807 1255 851 ab

202 864 334 893 omnibus
347 862 533 900 approbetur,
551 858 588 888 sic
604 857 637 887 ὃς
650 855 741 886 innuit
755 852 913 889 evidenter,
930 858 961 880 ut
973 848 1178 879 communibus
1184 855 1257 884 peri-

201 902 287 939 culis,
305 911 355 939 per
370 899 491 931 remedia
506 896 631 936 provisa,
648 892 840 924 communiter
851 890 992 933 obvietur.
1061 925 1066 930 ι
1249 922 1254 928 ·

237 939 310 969 Sane
332 939 390 969 satis
413 936 519 974 nostis,
537 937 569 966 &
587 935 646 974 jam
666 931 707 962 est
728 932 772 969 (ut
787 927 938 963 credimus)
955 935 1004 964 per
1019 923 1144 956 universa
1156 921 1255 953 mundi

200 978 310 1008 climata
330 976 505 1015 divulgatum
521 998 530 1011 ,
551 973 663 1011 qualiter
689 970 752 1000 Rex
771 968 897 998 Franciae
914 966 951 996 de
968 963 1055 995 terrra
1072 962 1169 1007 nostri
1187 961 1257 1005 Vas-

199 1018 310 1084 gonite,
327 1025 379 1045 nos
400 1013 586 1045 fraudulenter
608 1013 641 1042 &
656 1008 796 1040 cautelose
809 1006 935 1043 decepit,
954 1012 1016 1034 eam
1030 1002 1114 1033 nobis
1129 1007 1257 1038 nequiter

221 1055 369 1085 etinendo:

238 1093 272 1123 N
275 1103 331 1123 unc
346 1095 434 1130 vero,
453 1090 591 1129 praedietis
607 1087 700 1118 fraude
716 1087 749 1117 &
763 1082 888 1122 nequitia
904 1091 965 1112 non
980 1086 1150 1116 contentus,
1166 1076 1200 1107 ad
1209 1085 1258 1106 ex-

199 1133 402 1170 pugnationem
419 1131 514 1169 Regni
529 1127 619 1158 nostri
630 1127 786 1163 insurgens,
805 1121 888 1153 classe
900 1119 1023 1151 maxima
1036 1120 1069 1150 ὃς
1086 1117 1257 1147 Bellatorum

201 1170 317 1207 copiosa
332 1169 509 1200 multitudine
523 1165 700 1204 congregatis
717 1164 798 1199 (cum
815 1161 915 1202 quibus
928 1158 1064 1202 Regnum
1078 1155 1208 1198 nostrum
1223 1155 1257 1185 &

202 1208 298 1248 Regni
313 1208 435 1247 ejusdem
450 1206 559 1237 incolas
573 1203 710 1234 hostiliter
720 1202 780 1239 jam
794 1198 904 1234 invalit)
921 1197 1066 1232 Linguam
1088 1193 1259 1231 Anglicam,

204 1247 224 1277 si
247 1256 395 1284 concepta:
415 1245 564 1283 iniquitatis
578 1240 723 1281 proposito
735 1236 887 1269 detestabili
900 1234 1022 1274 potestas
1044 1230 1261 1270 correspondeat

205 1286 296 1324 (quod
312 1286 391 1316 Deus
410 1286 428 1303 *²
447 1282 564 1318 avertat)
580 1281 703 1312 omnino
715 1277 751 1308 de
765 1277 838 1307 terra
852 1274 944 1306 delere
958 1273 1109 1311 proponit:

239 1325 317 1363 Qiia
331 1325 413 1363 igitur
427 1321 541 1361 praevisa
551 1319 641 1359 jacula
654 1318 747 1348 minus
761 1315 883 1351 laedunt,
901 1314 934 1344 ὃ(
948 1322 990 1342 res
1002 1310 1093 1342 vestra
1115 1309 1257 1346 maxime,

206 1363 275 1393 sicut
290 1372 459 1392 caeterorum
474 1360 571 1399 Regni
584 1357 707 1395 ejusdem
722 1354 917 1389 Concivium,
935 1351 1022 1390 agitur
1035 1350 1065 1379 in
1078 1348 1131 1378 hac
1146 1357 1241 1390 parte,

242 1401 333 1431 Vobis
348 1399 512 1430 mandamus
522 1423 531 1436 ,
549 1399 578 1427 in
593 1396 647 1426 fide
661 1396 693 1426 &
707 1393 876 1427 dileffione,
895 1390 995 1428 quibus
1009 1388 1092 1418 nobis
1108 1386 1263 1423 tenemini,

205 1440 322 1469 firmiter
343 1440 535 1477 injungentes,
550 1434 629 1474 quod
648 1433 693 1463 die
714 1430 891 1467 Dominica,
908 1426 1040 1468 proxima
1064 1425 1128 1464 post
1143 1423 1259 1468 Festum

202 1477 298 1508 saneti
308 1477 427 1507 Martini
440 1478 469 1506 in
484 1472 736 1512 hieme,proxime
750 1469 877 1501 futurum
891 1466 963 1506 apud
970 1463 1261 1496 Westmonastenum

202 1516 379 1555 personaliter
392 1515 535 1551 interliti53

243 1554 465 1584 Przemunientes
478 1553 608 1583 Priorem

204 1592 380 1631 diaconum,
397 1591 551 1628 totumque
572 1588 692 1619 Clerum
713 1585 812 1617 vestrae
834 1583 977 1614 Diocesis:
1015 1581 1161 1612 Facientes
1203 1577 1262 1608 uod

203 1631 289 1661 iidem
304 1631 385 1661 Prior
402 1632 434 1662 &
453 1627 729 1663 Archidiaconus,in
744 1623 862 1662 propriis
879 1621 1000 1659 personis
1014 1620 1079 1650 suis:
1099 1619 1135 1649 Et
1150 1618 1178 1648 di
1197 1620 1261 1647 tum

204 1670 368 1707 Capitulum
384 1679 432 1707 per
444 1678 534 1699 unum
569 1665 701 1702 idemque
715 1662 814 1693 Clerus
826 1671 874 1698 per
888 1659 959 1690 duos
974 1659 1174 1689 Procuratores
1193 1655 1258 1686 ido-

203 1719 291 1747 neOS‚
310 1708 421 1746 plenam
437 1709 470 1739 δε
484 1690 671 1737 sufficientem
686 1700 852 1740 potestatem
867 1699 902 1728 ab
915 1698 977 1736 ipsis
992 1696 1127 1734 Capitulo
1144 1696 1177 1726 &
1193 1693 1261 1725 Cle-

206 1758 240 1816 ἓο
262 1747 416 1784 habentes,
448 1746 505 1777 una
525 1743 673 1775 vobiscum
694 1739 818 1771 interlint
840 1737 932 1768 modis
953 1736 1088 1766 omnibus
1119 1743 1187 1765 tunc
1209 1733 1263 1763 ibi-

227 1796 275 1816 em

253 1809 299 1855 At’i
324 1822 501 1854 traCtandum
517 1845 527 1860 ,
549 1818 736 1851 ordinandum
752 1839 762 1855 ,
788 1816 822 1846 &
847 1812 1009 1845 faciendum
1033 1810 1204 1848 nobiscum,
1230 1811 1265 1842 &

207 1873 277 1894 cuin
295 1863 402 1893 caeteris
419 1861 542 1891 Praelatis
555 1882 564 1897 ,
590 1860 622 1889 δε
644 1855 809 1887 Proceribus
824 1877 834 1892 ,
852 1854 885 1884 &
903 1852 959 1882 aliis
977 1851 1081 1890 Incolis
1099 1849 1196 1889 Regni
1213 1859 1267 1879 no-

208 1901 272 1970 gu,
292 1900 408 1939 qualiter
426 1900 458 1930 sit
476 1896 632 1938 hujusmodi
650 1894 776 1935 periculis
795 1893 828 1925 &
847 1891 1008 1931 excogitatis
1025 1889 1134 1920 malitiis
1146 1888 1267 1919 obvian-

231 1950 287 1970 uni.

625 1550 657 1580 &
680 1546 844 1588 Capitulum
865 1543 1000 1574 Ecclesiae
1020 1541 1139 1579 vestrae,
1158 1539 1263 1570 Archi-

244 2016 334 2047 Teste
348 2016 430 2056 Rege
441 2015 515 2054 apud
529 2013 695 2053 &Vengham
714 2021 760 2052 30.
778 2008 822 2040 die
838 2006 1018 2046 Septembris.

213 2143 286 2187 Regi
307 2143 509 2175 Romanorum
523 2166 533 2183 ,
558 2137 593 2171 de
613 2148 724 2171 12000
742 2137 763 2169 l.
779 2137 891 2169 Turon.
908 2129 1042 2174 arestatis
1050 2141 1105 2177 per
1122 2132 1266 2164 Comitem

645 2182 833 2231 Luceburgh.

213 2274 431 2336 MAgnifico
454 2272 596 2318 Principi,
613 2270 672 2302 &c.
694 2269 827 2300 Domino
851 2267 886 2298 A.
909 2266 968 2298 Dei
983 2265 1086 2305 gratia,
1102 2265 1181 2310 Regi
1200 2263 1267 2294 Ro-

230 2354 248 2360 ..
308 2323 458 2344 manorum
470 2311 585 2349 illustri,
602 2309 710 2347 semper
723 2306 873 2347 Augusto,
891 2305 1065 2350 Edwardus,
1081 2303 1181 2334 eadem
1205 2312 1267 2342 gra—

215 2353 339 2423 11³1)an
341 2377 458 2421 'caeteras
479 2387 700 2422 conventiones,
718 2385 797 2422 super
816 2382 998 2414 indiffolubili
1018 2380 1269 2412 confoederationis

214 2431 347 2467 vinculo,
366 2430 399 2460 &
419 2429 524 2458 unione
545 2425 675 2456 amicitiae
695 2423 834 2463 specialis,
852 2424 923 2452 inter
937 2420 1036 2451 vestrae
1051 2418 1204 2458 Majestatis
1222 2427 1270 2448 ex-

171 2474 194 2497 3·
213 2470 372 2500 cellentiam
397 2468 430 2498 δε
453 2475 506 2496 nos
529 2465 607 2494 initas
631 2464 664 2493 &
687 2461 807 2492 firmatas
823 2484 833 2500 ,
857 2461 954 2491 astum
970 2459 1050 2491 suiffe
1069 2458 1203 2496 reperitur
1221 2466 1269 2487 ex-

235 2507 304 2538 reffe

214 2519 233 2547 p
253 2531 362 2586 Quid,
380 2545 448 2582 siqui
463 2539 691 2582 praesummuofi,
708 2540 881 2577 quicumque
894 2537 946 2567 sint
965 2537 1020 2574 illi,
1039 2537 1068 2565 in
1092 2534 1198 2574 Regno
1218 2543 1268 2565 ve-

217 2585 294 2624 stro,
313 2586 368 2615 sive
383 2582 482 2614 nostro
495 2580 662 2616 constituti,
679 2578 830 2608 occasione
845 2578 878 2607 &
892 2585 925 2606 ex
941 2575 1022 2606 causa
1035 2574 1180 2605 discordiae
1203 2572 1271 2603 litis-

217 2634 291 2662 que,
310 2632 398 2654 motae
414 2623 485 2651 inter
500 2629 554 2650 vos
568 2620 601 2649 &
615 2627 667 2647 nos
682 2626 714 2646 ex
729 2625 805 2654 parte
820 2615 895 2652 una,
911 2615 943 2645 δε
958 2614 1070 2653 Regem
1093 2612 1269 2643 Francorum

216 2672 250 2692 ex
265 2661 364 2699 altera,
381 2661 488 2691 amicos
503 2659 538 2690 ὃς
550 2655 723 2686 auxiliatores
738 2654 845 2685 vestros
861 2654 894 2684 &
910 2652 1021 2683 nostros
1038 2649 1271 2688 invaderent,di-

213 2701 289 2730 rc&e
310 2701 354 2730 vel
373 2698 510 2728 indirecte
533 2695 693 2731 turb'arent,
709 2693 860 2730 quominus
882 2692 912 2721 in
932 2691 1065 2721 auxilium
1085 2689 1213 2720 vestrum
1236 2689 1270 2719 δε

216 2737 346 2768 nostrum
367 2737 392 2767 se
415 2735 561 2766 transferre
582 2733 721 2769 valerent,
740 2741 810 2768 vos,
827 2731 860 2760 &
880 2739 950 2767 nOS,
968 2730 1001 2760 &
1024 2727 1147 2758 haeredes
1163 2725 1271 2764 nostri,

214 2777 343 2815 personas
361 2785 462 2805 eorum
479 2798 488 2812 ,
514 2782 583 2803 cum
605 2770 796 2809 publicatione
815 2769 945 2798 omnium
965 2768 1110 2797 bonorum
1133 2765 1245 2796 suorum
1262 2786 1271 2802 ,

215 2816 273 2845 sine
287 2815 332 2853 spe
345 2813 535 2845 revocationis
549 2812 582 2842 &
597 2810 707 2849 gratiae,
727 2815 863 2846 perpetuo
883 2806 1082 2846 relegaremus,
1100 2804 1147 2835 vel
1167 2803 1273 2841 relega-

217 2863 288 2884 rent.
356 2862 359 2866 ¹

255 2892 303 2922 Set
317 2891 402 2923 ecce!
421 2889 538 2921 Nobilis
552 2887 622 2923 Vir,
639 2885 785 2916 Henricus
798 2883 907 2915 Comes
928 2882 1097 2922 Luceburg,
1115 2882 1164 2920 qui
1183 2879 1268 2911 vobis

218 2930 353 2961 fidelitatis
365 2930 463 2960 debito
477 2927 518 2958 est
533 2923 821 2963 astri&us,quandam
837 2923 968 2959 pecuniae
982 2918 1273 2959 quantitatem,usque

224 2969 258 2998 ad
268 2969 411 2998 summam
419 2966 574 2997 duodecim
583 2964 694 2994 milium
702 2963 832 2992 librarum
840 2961 953 2991 Turon.
962 2961 1148 2998 attingentem
1159 2959 1256 2996 (quam
1265 2980 1274 2994 ,

244 3017 277 3037 ro
292 3007 415 3044 expensis
429 3004 563 3035 faciendis
577 3011 675 3032 contra
689 3000 804 3039 Regem
817 2999 839 3029 F
842 3000 941 3030 ranciae
950 3021 959 3037 ,
978 2998 1084 3028 dilecto
1092 2997 1151 3027 filio
1163 2994 1274 3032 nostro,

257 3046 358 3075 omino
372 3044 412 3073 H.
425 3043 538 3074 Comiti
554 3041 650 3072 Baren.
665 3039 740 3069 fideli
755 3037 907 3075 vestro,ac
922 3036 1060 3075 utriusque
1075 3033 1276 3071 nostrfimspe-

222 3083 284 3114 ciali
298 3083 330 3112 &
345 3083 490 3119 praecipuo
503 3080 653 3116 valectori,
671 3075 933 3112 transmittebamus)
949 3076 978 3105 in
992 3074 1063 3105 terra
1075 3073 1156 3111 ipsius
1170 3072 1276 3102 Comi-

221 3123 256 3153 tis
280 3121 448 3158 Luceburgh
464 3142 473 3157 ‚
496 3118 595 3148 ditioni
616 3116 717 3147 vestrae
736 3114 859 3152 subjecta
872 3139 881 3152 ,
897 3113 1014 3145 arestare
1035 3111 1222 3150 praesumpsit,
1239 3110 1273 3140 &

224 3160 315 3190 adhuc
329 3158 432 3189 detinet
446 3156 619 3194 arrestatam,
638 3157 667 3185 in
683 3153 782 3186 vestrm
799 3152 950 3191 Majestatis
965 3151 1134 3189 vituperium
1149 3150 1182 3181 &
1205 3158 1278 3179 con-

225 3205 374 3235 temptum.

264 3236 341 3266 Cum
356 3237 447 3272 itaque
461 3233 616 3264 subtrahere
630 3231 857 3262 sustentationem
870 3229 915 3260 vel
939 3228 1085 3265 vidtualia,
1103 3236 1162 3256 non
1184 3227 1276 3256 minus

227 3274 367 3341 ¹sitdquam
387 3275 450 3304 alias
472 3271 622 3310 impedire:
642 3271 674 3301 &
690 3269 844 3299 subtrahere
856 3268 982 3299 vic'tualia
997 3267 1030 3298 &
1046 3275 1146 3296 necare
1161 3263 1194 3294 ad
1208 3265 1281 3302 paria

240 3323 256 3342 u
279 3322 398 3342 icentur·

225 3323 236 3351 J
267 3336 424 3381 Serenitassis
444 3348 546 3379 vestrae
568 3345 821 3382 maenificentiam,
840 3355 922 3382 quam
940 3344 1040 3374 'carius
1054 3341 1215 3380 possumuS,
1232 3340 1286 3370 de-·

230 3398 393 3426 precamur,
412 3389 540 3426 quatinus
552 3385 760 3424 praesumptioni
777 3383 933 3421 hujusmodi
949 3382 1052 3413 faciatis
1075 3380 1162 3411 taliter
1183 3389 1284 3410 emen-

229 3426 303 3465 dari,
318 3427 399 3466 quod
413 3427 511 3457 amicis
526 3426 559 3456 &
575 3424 695 3454 inimicis
708 3422 823 3452 transeat
837 3423 866 3451 in
882 3422 1052 3459 exemplum.

268 3501 334 3533 Dat.
348 3502 421 3541 apud
437 3501 569 3533 Cantuar.
587 3502 683 3539 primo
696 3498 740 3528 die
755 3498 898 3528 Odiobris.

240 3623 288 3654 De
315 3620 556 3654 conventionibus
581 3624 658 3653 inter
682 3621 811 3665 Regem,
837 3621 981 3652 Comitem
1008 3616 1152 3654 Flandriae
1174 3620 1210 3656 (ἁ
1230 3619 1287 3650 Co-

640 3671 744 3699 mitem
763 3667 875 3700 Gelriae.

97 3752 172 3783 Ann.
184 3749 223 3780 D.
306 3749 461 3791 Dwardus,
480 3753 538 3783 Dei
558 3753 657 3792 gratia,
676 3752 740 3782 Rex
761 3750 889 3790 Angliae,
905 3751 1051 3782 Dominus
1072 3750 1235 3786 Hiberniae‚
1253 3749 1287 3780 &

118 3797 201 3827 1295.

98 3832 150 3856 An.
171 3837 214 3863 ²3·

98 3871 128 3894 E⁴
152 3875 175 3892 i.

244 3787 594 3856 nei-inItQffilAqUi‘a‘miae’
609 3791 741 3821 omnibus
750 3812 759 3827 ‚
777 3790 811 3819 ad
824 3799 895 3828 quos
907 3789 1054 3827 praesentes
1069 3790 1167 3820 litterae
1188 3797 1290 3829 perve-

344 3849 352 3861 3
381 3848 386 3855 ι
406 3837 489 3857 istem.

284 3862 361 3892 Cum
375 3865 403 3893 in
420 3868 672 3904 conventionibus,
690 3867 760 3896 inter
771 3866 961 3896 venerabilem
974 3865 1103 3903 Patrem,
1119 3864 1155 3894 A.
1177 3862 1290 3894 Dunel·

99 3909 154 3932 Rot.
170 3902 228 3930 Ale-
247 3901 371 3943 mensem
381 3901 556 3943 Episcopum
572 3915 622 3941 pro
635 3905 715 3934 nobis
729 3913 763 3934 ex
778 3912 854 3940 parte
868 3904 942 3941 una,
959 3904 993 3934 δε
1009 3905 1158 3934 Rocreium
1178 3901 1214 3932 de
1231 3901 1288 3931 Gi·-

102 3952 170 3969 man.
187 3950 231 3975 23.
248 3938 307 3968 stell
324 3938 463 3977 Militem,
479 3943 510 3970 δε
527 3941 847 3979 MagistrumJacobum
862 3942 897 3971 de
913 3942 1009 3980 Aqua,
1028 3929 1233 3985 prgtspetfitabili
1246 3939 1291 3969 vi-

100 3985 131 4007 E.
145 3990 167 4006 1.
182 3988 217 4004 m.

105 4028 147 4051 ¹9-
167 4019 191 4044 in

101 4056 207 4083 cedula.

246 3986 291 4046 txi‘sr
304 3976 438 4053 ῌΞξὲἒρἑ)
459 3978 600 4016 Guydone
625 3979 741 4011 Comite
761 3978 900 4010 Flandriae
914 3989 948 4010 ex
962 3980 1064 4018 altera,
1083 3988 1173 4015 initis,
1193 3986 1293 4009 cavea-

321 4039 325 4042 ⁴
433 4037 443 4051 ²

286 4051 377 4090 Quod
389 4062 443 4084 nos
464 4051 588 4084 debitum
607 4063 722 4086 centum
736 4056 847 4087 milium
864 4055 998 4087 librarum
1012 4053 1225 4088 Turonenfium
1236 4076 1247 4091 ,
1262 4053 1291 4084 in

591 146 1452 221 'CONVENTloNEQ
1506 143 1890 197 LITERAE,

195 261 390 301 sponsionem,
406 265 493 297 quam
515 254 618 286 eisdem
640 262 690 290 per
710 250 803 281 dictos
824 246 888 277 suos
900 244 1038 276 Nuncios
1050 240 1186 278 feceritis,
1199 238 1249 268 ha·
1286 234 1388 272 quibus
1399 232 1519 263 Nobilis
1534 233 1586 264 Vir
1600 232 1774 270 Reginaldus
1788 231 1897 263 Comes
1913 229 2022 261 Gelriae
2035 233 2146 260 tenetur
2165 226 2258 259 eidem
2278 224 2343 257 Co·
2358 219 2487 253 Ann.D;

1286 273 1349 303 miti
1359 271 1520 315 'Flandriae,
1537 273 1570 303 &
1589 282 1641 310 pro
1663 272 1763 309 quibus
1781 270 1858 300 idem
1876 268 1985 299 Comes
2003 267 2026 297 F
2028 267 2141 298 landriae
2154 275 2256 297 terram
2269 264 2338 295 dieti

1284 310 1392 340 Gelriae
1415 309 1540 341 Comitis
1560 318 1637 341 tenet
1656 310 1768 349 pignori
1786 309 1961 345 obligatam,

1284 397 1344 416 mes
1360 386 1383 415 F
1385 386 1516 425 landriae,
1533 397 1586 424 pro
1600 387 1747 426 maritagio
1758 384 1891 416 Edwardi
1904 384 1952 414 filii
1966 383 2072 422 nostri,
2089 393 2105 413 a
2138 392 2210 421 opus
2231 380 2339 418 Philip-

1284 435 1333 468 pse
1345 424 1409 468 filiae
1423 425 1495 463 suae,
1513 435 1534 454 n
1555 426 1597 466 bis
1609 425 1673 454 dare
1686 434 1810 462 tenetur,
1827 425 1857 453 in
1872 422 1994 453 solutum
2008 422 2192 459 recipiamus,
2207 421 2241 452 &
2254 421 2284 450 in
2295 420 2341 450 so-

1283 463 1457 502 lutiombus,
1473 463 1535 493 nob
1567 463 1717 501 faciendis,
1736 473 1789 500 pro
1802 462 1900 500 primis
1913 461 2038 492 terminis
2049 460 2219 498 allocemus,

1322 500 1409 539 Nos,
1428 503 1633 532 conventiones
1645 501 1754 531 easdem
1769 501 1876 531 servare
1889 500 2033 537 volentes,
2049 498 2236 529 concedimus
2244 495 2341 536 quod,

1288 538 1309 568 si
1325 539 1455 576 praefatus
1465 538 1577 570 Comes
1591 539 1729 570 Flandriae
1750 538 1917 576 praedietum
1937 537 2083 575 debitum,
2101 546 2151 574 per
2167 545 2342 575 compotum

1286 577 1502 621 declarandum,
1520 578 1607 616 usque
1619 577 1654 608 ad
1668 577 1807 607 summam
1828 576 2008 614 praedictam,
2023 575 2200 613 praesentium
2221 577 2343 612 portito-

1286 616 1380 659 ribus,
1396 617 1518 659 nomine
1539 615 1656 654 nostro,
1672 615 1783 646 duxerit
1803 614 2014 655 affignandum,
2033 615 2067 645 &
2087 622 2190 643 terram
2211 614 2342 651 praediffi

1288 653 1416 697 Comitis
1424 653 1541 698 ,Gelriae
1555 654 1658 684 eisdem
1673 654 1830 692 tradiderit,
1848 654 1877 683 in
1893 663 1944 684 nos
1957 654 2000 692 jus
2015 653 2048 683 &
2063 652 2225 690 actionem,
2242 653 2273 682 in
2286 661 2344 684 ter-

1286 702 1348 722 ram
1362 691 1432 736 dieti
1444 692 1570 723 Comitis
1583 692 1706 730 Gelriae,
1724 692 1775 722 sibi
1787 694 1995 730 competentia,
2013 688 2218 728 transferendo,

1327 730 1417 761 Dicta
1429 740 1546 775 centum
1557 731 1639 775 *milia
1652 731 1785 761 librarum
1798 730 2028 767 Turonenfium,
2045 730 2073 759 in
2086 728 2226 767 praedicto
2247 727 2347 760 debito

1287 768 1480 815 ducentorum
1503 769 1615 800 milium
1633 769 1766 799 librarum
1783 768 2013 806 Turonensium,
2035 767 2234 805 allocabimus,
2252 767 2287 799 &
2307 766 2346 798 de

1288 807 1390 838 eadem
1403 807 1513 838 summa
1527 808 1648 839 totaliter
1661 807 1848 838 deducemus:

1328 845 1524 884 Confitentes,
1543 846 1691 884 postquam
1712 845 1852 883 praemissa
1871 844 1943 874 faeta
1960 843 2080 882 suerint,
2098 854 2227 883 exnunc,
2244 852 2276 875 ut
2296 853 2345 875 ex-

1290 892 1378 929 tunc,
1397 884 1476 923 quod
1491 893 1606 914 centum
1623 884 1697 914 milia
1707 885 1840 914 librarum
1851 882 2081 920 Turonenfium,
2098 893 2150 923 pro
2173 884 2271 921 primis
2289 890 2346 913 ter-

1291 932 1389 967 minis,
1404 923 1440 952 ab
1461 922 1564 953 eodem
1585 922 1704 953 Comite
1725 922 1861 952 Flandriae
1880 922 1962 951 nobis
1984 921 2103 959 plenarie
2123 921 2225 952 fuerint
2238 921 2344 960 soluta;

1289 963 1323 1004 {Sc
1339 971 1424 992 etiam
1438 961 1560 992 eundem
1571 970 1684 991 exnunc
1693 985 1702 999 ,
1719 969 1750 991 ut
1765 970 1885 997 exrunc,
1898 958 1934 989 de
1945 959 2086 997 praedidtis
2100 967 2216 990 centum
2230 960 2345 991 milibus

1288 999 1438 1037 librarum,
1456 1008 1555 1030 tenore
1568 998 1760 1037 praesentium,
1781 1000 1945 1037 quictamus.

1291 1037 1363 1107 tesIri
1384 1039 1462 1077 cujus
1481 1039 1521 1068 rei
1542 1037 1738 1069 testimonium
1755 1038 1803 1069 has
1817 1038 1917 1069 litteras
1929 1034 2035 1066 nostras
2049 1034 2108 1066 fieti
2119 1035 2238 1067 fecimus
2249 1043 2346 1075 paten-

1313 1152 1396 1198 ·Dat.
1414 1153 1487 1192 apud
1499 1151 1642 1197 cantuar.
1661 1152 1788 1185 secundo
1805 1151 1853 1183 die
1873 1151 2031 1190 Octobris,
2045 1160 2122 1182 anno
2140 1150 2236 1190 Regni
2258 1150 2348 1182 nostri

1290 1192 1428 1224 Vicesimo
1443 1201 1535 1224 tertio.
2000 1202 2006 1211 =

1294 1336 1342 1367 De
1363 1333 1482 1366 licentia
1501 1332 1662 1367 marcandi
1676 1332 1807 1366 homines
1825 1332 1861 1366 de
1881 1332 2026 1380 Portugal
2035 1359 2044 1375 ‚
2065 1339 2118 1379 per
2135 1332 2231 1365 locum
2251 1342 2351 1366 tenen-

1385 1393 1446 1414 tem
1463 1385 1550 1429 Regis
1565 1386 1597 1415 in
1616 1383 1761 1428 Vasionia
1779 1381 1919 1428 conceffa,
1944 1393 1964 1414 a
1981 1384 2057 1428 Rege
2073 1380 2259 1426 confirmata.

1358 1466 1417 1498 EX
1431 1468 1566 1498 omnibus
1579 1467 1705 1505 Ballivis,
1722 1469 1784 1499 &c.
1799 1467 1923 1498 salutem.

1397 1506 1515 1537 Litteras
1532 1506 1628 1537 dilecti
1650 1506 1776 1544 Nepotis
1797 1505 1903 1544 nostri,
1924 1504 2060 1544 Johannis
2080 1504 2117 1535 de
2138 1504 2290 1543 Britannia,
2307 1514 2350 1538 te—

2381 263 2465 298 1295.

1977 307 1996 326 *
2015 307 2046 336 in
2066 308 2175 343 partem
2193 304 2339 335 solutionis
2355 302 2422 328 Edv.
2445 308 2469 329 ι,

1281 349 1473 379 ducentorum
1494 348 1606 379 milium
1629 348 1761 378 librarum
1777 346 2008 384 Turonenfium,
2026 354 2093 383 quas
2105 343 2261 413 Xpaedffius
2276 337 2340 372 Co„
2354 338 2371 354 ι
2381 338 2458 375 1159
2466 343 2492 366 ι..

2367 1475 2443 1508 Ann.
2455 1474 2500 1508 D.

2388 1524 2472 1555 1295.

1296 1545 1386 1575 nentis
1398 1545 1497 1576 locum
1510 1545 1641 1576 nostrum
1654 1546 1683 1576 in
1697 1545 1851 1583 Vasconia,
1868 1544 1967 1582 inspici
1978 1543 2097 1575 fecimus
2108 1544 2137 1573 in
2151 1544 2214 1575 haec
2230 1546 2333 1584 verba3
2364 1558 2417 1583 An.
2437 1564 2484 1592 23·

1330 1621 1492 1666 Jobannes,
1512 1621 1604 1667 Ducis
1618 1622 1767 1654 Britanniae
1778 1620 1867 1661 filius,
1883 1621 1982 1652 locum
1996 1619 2109 1651 illustris
2122 1619 2247 1652 Domini
2265 1621 2354 1662 Regis

1296 1659 1423 1705 Angliae,
1442 1661 1534 1692 Ducis
1548 1662 1765 1706 Aequitanniae,
1783 1669 1880 1691 tenens
1896 1661 1924 1690 in
1938 1659 1996 1698 ipso
2013 1659 2148 1698 Ducatu,
2166 1660 2299 1691 universis
2318 1662 2354 1692 &

1298 1698 1409 1738 singulis
1428 1699 1605 1744 Senescallis,
1629 1699 1819 1738 Marescallis,
1834 1699 2018 1735 Admirantis,
2037 1697 2216 1736 Castellanis,
2234 1698 2356 1738 Majori-

1301 1737 1370 1781 bus,
1389 1737 1502 1783 Balhws
1509 1761 1518 1776 ‚
1534 1738 1692 1783 Praepositis
1726 1739 1759 1770 &
1775 1738 2000 1776 quibuscumque
2011 1736 2068 1766 aliis
2080 1735 2237 1775 Ministris‚
2251 1738 2285 1768 &
2308 1737 2331 1767 F
2333 1739 2356 1767 i-

1296 1775 1546 1852 esseest?
1561 1777 1717 1846 &3332
1731 1775 1959 1846 ffissnffiffucss’
1977 1774 2012 1805 Μ
2026 1785 2098 1814 ‘¹⁰⁰⁵
2109 1775 2254 1813 mem&
2280 1775 2357 1807 ¹³³²*

1339 1852 1465 1898 Veniens
1478 1854 1513 1885 ad
1525 1839 1577 1885 rios
1591 1853 1744 1885 Bernardus
1757 1851 1958 1893 Dongreffini,
1975 1851 2056 1883 Civis
2072 1851 2105 1882 &
2120 1850 2267 1882 Mercator
2274 1850 2358 1883 Baio-

1299 1901 1363 1936 nae,
1380 1893 1462 1936 nobis
1486 1892 1666 1932 significando
1685 1891 1905 1930 demonstravit,
1924 1891 2001 1930 quod
2023 1900 2090 1921 cum
2105 1889 2162 1928 ipse
2175 1890 2245 1920 olim
2259 1891 2289 1920 in
2304 1890 2359 1921 Af-

1300 1931 1412 1961 fricanis
1432 1932 1554 1976 partibus
1575 1931 1732 1975 onerasset,
1760 1932 1789 1961 in
1808 1930 1927 1969 quadam
1947 1930 2013 1960 navi
2030 1927 2136 1967 Baion,
2158 1937 2259 1960 vomta
2280 1929 2358 1959 navis

1299 1969 1412 2038 {ffstetge
1434 1970 1538 2002 Mariae
1554 1969 1590 2001 de
1611 1969 1731 2008 Emona,
1749 1970 1826 2008 cujus
1844 1968 1942 2000 Petrus
1961 1968 2054 1999 Sancii
2075 1967 2111 1998 de
2130 1966 2224 1998 ln'mn
2244 1967 2358 1998 Rector

1370 2018 1385 2038 e
1407 2017 1434 2040 at

1339 2032 1467 2078 Centum
1480 2048 1652 2087 septuaginta
1665 2056 1785 2087 quatuor
1799 2046 1933 2090 sportulas
1947 2043 2154 2085 amigdalasum.

1338 2085 1412 2117 Item
1434 2095 1551 2118 centum
1574 2088 1774 2126 quinquaginta
1795 2091 1922 2117 confines
1941 2084 2136 2116 Raceniorum
2157 2082 2195 2114 de‘
2206 2082 2360 2122 Malequee,

1301 2124 1338 2169 ὃς
1358 2133 1553 2170 quatercentos
1571 2126 1723 2164 nonaginta
1746 2125 1852 2166 flayons
1870 2124 1978 2155 ficuum
1999 2123 2036 2154 de
2059 2122 2213 2161 Maieque,
2238 2132 2304 2161 quae
2321 2122 2359 2153 de

1300 2162 1352 2193 suis
1367 2163 1484 2208 denariis
1497 2165 1614 2202 propriis
1629 2172 1734 2194 emerat
1745 2165 1776 2193 in
1789 2164 1912 2202 partibus
1927 2161 2082 2193 antediCtis.

1303 2241 1308 2246 ι
1340 2201 1376 2233 Et
1392 2203 1448 2247 ipse
1464 2202 1610 2233 Mercator
1625 2204 1659 2234 ὃ(
1673 2203 1732 2241 alii,
1747 2201 1784 2232 de
1797 2201 1871 2232 dieta
1894 2202 1976 2239 navi,
1994 2200 2029 2231 de
2049 2200 2111 2238 ipsis
2131 2200 2270 2238 partibus,
2287 2208 2356 2230 cum

1300 2240 1442 2285 ipsa'naw
1462 2241 1630 2272 receffiffent
1649 2241 1684 2271 ad
1705 2240 1829 2271 eundern
1852 2250 1920 2270 cum
1940 2239 2020 2269 dictis
2034 2239 2226 2269 mercimoniis
2243 2238 2277 2268 &
2299 2238 2358 2268 aliis

1300 2279 1384 2309 bonis
1394 2280 1625 2323 quampluribus,
1642 2279 1822 2310 existentibus
1838 2279 1866 2308 in
1880 2277 1935 2317 ipsa
1948 2278 2030 2315 navi,
2048 2276 2140 2308 versus
2153 2275 2294 2316 Angliam.

1339 2317 1467 2356 Qiidam
1481 2319 1647 2356 proditionis
1662 2317 1709 2348 filii
1724 2317 1802 2356 ipsis,
1820 2326 1888 2348 cum
1903 2316 1978 2347 dieta
1991 2316 2056 2346 navi
2069 2315 2104 2345 ad
2125 2324 2277 2352 ancoram,
2295 2322 2361 2345 ante

1305 2366 1421 2393 portum
1434 2357 1470 2387 de
1484 2356 1607 2387 Lascoff.
1627 2358 1655 2386 in
1671 2356 1764 2386 littore
1778 2356 1860 2387 maris
1880 2354 2067 2393 Portugaliae,
2083 2354 2134 2384 ubi
2154 2361 2268 2391 propter
2287 2360 2361 2383 tern-

1302 2394 1437 2439 pest-atem
1453 2397 1534 2425 maris
1549 2395 1754 2433 applicuerant,
1767 2393 1963 2432 existentibus,
1975 2394 2008 2425 &
2024 2391 2164 2430 persistere
2178 2390 2272 2422 donec
2286 2399 2365 2429 tem-V

1302 2432 1391 2477 pestas
1409 2433 1476 2477 didsti
1501 2435 1582 2464 maris
1604 2433 1786 2472 pertransisset
1808 2432 1984 2469 volentibus,
2003 2432 2037 2463 &
2058 2430 2125 2468 ubi,
2146 2431 2182 2460 ita
2205 2430 2304 2467 parum
2325 2430 2362 2460 ab

1304 2472 1444 2517 homine,
1456 2476 1524 2517 licut
1538 2474 1553 2502 a
1569 2472 1637 2502 Deo
1648 2472 1709 2502 solo
1722 2471 1839 2501 insidiari
1858 2471 1892 2501 δε
1904 2469 2097 2508 dampnificari
2108 2468 2327 2506 suspicabantur,

1316 2550 1321 2555 .
1341 2510 1391 2540 De
1407 2511 1531 2542 C1Vitate
1544 2511 1687 2542 Ulixbon.
1705 2511 1802 2541 armati
1814 2518 1964 2548 exeuntes,
1981 2508 2015 2539 ad
2028 2507 2134 2538 dietam
2147 2516 2250 2538 navem
2271 2505 2363 2536 hosti-

1303 2548 1364 2593 liter
1385 2550 1578 2588 accesserunt‚
1594 2550 1628 2581 &
1650 2549 1761 2580 dietum
1784 2548 1977 2579 Mercatorem
1989 2547 2022 2578 δε
2035 2547 2118 2584 alios,
2137 2545 2172 2576 de
2192 2545 2268 2576 dicta
2283 2546 2364 2584 navi,

1302 2598 1357 2656 ἕω,
1365 2588 1478 2632 fuerunt
1491 2588 1550 2630 ipsa
1563 2589 1643 2628 navi,
1660 2587 1846 2619 mercandiliis
1860 2587 1894 2617 &
1905 2587 1961 2617 aliis
1975 2586 2057 2616 bonis
2070 2583 2288 2622 supradictis,de
2308 2593 2361 2613 rae-

1323 2634 1377 2664 ati,
1392 2627 1618 2671 dietam-navem
1632 2628 1666 2658 &
1682 2627 1758 2657 bona
1772 2624 1917 2656 existentia
1929 2624 2024 2656 secum
2038 2623 2071 2654 ad
2093 2622 2258 2662 praedictam
2309 2622 2364 2653 ivi-

1305 2673 1391 2695 tatem
1405 2666 1441 2696 de
1454 2665 1600 2709 Ulixbon.
1616 2664 1794 2696 adducendo.

1342 2703 1392 2734 De
1412 2705 1512 2742 quibus
1532 2705 1665 2735 omnibus
1686 2704 1770 2734 bonis
1786 2727 1796 2740 ,
1821 2701 2002 2740 depraedatis,
2027 2701 2061 2731 δε
2081 2699 2194 2738 ablatis,
2218 2708 2249 2730 ut
2267 2698 2363 2736 supra,

1305 2741 1380 2811 ἓξὲξ
1391 2741 1856 2818 ξῖἓῶἕὲἒῗῗῆὲἱῗξὲξέἐῖιὲἓῗέ
1867 2739 2222 2808 ffssnsseil‘v‘iiffiiiff‘em'
2236 2737 2269 2768 ἃ
2283 2737 2364 2774 ΒΨ

1343 2817 1435 2849 Unde
1453 2819 1544 2849 distus
1566 2818 1719 2848 Bernardus
1740 2817 1831 2847 asserit
1851 2816 1878 2847 se
1890 2813 2122 2853 dampnificatum
2135 2813 2220 2852 usque
2236 2812 2271 2844 ad
2285 2812 2365 2844 valo-

1307 2867 1385 2925 rergd
1387 2857 1621 2901 septingentarum
1641 2856 1775 2887 librarum
1797 2853 2003 2892 sterlingorum
2016 2877 2027 2892 ,
2056 2852 2092 2883 de
2110 2861 2190 2890 raptu
2208 2853 2242 2884 &
2269 2851 2366 2890 rapina

1307 2896 1528 2978 pngiffiopter
1542 2933 1619 2964 idem
1631 2932 1785 2978 Bernardus
1798 2932 1880 2962 nobis
1894 2930 2038 2975 humiliter
2058 2929 2086 2960 su
2108 2929 2222 2967 plicavit
2259 2936 2291 2959 ut
2311 2938 2366 2958 nos

1308 2972 1358 3017 sibi
1379 2974 1521 3003 licentiam
1542 2972 1683 3003 mareandi
1705 2972 1835 3002 hommes
1859 2970 1892 3001 &
1912 2968 2036 3000 subditos
2050 2967 2086 2999 de
2131 2977 2204 3007 egno
2218 2951 2369 3004 130rtugal-

1310 3012 1372 3049 liae,
1388 3012 1421 3042 &
1435 3011 1587 3048 specialiter
1600 3010 1662 3041 illos
1674 3010 1710 3041 de
1723 3009 1866 3041 Ulixbon.
1885 3009 1919 3040 &
1935 3008 2011 3038 bona
2025 3016 2126 3038 eorum
2140 3016 2189 3045 per
2211 3014 2315 3037 terram
2332 3006 2368 3037 ὃς

1312 3058 1403 3088 mare,
1422 3049 1598 3088 ubicumque
1611 3059 1659 3080 eos
1675 3050 1709 3080 ὃς
1723 3048 1800 3079 bona
1813 3056 1914 3077 eorum
1928 3046 2054 3077 invenire
2068 3044 2176 3084 poffet,
2196 3043 2367 3076 concedere-

1309 3097 1390 3132 mm,
1408 3087 1554 3126 quousque
1573 3087 1610 3119 de
1627 3087 1769 3126 praedietis
1788 3086 1887 3124 bonis,
1906 3084 1974 3124 sibi,
1993 3093 2025 3116 ut
2045 3084 2157 3115 dietum
2177 3082 2236 3122 est,
2254 3082 2368 3120 ablatis,

1310 3135 1351 3157 mt
1402 3136 1447 3156 am
1460 3126 1597 3157 habuisset
1609 3125 1822 3156 restitutionem.

1382 3175 1432 3202 os,
1450 3164 1509 3195 visa
1529 3163 1631 3195 malitia
1650 3163 1856 3201 praedietorum
1873 3170 2036 3200 raptorum,
2055 3161 2110 3200 qui*
2121 3158 2283 3198 hujusmodi
2297 3158 2368 3196 rapi-

1310 3213 1378 3234 nam
1388 3211 1518 3241 tempore
1529 3204 1604 3241 pacis
1616 3202 1835 3240 commiserunt,
1851 3200 1965 3240 visaque
1998 3199 2099 3231 uidam
2113 3199 2132 3218 *²
2147 3197 2252 3236 littera,
2269 3196 2368 3237 Sigillo

1311 3242 1437 3272 Concilii
1456 3241 1612 3271 Baionensis
1630 3241 1649 3270 si
1670 3239 1758 3278 illata,
1777 3250 1826 3278 per
1867 3250 1931 3270 uam
1952 3239 1977 3269 lv
1990 3240 2064 3278 ajor,
2079 3237 2185 3275 Juran',
2202 3236 2234 3267 &
2255 3234 2368 3266 Conci-

1311 3280 1383 3310 lium
1396 3280 1547 3325 Baionense
1559 3278 1646 3323 praedi
1677 3250 1932 3322 &receptisiuper
1952 3277 2011 3308 hoc
2033 3275 2176 3315 fidedignis
2194 3274 2371 3315 probationi-

1313 3319 1381 3357 bus,
1404 3318 1482 3362 dieto
1496 3317 1628 3362 Domino
1641 3317 1719 3355 Regi
1733 3316 1885 3357 significant
1906 3316 1969 3347 fore
1988 3324 2074 3354 vera,
2085 3313 2279 3353 supplicationi
2298 3312 2369 3344 dicti

1314 3356 1486 3387 Mercatoris
1499 3357 1642 3393 inclinati,

1355 3395 1497 3439 Dedimus
1516 3394 1567 3438 ipsi
1587 3393 1745 3432 Bernardo,
1770 3395 1803 3426 &
1823 3391 2026 3430 concessimus,
2049 3392 2082 3423 δε
2103 3389 2195 3421 adhuc
2214 3388 2312 3420 damus
2334 3389 2370 3420 &

1317 3434 1502 3478 concedimus
1522 3432 1634 3476 eidem,
1652 3433 1758 3471 suisque
1777 3432 1952 3469 haeredibus,
1969 3430 2188 3466 successoribus,
2206 3428 2240 3459 &
2254 3427 2369 3458 ordinio

1317 3472 1463 3518 licentiam
1477 3496 1491 3516 ³.
1506 3470 1585 3516 quod
1600 3471 1655 3515 ipse
1686 3480 1762 3502 entes
1776 3471 1812 3501 de
1825 3470 1931 3518 Regno
1951 3468 2148 3508 portugalliae,
2165 3468 2198 3499 &
2215 3465 2370 3504 specialiter,

1318 3508 2189 3586 ἓῗῗηῗὲῃὲὲνᾷῗέἓήῖ]Ῑέξεὲῃάῗὲἒέξὲἐ’1)ὅὲιέῂῖῗὲῗῶἙέ
2195 3504 2373 3573 “biffussle

1319 3586 1967 3664 giguauzxsigssin&d
1986 3585 2033 3653 ἐξ
2046 3584 2152 3653 stica
2162 3552 2302 3650 05¹⁵OE
2309 3578 2371 3615 ¹¹

1319 3664 1482 3702 ordinium,
1501 3664 1583 3693 bonis
1596 3663 1646 3692 suis
1660 3647 1814 3700 praedietis,
1832 3671 1864 3692 ut
1877 3647 1987 3691 diffitur’n
2001 3659 2059 3698 est,
2077 3659 2128 3689 fibi
2141 3641 2374 3697 depr-addatisffel

1321 3703 1445 3740 ipsorum
1465 3701 1560 3731 valore
1580 3701 1656 3738 supra
1674 3700 1831 3739 declarato,
1846 3709 1914 3730 cum
1936 3697 2075 3736 expensis,
2093 3705 2160 3735 quas
2176 3692 2373 3725 rationablhter

1323 3740 1370 3772 iila
1384 3740 1535 3770 occasione
1549 3739 1662 3778 fecerit,
1680 3740 1764 3770 fuerit
1778 3741 1885 3778 integre
1898 3737 2045 3767 restitutus.

2369 1598 2399 1620 E.
2421 1603 2445 1621 1.

2369 1636 2426 1659 ΒΜ.
2442 1631 2501 1669 Vas-

2369 1679 2421 1697 con.
2438 1678 2484 1706 23.

2371 1712 2399 1737 E.
2412 1717 2480 1736 hm,

2373 1755 2418 1774 22.

2382 3202 2515 3238 *11.692‚

1359 3778 1551 3821 Praesentibus·
1563 3788 1613 3815 per
1653 3779 1874 3816 uinquennium,
1890 3775 1936 3806 vel
1959 3772 2094 3812 quamdiu
2114 3767 2242 3809 praedisti
2263 3766 2371 3798 Domi·
2388 3806 2391 3807 ⁷

1323 3819 1353 3863 ni
1371 3816 1460 3847 nostri
1479 3816 1566 3855 Regis
1584 3817 1618 3848 &
1664 3818 1738 3854 ucis,
1763 3823 1809 3845 aut
1831 3813 1935 3844 nostrae
1957 3811 2089 3850 placuerit
2109 3806 2247 3840 voluntati
2262 3806 2374 3837 duratu-

1322 3867 1367 3888 ris.

1362 3894 1462 3933 Qare
1480 3892 1564 3923 vobis
1584 3892 1617 3923 δε
1631 3892 1760 3923 vestrum
1773 3890 1887 3922 cuilibet
1899 3884 2090 3926 praecipiendo
2108 3881 2289 3921 mandamus,
2307 3892 2376 3921 qua.

1323 3942 1402 3964 tenus
1416 3932 1512 3969 aliquis
1524 3930 1649 3961 vestrum
1665 3931 1773 3961 dietum
1788 3927 1975 3963 Bernardum,
1993 3921 2130 3959 haeredes,
2148 3921 2194 3951 vel
2203 3921 2376 3964 successor&

1323 3972 1402 4009 suOS,
1421 3979 1467 4000 aut
1479 3968 1623 3999 ordinium
1636 3968 1773 4007 impedire
1787 3976 1846 3997 non
1857 3964 1971 4000 audeat,
1989 3969 2036 4005 aut
2056 3959 2184 3997 turbare,
2201 3959 2281 3997 ipsius
2303 3969 2377 3990 mar-

1326 4010 1389 4039 chae
1400 4017 1530 4045 tempore
1543 4007 1673 4045 durante,
1691 4006 1741 4036 nifi
1751 4005 1788 4035 de
1800 4004 1883 4042 ipsius
1896 4007 2076 4032 revocatione
2084 4022 2094 4036 ,
2107 3998 2154 4028 vel
2167 3997 2377 4035 praemissorum

1325 4047 1508 4080 satisfactione
1528 4045 1685 4083 constaret,
1701 4044 1748 4075 seu
1765 4042 1801 4073 ab
1821 4041 1915 4079 aliquo
1935 4038 2111 4077 allegaretur,
2128 4037 2161 4068 ὃς
2176 4035 2302 4106 plena&
2309 4044 2377 4076 pro·

2303 4082 2363 4106 etur
2372 4084 2384 4111 3

2566 165 2570 217 Ξ
