2570 4261
0 284 114 324 un2.1).

4 339 88 369 1274.

0 371 47 399 Ἀν.
59 379 82 397 i.

7 1071 100 1106 11.23.

0 1191 59 1222 lnn.
75 1189 115 1220 D.

3 1237 87 1267 1274.

0 1272 33 1317 sn.
53 1277 80 1294 2.

0 1349 23 1373 ix
40 1315 116 1380 Ῑόνὶς.

0 2285 72 2319 Ann.
86 2287 128 2319 D.

14 2335 90 2365 1274

0 2368 47 2393 dn.
65 2376 90 2393 2.

0 2407 25 2430 Ε.
49 2414 71 2431 ι.

0 2445 88 2469 Pat.2.

0 2483 25 2507 Ε.
36 2489 59 2507 ¹.

0 2526 30 2546 Vn.
46 2527 92 2548 20.

712 219 746 260 13
784 219 824 260 <17
906 221 944 261 li
981 221 1018 262 (3
1056 220 1096 261 51·
1135 220 1172 260 l&

129 307 267 340 occupata
281 310 331 340 per
341 312 389 334 eos
402 303 436 336 &
448 301 575 336 distraffli
596 304 679 335 nobis
698 314 730 336 ac
746 304 875 336 Ecclefiis
896 305 1001 336 restitui
1016 306 1135 344 faciatis,
1154 305 1188 336 &

130 339 246 370 abusum
260 350 317 371 tam
348 352 442 373 ravem
457 354 490 373 ac
502 343 706 381 dispendiosum
727 344 764 373 fic
787 344 847 383 lege
868 343 1043 375 indissolubili
1064 344 1190 380 deleatis,

131 385 162 406 ut
177 388 210 408 ex
226 379 284 409 hoc
297 381 312 410 a
359 390 394 410 eo
409 382 490 412 vobis
500 383 647 422 proveniat
661 383 794 412 meritum
809 404 819 420 ,
843 382 876 413 &
890 383 905 412 a
926 384 1006 414 nobis
1022 383 1123 415 devota
1136 392 1190 413 oc-

131 416 204 446 casio
216 419 372 456 gratiarum.

170 454 275 494 Certe,
292 456 425 496 Princeps
447 456 624 487 Serenissime
639 481 649 496 ,
672 457 841 489 devotissimi
861 458 947 489 Patris
960 459 1027 489 Deo
1042 460 1075 491 &
1090 458 1192 489 Eccle-

130 492 176 522 fiae
190 493 237 523 Re
257 495 281 524 ia
296 494 386 533 proles
399 495 432 525 ὃ(
445 494 562 533 Haeres,
577 506 636 525 non
651 496 715 526 licet
728 497 772 527 vel
788 498 846 526 tarn
860 497 927 527 dura
943 520 952 536 ,
979 499 1011 528 δε
1026 507 1084 528 tam
1099 498 1191 536 gravia

130 529 179 573 sub
191 531 219 561 di
243 532 406 562 imulatione
419 534 553 571 transire,
580 534 617 564 set
637 534 718 564 decet
740 534 860 574 Regiam
881 535 1067 573 Magestatem
1083 537 1193 574 usurpa-

128 570 425 613 tionem-hujusmodi,
444 572 622 610 pernitiosam
641 573 771 612 exemplo
786 596 795 611 ‚
821 573 1003 604 satisfac‘tione
1024 576 1058 605 ὃς
1073 573 1190 604 emenda

129 616 185 637 con
206 617 259 637 ruis
274 608 392 638 abolere.

205 655 237 675 os
251 647 343 685 enirn,
361 646 489 678 suadente
503 648 619 678 vinculo
631 648 749 679 karitatis
763 672 773 688 ,
794 649 909 680 latorem
930 650 1106 689 praesentium
1122 671 1131 686 ,
1156 647 1190 679 ad

128 682 229 727 vestrae
243 684 412 716 sublimitatis
427 686 600 724 praesentiarn
614 687 799 724 destinamus;
818 697 866 724 per
879 697 964 727 quem
980 688 1077 717 vestrae
1091 687 1194 717 Excel-

129 720 242 760 lentiae,
259 733 323 762 quae
339 724 366 753 in
381 724 507 763 praesenti
523 726 638 764 negotio
659 734 850 763 competunt,
876 728 1064 763 exprimamus
1079 749 1088 761 ‚
1111 734 1142 755 ut
1161 734 1194 754 ex

128 758 218 789 vestra
232 761 357 792 libertate
372 762 486 800 gratuita
501 764 579 801 super
597 763 678 793 dictis
694 765 898 802 gravaminibus
913 764 1022 794 salutare
1038 763 1194 793 remedium

129 806 319 867 reporitssrrbiusj
337 800 415 838 super
429 801 530 838 quibus
544 801 636 832 eidem
652 802 728 832 credi
743 803 890 841 volumus,
909 804 941 834 ὃ(
964 803 1048 833 fidem
1063 811 1111 841 per
1127 811 1195 832 om-

128 845 172 866 nia
187 847 201 866 a
242 848 251 867 1
273 847 318 867 erl.

164 914 233 946 Dat.
248 916 354 949 octavo
374 917 440 950 Idus
456 918 572 957 Martii,
589 919 678 951 Anno
692 919 817 951 Domini
835 930 918 961 1274.

176 1056 205 1083 *
233 1059 324 1092 Bulla
344 1058 380 1093 de
395 1062 573 1095 Proteflione
584 1073 639 1109 pro
657 1061 840 1106 Monasterio
861 1061 972 1096 Santslae
990 1062 1152 1094 Trinitatis

595 1111 731 1145 London.

138 1196 352 1258 GRegorius
368 1198 538 1239 Episcopus,
556 1200 646 1231 servus
662 1199 807 1231 servorum
823 1199 897 1237 Dei,
915 1197 1021 1229 dileffls
1034 1196 1095 1226 filiis
1143 1235 1148 1240 ι

212 1235 303 1267 Priori
317 1238 350 1268 &
364 1237 528 1269 Conventiii
543 1238 709 1269 Monasterii
724 1239 834 1269 Santstae
847 1237 992 1268 Trinitatis
1016 1234 1202 1265 Londonien-

134 1273 183 1312 siS,
200 1274 306 1305 ordinis
329 1276 414 1307 santfti
434 1276 585 1317 Augustini
600 1299 610 1316 ‚
633 1277 745 1307 salutem
766 1278 799 1307 ὃ(
819 1276 1005 1316 apostolicam
1024 1273 1202 1303 benedictio-

132 1322 208 1342 nem¹

169 1351 348 1383 sacrosancta
364 1352 497 1382 Romana
505 1352 628 1382 Ecclesia
642 1352 762 1383 devotos
775 1352 808 1382 δε
824 1351 943 1381 humiles
959 1349 1046 1387 filios,
1064 1359 1097 1379 ex
1114 1348 1202 1379 assue-

132 1396 169 1418 tae
182 1391 289 1429 pietatis
304 1390 423 1428 officio,
441 1391 602 1430 propensius
616 1390 730 1430 diligere
748 1389 911 1427 consuevit,
929 1391 981 1427 &,
997 1390 1034 1418 ne
1049 1397 1200 1427 pravorum

129 1427 285 1459 hominum
299 1428 433 1459 molestiis
447 1430 585 1467 agitentur
599 1451 611 1467 ,
634 1439 682 1459 eos
694 1452 704 1467 ,
729 1436 863 1466 tanquam
878 1429 922 1466 pia
937 1435 1042 1464 mater,
1059 1427 1113 1457 suae
1133 1436 1201 1466 pro-

133 1467 262 1497 teffionis
276 1469 435 1497 munimine
449 1467 618 1497 confovere:

169 1504 211 1535 Ea
223 1513 336 1545 propter
351 1506 445 1536 dilecti
465 1507 494 1535 in
513 1505 647 1536 Domino
661 1505 709 1535 filii
724 1529 733 1544 ‚
758 1505 856 1535 vestris
874 1503 952 1543 justis
969 1502 1202 1546 postulationibus

136 1551 218 1582 grato
233 1552 433 1573 concurrentes
447 1544 568 1582 assensu,
588 1543 714 1581 personas
728 1543 831 1574 vestras
849 1543 882 1573 &
904 1543 1001 1572 locum
1012 1564 1021 1580 ,
1040 1542 1069 1571 in
1087 1551 1144 1584 quo
1160 1539 1203 1570 di-

135 1582 204 1611 vino
219 1581 283 1611 estis
297 1582 431 1620 obsequio
446 1584 597 1620 mancipati
613 1605 622 1621 ‚
648 1592 715 1612 curn
735 1582 869 1612 omnibus
884 1581 967 1611 bonis
981 1605 990 1618 ,
1013 1589 1077 1619 quae
1090 1588 1204 1617 imprae-

135 1619 283 1650 sentiarum
296 1621 493 1650 rationabiliter
507 1620 664 1666 possidetis,
683 1628 728 1651 aut
742 1621 771 1650 in
785 1620 912 1650 futurum
924 1619 1001 1657 justis
1016 1618 1107 1649 modis
1116 1627 1205 1658 ,prae-

138 1657 228 1688 stante
242 1658 376 1689 Domino
390 1683 399 1697 ,
425 1660 548 1697 poteritis
567 1659 679 1699 adipisci
694 1682 704 1697 ,
727 1657 778 1689 sub
791 1659 864 1689 beati
884 1657 958 1688 Petri
980 1658 1014 1690 ὃς
1028 1656 1122 1687 nostra
1140 1665 1206 1693 pro-

136 1696 262 1727 teutone
276 1696 452 1737 suscipimus,
467 1697 617 1737 specialiter
629 1705 723 1727 autern
736 1697 877 1734 decimas,
892 1696 995 1726 domos
1004 1718 1013 1733 ,
1027 1703 1108 1725 terras
1118 1717 1127 1732 ,
1143 1703 1207 1731 pos-

141 1734 285 1771 sessiones,
305 1736 339 1765 &
353 1736 403 1766 alia
418 1736 493 1765 bona
514 1735 620 1773 vestra,
639 1736 708 1766 sicut
723 1744 755 1764 ea
771 1735 844 1773 juste
864 1743 897 1764 ae
917 1733 1034 1775 pacifice
1050 1732 1208 1771 possidetis,

141 1773 239 1811 vobis,
256 1773 290 1803 &
308 1782 357 1810 per
369 1783 437 1811 VOS,
453 1772 548 1803 vestro
567 1773 755 1811 monasterio,
770 1773 934 1803 au&oritate
954 1771 1118 1812 Apostolicfi
1137 1780 1209 1801 con-

139 1809 285 1840 firmamus
298 1833 308 1848 ,
333 1811 367 1841 &
387 1811 526 1849 praesentis
541 1811 632 1856 scripti
647 1812 808 1849 patrocinio
829 1812 1063 1849 communimus,
1087 1809 1160 1841 salva
1175 1810 1207 1840 in

141 1848 283 1889 praediCtis
297 1848 415 1880 decimis
428 1850 621 1882 moderatione
635 1851 752 1881 concilii
767 1850 906 1890 generalis.

176 1886 262 1917 Nulli
276 1896 360 1927 ergo,
378 1890 439 1920 &c.

178 1966 247 1999 Dat.
264 1967 397 2009 Lugdun.
412 1969 507 2001 Idibus
518 1970 636 2012 Martii,
654 1971 838 2005 Pontificatfis
849 1971 935 2004 nostri
949 1979 1024 2002 anno
1038 1967 1170 2002 secundo.

653 2054 707 2084 Sub
713 2053 775 2096 filis
781 2053 873 2094 firicis
876 2052 957 2093 flavi
970 2050 1094 2090 rubeique
1109 2049 1209 2080 coloris.

205 2200 255 2232 De
273 2201 524 2236 Procuratoribus
543 2201 587 2235 ad
605 2199 771 2236 Concilium
789 2200 932 2234 Generale
950 2196 1153 2246 Lugdunenft.

1003 2287 1098 2320 divina
1110 2286 1212 2318 Provi-

196 2288 372 2321 And'tiffimo
386 2290 415 2321 in
431 2289 548 2322 Christo
565 2291 641 2322 Patri
656 2290 792 2321 Domino
812 2288 957 2329 Gregorio
969 2313 1105 2358 &onmem
1151 2326 1211 2356 suus

1118 2349 1127 2365 2

149 2287 305 2367 Sdentia,
323 2329 512 2360 Sacrosanciae
527 2330 671 2360 Romanae
687 2328 824 2359 Ecclesiae
838 2329 950 2358 summo

148 2364 266 2396 devotus
280 2368 308 2396 in
324 2367 442 2398 Christo
459 2369 528 2399 filius
539 2369 709 2406 Edwardus,
729 2367 787 2398 Dei
801 2366 903 2405 gratia,
922 2366 987 2396 Rex
1003 2366 1129 2405 Angliae,
1144 2364 1212 2394 Do-

148 2406 240 2435 minus
253 2404 401 2436 Hiberniae
415 2407 448 2437 &
463 2407 534 2438 Dux
552 2407 729 2445 Aquitaniae,
746 2415 816 2436 cum
836 2405 919 2436 omni
938 2403 1090 2435 reverentia
1102 2427 1113 2443 ‚
1140 2403 1212 2433 obe-

148 2442 252 2473 dientia
265 2444 298 2474 &
313 2443 423 2474 honore
436 2444 541 2482 pedum
556 2445 650 2474 oscula
663 2445 821 2473 beatorum.

171 2481 284 2548 ,Vestra
298 2483 409 2512 noverit
425 2482 576 2513 reverenda
591 2481 743 2512 Paternitas
756 2480 833 2518 quod
848 2490 901 2511 nos
915 2481 944 2510 in
957 2479 1012 2511 isto
1028 2479 1114 2510 Sacro
1129 2478 1212 2509 Con-

149 2529 177 2549 ci
188 2529 217 2549 10

147 2565 222 2596 tros,

146 2595 276 2636 Wyger,
296 2596 329 2626 &
344 2595 518 2635 Magistrum
534 2597 690 2627 Radulfum
708 2596 744 2626 de
766 2595 887 2626 Metlaw
899 2618 909 2633 ,
932 2594 1127 2625 Procuratores
1146 2603 1212 2624 nos-

146 2642 204 2665 tros
219 2635 397 2672 conjunctim
408 2635 442 2665 &
454 2636 563 2666 divisim
583 2635 718 2673 facimus,
737 2634 935 2665 constituimus
949 2635 982 2665 &
997 2633 1171 2663 ordinamus:

187 2672 296 2703 Dantes
305 2672 423 2712 eisdem,
439 2674 473 2704 &
487 2675 638 2713 unicuique
649 2673 770 2712 ipsorum
783 2672 948 2711 potestatem
959 2673 992 2702 &
1005 2671 1120 2710 speciale
1132 2680 1212 2701 man-

144 2711 242 2742 datum
256 2712 436 2751 proponendi
452 2713 480 2742 in
501 2712 605 2742 eodem
621 2711 775 2750 Concilio,
792 2711 910 2741 nomine
924 2709 1038 2748 nostro,
1058 2719 1122 2748 quae
1135 2708 1212 2739 vide-

145 2751 218 2788 rint,
236 2749 282 2780 vel
296 2750 397 2780 viderit
410 2750 594 2790 proponenda
614 2751 648 2781 &
663 2749 836 2787 impetranda
851 2761 861 2788 ·,
886 2758 1000 2780 necnon
1018 2749 1052 2779 &
1073 2747 1212 2779 contradi-

145 2788 230 2819 cendi
244 2797 308 2827 quae
321 2788 441 2819 viderint
454 2789 499 2819 vel
513 2789 615 2820 viderit
629 2787 853 2819 contradicenda.

184 2826 217 2858 In
235 2836 355 2865 quoium
377 2826 573 2858 testimonium
597 2826 775 2867 praesentibus
797 2826 892 2856 litteris
911 2825 1038 2865 Sigillum
1061 2824 1209 2864 nostrum,

144 2875 205 2904 quo
218 2866 324 2896 utimur
338 2866 368 2895 in
379 2865 499 2906 Anglia,
513 2865 693 2907 praesentibus
705 2864 747 2896 est
760 2864 921 2906 appensum.

249 2520 366 2558 enerali,
384 2530 434 2560 per
448 2531 497 2551 vos
517 2528 679 2552 convocato
711 2518 835 2549 Nobiles
854 2520 929 2548 viros
944 2541 953 2557 ‚
979 2519 1013 2549 &
1033 2517 1125 2548 fideles
1145 2526 1212 2546 nos-

229 2529 396 2595 &ohannem
410 2558 499 2589 filium
510 2559 663 2598 Johannis,
677 2542 839 2596 johannem
852 2558 888 2588 de
894 2556 1035 2593 Vallibus,
1049 2556 1212 2595 johannem

185 2944 255 2975 Dat.
270 2945 405 2976 London.
420 2947 465 2977 die
481 2947 583 2978 Martis
598 2948 728 2990 proxima
742 2945 805 2985 post
820 2945 996 2977 dominicam
1011 2945 1041 2976 in
1056 2946 1138 2976 ramis
1152 2944 1211 2983 pal-

144 2991 273 3023 marum,
287 2995 365 3015 anno
376 2985 501 3016 Domini
518 2995 603 3026 1274.

181 3063 355 3095 Willielmus
375 3065 411 3095 de
429 3065 561 3096 Wauton
582 3067 666 3097 habet
684 3067 773 3098 literas
786 3064 815 3096 R
855 3065 875 3095 is
893 3064 930 3096 de
949 3064 1126 3105 protefflone
1142 3073 1210 3096 curn

143 3101 294 3170 Claufsulfi,
311 3103 450 3134 duraturas
464 3104 547 3143 usque
559 3104 595 3135 ad
607 3103 722 3136 Festum
733 3105 829 3136 Sandti
870 3105 921 3135 etri
935 3104 970 3134 ad
988 3103 1099 3134 vincula
1119 3104 1211 3144 proxi-

145 3148 198 3170 mo
226 3148 349 3171 uturum.

182 3178 278 3210 Abbas
291 3179 327 3209 de
341 3179 552 3221 Malmesbury‚
590 3181 617 3212 ui
637 3180 674 3212 de
685 3182 797 3213 licentia
816 3181 905 3220 Regis
928 3179 1101 3219 profe&urus
1115 3180 1155 3211 est
1175 3180 1208 3211 ad

143 3215 312 3249 Concilium
324 3218 528 3258 Lugdunense,
547 3219 582 3250 ha
604 3227 630 3250 et
645 3219 743 3251 litteras
756 3220 843 3260 Regis
859 3221 895 3250 de
915 3219 1092 3256 protectione
1105 3218 1206 3257 simpli-

144 3265 192 3286 ces
205 3256 262 3286 fine
276 3256 411 3295 clausula,
429 3257 571 3288 duraturas
581 3257 665 3297 usque
680 3258 714 3288 ad
728 3257 843 3290 Festum
856 3258 954 3289 Sanffi
969 3257 1045 3288 Petri
1060 3257 1094 3289 ad
1109 3259 1208 3288 vincu-

143 3293 170 3324 la
201 3295 311 3325 roximo
324 3295 458 3325 futurum.

208 3334 263 3363 rior
276 3333 312 3363 de
324 3332 419 3363 Stanes
432 3356 442 3371 ‚
469 3334 518 3371 qui
539 3334 574 3364 de
592 3333 702 3365 licentia
720 3334 809 3372 Regis
822 3334 996 3373 profe&urus
1009 3333 1049 3365 est
1069 3335 1104 3366 ad
1121 3343 1208 3376 partes

144 3371 351 3410 transmarinas,
370 3371 452 3402 habet
462 3371 564 3403 litteras
573 3372 661 3412 Regis
672 3371 708 3403 de
722 3373 897 3413 protefflone
911 3373 1048 3412 simplices
1060 3374 1116 3405 sine
1130 3374 1205 3405 clau-

144 3409 217 3448 sula,
233 3410 374 3440 duraturas
389 3409 473 3449 usique
491 3410 526 3440 ad
548 3410 663 3441 Festum
686 3411 785 3442 SanC'ci
804 3411 881 3442 Petri
898 3412 933 3442 ad
947 3412 1058 3443 vincula
1074 3414 1206 3453 proximo

143 3448 279 3479 futurum.
318 3447 386 3479 Dat.
401 3456 432 3478 ut
444 3448 531 3487 supra.

178 3486 311 3517 Thomas
325 3486 361 3517 de
378 3486 484 3517 Sancto
498 3486 611 3517 Omero
622 3509 632 3525 ‚
655 3487 689 3518 &
707 3486 880 3518 Willielmus
898 3487 924 3518 le
940 3487 1027 3518 Muer
1041 3511 1051 3527 ,
1094 3488 1121 3519 ui
1136 3498 1205 3519 cum

144 3524 188 3555 W
191 3526 304 3556 illielmo
317 3524 352 3555 de
372 3525 477 3555 Sandio
490 3524 603 3555 Omero
618 3525 772 3565 profe&uri
785 3527 846 3557 sunt
865 3527 894 3556 in
909 3526 1044 3557 Nuncios
1096 3528 1150 3565 egis
1170 3526 1204 3557 ad

144 3572 234 3602 partes
246 3563 448 3601 transmarinas,
465 3563 569 3594 habent
580 3564 681 3594 litteras
693 3563 728 3593 de
739 3564 915 3603 protefflone
928 3575 996 3595 cuni
1007 3565 1137 3603 clausula,
1152 3565 1205 3595 du-

144 3610 246 3670 ssturas
258 3603 340 3672 ussque
355 3601 391 3632 ad
409 3601 524 3632 Festum
545 3602 642 3634 Sanffi
660 3601 735 3632 Petri
749 3602 909 3636 advincula
922 3605 1055 3643 proximo
1070 3603 1203 3634 futurum.

177 3649 212 3671 at.
226 3650 256 3673 ut
279 3653 295 3672 u
316 3652 352 3671 ra.

182 3651 369 3711 Consimlilem
381 3678 589 3719 protectionem
603 3679 687 3709 habet
706 3677 862 3718 Episcopus
880 3678 974 3709 Exon.
989 3681 1037 3720 qui
1059 3679 1204 3718 profestu-

112 3719 118 3726 “
144 3727 190 3748 rus
203 3718 245 3748 est
257 3719 290 3750 ad
304 3727 391 3757 partes
403 3718 562 3758 praedictas,
579 3718 717 3748 duraturas
729 3715 814 3754 usque
826 3716 861 3747 ad
872 3716 988 3748 Festum
1000 3719 1176 3758 praedidtum.

7 3836 111 3873 ‘11.24.

182 3755 348 3788 Confimiles
368 3756 555 3795 protectiones
576 3756 679 3786 habent
698 3753 841 3792 johannes
860 3754 897 3785 de
917 3754 1010 3786 Kane.
1032 3757 1206 3788 Willielmus

146 3792 295 3834 Chacero,
310 3795 438 3826 Thomas
452 3795 487 3825 de
501 3794 585 3825 Line.
601 3793 738 3825 Radulfus
751 3793 778 3835 la
790 3792 895 3829 ware,
910 3792 1078 3826 Humfridus
1094 3795 1131 3826 de
1145 3795 1206 3826 Bel-

146 3830 176 3861 lo
191 3831 324 3873 Campo,
340 3834 469 3865 Thomas
483 3833 502 3853 ²*
518 3833 543 3862 le
560 3832 645 3871 Ken,
663 3831 812 3862 Markisius
823 3830 858 3860 de
872 3830 1053 3872 Bratheford,
1071 3835 1104 3865 &
1120 3834 1207 3873 Jaco-

146 3870 198 3900 bus
211 3870 237 3900 le
244 3871 339 3911 Viler,
357 3873 484 3910 quicum
496 3871 627 3911 Johanne
640 3869 837 3908 filioJohannis
849 3868 970 3908 profecti
983 3870 1062 3910 sunt,
1081 3873 1142 3903 &c.
1155 3873 1208 3903 du-

145 3910 377 3979 ratffis‘ilitniilgha
380 3935 592 3988 'protectionem
607 3947 711 3977 habent
726 3945 868 3988 johannes
882 3944 918 3975 de
930 3945 1049 3985 Neviu,
1063 3947 1157 3978 Adam
1172 3948 1208 3979 de

147 3983 289 4054 ἕὲῐϊξὶῑιῑιῖ
301 3986 458 4054 1{cgixnon
477 3988 512 4019 de
528 3986 673 4023 Affeweu‚
690 3986 739 4025 qui
759 3983 882 4014 similiter
900 3983 1020 4021 profeffl
1033 3985 1112 4025 sunt,
1127 3986 1209 4018 dura-

170 4035 596 4106 ‘Confimilgm‘proteffionem
610 4063 694 4094 habet
708 4059 1002 4101 praefatusJohannes,
1020 4060 1090 4094 filius
1099 4060 1208 4101 Johan-

144 4109 251 4169 magii
261 4100 470 4171 {offidlffi-est,
486 4103 546 4136 &c.
560 4103 720 4136 duraturam
733 4108 764 4133 ut
777 4098 863 4139 supra.

1257 218 1289 260 1?
1327 221 1373 264 IJ'
1410 223 1443 264 13
1478 224 1513 265 Ι,
1550 225 1568 266 1
1604 225 1642 268 (3
1679 228 1728 268 ii.
2223 241 2240 270 1
2255 240 2306 282 35'

1267 305 1453 339 Confimilem
1467 310 1673 349 proteffionem
1687 312 1769 343 habet
1788 311 1930 344 Henricus
1941 309 2129 351 Trenchard,
2155 311 2202 351 qui
2224 321 2291 354 pro-
2303 300 2379 331 Arm·
2395 297 2438 332 D·

1232 343 1353 376 fecsturus
1368 346 1426 385 est,
1445 348 1506 378 &c.
1520 349 1678 381 duraturam
1690 351 1816 388 utsupra.
2307 346 2406 405 ΕῙΑξΙΜὶ·

2367 400 2372 406 ”
2405 397 2415 415 ἦ

1234 476 1341 508 Litera
1367 479 1484 511 Prioris
1504 477 1685 522 Monasterit
1704 480 1820 513 (Montis
1846 480 1949 514 Sanffi
1970 479 2136 514 Michaelis
2161 483 2192 511 in
2210 481 2294 525 peri-

1282 524 1346 556 culo
1367 528 1475 558 Maris
1493 553 1502 568 ‚
1525 527 1740 573 fitpplicaroria
1751 528 1841 573 fitper
1858 531 1978 573 injuriis
1989 556 1998 570 ,
2023 528 2118 561 eidem
2135 529 2228 561 illatis
2237 538 2293 574 per

1279 572 1436 606 Rallivum
1454 578 1540 621 Regis
1556 581 1587 608 in
1605 577 1713 622 Infidis
1731 575 1766 608 de
1785 579 1926 624 Gerneroy
1943 580 1979 614 &
2001 577 2116 625 Gersby.

1236 659 1292 720 E
1302 659 1527 704 Xcelleiitissimo
1542 664 1674 694 Domino
1682 663 1838 702 Edwardo‚
1856 663 1912 693 Dei
1926 664 2025 702 oraria,
2040 664 2135 696 illustri
2149 664 2223 706 Regi
2231 663 2292 695 An·
2308 660 2386 691 Ann·
2400 657 2440 690 D·

1268 736 1273 741 ,
1302 699 1382 743 glire,
1401 700 1494 745 Frater
1510 703 1688 740 Radulphus,
1705 702 1815 732 humilis
1829 703 1908 732 Prior
1922 688 2089 734 Kslonasterfi
2104 704 2290 736 MontisSan-
2336 706 2420 736 1274·

1235 735 1274 764 ἂι
1290 736 1437 781 Michaelis
1452 750 1480 769 in
1498 742 1621 780 periculo
1643 740 1730 770 Maris
1744 764 1752 779 ,
1779 741 1956 779 ejusdemque
1971 741 2027 771 loci
2047 741 2231 780 Conventus,
2250 742 2289 772 sui
2310 742 2362 766 Ast·
2380 748 2407 764 ²·

1235 773 1332 805 devoti
1346 776 1452 820 fideleS,
1471 779 1504 808 &
1518 778 1614 809 assidui
1635 780 1732 816 pariter
1748 789 1869 810 oratores
1887 779 2003 810 salutern
2019 780 2053 811 ὃς
2071 780 2292 819 subjeccionem,
2313 781 2340 804 E.
2360 785 2383 803 ¹·

1236 822 1305 842 cum
1320 823 1400 843 omni
1413 817 1617 853 promritudine
1631 818 1664 847 ad
1677 817 1808 856 obsequia
1821 819 1971 857 praeparati.
2308 819 2339 842 L·
2357 809 2420 849 B.f·

1260 850 1320 894 ,Ad
1343 853 1426 883 vestri
1449 854 1649 885 Excellentiam
1663 878 1671 892 ,
1697 857 1778 885 nobis
1801 856 1956 894 nostroque
1984 854 2163 887 Monasterio
2186 857 2294 897 semper
2312 853 2376 886 285-
2392 861 2408 877 α

1237 898 1313 925 piam
1329 890 1362 921 ὃ(
1377 892 1572 935 favorabilem,
1588 893 1749 924 necessitatis
1762 902 1891 932 tempore
1907 896 2071 925 recurrimus
2084 896 2211 934 desolati,
2225 905 2295 926 tarn-
2312 894 2382 917 Penes
2392 889 2444 916 ca·

1236 936 1319 965 quam
1333 927 1366 957 ad
1381 929 1506 968 clipeum
1524 931 1654 962 nostrum
1666 931 1830 962 tutissimum
1843 955 1852 969 ,
1877 932 1942 962 alibi
1960 933 2099 976 refugium
2119 944 2178 964 non
2192 935 2297 964 haben·
2312 935 2406 957 'nem'-

1237 967 1519 1034 tes,di}i]tkindigentiae
1531 969 1650 1009 nostrae,
1670 970 1812 1010 nostrique
1826 970 1995 1001 Monasterii
2009 972 2145 1002 medelam
2158 972 2300 1011 dignemi-

1237 1013 1266 1032 ni
1283 1013 1296 1031 a
1338 1015 1344 1033 1
1367 1015 1420 1034 ere.

1273 1040 1353 1085 Hinc
1367 1043 1408 1072 est
1422 1043 1497 1082 quod
1514 1067 1523 1081 ,
1545 1053 1615 1074 cum
1636 1055 1736 1084 parum
1749 1053 1796 1075 aut
1811 1045 1898 1076 nichil
1916 1045 2067 1078 habeamus
2080 1070 2089 1085 ,
2114 1046 2163 1077 nisi
2185 1043 2263 1085 quod
2281 1056 2298 1077 a

1239 1079 1320 1109 vobis
1334 1081 1367 1111 &
1376 1081 1606 1112 Antecessoribus
1620 1082 1714 1112 vestris
1727 1085 1867 1113 caritative
1881 1084 1961 1113 nobis
1974 1084 2055 1115 fuerit
2069 1086 2164 1115 datum
2179 1086 2212 1116 δε
2227 1094 2300 1116 con-

1239 1117 1364 1162 cessum,
1381 1121 1415 1150 &
1432 1121 1512 1158 quia,
1528 1120 1604 1159 super
1619 1120 1780 1158 hujusmodi
1793 1121 1988 1151 donationibus
2009 1124 2041 1153 &
2056 1123 2300 1161 concessionibus,

1239 1166 1268 1184 in
1283 1157 1447 1195 quibusdam
1461 1159 1563 1196 juribus
1576 1157 1692 1196 nostris,
1708 1159 1737 1188 in
1752 1158 1873 1189 absentia
1894 1159 1982 1189 vestra
2002 1160 2147 1199 diuturna,
2165 1170 2212 1202 per
2227 1160 2302 1190 Hel-

1239 1194 1365 1225 nandum
1376 1196 1513 1233 Johannis
1524 1196 1560 1227 de
1572 1195 1720 1235 Contino,
1739 1196 1878 1227 Ballivum
1891 1196 2016 1227 vestrum
2037 1200 2066 1227 in
2082 1198 2175 1228 insulis
2189 1199 2301 1229 Gerne-

1241 1241 1291 1271 roy
1306 1234 1339 1264 &
1353 1233 1479 1274 Gersoy,
1497 1235 1617 1274 oppressi
1631 1234 1761 1265 fuerimus
1774 1236 1807 1266 ὃς
1821 1236 1940 1274 gravati,
1958 1245 2042 1272 prout
2055 1237 2135 1267 vobis
2145 1237 2214 1266 lator
2229 1247 2300 1274 prae-

1241 1270 1358 1301 sentium
1372 1273 1541 1311 declarabit,
1559 1283 1645 1312 quem
1656 1274 1697 1303 ob
1708 1274 1766 1303 hoc
1781 1273 1815 1303 ad
1831 1284 1881 1303 vos
1896 1275 2032 1304 mittimus
2049 1282 2261 1313 conquerentes:

1278 1308 1516 1342 Dominationem
1529 1313 1648 1342 vestram
1669 1311 1816 1349 piissimam
1831 1321 1976 1342 exoramus
1997 1312 2137 1342 humiliter
2159 1313 2192 1343 ὃς
2213 1313 2302 1342 devo-

1240 1347 1269 1377 te
1282 1348 1309 1391 in
1324 1348 1457 1380 Domino
1466 1350 1540 1388 Jehu
1561 1349 1679 1381 Christo
1694 1373 1704 1388 ‚
1730 1358 1863 1388 quatenus
1878 1372 1887 1388 ,
1911 1360 2005 1380 amore
2027 1349 2085 1380 Dei
2100 1351 2133 1381 δε
2152 1350 2302 1381 beatiffimi

1242 1384 1394 1417 Michaelis
1409 1387 1593 1428 Archangeli,
1611 1389 1693 1418 vobis
1706 1389 1812 1426 placeat
1824 1388 1933 1418 <lidum
1949 1387 2099 1426 Ballivum,
2117 1388 2162 1419 seu
2178 1388 2236 1426 ejus
2250 1388 2304 1419 Al-

1242 1423 1349 1454 locatos
1362 1427 1396 1456 &
1405 1426 1599 1465 Consiliarios,
1613 1428 1690 1466 super
1703 1427 1842 1467 praedid'cis
1852 1427 2002 1465 molestiis,
2015 1427 2218 1465 gravaminibus
2226 1450 2237 1466 ,
2249 1437 2303 1465 op-

1242 1463 1425 1500 pressionibus
1440 1466 1473 1495 &
1487 1466 1607 1505 injuriis,
1622 1467 1658 1496 ab
1672 1464 1773 1495 eodem
1790 1465 1872 1495 nobis
1886 1465 1964 1495 illatis
1977 1487 1986 1503 ,
2011 1465 2156 1495 refraenare
2169 1488 2179 1504 ,
2203 1467 2236 1495 ὃς
2249 1475 2303 1496 nos

1242 1503 1271 1531 in
1286 1502 1365 1532 dic‘tis
1380 1503 1548 1534 libertatibus
1560 1505 1593 1536 ὃς
1604 1503 1829 1535 concessionibus
1843 1505 1872 1533 in
1885 1503 2016 1534 Domino
2029 1504 2170 1535 caritative
2185 1503 2302 1542 fovere,

1242 1541 1277 1569 ita
1290 1540 1367 1579 quod
1386 1540 1472 1572 vestri
1488 1543 1592 1582 gratifi,
1607 1551 1689 1581 prout
1703 1542 1835 1572 haetenus
1847 1542 2039 1572 consuevimus
2051 1564 2061 1579 ,
2078 1542 2143 1572 inde
2162 1542 2302 1573 valeamus

1241 1578 1327 1609 libere
1343 1579 1376 1610 ὅσ
1389 1581 1481 1618 quiete
1493 1581 1594 1619 perfrui
1609 1604 1619 1619 ,
1642 1582 1675 1612 ὃ(
1690 1604 1701 1619 ,
1726 1590 1774 1619 per
1788 1579 1873 1611 vestri
1889 1580 2080 1611 excellentiam
2094 1603 2103 1618 ,
2129 1580 2229 1620 pietate
2246 1581 2305 1620 ple·

1243 1626 1307 1647 nam
1317 1640 1327 1655 ,
1342 1619 1435 1657 quiete
1448 1618 1516 1649 Deo
1531 1620 1655 1650 familari.

1281 1655 1377 1724 Valleat
1390 1656 1561 1699 Dominatio
1575 1658 1665 1690 vestra
1679 1656 1771 1696 Regia
1786 1657 1858 1688 bene
1872 1657 1905 1688 &
1917 1656 1965 1687 diu
1979 1656 2009 1687 in
2024 1656 2158 1688 Domino
2170 1666 2219 1698 per
2231 1665 2307 1688 tem-

1244 1704 1313 1732 pora
1338 1704 1464 1735 ongiora.

1279 1774 1347 1820 Dat.
1368 1775 1456 1807 Anno
1477 1776 1600 1808 Domini
1623 1786 1707 1818 1274.
1731 1778 1776 1809 die
1797 1776 1888 1808 Lunae
1909 1775 1973 1815 post
1992 1774 2223 1807 resurrezstionem
2242 1774 2308 1806 Do-

1245 1822 1324 1845 mini.

1295 1948 1345 1979 De
1358 1947 1492 1993 Injuriis
1503 1960 1556 1995 per
1576 1948 1757 1995 Comitiffizm
1771 1947 1920 1989 ,Flandriae
1930 1975 1940 1991 ‚
1966 1951 2098 1982 Henrico
2111 1946 2262 1991 quondam

1471 2001 1546 2044 Regi
1561 2001 1598 2036 ὠ·
1616 1996 1772 2030 Edwardo
1789 2010 1865 2030 nunc
1886 1999 1958 2043 Regi
1979 1998 2083 2031 illatis.

1343 2083 1374 2115 X
1394 2084 1566 2116 vicecomiti
1580 2085 1648 2116 Buk.
1663 2088 1695 2118 ὃς
1709 2084 1841 2125 Bedford‚
1853 2084 1974 2117 salutem.
2324 2079 2400 2112 Ann.
2416 2079 2457 2112 D.

1248 2085 1304 2140 R
1346 2123 1445 2162 Cum,
1460 2133 1574 2164 propter
1584 2124 1804 2164 transgressiones
1816 2125 1849 2155 ὃ(
1863 2134 1993 2155 enormes
2014 2123 2123 2163 injurias
2174 2120 2307 2153 Domino
2344 2129 2427 2158 1274.

1249 2161 1382 2192 Henrico
1395 2163 1470 2201 Regi
1485 2162 1559 2193 Patri
1573 2163 1674 2194 nostro
1688 2186 1698 2200 ,
1720 2172 1752 2193 ac
1768 2164 1850 2193 nobis
1863 2186 1872 2202 ,
1897 2165 1930 2194 ὃς
1946 2162 2045 2193 nostris
2064 2172 2112 2202 per
2129 2146 2308 2192 Comitisiam
2326 2163 2378 2186 Aa.
2398 2170 2419 2186 ¹·

1249 2200 1387 2230 Flandriae
1401 2202 1435 2232 δε
1446 2200 1522 2240 suos,
1540 2202 1570 2232 iri
1583 2201 1711 2242 praedicti
1730 2200 1817 2231 Patris
1833 2201 1921 2232 nostri
1939 2203 1973 2233 &
1996 2200 2127 2231 nostrum
2139 2200 2308 2239 vituperium
2326 2202 2356 2225 E·
2379 2207 2404 2225 1·

1249 2240 1283 2270 &
1297 2239 1453 2279 dampnum
1466 2240 1676 2279 gravissimum,
1693 2239 1793 2279 illatas,
2325 2240 2379 2264 th·

1288 2277 1369 2308 Idem
1388 2278 1465 2308 Pater
1477 2277 1573 2309 noster
1585 2280 1619 2310 ὃς
1633 2289 1684 2309 nos
1698 2277 1819 2309 inhiberi
1834 2277 1980 2308 fecerimus
1994 2286 2043 2315 per
2058 2284 2152 2307 toturn
2172 2275 2310 2315 Regnum
2326 2273 2415 2308 Claus.
2433 2282 2458 2302 2⁵

1251 2315 1381 2346 nostrum
1395 2316 1522 2356 Angliae,
1540 2327 1577 2347 ne
1591 2317 1661 2347 lanae
1676 2325 1722 2347 aut
1743 2317 1792 2347 alia
1812 2317 1998 2347 mercimonia
2015 2316 2051 2346 de
2066 2316 2186 2354 partibus
2200 2314 2311 2353 Angliae
2329 2317 2357 2340 Ε.
2382 2321 2405 2339 1·

1250 2354 1285 2385 ad
1300 2364 1388 2395 partes
1403 2355 1538 2385 Flatidriae
1552 2356 1597 2386 vel
1611 2356 1692 2393 alibi,
1708 2356 1777 2385 infra
1800 2354 1967 2393 potestatem
1981 2353 2142 2384 Comitiffae
2158 2353 2180 2382 F
2183 2353 2312 2397 landriae,
2329 2360 2364 2378 m·
2375 2360 2402 2385 9-
2415 2349 2440 2378 ‹l-

1249 2393 1296 2423 seu
1308 2393 1391 2431 alibi,
1405 2394 1440 2424 ad
1453 2402 1540 2433 partes
1554 2393 1740 2425 transmarinas
1754 2403 1803 2431 per
1816 2393 2010 2432 quoscumque
2029 2392 2209 2429 ducerentur,
2227 2400 2314 2429 prius-

1250 2441 1334 2471 quam
1348 2432 1384 2461 de
1397 2432 1536 2471 praedietis
1554 2432 1804 2471 transgressionibus
1824 2432 1857 2462 &
1872 2431 1982 2462 offensis
2001 2439 2050 2468 per
2071 2429 2235 2469 praedidtam
2249 2429 2312 2460 Co-

1251 2469 1383 2500 mitissam
1398 2472 1480 2501 nobis
1494 2469 1560 2500 esset
1573 2471 1693 2510 plenarie
1708 2470 1891 2500 fiitisfatstum·
2286 2477 2289 2482 ·

1289 2508 1335 2538 Ac
1349 2509 1463 2545 quidem
1478 2508 1654 2539 Mercatores
1667 2509 1700 2539 ὃς
1716 2509 1759 2538 alii
1773 2531 1784 2547 ,
1809 2516 1866 2537 tam
1881 2493 2025 2546 indigenae
2040 2529 2050 2545 ,

1251 2554 1297 2575 nce
1309 2570 1318 2584 ‚
1342 2546 1502 2584 hujusmodi
1513 2547 1585 2579 lanas
1601 2548 1634 2577 ὃς
1655 2547 1839 2576 mercimonia
1859 2545 2060 2575 nichilominus

1251 2583 1371 2622 faciant,
1389 2585 1422 2616 &
1437 2586 1521 2615 etiam
1535 2584 1657 2615 Domini
1670 2584 1806 2614 Porruum
1820 2585 1853 2614 δε
1867 2584 1987 2623 partium
2003 2583 2204 2612 maritimarum
2218 2582 2312 2620 hujus-

1251 2623 1331 2652 modi
1346 2623 1416 2653 lanas
1431 2625 1465 2654 ὃς
1479 2624 1666 2653 mercimonia
1681 2623 1783 2654 carcari
1793 2645 1802 2660 ‚
1823 2622 1887 2652 duci
1904 2622 1937 2652 &
1953 2622 2048 2651 cariari
2063 2621 2243 2658 permiserunt
2259 2630 2309 2661 per

1248 2660 1409 2691 disti-settim
1430 2663 1463 2692 &
1482 2660 1648 2700 potestatem
1667 2662 1743 2694 suam
1763 2660 1826 2700 post
1846 2661 2044 2690 inhibitionem
2062 2658 2186 2689 nostram
2207 2659 2308 2697 praedi-

1247 2700 1342 2737 etam,
1360 2701 1393 2730 &
1407 2709 1506 2731 contra
1518 2700 1641 2731 formam
1653 2700 1824 2730 inhibitionis
1838 2698 1960 2737 ejusdem
1976 2721 1986 2736 ,
2013 2698 2079 2729 sicut
2098 2707 2133 2728 ex
2146 2698 2231 2729 relatu
2249 2697 2305 2728 fide

1247 2737 1397 2776 dignorum
1412 2738 1576 2777 didicimus;

1288 2776 1371 2816 Nos,
1390 2777 1589 2816 perpendentes
1604 2775 1680 2814 quod
1695 2775 1794 2806 Nobis
1805 2775 1838 2806 &
1854 2775 1958 2814 Regno
1973 2774 2071 2805 nostro
2084 2784 2119 2805 ex
2137 2774 2194 2811 hoc
2213 2773 2311 2813 damp-

1249 2824 1320 2845 num
1334 2815 1525 2854 gravissimum
1541 2816 1657 2852 iminet,
1676 2816 1709 2846 &
1722 2815 1847 2845 volentes
1862 2815 1890 2844 in
1911 2815 1964 2844 hac
1979 2822 2054 2853 parte
2073 2812 2207 2844 festinum
2219 2823 2311 2844 reme-

1249 2853 1328 2884 dium
1341 2854 1481 2893 adhiberi,
1502 2854 1551 2885 tibi
1566 2855 1760 2891 praecipimus,
1779 2853 1847 2883 sicut
1861 2853 1959 2892 pluries
1974 2862 2064 2890 praece
2086 2853 2157 2882 imus
2192 2852 2309 2882 firmiter

1249 2892 1439 2931 injungentes,
1453 2893 1530 2931 quod
1545 2901 1603 2923 tam
1617 2893 1647 2922 in
1662 2891 1829 2922 Civitatibus
1844 2914 1854 2929 ,
1879 2891 1898 2910 ²*
1911 2890 2006 2928 Burgis
2021 2913 2030 2928 ,
2078 2891 2143 2928 illis,
2200 2898 2308 2921 ercato-
2322 2879 2386 2908 '³⁶11-
2399 2885 2443 2917 ²5·

1249 2931 1312 2967 riis,
1331 2932 1417 2968 quam
1433 2931 1496 2961 alibi
1518 2940 1566 2970 per
1580 2939 1670 2961 totam
1682 2930 1810 2960 ballivam
1825 2938 1920 2968 tuam,
1937 2929 2008 2958 infra
2022 2929 2154 2959 libertates
2167 2929 2200 2959 &
2216 2937 2310 2968 extra,

1250 2969 1364 3009 publice
1377 2969 1545 3008 proclamari
1558 2969 1592 2999 &
1609 2968 1725 2998 firmiter
1740 2969 1858 2998 inhiberi
1877 2968 1957 2997 facias
1971 2990 1981 3005 ,
2009 2977 2044 2997 ne
2064 2967 2113 3036 (bui
2127 2989 2136 3005 ‚
2161 2967 2210 2997 sub
2225 2977 2311 3004 poena

1250 3007 1401 3038 amissionis
1411 3010 1543 3038 omnium
1554 3008 1698 3037 bonorum
1712 3006 1745 3037 &
1766 3006 1945 3044 catallorum,
1961 3014 2026 3043 quae
2040 3005 2074 3035 ha
2096 3014 2143 3035 ent
2161 3007 2191 3036 in
2205 3005 2312 3045 Regno

1251 3045 1365 3084 nostro,
1384 3048 1416 3078 &
1431 3046 1480 3077 sub
1493 3045 1617 3084 periculo
1630 3047 1697 3076 vitae
1711 3046 1744 3076 δε
1760 3045 1957 3075 membrorum
1969 3066 1979 3082 2
2002 3043 2075 3074 lanas
2088 3044 2190 3081 aliquas
2203 3044 2239 3074 de
2253 3055 2312 3075 cae-

1250 3092 1311 3114 tero
1330 3085 1456 3123 ducant,
1481 3086 1525 3115 vel
1546 3083 1612 3114 duci
1629 3083 1731 3114 faciant
1746 3106 1756 3122 ,
1779 3083 1824 3112 vel
1841 3091 1976 3120 quantum
1991 3083 2020 3112 in
2033 3082 2059 3112 ie
2073 3081 2115 3112 est
2129 3082 2234 3113 ducere
2247 3092 2311 3121 per-

1249 3124 1362 3154 mittant
1378 3132 1451 3155 extra
1464 3123 1600 3162 Regnum
1615 3122 1744 3152 nostrum
1758 3121 1792 3151 ad
1807 3129 1893 3161 partes
1906 3122 2095 3151 transmarinas
2107 3143 2117 3159 ,
2141 3121 2187 3151 seu
2199 3121 2232 3151 ad
2248 3130 2310 3159 par-

1247 3169 1287 3191 tes
1302 3161 1426 3200 Sc-otiae,
1444 3162 1591 3192 Hiberniae
1603 3182 1613 3198 ‚
1638 3160 1754 3190 Walliae
1768 3183 1778 3198 ,
1804 3159 1850 3190 vel
1864 3159 1928 3189 alibi
1942 3166 2016 3189 extra
2035 3158 2169 3198 Regnum
2183 3182 2193 3197 ,
2215 3159 2308 3190 donec

1247 3200 1323 3229 aliter
1339 3200 1404 3230 inde
1419 3210 1467 3238 per
1483 3209 1534 3231 nos
1549 3199 1630 3230 fuerit
1642 3197 1817 3236 ordinatum,
1834 3198 1866 3229 &
1882 3198 1952 3229 sicut
1971 3206 1999 3229 te
2015 3198 2047 3229 &
2062 3206 2108 3228 tua
2120 3197 2209 3238 diligis
2222 3197 2310 3228 nulla-

1246 3246 1326 3269 tenus
1341 3247 1461 3270 omittas.

2071 2508 2156 2574 guam
2169 2504 2312 2550 Alienige7

2093 2552 2177 2574 ucant
2194 2545 2228 2574 ὃς
2245 2545 2311 2575 duci

1282 3319 1348 3351 Dat.
1363 3331 1412 3362 per
1426 3331 1542 3352 manum
1556 3318 1609 3350 W.
1630 3318 1666 3350 de
1682 3317 1801 3350 Merton
1810 3316 1973 3348 Cancellarii
1987 3315 2075 3348 nostri
2092 3314 2164 3354 apud
2175 3312 2301 3345 VVestm.

1250 3366 1293 3388 10.
1311 3359 1356 3389 die
1370 3359 1490 3401 Aprilis,
1508 3369 1582 3389 anno
1597 3357 1694 3398 Regni
1707 3357 1796 3388 nostri
1810 3356 1939 3387 secundo.

1284 3501 1334 3533 De
1355 3498 1616 3547 Interceptionibus
1635 3498 1702 3532 hinc
1719 3498 1804 3539 inde,
1829 3507 1931 3530 contra
1940 3497 2078 3542 formam
2096 3497 2181 3528 Pacis
2197 3506 2267 3527 cum

1443 3549 1593 3582 Lewclino
1609 3551 1743 3594 Principe,¹
1758 3547 1866 3582 Wcuiae
1878 3572 1887 3587 ,
1914 3543 2114 3577 emendandis.

1243 3638 1295 3693 R
1305 3637 1331 3669 E
1341 3636 1371 3668 X
1389 3636 1494 3668 dilectis
1509 3636 1541 3667 ὃς
1557 3634 1680 3680 fidelibus
1694 3635 1744 3666 suis
1756 3633 1917 3679 Willielmo
1928 3632 1964 3663 de
1978 3630 2055 3676 Bello
2073 3629 2188 3668 Campo
2200 3629 2305 3662 Comi-
2324 3624 2401 3657 Ann-
2414 3626 2454 3658 D.

1307 3678 1325 3706 ti
1339 3676 1434 3706 VVarn
1449 3676 1567 3713 Rogero
1581 3674 1616 3704 de
1632 3672 1757 3704 Clifford
1776 3672 1868 3702 Priori
1889 3670 1985 3701 Sancti
2006 3669 2135 3699 Thomae
2150 3670 2304 3709 stratford,
2342 3673 2423 3703 1274.

1244 3715 1405 3746 willielmo
1418 3712 1530 3753 Bagod,
1548 3713 1580 3743 ὃς
1594 3711 1694 3742 Odoni
1709 3711 1743 3742 de
1756 3710 1892 3754 Hodenet
1904 3709 2028 3752 salutem.
2122 3747 2127 3752 .
2320 3707 2371 3731 An.
2387 3714 2413 3731 2.

1283 3754 1362 3797 Cum
1385 3752 1499 3796 diversae
1523 3750 1600 3781 trans
1613 3749 1743 3780 ressiones
1759 3772 1768 3787 ‚
1791 3756 1898 3786 injuriae
1927 3745 2302 3815 &.¹s¹t5³¹'ceps¹01f¹{s.fastae
2315 3746 2361 3807 ἔτι
2375 3750 2398 3806 ¹2·

1248 3786 2173 3870 [saunsssfflffisiffmfflffajffi‘jfzz‘ssfz'ffizffiffss‚⁶23
2185 3794 2302 3868 1132th
2364 3800 2407 3844 2.-

1247 3869 1303 3900 unzi
1317 3875 1409 3908 parte,
1429 3867 1462 3897 &
1478 3865 1673 3903 Lewelinum,
1692 3864 1781 3894 filium
1794 3861 1929 3906 Griffim,
1946 3860 2110 3901 Principem
2124 3861 2252 3898 Walhae,
2269 3862 2303 3892 &
2322 3865 2358 3883 ''¹-
2379 3863 2422 3893 ¹9·

1248 3909 1309 3939 suos
1320 3916 1354 3936 ex
1366 3905 1448 3935 altera
1468 3905 1544 3949 initae
1557 3904 1590 3935 &
1610 3901 1727 3933 firmatae
1741 3925 1750 3940 ,
1774 3901 1807 3932 &
1821 3909 1905 3944 etiam
1919 3907 2017 3944 contra
2036 3900 2127 3940 legem
2142 3900 2176 3931 &
2190 3899 2307 3930 consue-

1248 3945 1374 4015 ‘u‘iss'iffism
1388 3938 2205 4020 32²5&ssss’dssissssttg‘n‘issffiss‘sssssuffieffisff&aaa‚
2229 3973 2307 4004 dedi-

1251 4033 1313 4054 mus
1325 4006 1405 4052 vo'bis
1418 4019 1582 4058 potestatem
1594 4017 1723 4048 audiendi
1741 4014 1976 4060 transgressiones,
1992 4016 2099 4060 iniurias
2117 4015 2150 4045 &
2168 4021 2290 4057 interce.

1252 4063 1360 4098 tiones,
1375 4058 1442 4089 hinc
1457 4057 1523 4089 inde
1534 4057 1636 4095 factas,
1654 4058 1688 4088 &
1703 4065 1745 4086 eas
1759 4052 1916 4093 corrigendi
1931 4077 1941 4092 ,
1958 4063 1992 4085 ac
2005 4054 2136 4085 universis
2151 4052 2183 4081 &
2195 4051 2272 4089 singu
2283 4060 2306 4083 is

1252 4098 1488 4138 conquerentibus
1507 4095 1644 4135 justitiam
1665 4092 1816 4163 exhibergdi
1828 4115 1838 4132 ,
1864 4100 1947 4133 prout
1963 4092 1999 4124 de
2012 4093 2082 4132 -jure
2100 4091 2134 4123 &
2153 4089 2310 4158 secunggmffi
