2570 4261
671 165 780 208 ET
865 162 1129 207 ACTA

0 262 42 284 nn.
52 249 92 281 D.
146 250 263 281 Habent
276 250 375 282 litteras
391 250 481 288 Regis
493 251 528 281 de
542 251 686 282 conductu
696 276 704 290 ‚
722 252 838 283 directas
849 252 1010 283 Willielmo
1030 251 1066 280 de
1087 249 1162 289 Ley-

4 301 69 332 294.
110 290 201 327 burn,
220 289 376 326 Capitaneo
398 288 560 320 Nautarum
584 291 617 320 &
638 290 853 320 Marinellotum
875 291 911 320 de
932 290 1041 327 Regno
1063 289 1096 318 &
1109 297 1164 326 po-

0 335 34 361 ἰν.
55 340 79 359 i.
112 328 209 358 testate
231 328 342 363 Regis:
375 328 412 358 Et
432 328 584 358 Batonibus
611 328 701 365 Regis
722 331 846 367 quinque
866 329 1005 359 Portuum
1023 338 1028 356 t
1058 326 1163 356 Nautis

115 366 268 397 Mariiiellis
281 367 313 396 &
328 367 461 395 omnibus
473 366 528 395 aliis
541 366 666 396 fidelibus
683 366 790 404 Regis,
805 367 840 396 de
854 367 963 404 Regno
979 367 1011 396 ὅ(
1028 363 1163 403 potestate

0 406 98 440 ¹1·⁶40·
113 404 251 441 ejusdem,
269 413 326 433 tam
344 405 371 433 in
385 403 475 440 terra,
494 405 579 440 quam
593 406 620 433 in
636 404 728 442 Mari,
749 406 808 436 &c.
825 405 910 442 usque
924 405 942 425 ¹*
959 403 1071 435 Festum
1094 401 1163 431 San-

113 444 152 474 &i
168 443 243 473 Petri
252 441 286 470 ad
301 442 421 472 Vincula
435 443 566 478 proximo
581 442 707 472 flaturum
721 442 869 473 duraturas,

149 517 239 549 Teste
254 517 339 553 Rege
353 516 425 553 apud
441 516 605 547 Westmon.
628 519 671 548 18.
690 518 735 548 die
748 518 834 556 Junii.

152 594 208 624 Per
222 592 311 630 ipsum
326 592 460 631 Regem,
479 594 626 623 nunciante
639 593 781 632 Episcopo
798 591 989 624 Dunelmensi.

272 717 408 764 Adolpho
429 721 501 764 Regi
520 720 720 750 Romanorum
733 744 742 760 ‚
769 717 805 750 de
828 718 994 752 Credentia.

58 816 90 847 D
118 801 411 863 EXcellentissimo
426 801 567 841 Principi,
582 800 703 831 Domini
722 802 756 832 A.
774 802 831 832 Dei
845 803 948 841 gratia,
965 802 1041 839 Regi
1057 801 1167 831 Roma-

0 828 78 897 ἔξιθ-
93 840 99 846 ’
196 851 303 885 ηοηιιη
320 840 414 870 illustri
431 864 451 884 ,θ
463 840 570 883 semper
591 839 740 884 Augusto,
760 840 928 879 Edwardus,
953 842 1012 872 &c.
1036 840 1169 877 salutem,

0 907 13 924 n
41 906 73 923 η
118 888 187 909 cum
201 880 317 909 honoris
333 880 367 910 &
395 879 478 915 ,lor-icc
491 878 616 907 felicibus
629 881 820 921 incrementis.

17 919 34 961 Ἰ
79 917 85 922 “
157 917 236 947 Cum
250 918 379 947 venerabi
391 927 418 946 es
432 917 526 946 Patres
540 918 568 945 in
583 916 714 961 Christo,
731 917 758 954 J.
778 917 833 947 Dei
852 919 954 954 gratia,
974 916 1169 955 Archiepisco-

0 957 14 1000 't
35 955 102 999 ἐκῃ,
120 966 188 993 pum
206 955 427 991 Dubliiiensem,
445 957 478 985 &
496 955 655 985 Antonium
685 956 784 984 eadem
799 955 903 993 gratia,
916 954 1089 994 Episcopum
1105 955 1170 985 Du-

2 1010 102 1047 HoMis,
120 995 306 1024 nelmensem:
329 994 371 1024 Ac
389 993 512 1023 Nobiles
534 994 626 1030 viros,
645 978 802 1032 lelugonem
826 995 851 1023 le
871 992 1038 1032 Despenser,
1054 995 1087 1025 &
1110 993 1171 1024 Ni-

0 1049 39 1076 [Μ
58 1050 85 1075 in
119 1033 252 1063 cholaum
273 1032 309 1062 de
323 1032 461 1069 Segrave,
480 1031 572 1061 fideles
587 1030 716 1068 nostros,
735 1032 903 1062 exhibitor&
919 1032 1111 1069 praesentium,
1127 1032 1171 1061 su-

0 1069 49 1116 um?
118 1081 169 1111 per
181 1073 262 1101 certis
278 1071 414 1107 Negotiis
423 1095 431 1106 ,
447 1069 481 1100 ad
496 1069 654 1111 Serenitatis
662 1069 761 1100 vestrae
775 1071 947 1110 praesentiam
961 1070 1145 1107 destinemus,

52 1107 58 1113 '
159 1109 363 1140 Excellentiani
379 1108 499 1138 vestrim
514 1107 665 1137 affeeiuoie
679 1109 858 1146 requirimus,
876 1109 909 1139 δε
933 1118 1063 1147 rogamus
1085 1109 1174 1145 quati-

120 1159 172 1179 nus
195 1149 246 1178 hiis
260 1172 269 1185 ,
291 1158 354 1185 quse
375 1147 480 1184 praefati
503 1146 614 1176 Nuncii
633 1146 744 1183 nostri,
770 1148 869 1185 quibus
889 1149 1046 1186 aperuimus
1065 1146 1174 1185 plenius

122 1195 249 1217 mentem
268 1186 409 1223 nostram,
435 1194 468 1214 ex
490 1193 565 1222 parte
582 1183 675 1214 nostrii
699 1186 780 1214 vobis
803 1194 962 1222 exponent,
989 1184 1173 1214 indubitatam

122 1225 226 1263 fidem,
245 1225 265 1255 si
278 1224 384 1265 placet,
401 1223 555 1263 dignemini
569 1221 701 1252 adhibere
714 1232 747 1253 ac
763 1233 794 1253 ea
805 1224 906 1254 votivo
929 1222 1046 1252 effestui
1067 1223 1175 1252 manci—

121 1274 195 1304 pase.

158 1339 249 1369 Teste
262 1339 346 1376 Rege
359 1338 430 1375 apud
443 1335 731 1367 Westmonasterium
740 1361 750 1375 ‚
763 1337 899 1368 vicefimo
913 1336 958 1367 die
967 1336 1063 1375 junii,
1081 1346 1174 1374 anno,

121 1379 182 1409 &o
198 1378 333 1409 vicesimo
348 1376 478 1408 secundo.

251 1498 370 1549 Syfrido
388 1497 610 1545 Archiepiftopo
628 1498 799 1540 Coloniensi,
823 1496 858 1530 de
875 1496 1042 1531 Credentia.

0 1586 109 1618 mn.D.
193 1583 332 1614 Dwardus
368 1584 428 1614 &c.
447 1583 605 1613 Venerabili
617 1583 648 1625 jn
664 1582 780 1613 Christo
795 1582 888 1626 patri,
905 1581 932 1612 S.
951 1582 1051 1613 eidem
1074 1583 1177 1629 gratini²

9 1636 92 1664 1294.
204 1622 315 1652 Sanc‘tae
329 1607 507 1652 Colonienfis
520 1621 653 1665 Ecclesiae
668 1620 889 1658 Archiepiscopo
898 1645 907 1657 ,
925 1631 958 1664 ac
971 1621 1047 1665 Sacri
1060 1621 1175 1665 Imperii

0 1670 32 1692 in⁴
49 1675 93 1693 22.
127 1671 176 1699 per
198 1661 321 1692 Ytaliam
342 1659 600 1698 Vicecancellario,
616 1659 731 1689 salutem
750 1660 783 1690 ὃς
804 1659 918 1689 suicerae
928 1659 1088 1690 dile-{tionis
1107 1661 1178 1691 aste-

0 1709 9 1729 ’.
32 1713 54 1732 r.
125 1701 214 1730 (stum.

0 1741 86 1770 sidem.
161 1737 242 1768 Cum
263 1736 432 1767 venerabiles
451 1735 562 1774 Patres,
582 1736 610 1765 in
631 1734 763 1773 Christo,
777 1735 805 1773 J.
830 1734 887 1766 Dei
910 1736 1012 1775 gratia,
1034 1736 1180 1775 Archiepi-

123 1775 241 1813 scopum
260 1775 483 1812 Dublinensem,
500 1775 534 1808 &
556 1773 716 1804 Antonium
758 1773 857 1804 eadem
880 1774 982 1813 gratis,
1005 1774 1178 1813 Episcopum

125 1813 350 1844 Dunelmensem
367 1823 374 1843 z
399 1812 444 1843 Ac
463 1812 586 1843 Nobiles
606 1814 699 1851 virm,
723 1797 882 1851 hugonem
903 1813 929 1842 le
950 1813 1119 1852 Despenser,
1144 1816 1177 1845 &

124 1851 304 1882 Nicholaum
328 1851 365 1881 de
382 1851 523 1889 Segrave,
541 1850 634 1881 fideles
652 1850 783 1889 nostros,
801 1851 967 1881 exhibitores
986 1851 1178 1890 praesentium,

125 1890 206 1927 super
220 1891 301 1921 certis
314 1889 464 1927 Negotiis,
483 1889 516 1919 ad
531 1889 706 1927 praesentiam
724 1889 844 1919 Domini
867 1889 954 1929 Regis
972 1889 1178 1921 Romanorum

127 1928 254 1967 illustris,
274 1929 307 1959 δε
321 1928 442 1959 vestram
454 1928 605 1965 specialiter
617 1927 804 1972 destinemus,

166 1966 361 1997 Paternitatem
382 1965 502 1997 vestram
520 1965 678 1996 affestuose
699 1967 879 2004 requirimus,
898 1966 931 1997 &
945 1976 1076 2010 rogamus
1091 1969 1180 2005 quati-

126 2014 178 2035 nus
201 2005 270 2044 hsts,
296 2016 358 2044 quse
376 2004 481 2042 praefati
501 2004 614 2034 Nuncii
638 2003 748 2041 nostri,
773 2005 872 2042 quibus
894 2014 1051 2042 aperuimus
1072 2007 1179 2042 plenius

128 2052 256 2074 mentem
275 2043 400 2074 nostram
410 2067 420 2082 ,
435 2052 470 2073 ex
487 2051 563 2080 parte
578 2042 674 2073 nostra
691 2043 773 2072 vobis
792 2052 951 2081 exponent,
968 2043 1182 2074 indubitabilem

127 2081 232 2121 fidem,
258 2082 277 2112 si
301 2083 409 2121 placet,
433 2082 564 2112 adhibere
583 2081 684 2120 velitis,
708 2090 740 2112 ac
762 2091 793 2111 ea
814 2082 915 2113 votivo
937 2081 1055 2112 effithui
1073 2084 1180 2113 manci-

125 2130 198 2157 pare.

164 2196 232 2228 Dat.
250 2198 324 2236 apud
339 2196 644 2235 westmonasterium,
662 2206 709 2226 20.
728 2196 772 2227 die
781 2196 873 2235 Junii‚
889 2207 979 2236 anno,
998 2198 1058 2228 δας.
1077 2208 1126 2229 22.

162 2322 220 2356 Ad
233 2322 427 2357 trae-‘landum
444 2336 513 2356 cum
538 2321 651 2368 Adolfo
672 2326 747 2370 Rege
766 2324 968 2356 Romanorum
986 2326 1091 2356 Literae
1109 2321 1145 2356 de

543 2373 766 2419 Plem'potensia.

0 2466 64 2498 ann,
77 2466 118 2497 D,
136 2456 192 2518 E
202 2454 358 2494 Dwardus,
377 2455 436 2488 ὅτε.
455 2456 605 2495 omnibus,
620 2455 654 2486 ad
670 2465 740 2494 quos
755 2457 815 2487 &o
830 2457 952 2488 salutem.

233 2495 281 2525 De
302 2494 431 2526 fidelitate
450 2496 483 2526 &
504 2492 756 2532 circumspec'tione
780 2495 988 2526 Venerabilium
1010 2495 1142 2532 Patrum,
1159 2494 1185 2531 J.

0 2515 101 2573 :7¹29ss
136 2531 195 2577 Dei
210 2533 314 2577 gratia,
334 2533 544 2576 Archiepiscopi
560 2533 760 2577 Dublinensis,
771 2534 812 2577 ,δε
827 2533 962 2572 Antonii,
978 2533 1077 2577 eadem
1091 2532 1187 2577 gratis,

0 2588 18 2611 3.
42 2594 64 2610 1·
136 2569 267 2609 Episcopi
284 2571 494 2602 Dunelmcnsis:
517 2572 560 2602 Ac
577 2571 733 2602 Nobilium
749 2581 896 2610 Virorum,
913 2572 1047 2602 Florentii
1065 2571 1189 2614 Comitis

0 2626 29 2649 gx
49 2626 119 2649 Run—
137 2608 285 2649 Hoyland,
304 2610 436 2650 Hugonis
458 2611 484 2641 le
509 2610 684 2648 Despenser,
699 2611 733 2640 &
756 2610 892 2641 Nicholai
913 2611 949 2640 de
962 2611 1102 2649 Segmve,
1120 2609 1189 2640 nde-

0 2660 48 2686 lello
59 2661 84 2687 in
136 2647 205 2678 lium
221 2648 400 2687 nostrorum,
419 2649 530 2679 fiduciae
544 2648 746 2687 plenitudinem
757 2649 924 2679 obtinentes,

172 2686 283 2717 Damus
299 2687 402 2717 eisdem
416 2687 529 2725 plenam
545 2689 578 2719 &
599 2687 716 2717 liberam
752 2695 851 2717 tenore
871 2686 1049 2725 praesentium
1068 2685 1189 2724 potesta-

135 2731 195 2755 tem
216 2724 350 2756 trae‘tandi
371 2726 404 2755 ὃς
429 2726 600 2763 ordinandi,
622 2725 702 2763 super
759 2727 851 2755 nionis
879 2727 913 2757 ὃς
940 2725 1190 2756 confoederationis

135 2764 269 2802 vinculo,
288 2774 320 2793 ac
334 2764 458 2794 amicitia
470 2764 486 2794 s
502 2763 595 2801 eciali,
610 2765 682 2793 inter
705 2760 897 2801 Magnificum
921 2763 1105 2802 Principem,
1123 2763 1190 2793 Do-

135 2803 248 2832 minum
270 2801 305 2832 A.
330 2802 388 2842 Dei
409 2803 514 2840 gratia,
541 2802 658 2840 Regem
676 2801 879 2832 Romanorum
901 2801 1054 2841 illustrem,
1081 2803 1189 2840 semper

135 2838 314 2880 Augustum,
329 2841 363 2871 δε
379 2850 430 2871 nos
443 2841 475 2871 &
491 2841 614 2871 haeredes
626 2839 737 2870 nostros
751 2840 847 2880 Regni
857 2840 1094 2880 Angliae,conti·a
1110 2851 1190 2878 quas-

134 2888 249 2917 cunque
271 2879 416 2923 personas,
434 2879 636 2917 cujuscumque
654 2879 893 2917 praeeminentiae‚
909 2878 1067 2917 dignitatis,
1085 2877 1190 2916 status,

135 2917 181 2947 seu
198 2917 369 2947 conditionis
380 2917 496 2948 existant
512 2917 660 2956 (Romanii
673 2916 798 2948 Ecclesia
811 2916 952 2948 dumtaxat
973 2916 1100 2956 excepti)
1122 2917 1191 2948 Deo

137 2956 279 2994 propitio,
297 2955 437 2985 ineundis:

175 2993 306 3023 Necnon
322 2993 481 3031 hujusmodi
494 2995 646 3033 unionem,
663 2995 697 3026 &
713 2994 1007 3033 confoederationem,
1023 2995 1193 3025 amicitiam-

137 3040 193 3068 que
210 3030 352 3061 firmandi:
373 3031 407 3061 In
423 3033 545 3062 animam
562 3032 687 3064 nostram
703 3033 849 3072 quodlibet
867 3041 955 3071 genus
972 3034 1041 3063 liciti
1056 3034 1193 3071 juramen-

137 3070 159 3099 ti
178 3069 340 3108 ptaestandi3
355 3079 388 3101 ac
407 3080 475 3108 nos,
493 3071 526 3101 &
544 3070 667 3101 haeredes
685 3071 814 3110 nostros,
833 3071 867 3101 ad
885 3071 1110 3102 observationem
1127 3080 1193 3101 om-

138 3109 220 3138 nium
234 3108 459 3146 praemifforum,
478 3108 511 3138 &
526 3108 646 3138 aliorum
661 3109 695 3140 ad
711 3120 742 3140 ea
754 3110 937 3148 speetantium
953 3110 1104 3150 obligandi.

175 3146 214 3177 Et
237 3147 334 3177 omnia
354 3146 406 3176 alia
428 3148 461 3178 &
483 3146 589 3183 singula
609 3147 745 3186 faciendi,
762 3159 826 3186 quae
839 3149 984 3179 hincinde
999 3147 1194 3179 convenientia

140 3183 258 3223 fuerint,
274 3185 319 3216 seu
343 3186 427 3214 etiam
447 3194 620 3222 opportunae
641 3186 675 3216 &
695 3196 758 3224 quae
779 3187 922 3217 honorem
944 3187 977 3218 &
1001 3185 1193 3217 commodum

140 3223 298 3261 utriusque,
321 3233 387 3260 quae
407 3222 442 3252 ad
464 3223 592 3261 personas
614 3223 738 3262 nostras,
763 3226 797 3256 &
817 3224 936 3264 Regna,
960 3234 1043 3256 terras
1066 3233 1148 3262 atque
1173 3225 1192 3243 *ὅ

141 3260 279 3291 Dominia
295 3262 441 3298 respiciunt
457 3272 572 3300 quoquo
585 3261 689 3292 modo·
710 3263 744 3293 δί
757 3273 821 3300 qua:
833 3265 918 3294 etiam
931 3264 1022 3294 facere
1036 3274 1088 3294 nos
1100 3262 1194 3301 posse-

139 3308 219 3336 mus,
237 3299 257 3329 fi
275 3299 396 3337 adesset,
415 3299 459 3329 vel
481 3299 620 3330 interesset
634 3310 674 3330 no
699 3310 727 3330 ra
742 3301 882 3339 praesentia
897 3301 1092 3341 personaliter,
1110 3302 1194 3332 etiam

138 3337 157 3367 si
173 3337 336 3367 mandatum
349 3339 462 3374 exigant
474 3338 597 3374 speciale.

179 3375 221 3405 Ita
243 3384 340 3406 tamen
366 3375 459 3413 quod,
477 3377 497 3405 fi
520 3386 580 3406 non
601 3384 702 3406 omnes
717 3377 844 3415 praedic‘ti
860 3377 1109 3417 Archiepiscopus,
1127 3376 1194 3416 Epi-

140 3414 258 3451 scopus,
276 3413 400 3450 Comes,
415 3413 508 3450 Hugo
531 3415 565 3445 &
587 3413 748 3444 Nicholaus
769 3415 803 3446 ad
826 3416 951 3447 facienda
976 3418 1009 3448 &
1026 3416 1194 3455 complenda

142 3451 280 3490 praemiffa
302 3453 516 3489 concurrerint,
541 3461 677 3490 quatuor,
695 3460 768 3491 tres,
783 3453 828 3483 vel
850 3454 910 3484 duo
928 3455 1051 3493 ipsorum
1074 3456 1194 3493 (dumta-

140 3500 208 3520 men
222 3500 290 3520 unus
306 3499 406 3520 eorum
419 3490 450 3520 sit
467 3489 702 3528 Archiepiscopus
717 3491 763 3521 vel
789 3490 814 3521 E
835 3492 960 3531 iscopus;
979 3495 1012 3525 δεῖ
1033 3494 1110 3524 aliter
1132 3493 1196 3524 Co-

141 3539 219 3567 mes,
236 3529 282 3559 seu
295 3538 364 3559 unus
378 3528 523 3559 dicftorum
536 3528 676 3566 Militum)
702 3530 799 3567 praemi
825 3541 839 3560 a
860 3533 957 3562 omnia
977 3533 1010 3563 δε
1033 3532 1135 3571 singula
1154 3531 1196 3561 fa-

142 3568 235 3636 cianf,
253 3568 286 3598 &
302 3568 331 3596 in
348 3566 461 3605 forma,
476 3566 600 3604 expressa
612 3567 748 3605 superius,
771 3576 960 3609 exequantur,
977 3571 1138 3609 compleant
1162 3571 1196 3601 &

138 3615 199 3636 con
213 3613 354 3636 urnment:

181 3644 289 3675 Ratum
312 3644 442 3674 habentes
452 3666 461 3681 ,
477 3643 510 3675 &
531 3643 650 3674 habituri
668 3653 721 3681 pro
744 3644 842 3683 nobis,
858 3646 892 3677 &
907 3646 1064 3678 haeredibus
1080 3646 1198 3686 nostris,

0 2699 74 2725 Γυνή.

0 3229 126 3265 *ii.641.

142 3692 176 3712 ac
199 3682 394 3713 inviolabiliter
415 3681 585 3712 observaturi
608 3681 761 3720 quicquid,
778 3692 827 3720 per
841 3683 984 3722 praefatos,
1003 3686 1200 3724 Archiepisco-

144 3730 233 3759 pum,
250 3720 444 3758 Episcopum,
462 3719 630 3757 Comitem,
654 3719 828 3759 Hugonem,
854 3722 888 3752 &
909 3722 1106 3761 Nicholaum,
1132 3734 1200 3762 qua-

145 3766 228 3796 tuor,
257 3766 329 3798 tres‚
345 3767 393 3789 aut
410 3758 484 3788 ‘duos
505 3759 630 3799 ipsorum
649 3759 678 3788 in
699 3758 860 3797 praemiffis,
877 3763 1012 3792 omnibus
1035 3763 1068 3794 &
1087 3763 1198 3800 singulis

145 3797 369 3835 praemifforurn,
382 3798 458 3836 juxta
472 3796 595 3827 formam
616 3795 797 3837 praedictam,
815 3797 922 3830 faetum
942 3799 1041 3840 fuerit,
1059 3801 1104 3832 seu
1127 3811 1199 3840 quo-

145 3834 303 3865 modolibet
316 3844 507 3874 procuratum.

183 3871 218 3901 In
232 3873 328 3912 cujus,
345 3875 404 3905 &c.

186 3945 254 3979 Dat.
272 3950 345 3986 apud
357 3950 664 3991 westmonasterium,
681 3960 720 3983 20
733 3950 778 3983 die
786 3950 883 3991 Junii,
899 3960 993 3994 anno,
1008 3954 1070 3987 &c.
1087 3964 1136 3986 22.

223 4078 295 4109 Tom.
313 4082 339 4110 I.
356 4082 390 4111 Ρ.
407 4084 466 4114 ΙΙΙ.

1213 142 1686 208 PUBLioA.
2177 177 2250 222 131

1305 293 1369 296 Μὴ
1391 296 1395 297 ⁷
1476 296 1499 298 h
1627 297 1640 302 ,
2275 269 2402 306 Ann.D.·.

2293 324 2305 343 1
2371 331 2378 343 ·.

1239 347 1312 391 Regi
1332 349 1431 379 Scotiae
1448 349 1638 390 Monitoria‚
1663 347 1698 381 de
1714 362 1769 382 non
1780 351 1956 396 procedendo
1978 362 2079 385 contra
2089 352 2228 397 fhrmam
2273 323 2384 380 Edi-342⁴

1470 395 1660 428 donationum
1671 423 1680 439 ‚
1705 396 1744 429 ab
1760 400 1816 444 ipr
1824 401 1994 444 faflarum.

1207 487 1439 548 EDwarduS,
1452 488 1508 533 Dei
1528 490 1629 528 gratia,
1649 490 1714 534 Rex
1737 491 1866 536 Angliae‚
1886 491 2031 538 Dominus
2052 489 2200 538 Hiberniae
2220 494 2254 525 &
2275 492 2326 522 Au.
2342 498 2387 522 ἡ.

1286 526 1354 557 Dux
1367 527 1539 566 Aquitaniae,
1557 530 1590 559 &
1604 529 1724 566 superior
1742 529 1881 561 Dominus
1896 531 1990 571 Regni
2008 532 2132 571 Scotiae,
2150 533 2255 562 dilecto
2277 538 2305 560 Ε.
2329 542 2350 560 i.

1208 565 1247 632 l&t
1256 564 1330 595 fideli
1343 566 1409 603 suo,
1424 565 1564 604 Johanni,
1582 567 1681 596 eadem
1695 568 1782 606 gratia
1798 567 1876 605 Regi
1899 569 2065 600 Scottorum
2085 570 2199 609 illustri,
2216 570 2255 600 sa·
2276 575 2316 636 ᾗ
2338 575 2405 614 nuris

1219 613 1304 632 uem.
2293 620 2320 637 e.
2339 618 2365 635 m

1247 641 1292 670 Ad
1308 640 1463 670 instantiam
1477 641 1573 672 dileffn
1588 643 1668 672 nobis
1679 642 1815 680 Johannis
1828 642 1864 673 de
1878 643 1984 682 Insula,
2003 646 2101 683 (quem
2122 646 2163 677 ob
2181 653 2257 683 grata
2276 647 2361 674 Tum'2

1208 678 1313 709 servitia
1325 679 1386 720 sua,
1403 680 1485 709 nobis
1499 681 1660 710 multotiens
1675 681 1811 719 impensa,
1829 681 1925 712 favore
1946 682 2043 720 Regio
2063 685 2258 723 prosequimur

1208 717 1347 753 ampliori)
1363 717 1511 754 specialiter
1524 728 1575 748 vos
1591 728 1723 755 rogamus
1738 728 1885 757 quatenus,

1247 755 1326 784 Cum
1339 755 1431 784 eidem
1443 755 1565 792 Johanni
1579 756 1705 793 quasdam
1720 765 1800 787 terras
1813 759 1846 788 &
1862 766 2018 788 tenementa
2027 781 2036 795 ‚
2053 759 2126 796 apud
2140 760 2183 789 W
2184 759 2257 790 bite*

1207 792 1283 831 suyn.
1303 794 1331 835 in
1345 793 1456 836 Scotizi,
1475 804 1563 832 nuper
1577 794 1704 824 dederitis
1717 796 1750 825 δε
1773 796 1975 826 concesseritis:
1994 796 2133 826 Habenda
2155 797 2204 826 sibi
2224 799 2259 828 δε

1209 830 1379 861 Haeredibus
1399 831 1450 860 suis
1471 833 1695 869 imperpetuum,
1714 834 1747 862 ad
1768 834 1955 864 commodum
1975 834 2056 865 suum
2076 835 2142 865 inde
2157 836 2261 865 facien-

1211 868 1297 906 dum,
1316 879 1368 906 pto
1382 870 1524 900 voluntate
1538 870 1600 907 suag

1249 906 1331 936 Dum
1345 915 1439 937 tamen
1453 916 1535 938 terras
1547 908 1601 937 illas
1615 909 1647 939 &
1661 916 1818 938 tenementa
1831 911 1896 939 viris
1911 910 1956 941 seu
1969 910 2116 942 Domibus
2129 910 2262 948 Religio-⁷

1213 944 1245 975 sis
1257 946 1377 974 minime
1389 945 1491 975 vendat
1505 946 1656 983 aliqualiter
1672 946 1716 976 seu
1729 946 1860 977 dimittat:

1252 983 1296 1013 Ac
1309 993 1360 1013 vos
1374 983 1463 1019 ipsum
1472 983 1632 1020 Johannem
1650 993 1732 1014 terras
1747 984 1802 1014 illas
1816 986 1848 1015 ὃς
1864 993 2024 1016 tenementa
2039 986 2156 1024 pacifice
2177 986 2263 1024 poffi-

1213 1020 1279 1052 dere
1290 1031 1349 1051 non
1364 1022 1538 1059 permittitis,
1556 1030 1586 1052 ut
1598 1021 1705 1060 asserit,
1722 1022 1767 1052 seu
1784 1031 1896 1059 tenere,
1912 1033 2009 1054 contra
2030 1026 2151 1054 formam
2174 1026 2264 1055 dona-

1213 1061 1297 1089 tionis
1312 1060 1346 1090 δε
1359 1058 1544 1089 concessionis
1559 1059 1714 1090 vestrarum
1728 1060 1943 1099 praedi&arum;
1961 1062 2039 1099 super
2053 1063 2170 1101 quibus,
2187 1063 2209 1093 fi
2227 1064 2264 1092 ita

1213 1098 1262 1134 sit,
1282 1107 1341 1127 non
1357 1098 1505 1127 modicum
1518 1097 1694 1128 admiramur.

1252 1134 1351 1166 Velitis
1369 1135 1553 1166 donationem
1571 1136 1604 1167 &
1624 1135 1839 1167 concessionem
1857 1136 2018 1175 praedidiae,
2046 1146 2129 1174 prout
2148 1140 2266 1169 tenemi-v

1215 1175 1262 1212 ni,
1282 1175 1315 1205 δε
1333 1173 1422 1204 nostri
1440 1175 1540 1204 intuitu
1576 1183 1643 1204 ratas
1661 1175 1763 1204 habere
1780 1176 1813 1205 &
1831 1184 1972 1213 acceptas,
1991 1175 2080 1212 ipsum
2095 1176 2266 1214 Johannern,

1216 1211 1263 1241 seu
1281 1211 1343 1241 suos
1356 1236 1366 1249 ,
1388 1211 1467 1249 super
1486 1197 1654 1249 possessione
1670 1222 1804 1242 terrarum
1823 1213 1856 1243 ὃς
1873 1222 2098 1243 tenementorum
2117 1214 2269 1251 praedieto-

1216 1259 1299 1287 rum,
1318 1260 1367 1287 per
1385 1249 1545 1288 ministros,
1574 1251 1618 1281 seu
1637 1250 1755 1280 Ballivos
1774 1250 1880 1281 vestros
1899 1251 2098 1289 quoscunque,
2125 1252 2269 1289 perturba-

1216 1289 1255 1325 ri,
1274 1289 1434 1327 inquietari,
1452 1288 1496 1318 seu
1515 1288 1639 1319 indebite
1657 1290 1822 1326 praegravari
1837 1289 1990 1320 nullatenus
2006 1291 2219 1327 permittentes,
2237 1295 2268 1320 ut

1216 1326 1317 1357 exinde
1335 1326 1418 1357 vobis
1436 1335 1524 1366 grates
1542 1328 1575 1359 &
1595 1328 1690 1367 gratias
1708 1327 1860 1364 rependere
1875 1327 1981 1357 debitas
2000 1335 2153 1358 teneamur.

1219 1458 1230 1480 t
1247 1410 1345 1456 ‘Teste
1358 1411 1464 1450 meipso
1480 1411 1554 1450 apud
1567 1410 1765 1442 Bruiibelssiete
1777 1412 1826 1441 26.
1841 1410 1888 1442 die
1896 1411 1992 1450 Junii,
2004 1422 2080 1443 anno
2096 1412 2193 1450 Regni
2204 1422 2269 1443 nos-

1232 1460 1254 1480 n
1272 1460 1320 1479 22.

1267 1593 1316 1624 De
1332 1592 1462 1623 Servitio
1480 1588 1623 1622 Militari
1632 1587 1723 1633 fitper
1733 1587 1861 1634 paffagio
1881 1590 1967 1634 Regis
1987 1591 2017 1619 in
2037 1585 2082 1622 Va
2097 1593 2225 1622 cuniam.

1224 1684 1337 1742 REX
1351 1683 1457 1714 dilecto
1471 1683 1504 1713 δε
1516 1681 1591 1713 fideli
1603 1682 1668 1720 suo,
1688 1681 1818 1712 Galfrido
1832 1681 1868 1712 de
1882 1681 2031 1720 Genevill,
2048 1682 2171 1713 salutem.
2189 1704 2197 1714 ,
2291 1681 2367 1714 Ann.
2380 1683 2425 1714 DJ

1317 1723 1393 1762 Qia
1413 1722 1448 1752 ad
1469 1722 1590 1752 Terram
1615 1720 1739 1750 nostram
1762 1719 1925 1758 Vasconiae,
1941 1720 1976 1750 de
1999 1720 2054 1758 qua
2068 1721 2133 1751 Rex
2146 1721 2272 1752 Franciae
2314 1732 2398 1762 1294.

1225 1761 1359 1792 malitiose
1381 1769 1433 1791 nos
1451 1759 1625 1789 exhaeredare
1645 1759 1795 1796 proponit,
1813 1759 1967 1795 passagium
1988 1758 2136 1797 nostrum,
2154 1761 2184 1789 in
2204 1761 2276 1798 ejus·
2292 1764 2344 1788 Aa.
2362 1771 2406 1789 22.

1223 1800 1288 1830 dem
1301 1800 1402 1830 Terrae
1416 1798 1594 1835 succursum,
1609 1798 1668 1834 jam
1682 1797 1811 1827 duximus
1823 1796 2015 1834 statuendum,
2295 1804 2325 1827 Ε.
2347 1809 2370 1827 i.

1263 1837 1352 1868 Vobis
1365 1837 1545 1873 mandamus,
1563 1836 1593 1865 in
1607 1834 1662 1865 fide
1676 1836 1710 1866 &
1731 1835 1884 1874 homagio,
1903 1835 2003 1872 quibus
2024 1836 2106 1866 nobis
2124 1837 2275 1875 tenemini,
2294 1841 2347 1866 Rot.
2364 1837 2424 1873 Vns&

1222 1876 1338 1906 firmiter
1359 1876 1549 1914 injungentes,
1567 1873 1644 1912 quod
1668 1873 1721 1903 sitis
1742 1873 1775 1902 ad
1791 1883 1843 1902 nos
1854 1896 1864 1911 ,
1885 1872 1957 1912 apud
1970 1872 2164 1913 portesmuth,
2181 1876 2275 1912 primo
2293 1886 2345 1902 cin.
2363 1885 2409 1902 22.

1222 1915 1267 1945 die
1282 1914 1390 1945 Mensis
1405 1913 1591 1951 Septembris,
1611 1913 1742 1949 proximo
1757 1912 1870 1950 futuro,
1888 1921 1956 1942 cum
1971 1912 2048 1948 equis
2067 1913 2100 1943 &
2124 1915 2222 1951 armis,
2240 1914 2273 1944 &
2296 1918 2322 1940 Ε.
2335 1923 2404 1941 rm,

1224 1961 1286 1983 toto
1306 1953 1434 1989 servitio,
1454 1952 1531 1989 quod
1551 1950 1632 1980 nobis
1650 1949 1775 1988 debetis,
1791 1951 1875 1987 parati
1891 1950 2062 1980 transfretare
2079 1950 2229 1982 nobiscum
2243 1953 2273 1982 in
2292 1961 2321 1986 9.
2341 1950 2367 1979 A„

1223 1991 1382 2021 succursum
1394 1990 1480 2020 dierae
1493 1998 1583 2019 terrae.

1261 2029 1299 2059 Et
1312 2029 1371 2059 hoc
1386 2028 1466 2058 nullo
1481 2027 1572 2058 modo
1585 2027 1727 2057 omittatis.

1262 2112 1352 2144 Teste
1365 2111 1452 2150 Rege
1465 2110 1537 2150 apud
1553 2110 1719 2142 Westmon.
1738 2110 1799 2141 &o
1820 2110 1867 2140 26.
1884 2103 1930 2140 die
1937 2109 2020 2148 Junii.

1264 2197 1435 2227 Consimiles
1450 2196 1538 2227 literas
1551 2196 1656 2228 habent
1668 2204 1769 2227 ornnes
1783 2194 1942 2233 subscripti,
1962 2193 2091 2226 videlicet
2102 2195 2216 2233 quilibet
2230 2203 2281 2228 eo„

1227 2246 1291 2267 rum
1307 2246 1401 2267 unam.

1775 2319 1907 2350 Robertus
1922 2317 1946 2348 le
1959 2320 2049 2355 Brut,
2063 2320 2193 2350 Dominus
2199 2317 2283 2351 Vallia=

1816 2358 1950 2394 Anandi,

1777 2394 1940 2431 Reginala'us
1953 2394 1984 2423 de
1999 2396 2087 2434 (ἔνι-γ,

1776 2433 1918 2472 Johannes
1932 2432 1963 2461 de
1977 2434 2113 2472 Wygeton.

1777 2471 1907 2501 Robertus
1920 2470 1950 2499 de
1960 2470 2110 2509 Stutevill,

1776 2510 1919 2547 Johannes
1933 2508 1964 2537 de
1978 2505 2168 2548 Maundevill,

1776 2547 1919 2585 Johannes
1932 2547 1962 2575 de
1983 2546 2106 2586 Wahull,

1776 2588 1856 2622 Hugo
1872 2585 1903 2614 de
1917 2583 1945 2613 la
1958 2584 2025 2623 Val,

1777 2623 1920 2661 Johannes
1931 2624 1962 2653 de
1976 2622 2081 2653 Verdun
2087 2644 2098 2662 ,

1776 2661 1932 2700 Radulphus
1952 2663 2050 2699 Perot‚

1777 2700 1908 2729 Robertus
1922 2698 1954 2728 de
1967 2699 2053 2729 Scales
2061 2722 2071 2738 ,

1778 2737 1913 2776 Philippus
1927 2737 1958 2766 de
1970 2739 1998 2766 K
1994 2748 2076 2777 yma,

1777 2775 1920 2814 Johannes
1931 2775 1962 2804 de
1978 2775 2129 2815 Tudeham,

1777 2814 1919 2853 Johannes
1929 2812 1961 2842 de
1972 2813 2098 2844 Lenham
2105 2837 2116 2853 ,

1778 2853 1908 2882 Andreas
1921 2851 1952 2881 de
1970 2851 2073 2892 Estleye
2081 2876 2091 2890 ‚

1778 2894 1945 2920 Laurentius
1957 2891 1989 2919 de
2001 2890 2119 2929 Preston.

1776 2928 1919 2967 Johannes
1930 2928 1962 2957 de
1975 2927 2119 2968 Hastinges
2127 2951 2137 2966 ,

1776 2970 1892 3004 Rogerus
1903 2967 1935 2996 de
1950 2970 2046 2996 Monte
2058 2966 2147 3004 Alto,

1778 3004 1920 3044 Milifi‘nta
1932 3006 1964 3034 de
1978 3006 2074 3034 Monte
2088 3004 2175 3043 Alto,

1777 3043 1876 3073 Idonea
1889 3043 1921 3072 de
1932 3045 1975 3072 Le
1992 3043 2076 3082 burn,

1779 3084 1944 3118 Margareta
1976 3092 1989 3110 e
2001 3079 2114 3120 Nevill,

1780 3119 1905 3158 Iffabella
1920 3120 1952 3149 de
1965 3122 2026 3149 Ros.

1231 2325 1273 2352 W
1272 2321 1392 2352 illielmus
1403 2321 1434 2351 de
1449 2324 1473 2350 F
1466 2320 1572 2362 yenle5‚

1230 2364 1342 2396 Rogerus
1356 2363 1531 2397 Extraneus,

1231 2399 1361 2428 Robertus
1370 2398 1443 2438 filius
1458 2400 1579 2434 Pagasai,

1234 2440 1275 2466 W
1274 2436 1394 2466 illielmus
1408 2437 1440 2465 de
1454 2438 1480 2464 E
1483 2436 1590 2473 broii-is,

1231 2475 1360 2504 Osbertus
1379 2473 1505 2512 Grfflzrd,

1233 2512 1344 2542 Alanus
1358 2513 1388 2542 de
1402 2511 1544 2550 Plokenet,

1232 2550 1379 2580 Nicholaus
1394 2551 1504 2587 Corbet,

1233 2588 1370 2619 Walterus
1386 2589 1417 2618 de
1434 2587 1543 2626 Balun,

1232 2627 1368 2657 Wzlterus
1382 2629 1413 2657 de
1428 2625 1548 2666 Panely,

1230 2665 1384 2696 Radul>hus
1404 2664 1513 2703 Baffet,

1231 2679 1387 2743 Radulphus
1401 2705 1432 2733 de
1447 2699 1623 2741 Crumwelle,

1232 2745 1329 2772 Petrus
1345 2743 1376 2771 de
1390 2741 1469 2771 Malo
1486 2743 1564 2770 Lacu
1573 2764 1582 2777 ,

1233 2781 1253 2800 ²*
1272 2779 1421 2810 Richardus
1437 2781 1467 2809 de
1482 2778 1609 2819 Fryvile,

1235 2818 1398 2849 Theobaldus
1411 2818 1434 2848 le
1447 2817 1584 2855 Butiller„

1233 2857 1381 2887 Richardus
1396 2857 1427 2886 de
1441 2853 1639 2893 Amundevill,

1234 2895 1371 2925 Gilhertus
1384 2895 1415 2924 de
1427 2892 1619 2932 Umframvill,

1233 2934 1375 3001 Jolhannes
1390 2937 1501 2973 Comyn,
1520 2935 1607 2961 comes
1621 2930 1653 2961 de
1668 2933 1739 2968 Bog-

1277 2984 1325 3001 mn

1232 2995 1377 3049 Joham'tes
1388 3011 1518 3048 Engayne
1525 3032 1534 3047 ‚

1235 3048 1371 3079 Wzlterus
1385 3048 1416 3077 de
1430 3045 1646 3085 Huntercumbe‚
1674 3059 1675 3062 ¹

1234 3087 1366 3116 Henricur
1381 3087 1412 3115 de
1429 3088 1527 3124 Percy,

1235 3124 1379 3163 Johannes
1392 3125 1423 3154 de
1440 3121 1582 3162 Lancastr.

1235 3163 1384 3193 Richardus
1396 3163 1427 3192 de
1442 3165 1512 3202 Grey
1520 3184 1530 3200 ‚

2306 2777 2322 2795 ἱ*
2332 2774 2436 2811 116424

1236 3287 1252 3318 s
1281 3247 1451 3293 Consimiles
1472 3247 1571 3277 litteras
1594 3241 1630 3275 de
1650 3243 1741 3276 verbo
1762 3243 1797 3275 ad
1825 3244 1948 3276 verbum
1971 3244 2075 3275 habent
2099 3251 2199 3274 omnes
2224 3241 2288 3273 sub-

1247 3297 1338 3325 cripti.

1273 3371 1364 3404 Teste
1379 3372 1465 3410 Rege
1478 3369 1550 3409 apud
1564 3368 1742 3400 Portesmuth
1758 3369 1803 3399 16.
1821 3367 1866 3399 die
1873 3369 1950 3407 Julii.

1235 3457 1394 3496 Ranulphus
1406 3458 1437 3488 de
1456 3455 1568 3495 Novia,

1236 3496 1374 3526 Gilbertus
1387 3497 1418 3526 de
1431 3498 1540 3533 Gaium,

1239 3535 1374 3566 Walterus
1385 3535 1416 3564 de
1432 3532 1637 3571 Faucumberge‚

1239 3573 1389 3604 Herbertus
1403 3573 1434 3602 de
1448 3570 1710 3638 Sanlloffieintino,

1241 3614 1276 3642 Ν
1275 3610 1389 3641 icholaus
1401 3611 1432 3640 de
1444 3611 1546 3646 Meigni
1562 3633 1572 3647 ‚
1818 3606 1895 3645 thorp
1903 3631 1912 3644 ,
2156 3638 2159 3641 ,

1245 3650 1385 3687 ‘Johanner
1397 3650 1429 3678 de
1440 3652 1616 3687 Steyngreve,
1782 3645 1912 3674 Robertus
1926 3644 1957 3673 de
1971 3645 2022 3673 Ros
2038 3643 2070 3672 de
2088 3642 2186 3682 Werk,

1242 3684 1385 3727 'Gaffridus
1396 3687 1427 3716 de
1441 3684 1592 3723 Caumvill,
1785 3682 1828 3713 W
1828 3681 1950 3712 illielmur
1963 3682 1995 3711 de
2009 3679 2137 3719 Colevill,

1247 3725 1404 3793 Willielmbus
1428 3724 1459 3790 eze
1489 3726 1599 3754 Mortuo
1618 3723 1696 3752 Mari
1716 3720 1748 3751 de
1786 3720 1928 3760 Johannes
1942 3722 1974 3750 de
1988 3718 2068 3749 Bella
2083 3721 2178 3760 Aqua.

1282 3764 1366 3795 Attle
1384 3773 1430 3800 urg
1452 3786 1458 3791 .

1781 3457 1913 3484 Henricus
1926 3452 2030 3492 Hufte,

1782 3495 1912 3522 Henricus
1927 3493 1958 3522 de
1971 3494 2079 3521 Urciaco
2087 3512 2097 3528 ,

1781 3531 1939 3560 Edmundur
1952 3531 1984 3559 de
1998 3532 2024 3558 E
2021 3531 2133 3569 yncourt
2142 3551 2152 3566 ,

1782 3567 1950 3598 willielmus
1976 3567 2007 3596 de
2027 3570 2079 3596 Ros
2106 3566 2137 3595 de
2162 3564 2291 3606 Ingmau-
