2570 4261
758 228 791 272 13
826 231 866 272 ἿΓ
952 233 987 272 Αἱ
1027 234 1063 274 (3
1101 232 1140 271 '1'
1183 230 1220 268 A&

25 315 100 348 Ann.
115 315 157 346 D.
233 346 238 351 .
257 320 293 350 Et
308 319 472 350 dimittimus
486 317 518 347 &
532 318 668 356 quiramus
680 325 733 355 pro
747 317 844 355 nobis,
860 318 893 348 ὃς
908 317 1092 357 Haeredibus,
1110 319 1143 348 ὃς
1157 317 1227 347 Sue—

46 361 132 392 1254.
171 367 204 388 ce
228 361 322 389 oribus
336 358 452 395 nostris,
473 355 605 385 Domino
619 355 750 385 Henrico
764 355 860 385 illustri
876 357 953 394 Regi
968 358 1097 394 Angliae,
1111 355 1223 386 &Hae-

24 397 87 422 ΗΜ·
105 398 129 430 3·
172 398 282 428 redibus
293 419 302 433 ,
321 397 353 426 δε
375 393 583 425 Succcfforibus
604 394 668 431 suiS,
688 394 758 423 ficut
774 394 872 423 melius
887 396 919 425 δε
934 395 1020 425 sanius
1037 395 1154 431 intelligi
1171 403 1222 431 po-

166 436 219 466 test·
253 433 387 473 quicquid
399 433 482 471 juris,
497 431 540 461 vel
553 432 626 469 quasi
639 431 787 468 habemus,
805 433 850 461 vel
863 431 964 464 habere
976 433 1111 463 debemus
1125 435 1153 462 in
1164 440 1222 462 tota

170 474 214 504 Va
226 473 323 510 conia,
341 472 386 502 vel
409 473 436 500 in
451 478 541 507 parte,
560 471 589 499 in
609 471 699 508 terris,
718 470 942 510 possessionibus,
959 472 1138 515 hominibus,
1153 471 1223 509 juri-

171 513 223 542 bus
236 535 246 550 ,
262 511 307 541 vel
329 511 403 549 quast
424 508 567 538 Dominiis
582 531 591 545 ,
615 508 658 537 vel
674 509 746 547 quasi
760 508 934 547 afflonibus,
952 511 985 541 &
1000 510 1080 540 rebus
1091 510 1162 547 aliis,
1182 519 1222 538 ra-

171 551 249 580 tione
263 549 422 578 donationis
437 570 446 585 ,
464 555 548 586 quam
563 546 629 575 fecit
642 569 651 583 ,
670 546 715 576 vel
738 546 832 576 feciiie
843 547 942 578 dicitur
958 549 1103 578 Dominus
1118 548 1223 578 Henri-

170 597 220 617 cus
234 586 375 626 quondam
391 586 455 616 Rex
472 585 581 623 Angliae
596 607 606 622 ,
623 585 657 615 ὃς
675 585 804 614 Alianora
819 584 907 615 Uxor
922 587 965 616 sua
988 586 1131 617 Alienorae
1146 586 1222 616 Filiae

169 625 243 664 suae,
259 627 293 657 &
308 625 393 655 bonae
409 625 553 653 memoria:
568 622 702 652 Domino
715 622 835 654 Alfonso
849 623 928 661 Regi
940 624 1078 654 Castellae.

205 673 232 702 4.
252 664 290 694 Et
306 663 439 702 quicquid
455 663 530 700 uris,
548 661 592 691 vel
605 661 695 699 quasi,
712 661 819 691 ibidem
835 662 986 701 habemus,
998 664 1041 693 vel
1059 663 1160 693 habere
1174 663 1224 692 de-

168 703 266 732 bemus
281 712 330 740 per
344 702 434 732 succel
448 709 543 730 ionem
556 698 776 737 supradictorum
790 722 799 737 ,
818 701 862 730 vel
878 711 926 738 per
938 702 1117 731 collationem
1132 702 1223 738 Regis

170 740 304 779 Ricardi,
318 740 362 770 seu
384 739 473 775 Regis
490 737 641 775 Johannis,
657 738 702 767 vel
720 747 769 777 per
786 738 967 769 collationem
987 740 1082 777 nobis,
1098 740 1142 769 vel
1163 740 1224 777 alii,

171 780 249 816 cujus
266 779 309 815 jus
327 778 360 807 ad
383 787 434 807 nos
448 777 600 813 pertineat,
618 776 720 806 factam
732 778 748 806 a
761 776 870 816 Regina
884 778 1064 816 Berengaria,
1084 778 1106 808 F
1108 778 1154 808 ilia
1173 777 1224 807 Al-

170 817 242 846 fonsi
256 817 346 853 Regis
364 817 396 846 &
419 815 539 853 Reginae
553 813 712 851 Alimorae,
724 816 757 846 &
773 825 872 845 omnes
887 825 989 855 cartas,
1007 827 1072 856 quas
1088 816 1223 845 habemus

169 855 249 891 super
265 856 339 893 hoc,
357 865 371 884 a
386 853 542 893 praedid'tis,
560 852 604 882 vel
624 854 718 891 aliquo
738 864 856 892 eorum,
873 855 1063 894 promittimus
1082 855 1156 884 bona
1170 853 1224 882 fide

167 892 250 923 dieto
264 893 335 932 Regi
355 892 465 931 Angliae
479 891 636 928 restituere,
651 892 696 921 vel
713 892 821 931 delere,
839 895 871 923 &
887 894 1018 923 volumus
1036 893 1130 930 quod,
1148 892 1168 921 si
1180 892 1224 921 in-

167 939 261 961 ventae
275 932 405 968 fuerunt,
423 940 456 960 ex
476 929 526 959 hac
543 930 612 960 hora
626 932 655 960 in
670 938 747 960 antea
762 931 813 961 fint
833 940 929 961 vacuce
946 932 979 962 ὃς
992 931 1083 961 caffae.

205 977 230 1008 5.
250 969 286 999 Et
300 970 356 999 hoc
372 970 490 999 facimus
509 976 623 1007 propter
638 969 736 999 multas
758 970 845 1000 bonas
859 971 993 1006 rationes,
1012 970 1045 1000 ὃς
1059 967 1146 998 multa
1158 967 1225 1005 alia,

167 1017 233 1046 quae
254 1007 362 1037 illustris
383 1007 447 1037 Rex
466 1006 572 1046 Angliae
592 1008 740 1046 praedictus
755 1030 764 1045 ‚
789 1007 1008 1047 consanguineus
1027 1006 1121 1037 noster
1140 1006 1224 1035 nobis

167 1045 304 1076 concessit
320 1055 367 1085 per
383 1046 425 1081 se,
443 1046 476 1076 &
510 1054 678 1076 rocuratores
690 1046 751 1076 suos
765 1070 774 1084 ,
792 1048 825 1077 ὃς
840 1046 1005 1084 sollempnes
1016 1046 1151 1081 nuncios,
1170 1044 1225 1074 Pe-

168 1091 262 1121 trum,
280 1083 337 1114 Dei
356 1083 456 1123 gratia,
505 1083 707 1114 erefordensem
720 1083 912 1123 Episcopum,
925 1083 1127 1121 &Johannem
1138 1081 1225 1112 Man-

167 1122 212 1152 sell
228 1122 450 1153 Beverlacensem
463 1122 647 1162 Praepositum
655 1144 665 1160 ,
678 1132 760 1162 prout
773 1124 932 1154 continetur
946 1124 976 1152 in
989 1122 1091 1162 scriptis
1105 1131 1224 1159 eorum,

167 1160 261 1197 sigillis
276 1161 440 1191 eorumdem
453 1161 577 1200 sigillatis

205 1200 233 1228 6.
252 1199 319 1230 Nos
332 1208 440 1237 autem,
459 1200 537 1229 taetis
555 1198 727 1230 sacroffinetis
747 1198 919 1238 Evangeliis,
936 1208 988 1238 pro
1001 1198 1100 1234 nobis,
1118 1197 1150 1228 &
1165 1196 1224 1227 hae-

169 1238 297 1275 redibus,
314 1238 347 1268 &
361 1238 560 1268 successoribus
580 1237 698 1274 nostris,
716 1236 876 1274 praestamus
893 1237 1072 1277 corporaliter
1083 1236 1226 1274 juramen-

170 1284 231 1306 tum
246 1275 385 1314 universa,
405 1277 438 1306 &
454 1276 570 1315 singula,
588 1276 707 1314 superius
721 1274 868 1312 adnotata,
887 1275 976 1313 bene,
994 1275 1027 1305 δε
1047 1275 1171 1313 integre,
1191 1275 1225 1304 ὃς

172 1314 287 1345 fideliter
307 1316 512 1353 imperpetuum
534 1314 703 1350 observare,
728 1312 804 1352 quod
818 1335 828 1350 ,
848 1313 866 1342 fi
889 1313 963 1343 forte
981 1313 1076 1350 aliquo
1098 1321 1227 1352 tempore

169 1354 440 1390 contravenerimus,
454 1351 530 1390 quod
543 1361 602 1381 non
616 1350 656 1380 est
670 1352 832 1381 intentionis
845 1350 966 1390 nostrae,
985 1361 1039 1382 nec
1055 1352 1106 1381 erit
1115 1374 1125 1389 ,
1140 1351 1225 1381 male-

168 1390 324 1421 dictionem
338 1391 395 1420 Dei
412 1391 445 1421 &
459 1399 573 1426 poenam
586 1389 696 1428 perjurii
710 1390 890 1419 incurramus,

204 1429 238 1459 In
256 1430 331 1468 cujus
344 1430 382 1460 rei
397 1427 589 1458 testimonium
608 1427 772 1464 praesentem
791 1436 913 1466 cartam,
930 1428 1018 1466 sigillo
1032 1427 1130 1458 nostro
1142 1437 1226 1458 aureo

169 1468 381 1506 praemunitam,
397 1466 527 1504 saepefato
544 1466 617 1505 Regi
632 1465 743 1505 Angliae
757 1489 767 1504 ,
787 1467 820 1497 &
834 1465 1011 1504 Heredibus,
1028 1467 1061 1497 ὃς
1076 1466 1226 1497 Succeffo-

169 1505 244 1535 ribus
256 1505 307 1535 suis
320 1505 447 1536 duximus
462 1504 683 1535 concedendam.

168 1581 380 1661 AEljgidggzpud
398 1581 536 1613 Toletum
551 1581 633 1622 Rege
652 1581 825 1620 expressante
837 1605 847 1621 ,
864 1581 978 1613 decimo
1001 1580 1120 1612 Kalend.
1137 1581 1226 1620 Maii,

669 1697 790 1728 Didacus
804 1696 1068 1738 Johannesfiripfit.

165 1835 272 1866 Litera
297 1836 384 1879 Regis
412 1830 535 1875 Castellae
559 1830 672 1864 direffia
700 1834 735 1865 V
732 1835 877 1864 icecomiti
904 1833 1010 1865 Βίαν-η.
1033 1831 1196 1866 Raronibus
1213 1861 1222 1877 ‚

212 1879 390 1923 Militibus,
422 1892 458 1914 ac
476 1878 628 1914 Prioribus
648 1883 684 1914 V
680 1881 797 1925 aftoniae
809 1907 819 1922 ‚
848 1879 883 1913 de
906 1880 1078 1913 intendendo
1092 1884 1224 1915 Hem-ico

210 1933 286 1977 Regi
306 1930 421 1977 Angliae
443 1932 479 1966 &¹
500 1927 656 1961 Edwardo
676 1928 743 1972 filio
758 1928 834 1974 suo,
858 1939 1004 1975 tanquam
1026 1942 1096 1962 vero
1116 1933 1224 1963 Domi-

215 1992 250 2010 no
260 1979 335 2023 fho,
356 1976 417 2024 pist
441 1979 574 2023 quietam
594 1977 804 2010 clamationem
814 1977 897 2022 juris
917 1975 990 2010 disti
1011 1980 1098 2024 Regis
1116 1978 1224 2022 Castel-

213 2028 262 2069 le,
287 2030 318 2058 in
336 2037 419 2059 terra
435 2025 586 2070 Wfiom'ae.

226 2111 348 2142 Lsonsus
359 2136 368 2149 ,
387 2111 445 2142 Dei
462 2112 545 2150 gratia
560 2134 570 2149 ,
590 2110 655 2142 Rex
668 2111 795 2142 Castellae
808 2134 817 2149 ,
835 2110 948 2150 Toleti,
965 2111 1024 2142 &c
1042 2111 1147 2142 Nobili
1161 2113 1223 2144 viro

34 2167 119 2196 1254,
240 2150 280 2180 G.
298 2150 470 2181 Vicecomiti
492 2150 590 2180 Bearn.
612 2149 782 2188 Baronibus,
804 2150 958 2186 Militibus,
978 2150 1068 2180 Priori
1089 2150 1125 2180 de
1139 2151 1225 2183 Man-

13 2200 68 2225 Λῃ,
86 2197 131 2233 38,
164 2188 211 2226 s0,
228 2188 334 2227 Maiori
353 2190 386 2219 ὃς
410 2188 620 2218 Communitati
632 2188 668 2218 de
682 2188 786 2226 Reula,
803 2189 836 2219 ὃς
850 2189 984 2219 omnibus
1003 2189 1060 2218 aliis
1071 2188 1106 2218 de
1120 2189 1225 2221 Vasco-

10 2240 45 2262 H.
63 2244 87 2270 3,
166 2228 228 2266 nia,
246 2226 279 2257 ad
296 2237 366 2266 quos
380 2226 467 2257 literae
478 2224 537 2257 istae
554 2226 749 2265 pervenerint,
766 2226 879 2257 salutem
896 2226 929 2257 ὃς
945 2226 1138 2257 ἀίΙειΞὶίοηεῐῃ.

11 2272 84 2308 Infra
204 2266 353 2296 Noveritis
370 2267 441 2296 inter
455 2275 507 2295 nos
521 2266 554 2296 ὃς
571 2264 734 2295 Dominum
748 2264 909 2295 Heni-icum
925 2265 1037 2304 Regem
1053 2265 1167 2303 Angliae
1181 2267 1223 2298 su-

9 2313 117 2337 {limem
165 2314 214 2344 per
230 2305 308 2335 fadio
325 2304 469 2335 Vasconiae
489 2304 508 2322 *⁵
527 2303 701 2333 amicabilem
717 2304 954 2341 compositionem
970 2305 1085 2342 initam,
1105 2306 1133 2334 in
1149 2316 1221 2345 qua,

11 2349 118 2376 London.
162 2353 297 2383 quantum
313 2343 461 2373 debuimus
479 2342 512 2372 δε
529 2342 670 2379 potuimus
683 2365 693 2380 ,
711 2341 811 2373 vestrae
831 2343 1025 2383 indempnitati
1048 2344 1222 2380 providimus

13 2388 32 2420 J
44 2388 69 2414 1.
78 2396 144 2423 510.
158 2382 259 2419 pariter
274 2381 307 2412 &
321 2382 436 2412 honori:

196 2421 344 2459 roirca
363 2429 492 2459 rogamus
505 2443 515 2455 ,
538 2418 704 2449 mandamus
724 2419 806 2449 vobis
824 2441 834 2456 ‚
852 2419 886 2450 &
899 2419 1077 2457 praecipimus
1108 2429 1220 2453 uatenus

158 2458 251 2488 eidem
268 2458 347 2495 Regi
360 2459 393 2489 &
409 2456 553 2488 Edwardo
567 2456 627 2486 filio
639 2457 705 2495 suo,
721 2457 779 2486 sine
791 2457 923 2487 dilatione
944 2459 977 2488 &
992 2466 1090 2488 contra
1112 2459 1219 2490 idtione

156 2496 262 2565 alffqp,
281 2505 414 2535 tanquam
436 2495 573 2526 Dominis
591 2494 687 2526 vestris
708 2495 793 2534 ligiis,
811 2495 918 2525 amodo
930 2496 1103 2527 intendentes
1117 2498 1170 2528 sitis
1184 2500 1218 2529 &

161 2545 182 2564 o
204 2545 220 2564 e
241 2542 335 2564 rentes.

195 2572 368 2603 Mandamus
388 2570 496 2609 insuper
513 2571 595 2602 vobis
616 2572 650 2602 &
669 2571 848 2610 praecipimus
866 2571 966 2610 quod,
985 2572 1003 2602 fi
1023 2574 1071 2612 qui
1094 2574 1215 2605 vestrum

156 2610 257 2642 Castra
269 2634 279 2649 ,
297 2610 341 2642 seu
360 2610 445 2640 Villas
457 2632 467 2647 ‚
484 2620 517 2640 ac
539 2618 622 2640 terras
634 2632 644 2648 ,
661 2610 706 2639 vel
726 2619 767 2640 res
785 2610 861 2648 alias,
881 2620 945 2648 quae
959 2610 1064 2641 debent
1080 2613 1135 2642 esie
1150 2613 1217 2644 dieti

159 2649 248 2689 Regis
267 2649 382 2687 Angliae
395 2671 404 2686 ,
423 2648 470 2679 vel
490 2647 622 2679 Edwardi
643 2647 693 2678 filii
705 2648 744 2678 sui
756 2671 766 2686 ,
785 2649 831 2679 vel
844 2648 878 2679 ad
892 2659 940 2678 eos
957 2650 1128 2688 pertineant,
1147 2651 1218 2682 deti-

159 2689 232 2718 netis
247 2711 256 2726 ,
274 2688 330 2718 fine
348 2686 519 2717 difficultatis
536 2685 702 2725 obstaculo,
720 2695 800 2717 mora
813 2686 966 2726 postposita
980 2711 989 2725 ,
1006 2688 1149 2719 restituatis
1166 2691 1217 2721 eis-

158 2726 225 2771 dem
223 2751 246 2795 s}
249 2766 253 2771 Ι
261 2736 320 2756 non
335 2724 464 2756 obstante
484 2725 503 2755 si
521 2734 537 2755 a
552 2725 633 2755 nobis
646 2724 794 2764 aliquando
806 2726 970 2756 mandatum
983 2728 1157 2759 contrarium
1176 2739 1219 2759 re-

158 2775 192 2795 ce
200 2775 220 2794 n
248 2775 275 2794 ts.

193 2775 228 2834 in
243 2803 300 2833 aliis
311 2813 397 2840 vero,
416 2811 480 2842 quae
495 2800 581 2832 dubia
592 2800 709 2840 fuerint,
726 2801 881 2833 secundum
895 2802 1018 2833 formam
1031 2806 1217 2843 compositio-

155 2843 212 2880 nis,
231 2851 295 2880 quae
312 2842 340 2871 in
356 2841 455 2878 majori
467 2841 558 2878 litera,
577 2839 665 2878 sigillis
678 2839 897 2872 Procuratorum
910 2841 1032 2881 ejusdem
1046 2842 1134 2883 Regis
1145 2855 1217 2875 con-

152 2880 270 2919 jun&a,
289 2881 467 2918 continetur,
483 2878 590 2916 plenius
603 2878 779 2916 procedatur.

12 2119 90 2150 Ann.
105 2117 147 2149 D.

198 2956 266 2986 Dat.
282 2956 354 2996 apud
368 2955 522 2993 Toletum,
537 2937 650 2986 decimo
670 2955 790 2987 Kalend.
805 2955 897 2996 Maii,
914 2956 988 2988 AEra
1009 2958 1153 2991 millesima
1167 2959 1219 2991 du-

158 2995 310 3026 centesima
323 2994 502 3034 nonagesima
514 2993 639 3025 secunda.

575 3069 718 3108 Johannes
731 3074 808 3102 Petri
821 3075 966 3110 Legionen.
972 3073 1086 3115 siripfit.

159 3206 256 3238 Carta
286 3208 373 3251 Regix
401 3203 524 3248 castella
544 3214 599 3250 pro
629 3205 706 3251 Rege
734 3206 849 3253 Angliae
867 3233 876 3249 ,
897 3217 952 3253 per
977 3219 1072 3254 quam
1088 3210 1219 3243 concedit

202 3251 302 3300 quod,
319 3254 387 3296 five
410 3257 517 3287 Pacem
533 3281 542 3296 ‚
569 3252 635 3294 five
660 3254 810 3300 Treugam
833 3253 940 3288 habeat
966 3268 1034 3289 cnm
1053 3260 1129 3305 Rege
1146 3261 1216 3291 Na-

204 3314 320 3343 varra,
345 3304 418 3348 Regi
438 3303 556 3349 Angliae
575 3310 748 3334 remaneant
767 3302 871 3347 Castra
889 3307 926 3342 ώ-
948 3305 1010 3337 loca
1022 3331 1032 3347 ,
1058 3319 1118 3353 quae
1126 3308 1217 3354 ficper

202 3363 269 3384 eum
277 3350 406 3395 fuerant
424 3361 574 3396 occupatu.

8 3445 86 3477 Am,-
97 3445 137 3477 D·
157 3434 362 3495 NOverint
376 3434 494 3479 universi
507 3435 670 3480 praesentem
686 3435 816 3472 paginam
829 3436 995 3482 inspec‘lturi,
1013 3439 1091 3478 quod
1105 3449 1157 3470 nos
1166 3440 1216 3471 Al-

29 3493 80 3523 125
83 3494 112 3523 4·
252 3474 360 3517 fonsus,
379 3473 437 3503 Det
450 3481 551 3542 grati&
568 3474 634 3518 Rex
646 3472 789 3518 Castellae,
804 3474 916 3519 TOlef¹²
934 3477 993 3520 δίς.
1010 3478 1140 3522 volumus
1151 3480 1213 3523 ².&

8 3527 60 3551 a...
80 3525 124 3562 ³³·
157 3511 1213 3585 3²33?ssEmssiibssssissmnusssississr'mffr‘iiiffiassss’i¹ii{{kia³2egscAEg¹¹²³‘-

157 3590 346 3630 Andegaviae,
364 3590 398 3621 &
413 3573 568 3619 haer'edibus
583 3589 617 3620 &
631 3587 831 3632 succefforibus
843 3562 1007 3630 suisqquod,
1025 3577 1081 3622 sive
1096 3565 1215 3633 paggiit:

157 3629 203 3659 seu
217 3638 344 3665 treugam
358 3637 426 3658 cum
443 3627 528 3661 Rege
542 3627 650 3671 Navar.
663 3625 826 3664 fecerimus,
843 3628 922 3667 quod
933 3638 1094 3661 remaneant
1108 3632 1213 3670 sibi,&

154 3667 354 3698 successoribus
373 3667 424 3697 suis
444 3665 542 3696 Castra
555 3689 564 3704 ,
582 3665 665 3695 Villae
678 3687 688 3702 ‚
704 3665 747 3708 &⁵
757 3672 836 3695 terrae
847 3688 857 3703 ,
873 3676 939 3705 quas
958 3667 1054 3708 Reges
1073 3669 1214 3702 Navarrae

155 3715 205 3743 per
226 3706 388 3737 violentiam
409 3712 635 3745 occupaverunt,
652 3702 685 3734 &
698 3702 796 3733 fibi&
811 3703 863 3734 suis
882 3707 1106 3745 progenitoribus
1119 3709 1214 3741 abstu-

153 3744 294 3826 lerExtlg'ut
313 3782 372 3813 hoc
392 3783 421 3812 in
440 3782 560 3812 dubium
579 3781 673 3825 venire
694 3788 753 3810 non
768 3778 874 3823 possit,
895 3782 1057 3819 praesentem
1071 3784 1188 3817 Cartarn
1203 3811 1213 3826 ,

154 3820 241 3888 gigtrgo
254 3819 353 3851 nostro
367 3821 591 3858 communitam,
609 3819 702 3849 eidem
716 3817 792 3857 Regi
806 3817 891 3858 Angl.
901 3819 1031 3853 duximus
1050 3825 1212 3856 conceden-

7 3565 43 3590 H.
68 3571 80 3598 3
88 3582 94 3588 .

6 3598 108 3628 Ibidem.

189 3933 273 3964 Faeca
285 3935 358 3973 apud
371 3935 509 3967 Toletum
521 3935 603 3974 Rege
617 3944 680 3972 exp.
693 3933 809 3965 decimo
824 3932 889 3966 Kal.
905 3933 996 3976 Maii,
1013 3936 1085 3970 AEra
1098 3939 1208 3972 millefi.

153 3979 201 4002 ma
214 3971 401 4005 ducentefima
413 3975 591 4015 nonagesima
604 3972 730 4004 secunda.

1305 233 1336 272 1?
1374 231 1416 271 ἶ]
1454 231 1486 272 13
1523 232 1554 272 Ii
1591 234 1609 274 Ι
1646 233 1683 275 <3
1720 234 1766 275 li.
2249 238 2321 280 1.81

2342 323 2417 353 Ann.
2432 320 2471 354 D.

2360 368 2444 400 1254,

1270 406 1483 450 Litera'lt'egis
1513 404 1637 446 castella
1655 431 1664 445 ,
1689 416 1742 449 per
1769 418 1861 451 quam
1886 407 2014 440 concedit
2031 411 2104 455 Regi
2121 409 2236 457 Aqglfae
2261 424 2323 444 me-
2341 405 2400 428 Hm.
2419 412 2439 437 3.

1314 452 1454 484 dictarem
1482 450 1623 485 bonerum
1650 452 1850 487 immobilium
1867 482 1875 497 ‚
1900 455 2078 502 inpartibus
2095 458 2256 501 Africanis
2279 461 2325 492 lu-

1316 500 1506 534 cr-zndorum.

1351 586 1473 617 Overint
1489 586 1606 616 universi
1620 587 1782 625 praesentem
1796 586 1924 627 paginam
1938 590 2100 629 inspesturi,
2118 594 2194 631 quod
2209 603 2260 623 nos
2276 593 2324 623 Al·
2342 587 2416 616 Am·
2433 587 2474 618 D«

1362 626 1471 662 fonstis,
1489 624 1547 654 Dei
1561 628 1662 664 gratia,
1678 625 1742 655 Rex
1757 625 1904 664 Cast-ellae,
1928 642 1937 656 i
1951 629 2018 658 oleti
2033 652 2041 666 ,
2060 630 2119 659 δίς.
2143 631 2325 662 concedimus
2361 635 2444 662 1254.

1268 673 1315 702 ut,
1334 675 1401 694 cum
1416 663 1567 693 carislimus
1577 664 1794 703 consanguineus
1809 665 1919 701 noster,
1939 665 2082 697 Dominus
2094 668 2251 707 Henricus,
2264 671 2321 701 Dei
2340 668 2390 690 ‘'³²³-
2414 666 2456 700 33-

1268 705 1373 740 gratia,
1391 703 1501 732 illustris
1516 702 1579 731 Rex
1594 703 1717 741 Angli-ae,
1738 702 1883 733 Dominus
1897 703 2046 735 Hibernie
2059 728 2068 742 ,
2089 705 2156 736 Dux
2174 707 2322 738 Norman-
2339 707 2370 728 H.
2393 712 2416 738 3-

1269 742 1323 770 niae
1346 743 1378 771 &
1401 741 1560 779 Aquitaniae
1576 764 1585 778 ,
1602 740 1711 770 Comes
1726 740 1912 780 Andegaviae,
1934 753 2001 772 cum
2015 745 2136 773 exfrcitu
2152 748 2324 776 crucelicna-
2341 740 2443 767 ibium».

1269 787 1364 808 torum
1380 778 1491 809 suorum
1506 801 1515 815 ,
1533 778 1565 808 ad
1587 787 1675 817 partes
1691 779 1832 809 Africanas
1846 803 1855 817 ,
1874 781 1902 809 in
1918 780 2047 811 societate
2061 782 2152 812 nostra
2165 773 2324 823 acceiiss'rit,

1269 818 1346 856 quod
1361 817 1492 856 quicquid
1513 817 1540 845 in
1562 817 1623 854 ipsis
1639 818 1761 856 partibus
1775 841 1784 854 ,
1803 828 1854 848 nos
1867 841 1877 855 ,
1901 818 1934 848 &
1957 819 2011 859 ipse
2021 844 2029 857 ,
2044 820 2089 850 seu
2104 820 2210 859 nostri,
2227 824 2324 853 lucrati

1268 856 1400 885 fuerimus
1413 855 1448 885 de
1462 856 1672 892 immobilibus,
1691 856 1837 892 videlicet,
1855 857 1890 886 de
1904 856 2088 896 Civitatibus,
2109 858 2200 897 Villis,
2210 860 2327 899 Castris,

1269 891 1486 923 Possessionibus
1501 916 1510 931 ,
1526 893 1622 923 Terris
1641 894 1674 924 δε
1692 894 1894 925 haereditatibus
1912 896 1984 934 aliis,
2002 898 2073 927 inter
2094 907 2162 935 noa,
2180 900 2213 929 &
2228 900 2328 936 praedi-

1269 932 1350 962 &um
1364 931 1476 969 Regem
1491 933 1538 961 An
1558 932 1575 960 l.
1592 932 1731 969 aequaliter
1745 932 1890 963 dividatur.

1307 969 1339 999 In
1360 971 1438 1007 cujus
1454 971 1492 998 rei
1506 978 1533 999 te
1562 971 1701 999 imonium
1715 970 1878 1009 praesentem
1900 971 2015 1002 Cartam
2030 973 2116 1009 sigillo
2131 973 2228 1003 nostro
2245 984 2326 1004 com-

1269 1009 1407 1038 munitam
1422 1008 1513 1037 eidem
1528 1007 1600 1046 Regi
1615 1007 1700 1044 Angl.
1717 1008 1845 1038 duximus
1855 1005 2075 1041 concedendam.

1306 1083 1390 1114 Facta
1407 1082 1478 1122 apud
1496 1082 1632 1125 Toletum
1654 1082 1768 1113 decimo
1793 1083 1910 1114 Kalend.
1926 1085 2014 1124 Maii,
2034 1086 2104 1116 AEra
2118 1087 2260 1119 millesima
2275 1089 2327 1119 dua

1269 1123 1419 1153 centesima
1433 1123 1608 1160 nonagehma
1620 1120 1748 1152 secunda.

1406 1245 1434 1272 ’js
1458 1245 1545 1278 Bulla
1559 1256 1613 1292 pro
1630 1248 1734 1278 Priore
1749 1246 1859 1278 Santsffae
1875 1248 2035 1279 Trinitatis
2053 1247 2183 1281 Loazdon„
2345 1265 2360 1282 ο
2373 1268 2395 1293 Ι·
2411 1272 2476 1302 5112

1322 1371 1425 1401 Abbati
1439 1370 1475 1400 de
1486 1369 1632 1399 Waltham
1648 1370 1681 1400 δε
1695 1369 1783 1399 Priori
1804 1370 1839 1399 de
1853 1370 2004 1399 Crucerois
2018 1393 2028 1408 ,
2050 1370 2226 1401 Londonien.
2243 1371 2329 1403 Dioc.
2345 1339 2476 1417 A1n2n5'4D

1271 1410 1304 1440 &
1321 1409 1457 1448 Magistro
1475 1408 1598 1446 Johanni
1619 1408 1655 1437 de
1674 1407 1806 1437 Cadomo
1829 1407 1980 1437 Canonico
1993 1407 2124 1439 Eccleliae
2141 1409 2238 1440 saneti
2255 1410 2329 1442 Pauli
2346 1422 2396 1445 Aa.
2421 1421 2462 1445 28.

1272 1448 1455 1478 Londonien.
1469 1447 1580 1476 salutem
1596 1447 1627 1476 ὅς
1643 1446 1836 1484 Apostolicam
1852 1446 2088 1477 benedicfltionem.
2351 1461 2381 1483 H.
2402 1439 2429 1486 ,ἶ

1312 1486 1445 1516 Precibus
1458 1486 1553 1515 dilecti
1568 1484 1614 1513 filii
1720 1484 1821 1514 Prioris
1837 1484 1970 1515 Ecclefiae
1983 1485 2084 1516 nnetae
2098 1485 2245 1522 Trinitatis
2254 1486 2334 1518 Lon·
2351 1499 2389 1521 Ex
2402 1480 2461 1522 sau..

1273 1525 1387 1555 donien.
1402 1524 1516 1554 Ordinis
1532 1523 1625 1554 Sanffi
1643 1522 1974 1562 Augustini,benignum
1987 1525 2173 1562 impertientes
2181 1526 2331 1565 assensum,
2349 1541 2413 1559 tour.

1272 1563 1429 1595 discretioni
1450 1562 1547 1592 vestrae
1568 1571 1616 1599 per
1637 1561 1800 1599 Apostolica
1821 1562 1918 1601 scripta
1945 1562 2109 1593 mandamus
2128 1565 2255 1602 quatinus
2283 1575 2332 1603 ea,
2372 1558 2386 1569 ⁶

1272 1613 1336 1642 quse
1351 1602 1414 1642 post
1429 1601 1508 1639 ipsius
1521 1602 1571 1630 iter
1592 1608 1732 1639 arreptum
1747 1600 1780 1630 ad
1795 1600 1886 1630 sedem
1902 1599 2096 1640 Apostolicam
2111 1603 2270 1640 veniendo,
2288 1605 2331 1633 in-

1273 1642 1401 1672 veneritis
1415 1648 1521 1670 temere
1536 1639 1565 1668 in
1578 1639 1634 1676 ejus
1649 1638 1838 1678 praejudicium
1853 1647 2013 1678 attemptata
2023 1662 2033 1677 ,
2045 1640 2074 1668 in
2088 1638 2190 1670 statum
2204 1641 2332 1672 debitum

1273 1680 1397 1719 legitime
1413 1679 1562 1708 revocetis:

1310 1717 1540 1749 Contradidlores
1558 1726 1606 1755 per
1629 1714 1770 1745 censuram
1791 1714 2013 1746 Ecclesiasticam
2027 1739 2037 1754 ,
2055 1716 2241 1754 appellatione
2255 1716 2334 1754 post-

1272 1758 1377 1794 posita,
1396 1755 1618 1793 compescendo:
1638 1753 1713 1795 Non
1726 1754 1856 1785 obstante
1877 1754 1895 1783 ii
1910 1754 2061 1792 aliquibus,
2079 1755 2115 1785 de
2127 1756 2247 1794 partibus
2267 1756 2334 1794 illis,

1272 1796 1348 1835 qued
1366 1794 1625 1831 excommunicari,
1644 1792 1765 1828 iuspendi
1782 1815 1791 1830 ,
1809 1793 1854 1822 vel
1874 1792 2015 1831 interdici,
2033 1802 2079 1823 aut
2092 1795 2241 1823 conveniri
2255 1802 2330 1824 exuta

1273 1843 1347 1865 certa
1358 1834 1420 1863 loca
1432 1843 1490 1862 non
1505 1832 1629 1869 valeant,
1646 1840 1660 1859 a
1677 1830 1738 1860 sede
1753 1830 1917 1867 Apostolica
1931 1831 1962 1860 sit
1975 1832 2130 1862 indultum:
2147 1831 2183 1862 Et
2192 1832 2331 1863 constitu-

1271 1876 1348 1904 tione
1363 1873 1399 1902 de
1420 1871 1524 1901 duabus
1537 1870 1614 1900 dietis
1629 1869 1700 1899 edita
1715 1870 1743 1898 in
1759 1869 1895 1900 Concilio
1908 1870 2034 1907 generali.

1310 1910 1400 1949 Quod
1421 1934 1430 1948 ,
1449 1910 1467 1939 fi
1488 1919 1546 1938 non
1562 1917 1661 1937 omnes
1683 1907 1733 1936 hiis
1753 1908 1920 1946 exequendis
1942 1908 2084 1947 potueritis
2104 1907 2231 1939 intereffe
2246 1932 2255 1947 ,
2273 1908 2331 1939 duo

1271 1944 1399 1980 Vestislm
1414 1959 1446 1978 ea
1460 1948 1664 1978 nichilominus
1678 1955 1854 1985 exequantur.

1308 1332 1492 1363 Nnocentius
1505 1330 1673 1370 Episcopus,
1688 1331 1779 1361 servus
1793 1331 1936 1361 servorum
1950 1329 2026 1370 Dei,
2044 1331 2152 1363 dileetis
2167 1333 2225 1363 filiis

1307 2025 1375 2055 Dat.
1389 2024 1469 2055 Asisfi
1479 2049 1487 2063 ,
1506 2034 1524 2053 2
1539 2023 1624 2054 Non.
1639 2023 1715 2061 Sept.
1735 2022 1918 2054 pontificatus
1933 2023 2019 2054 nostri
2038 2034 2113 2056 anno
2124 2023 2287 2055 undecimo.

1688 2099 1813 2129 Plumbeo
1822 2099 1912 2137 Sigillo
1922 2101 2051 2139 pendente
2065 2112 2082 2130 a
2094 2100 2141 2141 filo
2154 2100 2276 2130 canaheo.

1349 2228 1437 2261 Bulla
1456 2226 1492 2259 de
1510 2236 1613 2259 mutuo
1625 2253 1633 2268 ,
1658 2224 1702 2258 ad
1718 2236 1785 2271 opus
1807 2227 1893 2270 Regis
1907 2251 1915 2266 ‚
1939 2235 1993 2270 pro
2018 2228 2114 2272 Regno
2132 2225 2248 2258 Sicilie.

1268 2314 1298 2375 I
1309 2313 1493 2344 Nnocentius
1516 2311 1669 2350 Episcopus
1680 2334 1690 2348 ,
1707 2310 1797 2339 servus
1819 2310 1961 2340 servorum
1977 2309 2051 2348 Dei,
2068 2309 2269 2340 venerabilibus
2281 2309 2334 2340 fra·
2351 2297 2427 2331 Am·
2442 2299 2485 2333 Ds

1321 2353 1407 2382 tribus
1512 2350 1734 2388 Archiepiscopo
1750 2347 1928 2378 Cautum-aen.
1943 2350 1975 2379 &
2087 2348 2230 2386 Episcopo
2244 2348 2331 2379 Cice-
2374 2350 2457 2379 1254-

1267 2390 1349 2420 stren.
1362 2391 1474 2420 salutem
1489 2389 1522 2419 &
1536 2388 1731 2428 Apostolicain
1746 2386 1984 2417 benedictionem.
2347 2383 2398 2406 Aa.
2423 2382 2467 2416 33³

1304 2427 1383 2458 Cum
1407 2429 1549 2458 cariffimo
1570 2429 1599 2457 in
1619 2425 1743 2467 Christo¹
1758 2424 1815 2454 filio
1835 2425 1934 2455 nostro
1952 2424 2105 2456 Edmundo
2127 2425 2203 2464 Regi
2223 2425 2327 2456 Siciliae
2346 2422 2379 2444 H.
2402 2426 2427 2456 3·

1267 2467 1376 2505 illustri,
1396 2475 1463 2497 nato
1477 2466 1606 2496 cariffimi
1629 2467 1657 2494 in
1673 2462 1791 2494 Christo
1813 2463 1861 2493 filii
1877 2464 1966 2493 nostri
2073 2463 2159 2502 Regis
2176 2464 2285 2502 Anglioe
2299 2465 2330 2493 il-
2350 2461 2387 2482 Lx
2407 2460 2465 2482 Au-

1266 2505 1372 2542 lustris,
1391 2505 1425 2535 ad
1439 2504 1661 2542 prosequendum
1680 2511 1809 2539 potenter
1826 2502 1859 2531 ὃ(
1875 2503 2005 2540 viriliter,
2022 2511 2106 2540 prout
2121 2503 2204 2532 decet
2221 2511 2330 2532 tantum
2352 2502 2415 2530 ²⁶⁰ss*

1266 2543 1430 2583 Principem
1444 2565 1453 2580 ,
1472 2543 1643 2579 assumptum
1667 2541 1724 2571 Dei
1744 2540 1778 2570 &
1802 2539 1933 2570 Ecclesiae
1951 2541 2096 2580 negotium
2110 2563 2120 2578 ,
2139 2540 2242 2579 multa,
2262 2550 2331 2571 cum

1267 2591 1378 2612 maenas
1392 2581 1527 2621 impensas
1541 2581 1647 2619 exigat,
1663 2580 1694 2609 sit
1707 2579 1824 2616 pecunia
1839 2587 1994 2616 oportuna,

1306 2605 1480 2651 fraternitati
1495 2619 1597 2649 vestrae
1618 2628 1667 2655 per
1689 2616 1855 2656 Apostolica
1867 2618 1963 2655 scripta
1978 2640 1987 2654 ,
2005 2618 2034 2646 in
2048 2618 2150 2647 virtute
2164 2614 2333 2646 obedientiae

1266 2658 1383 2690 firmiter
1397 2660 1482 2696 praeci
1505 2658 1602 2694 iendo,
1618 2656 1796 2692 mandamus,
1813 2657 1942 2694 quatinus
1958 2679 1967 2693 ,
1986 2655 2019 2685 ad
2036 2656 2244 2694 requisitionem
2261 2665 2330 2695 prae-

1266 2697 1338 2727 dieti
1362 2697 1454 2734 Regis
1475 2668 1587 2735 singli-x
1603 2717 1612 2733 ,
1629 2706 1645 2725 a
1660 2694 1880 2733 quibuscumque
1894 2717 1903 2732 ,
1924 2702 2050 2724 mutuare
2065 2694 2241 2730 volentibus,
2261 2695 2333 2723 reci—

1267 2737 1350 2773 piatis
1370 2737 1490 2766 nomine
1512 2733 1610 2764 nostro
1625 2757 1635 2771 ,
1650 2734 1683 2764 &
1706 2732 1894 2763 Ecclefiarum
1910 2732 2005 2771 Regni
2020 2732 2131 2771 Angliae
2141 2757 2150 2770 ,
2168 2742 2200 2761 ac
2216 2732 2333 2761 aliarum

1267 2783 1405 2805 terrarum
1423 2773 1472 2804 sub
1492 2773 1571 2812 ipsius
1586 2771 1674 2811 Regis
1686 2771 1835 2815 'Do-minio
1855 2771 2083 2808 consistentium,
2101 2771 2250 2808 pecuniam
2269 2779 2333 2800 mu-

1267 2815 1319 2843 tuo
1331 2821 1591 2853 quantumcumque
1604 2819 1726 2849 poteritis
1739 2819 1873 2840 invenire.

1305 2851 1441 2882 Ecclesias
1461 2850 1527 2891 ipsas
1550 2849 1700 2886 universam,
1719 2848 1752 2879 &
1768 2848 1899 2892 singulas,
1917 2854 2001 2885 prout
2013 2846 2047 2878 ad
2062 2847 2276 2885 promotionem
2289 2848 2333 2885 ip-

1267 2889 1319 2920 sius
1338 2890 1444 2929 negotii
1467 2888 1596 2926 expedire
1618 2886 1739 2919 videritis
1756 2909 1765 2923 ‚
1781 2887 1849 2924 illis,
1867 2897 1881 2917 a
1896 2887 1996 2925 quibus
2012 2894 2142 2915 mutuum
2159 2886 2332 2924 receperitis,

1266 2938 1343 2959 nunc
1358 2929 1426 2966 hiis,
1445 2938 1521 2958 nunc
1536 2927 1609 2965 aliis,
1630 2926 1715 2964 usque
1729 2925 1764 2955 ad
1779 2926 1890 2963 plenam
1905 2924 2110 2955 restitutionem
2121 2923 2203 2961 ipsius
2225 2925 2334 2962 mutui,

1266 2968 1378 3005 ejusque
1393 2966 1656 2998 constamentorum
1668 2964 1799 2995 omnium
1814 2964 1987 3001 obligantes,

1304 3009 1344 3035 lta
1356 3005 1434 3045 quod
1455 3004 1557 3035 eisdem
1581 3002 1780 3040 creditoribus,
1797 3002 1874 3041 quod
1890 2999 2049 3038 hujusmodi
2065 3008 2195 3031 mutuum
2214 2999 2243 3031 in
2257 3001 2333 3032 utili-

1267 3052 1352 3075 tatem
1372 3044 1561 3074 Ecclefiarum
1576 3064 1586 3080 ,
1601 3051 1718 3081 quarum
1741 3041 1857 3071 nomine
1875 3039 1903 3070 id
1924 3040 2117 3070 contraxeritis
2128 3062 2138 3077 ,
2162 3040 2333 3071 conversum

1265 3083 1366 3121 fuerit,
1384 3081 1522 3121 probandi
1537 3080 1679 3111 necessitas
1694 3088 1752 3109 non
1766 3078 1930 3116 incumbat,
1948 3077 2106 3117 affignaturi
2120 3079 2275 3117 hujusmodi
2283 3088 2334 3116 pe·-

1266 3122 1380 3151 cuniam
1394 3120 1618 3159 quibuscumque
1631 3117 1781 3156 praedictus
1794 3117 1859 3147 Rex
1877 3116 1990 3155 Angliae
2008 3116 2180 3147 mandaverit
2194 3116 2331 3156 affignari,

1303 3159 1381 3190 Non
1405 3158 1578 3189 obstantibus
1596 3156 1817 3195 quibuscumque
1839 3155 2090 3186 constitutionibus
2107 3178 2117 3193 ,
2142 3153 2185 3185 seu
2208 3154 2330 3192 statutis,

1264 3198 1308 3229 vel
1329 3199 1349 3228 s1
1373 3197 1510 3237 aliquibus
1528 3196 1564 3226 de
1578 3195 1700 3235 partibus
1719 3194 1790 3233 illis,
1806 3194 1885 3234 quOd
1909 3195 2169 3231 excommunicari,
2187 3192 2331 3231 suspendi,

1264 3237 1308 3267 vel
1329 3236 1484 3274 interdici,
1505 3243 1550 3265 aut
1571 3233 1719 3264 conveniri
1741 3242 1816 3263 eittra
1837 3241 1911 3263 certa
1930 3232 1993 3262 loca
2014 3242 2074 3262 non
2095 3231 2201 3261 valeant
2214 3253 2223 3268 ,
2241 3240 2255 3259 a
2268 3231 2332 3260 sede

1264 3274 1429 3312 Apostolica
1451 3274 1482 3304 sit
1501 3272 1642 3302 indultum
1657 3283 1667 3310 3
1684 3272 1717 3302 δε
1739 3271 1869 3302 univerfis
1883 3271 2032 3310 privilegiis
2047 3292 2056 3307 ,
2077 3269 2269 3307 indulgentiis,
2284 3269 2332 3299 vel

1262 3314 1357 3344 litteris
1371 3312 1542 3350 Apostolicis
1555 3311 1741 3350 generalibus,
1758 3309 1802 3341 seu
1817 3309 1996 3348 specialibus,
2013 3308 2063 3338 sub
2077 3317 2255 3346 quacumque
2271 3306 2331 3337 for-

1263 3362 1308 3381 ma
1324 3352 1493 3388 verborum,
1509 3349 1630 3379 obtentis
1644 3349 1676 3379 &
1690 3349 1864 3386 obtinendis,
1890 3349 1922 3379 &
1937 3345 2101 3386 quibussibet
2116 3345 2188 3382 aliis,
2207 3354 2329 3385 perquae

1262 3390 1290 3420 id
1313 3390 1468 3427 impediri,
1492 3388 1538 3418 vel
1558 3386 1663 3417 differri
1685 3387 1798 3424 valeat,
1817 3387 1850 3417 ὅτ.
1871 3384 2043 3425 dequibus,
2058 3383 2102 3426 seu
2119 3382 2325 3426 praed-iustorum

1262 3428 1496 3467 privilegiorum,
1521 3425 1754 3464 indulgentiarum
1767 3447 1774 3461 ,
1795 3426 1828 3456 &
1850 3425 2001 3454 litterarum
2023 3430 2087 3452 totis
2111 3421 2273 3461 tenoribus,
2290 3422 2325 3453 de

1261 3467 1350 3497 verbo
1363 3467 1397 3497 ad
1411 3467 1531 3497 verbum
1546 3487 1556 3502 ,
1573 3465 1683 3503 plenam
1705 3466 1738 3496 ὃς
1753 3463 1906 3501 expressam
1923 3462 1980 3491 fieri
1995 3467 2122 3503 oporteat
2138 3461 2165 3503 in
2185 3460 2326 3497 praesenti-

1261 3506 1312 3536 bus
1326 3506 1518 3541 mentionem,
1535 3504 1569 3534 &
1584 3501 1786 3533 constitutione
1801 3502 1836 3532 de
1849 3500 1955 3531 duabus
1968 3499 2047 3529 dietis
2060 3497 2132 3528 edita
2145 3508 2176 3528 in
2189 3497 2327 3530 Concilio

1279 3543 1387 3574 enerali.

1259 3553 1278 3584 g
1297 3582 1334 3612 Et
1355 3581 1556 3613 nichilominus
1574 3580 1594 3611 si
1613 3579 1697 3619 aliqui
1723 3576 1934 3618 Archiepiscopi
1948 3599 1957 3613 ,
1973 3575 2018 3605 vel
2040 3573 2196 3612 Episcopi,
2215 3584 2261 3606 aut
2277 3576 2321 3606 alii

1261 3621 1386 3658 Praelati,
1404 3620 1449 3650 vel
1470 3618 1600 3656 Clerici,
1618 3617 1653 3647 de
1674 3618 1794 3655 partibus
1806 3617 1873 3654 illis,
1891 3618 1969 3651 iuper
1984 3614 2041 3643 hoc
2057 3614 2084 3643 se
2098 3613 2229 3645 duxerint
2240 3616 2325 3652 perti-

1259 3660 1365 3690 naciter
1377 3657 1580 3698 opponendos,
1598 3658 1607 3685 i
1628 3656 1685 3693 sos,
1704 3655 1738 3685 ab
1752 3652 1851 3684 officio
1868 3652 2061 3689 beneficioque
2074 3650 2210 3690 suspensos
2226 3675 2236 3691 ,
2255 3654 2323 3683 mit-

1259 3699 1318 3729 tatis
1329 3697 1362 3727 ad
1377 3697 1548 3737 praesentiam
1564 3698 1613 3724 noi
1629 3703 1686 3724 ram
1702 3702 1753 3732 pro
1769 3693 1870 3722 meritis
1883 3699 2053 3733 recepturos.

1299 3737 1390 3775 Qod
1399 3759 1408 3775 ,
1426 3736 1445 3765 fi
1460 3744 1520 3764 non
1534 3733 1619 3763 ambo
1633 3733 1683 3761 hiis
1696 3730 1862 3770 exequendis
1880 3730 2025 3767 potueritis
2040 3727 2182 3767 mteresse,
2199 3728 2264 3760 alter
2278 3738 2327 3760 ve-

1261 3774 1351 3805 strum
1368 3785 1398 3805 ea
1411 3772 1612 3803 nichilominus
1628 3778 1784 3809 exequatur.

1297 3850 1367 3882 Dat¹
1384 3850 1473 3881 Asiffii
1482 3872 1491 3887 ,
1499 3848 1623 3880 secundo
1634 3847 1674 3878 Id.
1685 3845 1757 3877 Maii
1766 3842 1965 3884 ,Pontificatfis
1978 3842 2067 3874 nostri
2079 3852 2155 3874 anno
2162 3843 2325 3874 undecimo.

1674 3922 1798 3953 Plumbeo
1811 3920 1901 3959 sigillo
1910 3921 2044 3959 pendente
2056 3932 2074 3950 a
2086 3918 2134 3961 filo
2147 3918 2271 3950 canabeo.

2212 4155 2231 4171 ⁷*
2255 4157 2326 4183 Con-
