2560 4261
247 168 303 209 42
710 129 1963 186 CONVENTIONES‚L1TERAE,

97 240 178 274 Ann.
187 240 227 274 D.
247 249 319 272 num
339 238 526 275 Anglicanum
549 232 623 272 quasi
641 229 980 275 Imperioadaequetur,
1002 229 1037 261 &
1059 225 1186 270 Ecclesia
1213 223 1314 263 Angli-

127 290 213 312 1202.
247 288 318 311 cana
337 289 352 308 a
374 278 515 308 Roman-x
535 272 613 304 Sedis
634 271 794 309 patrociniis
815 269 997 300 aflectuoiius
1025 266 1178 298 confoveri
1205 272 1313 294 merea-

249 327 336 388 turAd
350 355 430 390 huius
444 354 537 390 itaque
550 350 781 391 promotionem,
800 358 880 387 quae,
900 357 950 386 per
971 345 1031 377 Dei
1052 351 1186 386 gratiam,
1203 349 1261 379 Jam
1283 349 1313 369 in

249 405 351 435 magna
366 390 403 423 sui
417 401 495 430 parte
506 389 678 421 laudabiliter
691 387 825 429 processit
837 384 1088 418 coniununandam
1097 407 1107 421 ,
1125 381 1250 412 metante
1263 388 1313 408 na-

249 435 339 466 turalis
360 431 474 461 stit-:uio
489 428 690 466 connexionis,
710 426 890 466 persuadente
903 424 1057 456 desiderato
1073 423 1106 453 &
1122 420 1229 463 sperato
1244 427 1312 461 nos-

249 481 294 504 tro
310 473 344 502 3<
358 470 456 506 Regni
469 468 558 499 nostri
571 467 750 505 commodo,
769 474 896 496 mentem
914 465 949 507 (ὃς
970 470 1089 506 manum
1108 459 1239 489 dtu-imus
1259 466 1313 486 eri-

247 510 366 548 getidws,
385 508 421 538 ad
441 508 520 549 quod
539 517 655 544 omnes,
673 507 723 544 qui
741 504 835 535 fideles
856 503 941 546 nobis
957 500 1096 546 existunt,
1113 506 1159 527 aut
1179 494 1311 539 nostrum

247 543 281 580 Ee
302 548 398 588 Regni
418 547 509 578 nostri
529 547 673 577 honorem
693 543 829 575 affeetant
851 543 884 573 &
903 541 1066 577 utilitatem,
1084 546 1139 568 una
1160 534 1311 565 nobiscum

245 588 358 618 viriliter
371 586 476 617 debent
487 584 633 624 assurgere.
893 619 898 624 ⁸
1010 616 1015 621 ,

283 625 339 664 Et,
379 626 423 655 uia
437 635 480 655 res
493 634 524 655 ea
537 633 617 654 tenus
650 619 764 653 roceffit
778 618 872 658 quod,
890 627 920 647 in
935 625 1086 655 proximo,
1106 613 1222 644 volente
1244 609 1313 640 Do-

246 666 331 696 mino
358 636 494 695 cdebitum
513 662 599 701 possit
628 661 707 691 orriri
727 657 886 694 effectum,
903 657 937 687 δε
958 665 1026 693 nos,
1044 660 1161 696 propter
1173 658 1312 687 werram,

247 690 353 742 quam’,
372 714 402 734 ut
416 703 485 734 scids
495 726 504 739 ,
522 700 703 736 sustinemus,
719 697 802 727 nobis
815 697 848 728 δε
862 695 900 725 illi
916 695 946 724 in
962 696 1102 736 expeniist,
1120 690 1154 721 ad
1175 688 1309 734 prsesens,

247 743 331 782 plene
352 752 410 773 non
428 740 595 776 sufficimus,
614 735 822 768 univeriitatem
843 733 967 765 vestram
989 731 1133 776 humiliter
1154 729 1188 759 &
1203 727 1310 758 devote

246 791 396 821 rogamus,
422 782 455 811 ὃς
477 789 526 817 ea,
551 787 606 816 qua
626 775 791 815 possumus,
807 773 962 804 affec'fione
981 771 1114 801 obnntius
1131 766 1311 813 obsecramus

245 828 398 859 quatenus,
413 817 502 848 divini
515 817 617 847 amoris
632 815 751 852 intuitu,
766 815 800 845 ὅ(
815 821 934 851 precum
943 809 1109 854 'nostrarum
1132 814 1312 851 interventu,

244 859 327 889 nobis
341 859 373 888 δε
388 856 427 887 illi
441 855 588 886 liberaliter
601 854 750 885 subvenire
764 851 798 883 ad
811 860 895 884 tantae
909 859 949 880 rei
964 848 1260 883 consummationem,
1275 845 1309 876 δε

243 897 376 927 auxilium
392 894 492 926 efficax
506 894 596 924 velitis
611 893 751 923 conferre.
928 928 934 933 ὓ
1032 926 1037 931 ⁸
1203 923 1208 928 .
1289 922 1295 927 .

282 934 338 973 Et,
356 934 434 973 quod
448 933 632 971 unusquisque
644 931 789 969 vestrum,
807 930 836 959 in
848 929 907 959 hoc
926 925 1039 970 instanti
1058 923 1223 969 neceffitatis
1245 930 1310 952 arti-

245 973 332 1011 culo,
350 973 458 1004 duxerit
473 970 697 1009 conferendum,
715 969 743 1000 id
778 979 808 999 er
822 968 914 1011 visum
929 967 962 998 ὃ(
977 964 1176 1008 testimonium
1194 971 1311 1005 venera-

245 1012 307 1043 bilis
325 1012 406 1051 patris
426 1011 518 1042 nostri
539 1010 580 1040 H.
600 1009 734 1040 Cantuar.
753 980 984 1044 chhiepiscopi,
1002 1005 1035 1036 &
1056 1003 1153 1033 dilefti
1174 1002 1207 1032 &
1222 1000 1310 1031 fidelis

244 1051 334 1082 nostri
356 1050 478 1080 Galfridi
501 1049 548 1080 filii
570 1048 665 1086 Petri,
676 1047 822 1087 justiciarii
836 1045 925 1075 nostri
940 1043 1120 1081 conferatur,
1135 1042 1168 1072 &
1186 1051 1236 1079 per
1251 1050 1311 1071 ma-

242 1099 294 1120 nus
316 1099 419 1120 eorum
444 1087 581 1119 London.
600 1087 674 1125 apud
696 1084 858 1129 Templum
879 1083 1055 1121 deponatur,
1071 1090 1120 1120 ut,
1139 1090 1188 1118 per
1207 1089 1310 1125 eorum

242 1127 477 1165 inlinuationern,
496 1127 580 1157 nobis
594 1124 748 1156 innotescat
763 1134 809 1155 cui
823 1122 954 1166 &super
967 1132 1026 1160 quo
1046 1129 1135 1160 grates
1157 1118 1312 1163 condignas

240 1165 394 1196 debeamus
407 1166 528 1204 referre,
544 1166 577 1196 ὃς
592 1163 758 1195 munificam
773 1162 961 1193 devotionem
974 1159 1099 1191 vestram
1111 1158 1185 1197 apud
1200 1157 1310 1188 Domi-
1504 1200 1509 1204 .
1554 1200 1559 1205 .
1863 1200 1868 1205 .
1885 1200 1890 1205 .

241 1215 314 1236 num
327 1205 435 1243 Papam
450 1205 576 1243 plenius,
594 1213 655 1234 non
667 1203 818 1240 inmerito,
834 1199 1046 1231 commendare.
1389 1198 1444 1238 Et,
1462 1199 1530 1238 quid
1552 1209 1581 1228 in
1601 1199 1654 1229 hac
1673 1208 1751 1237 parte
1772 1198 1904 1230 duxeritis
1927 1198 2057 1238 efficere,
2077 1200 2105 1230 id
2126 1201 2209 1231 nobis
2222 1211 2271 1239 per
2285 1201 2424 1234 dilec‘tum

280 1243 334 1281 Et,
354 1253 461 1282 quanto
479 1244 560 1274 citius
575 1243 635 1280 paci
651 1241 754 1273 nostrae
767 1242 800 1272 &
813 1239 992 1277 tranquilitati
1009 1237 1112 1269 vestrae
1132 1236 1239 1267 mederi
1259 1235 1309 1266 de-
1350 1238 1385 1269 δε
1400 1238 1515 1269 fidelem
1528 1237 1677 1269 Clericum
1693 1238 1824 1269 nostrum
1839 1238 1867 1269 S.
1888 1238 2076 1276 Praepoiitum
2091 1238 2253 1278 Beverlaci,
2270 1250 2358 1279 quem
2381 1242 2424 1272 ob

343 1283 347 1287 ’
568 1282 573 1286 ·
1352 1276 1411 1308 hoc
1423 1277 1458 1307 ad
1472 1287 1524 1307 vos
1539 1277 1680 1315 specialius
1693 1277 1824 1307 duximus
1845 1276 2060 1316 destinandum,
2080 1288 2166 1316 quam
2188 1279 2270 1309 citius
2291 1279 2360 1310 scire
2381 1280 2424 1310 fa-

1350 1315 1444 1354 ciatis,
1465 1317 1512 1346 cui
1533 1317 1615 1346 etiam
1635 1316 1664 1345 in
1684 1316 1753 1354 hiis,
1770 1326 1834 1355 quae
1861 1316 1945 1347 vobis
1958 1326 1992 1347 ex
2008 1326 2086 1356 parte
2100 1316 2196 1348 nostra
2209 1326 2370 1357 proponet,
2388 1317 2423 1348 si-

1349 1353 1417 1385 dem
1431 1354 1544 1392 plenam
1556 1354 1717 1385 adhibeatis.
2069 1361 2072 1365 '

1355 312 1385 339 ³*
1413 317 1480 347 Rex
1499 310 1657 359 Johannes
1672 316 1749 360 petit
1768 310 2001 346 Subventionem
2017 311 2058 346 ab
2080 314 2225 358 universis
2247 312 2425 348 Abbatibm
2443 316 2493 344 *L
2512 325 2560 355 ¹3²

1404 361 1594 405 cistercienfis
1613 362 1740 395 Ordinis
1748 372 1805 409 per
1822 362 1973 410 Angliam
1984 389 1994 405 ‚
2018 372 2124 396 contra
2142 366 2254 411 Regem
2270 364 2423 407 Francia,

1393 410 1614 457 foedifragum.

1353 499 1488 558 REX,
1504 501 1564 532 &c
1581 499 1732 531 Universis
1754 500 1914 532 Abbatibus
1935 501 2131 533 Cistercienfis
2149 502 2284 543 Ordinis,
2301 512 2352 542 per
2364 502 2426 534 An-
2443 505 2560 539 Ann.D

1425 540 1511 580 gliarn
1525 539 1701 579 constitutis,
1717 539 1842 572 salutem.
2472 555 2556 578 1202.

1392 577 1606 609 Discretionem
1635 579 1758 610 vestram
1785 590 1966 619 nequaquam
1992 578 2135 610 credimus
2155 580 2288 620 ignorare
2308 581 2426 621 qualiter
2443 589 2497 612 An.
2510 596 2540 622 4.

1354 613 1421 646 Rex
1435 618 1578 656 Franciae,
1597 619 1679 656 rupta
1695 618 1751 649 fide
1764 619 1882 649 foederis
1897 620 1931 650 ὃς
1946 621 2036 658 pacis,
2052 620 2124 649 inter
2136 628 2190 649 nos
2210 621 2304 658 initae,
2324 629 2426 652 contra
2443 623 2507 660 Joh.

1353 655 1523 686 multimoda
1538 658 1689 687 'uramenta
1702 657 1747 688 sua
1765 658 1799 688 ὃς
1815 657 1930 697 Carras,
1947 668 2000 688 nos
2015 659 2111 688 nititur
2126 657 2276 696 infestare,
2290 659 2325 690 δε
2339 669 2425 691 terras
2445 665 2503 690 Pat.
2513 672 2548 699 ,4.

1352 692 1459 724 nostras
1474 694 1508 724 ad
1543 695 1748 727 estructionem
1761 697 1795 728 &
1810 697 2018 736 direptionem,
2034 697 2112 728 secus
2127 706 2214 735 quam
2229 697 2365 736 deberet,
2376 707 2426 730 ex-
2444 700 2551 738 Johan-

1351 741 1468 769 ponere.
1547 773 1553 778 .
1913 774 1919 779 ⁵
2442 740 2481 768 nis
2489 761 2497 772 ‚
2505 747 2560 778 ω.)

1390 770 1571 810 Uiide,quia
1581 771 1616 802 ad
1628 771 1822 804 defensionem
1836 774 1933 812 capitis
1944 784 2061 813 aequum
2075 774 2116 804 est
2130 775 2316 806 universalem
2331 785 2427 807 mem-

1352 808 1476 840 brorum
1490 810 1709 841 subventionem
1723 822 1889 851 accurrere,
1903 813 2112 844 universitatem
2127 813 2251 845 vestram
2265 816 2423 846 rooandam

1353 846 1502 887 duximus,
1517 850 1647 892 quatinus
1661 860 1731 889 vos,
1748 852 1797 888 qui
1810 851 1846 882 de
1859 852 1943 882 bonis
1964 852 1998 882 &c
2018 853 2210 892 largitionibus
2225 841 2423 885 Praetse'zccffo-

1352 896 1417 931 rum
1431 887 1596 918 nostrorum
1612 888 1720 919 fundati
1735 889 1798 919 estis
1814 891 1848 921 &
1863 889 1956 928 ditati,
1972 890 2006 921 ad
2023 892 2092 921 tanti
2106 891 2196 922 hostis
2207 893 2425 930 propulsandam

1352 926 1517 957 violentiam
1532 951 1541 964 ,
1567 927 1721 966 gratuitum
1741 929 1823 959 nobis
1843 929 1876 960 ὃς
1898 928 2000 960 efficax
2020 930 2172 961 conseratis
2193 932 2351 969 auxilium,
2386 934 2423 963 ita

1354 965 1434 1003 quod
1451 964 1612 1008 vobis-inde
1627 964 1781 996 debeamus
1795 975 1884 1007 grates
1899 968 2052 1008 condignas
2068 969 2250 1008 impendere,
2270 970 2305 1001 &
2317 971 2346 1000 iri
2361 970 2425 1010 hiis,

1351 1014 1418 1042 quae
1437 1015 1453 1034 a
1472 1004 1555 1035 nobis
1576 1003 1707 1034 duxeritis
1728 1005 1883 1043 expetenda
1918 1006 2106 1038 devotionem
2126 1008 2249 1039 vestram
2271 1007 2423 1048 benignius

1351 1042 1496 1074 exaudire:
1515 1043 1618 1073 Scituri
1641 1053 1696 1081 pro
1715 1051 1798 1086 certo
1824 1031 1903 1083 quod
1916 1055 1968 1075 nos
1982 1046 2142 1085 hujusmodi
2155 1047 2390 1086 subventionem,
2408 1058 2427 1080 a

1352 1083 1436 1113 vobis
1454 1081 1643 1121 imposterum
1665 1081 1826 1112 faciendam
1844 1107 1854 1122 ,
1876 1084 1905 1112 in
1927 1085 2158 1123 consequentiam
2181 1096 2241 1116 non
2264 1087 2426 1126 trahemus,

1352 1121 1446 1190 ibmmo
1461 1122 1499 1192 ἒξ
1512 1120 1628 1190 fvestra,
1647 1120 1840 1152 favorabiliori
1860 1122 1985 1152 tuitionis
1997 1124 2127 1161 praesidio
2143 1133 2328 1156 manutenere
2342 1135 2424 1156 cura—

1376 1169 1448 1191 imus
1485 1170 1496 1175 ’
1523 1170 1620 1191 overe.

240 1281 378 1320 sideratis,
394 1291 472 1312 tanto
486 1281 638 1321 largitionis
653 1280 754 1311 vestrae
766 1277 991 1310 munificentiam
1014 1275 1195 1307 affectuosius
1216 1284 1309 1306 matu-

241 1331 303 1351 rare
316 1320 454 1361 satagatis,
473 1321 537 1359 quia
550 1330 599 1358 per
613 1319 672 1350 Dei
687 1320 803 1360 gratiam
812 1342 822 1356 ,
838 1327 874 1348 eo
888 1316 922 1347 ad
935 1315 1232 1360 honorem-speratum
1244 1324 1309 1354 per-

241 1360 383 1399 tingente,
400 1370 459 1390 non
475 1361 527 1390 erit
542 1358 625 1389 nobis
638 1369 729 1398 opus,
745 1357 783 1389 de
797 1364 920 1394 caetero,
938 1366 993 1394 pro
1005 1354 1108 1386 auxilio
1131 1353 1309 1393 expetendo,

240 1397 276 1429 ad
292 1408 344 1429 vos
359 1400 462 1430 totiens
477 1407 629 1430 recurrere.

1386 1435 1478 1468 Teste
1491 1436 1600 1475 meipso
1613 1435 1687 1477 apud
1702 1434 1772 1476 Arg.
1791 1435 1948 1467 undecimo
1961 1435 2007 1467 die
2022 1435 2206 1467 Decembris.

277 1474 368 1506 Teste
382 1475 490 1515 meipso
505 1475 578 1514 apud
593 1475 691 1506 Susam
704 1475 811 1506 ostavo
824 1473 870 1504 die
886 1472 1070 1511 Septembris.

1348 1570 1399 1603 De
1414 1570 1534 1616 Treuga
1549 1572 1628 1603 inter
1643 1567 1815 1616 Philippum
1832 1571 1965 1602 I-'ranciae
1979 1572 2016 1608 &⁶
2034 1568 2213 1617 Johannem
2229 1571 2347 1619 Angliae
2363 1573 2425 1604 Re-

88 1606 217 1645 ⁸1.13x.
238 1601 265 1629 ²1<
290 1603 410 1649 Treuga
433 1604 511 1635 inter
533 1603 645 1650 Regem
668 1602 784 1649 Angliae
807 1604 844 1640 ω’*
878 1603 1092 1636 Vicecomitcm
1121 1599 1158 1633 de
1186 1599 1308 1634 Thoar-
1765 1630 1820 1666 ges
1838 1616 1995 1663 facienda⁴

741 1662 795 1683 clo.

300 1735 359 1767 EX
393 1737 445 1769 &c
473 1735 620 1767 Omnibus
654 1737 707 1767 &c
1346 1706 1543 1768 PHilippo,
1562 1707 1620 1739 Dei
1634 1709 1736 1748 gratia,
1750 1708 1828 1746 Regi
1843 1707 2021 1739 Francorum
2032 1707 2169 1740 Domino
2182 1708 2248 1749 suo,
2266 1719 2338 1741 curn
2354 1708 2425 1741 Deo
2444 1703 2560 1739 Arm-D

88 1751 215 1821 Αῗζζῗ·
271 1814 275 1818 ,
337 1776 434 1806 Sciatis
451 1776 530 1814 quod
543 1775 667 1819 legitima
680 1783 777 1815 treuga
788 1783 868 1813 carta
881 1772 922 1804 cst
936 1773 1008 1805 inter
1030 1784 1083 1805 1³0³
1120 1775 1156 1806 &
1176 1774 1303 1806 Viceco-
1386 1747 1648 1817 M‘it‘tiiiiuffffiuffgst
1656 1746 1828 1818 ’(1ιῆ3ἑῖἶῖῃὲεὸ
1840 1746 1939 1816 Ξᾌῖῗέ
1951 1755 2064 1817 ἔζἙῖἒ
2078 1748 2152 1817 &veih
2168 1785 2423 1818 constabularium
2442 1754 2556 1822 Αἷιῗῖῗ

85 1834 137 1858 An·
190 1815 196 1821 “
236 1822 337 1858 mitem
353 1814 389 1858 de
403 1814 570 1852 Thoarci0,
586 1815 708 1859 &inter
721 1823 806 1859 ῐίῒῑῐὸδ
816 1812 925 1844 1¹0st1'23
937 1812 1024 1858 Usque
1038 1814 1073 1844 ad
1088 1799 1206 1845 &estum
1213 1814 1302 1846 Sanc·
1345 1822 1540 1855 Normanniae
1576 1824 1742 1856 Robeiturn
1757 1825 1794 1856 de
1808 1825 1950 1855 Haracurt
1985 1810 2140 1865 Roge’rum
2155 1824 2192 1854 de
2205 1825 2291 1864 Tany
2327 1825 2361 1856 &
2388 1825 2422 1856 P.
2442 1823 2505 1860 Job.

84 1841 179 1907 J0h‚4'
235 1861 257 1883 ti
280 1852 407 1891 Halani,
427 1853 516 1883 Anno
538 1852 635 1892 Regni
656 1852 744 1883 nost-*1
766 1860 883 1890 quarto,
902 1851 1020 1882 firnuter
1042 1854 1078 1897 δε,
1091 1853 1169 1897 bona,
1183 1852 1240 1884 fide
1259 1862 1301 1898 τεῖ-
1345 1849 1566 1894 Thesauraauffi
1585 1863 1737 1901 Pictaviae,
1757 1864 1859 1902 quibus
1883 1863 1903 1894 fi
1917 1849 2009 1901 pla²cet
2044 1863 2132 1893 fidem
2146 1863 2269 1894 habeatis
2283 1848 2425 1895 it'idubita-
2442 1866 2501 1890 Par·
2518 1865 2551 1899 εκ·

85 1911 143 1935 Pat.
186 1929 191 1935 ι
235 1890 342 1934 nenda:
364 1890 406 1921 Ita
423 1891 501 1930 quod
516 1900 584 1929 nOS,
601 1890 719 1921 durante
732 1899 863 1929 ternpore
876 1899 1056 1930 treugarum,
1070 1891 1304 1936 ipsi-Vicecomi-
1344 1910 1404 1932 tam
1425 1901 1462 1932 de
1481 1910 1593 1941 treuga,
1612 1903 1685 1933 imel-
1704 1912 1758 1932 „03
1780 1903 1813 1934 &
1832 1912 1884 1933 vos
1904 1902 2005 1940 capien
2025 1911 2040 1932 a
2063 1901 2098 1933 &
2123 1901 2319 1941 affecuranda,
2334 1904 2369 1935 &
2387 1903 2425 1935 de
2442 1900 2544 1938 Johan-

84 1918 187 1983 Johari-
236 1936 272 1973 tl,
291 1930 337 1960 vel
350 1939 433 1961 terrae
446 1929 501 1961 suae
515 1929 640 1967 malurn,
660 1939 710 1968 per
723 1939 794 1974 nos,
813 1930 859 1960 vel
875 1929 988 1960 nostros
1004 1939 1063 1973 non
1076 1933 1228 1970 faciemus,
1246 1941 1300 1962 nec
1344 1940 1494 1979 conoquio
1508 1941 1581 1971 inter
1596 1951 1650 1973 003
1665 1942 1699 1973 &
1713 1950 1766 1973 vos
1779 1939 1927 1980 capiendo,
2442 1942 2560 1975 nis‚m.2

83 1985 121 2012 ni,
141 1994 167 2012 m
209 2005 215 2012 .
234 1967 406 2012 Vicecomes
419 1978 469 2007 per
481 1969 590 2007 ipsum,
608 1968 654 1999 vel
669 1978 718 2012 per
730 1969 815 1998 alium
831 1969 939 2012 malum
953 1968 1118 2012 nobisffivel
1131 1977 1214 2001 terrae
1234 1979 1302 2002 nos·
1705 1975 1707 1977 ’
2441 1986 2468 2005 n.
2489 1985 2533 2014 ¹5·

122 2005 132 2018 '
172 1995 202 2021 '7
235 2014 287 2038 trae
299 2009 412 2038 interim
429 2007 525 2046 faciet,
543 2008 587 2037 vel
603 2015 764 2046 perquiret,
780 2006 828 2038 vel
841 2007 901 2037 fieri
913 2008 1086 2051 procurabit.
1376 2019 1468 2053 Teste
1480 2022 1588 2062 meipso
1603 2021 1678 2061 apud
1693 2020 1857 2053 Cadmum
1890 2020 2030 2053 vicesimo
2043 2021 2123 2054 sem)
2138 2021 2186 2053 die
2201 2020 2383 2053 Decembfig,

273 2055 299 2075 2.
316 2046 403 2077 Hanc
416 2055 509 2077 autem
523 2055 651 2086 treugam
665 2045 783 2077 firmiter
798 2046 831 2077 &
846 2045 962 2076 fideliter
977 2045 1130 2076 tenendam
1143 2045 1301 2079 affidabunt
1863 2045 1874 2060 ²

233 2093 269 2115 ex
291 2094 369 2123 parte
392 2085 595 2124 vicecomitis,
615 2085 748 2116 Herveus
767 2084 804 2115 de
825 2083 966 2123 Marelio,
985 2084 1158 2116 Willielmus
1172 2085 1208 2116 de
1223 2086 1302 2117 Can-

232 2124 375 2155 tumerule
416 2124 515 2155 Petrus
535 2125 572 2155 de
594 2123 714 2163 Gasnap.
740 2123 890 2154 Emericus
911 2122 1034 2162 Busard,
1057 2124 1158 2155 Gaufr.
1180 2124 1300 2164 Busard,
1435 2156 1441 2163 ,
1682 2158 1686 2163 ,
1802 2157 1808 2163 ,
1944 2156 1949 2162 ,
2024 2157 2029 2162 ,
2059 2156 2063 2161 ,
2241 2155 2247 2162 .
2318 2157 2324 2163 ,

233 2159 311 2192 Eblo
326 2162 362 2193 de
376 2148 463 2201 Rupe
478 2163 562 2202 forti,
579 2164 612 2195 ὃς
627 2163 731 2203 Regin.
748 2162 924 2201 Praepositus.
1343 2151 1373 2181 θ’
1398 2155 1520 2189 Lttterae
1545 2152 1701 2202 Johanms
1731 2155 1821 2201 Regis
1850 2154 1968 2201 Angltae
1992 2150 2120 2186 Ctvtbus
2145 2153 2266 2187 Colomae
2278 2153 2363 2202 m‘ff‘
2386 2153 2425 2188 de
2443 2166 2496 2196 ⁸1.
2510 2176 2560 2207 ¹33

274 2207 299 2237 3.
316 2199 361 2230 Ex
373 2210 450 2238 parte
461 2202 556 2232 nostra
571 2202 610 2245 R.
620 2202 799 2246 'Senescallus
815 2200 911 2232 noster
931 2201 1043 2233 pictav.
1059 2201 1106 2246 R.
1126 2202 1298 2235 Senescallus
1607 2205 1794 2251 promotione
1811 2201 1939 2237 Othonis
1955 2204 2081 2249 Nepotis
2089 2201 2157 2247 siti.

231 2237 329 2282 noster
350 2239 521 2280 Andegaviae
542 2240 717 2272 Willielmus
731 2240 878 2280 Maengo,
894 2240 957 2271 Hu.
976 2240 1220 2280 Archiepiscopus.
1259 2241 1299 2283 Et

231 2276 252 2308 si
270 2277 331 2315 isti,
352 2279 399 2323 qui
422 2288 455 2309 ex
475 2288 553 2325 parte
572 2279 668 2311 nostra
688 2289 815 2320 treugam
827 2279 908 2310 istam
923 2278 1138 2324 assecurabunt,
1154 2281 1302 2319 praesentes
1396 2292 1457 2325 EX
1489 2294 1550 2325 &C—
1570 2293 1691 2325 Civibus
1705 2292 1741 2324 de
1757 2292 1884 2325 Colonia
1919 2292 1980 2324 ἃς,
2441 2288 2560 2324 Αηῃ,Π

230 2325 293 2361 ¹¹0¹}
312 2317 434 2361 fuerint,
450 2329 501 2363 Per
520 2319 588 2349 31103
606 2328 643 2363 ex,
659 2328 739 2364 'parte
760 2318 856 2349 ”Ostra
874 2318 1205 2364 aflecqfablfflsystffiec
1226 2329 1300 2359 Ρη·
1433 2319 1536 2364 G'rates
1548 2334 1632 2363 vobis
1646 2331 1791 2362 referimus
1807 2317 1977 2369 multiplices
1993 2330 2074 2369 super
2087 2330 2218 2369 honore,
2237 2332 2398 2363 reverentia
2411 2357 2421 2372 ,
2468 2331 2560 2368 1203)

229 2353 324 2394 semp&
338 2356 365 2386 ¹d
379 2355 516 2401 chesmti
535 2358 569 2389 ἃ
584 2357 708 2403 ΓΠΠὲῙΠΕΓ
721 2357 770 2388 fiet
785 2366 820 2388 ex
834 2366 912 2395 parte
926 2357 1122 2389 Vlceconms·
1338 2370 1443 2402 auxilio
1458 2372 1493 2403 &
1505 2372 1588 2403 bonis
1604 2371 1739 2401 Domino
1754 2370 1830 2410 Regi
1844 2370 1960 2400 Othoni
1973 2371 2073 2408 nepoti
2087 2369 2189 2400 nostro
2203 2370 2220 2399 a
2234 2371 2318 2401 vobis
2331 2371 2421 2402 colla·
2439 2371 2491 2395 An.
2508 2377 2535 2402 5-

263 2404 298 2439 ,4-
315 2394 353 2426 Et
371 2395 517 2440 sclessdum
539 2395 618 2435 (Ῑῦοἀ
635 2408 663 2427 ¹1²
677 2398 730 2428 hac
745 2405 842 2437 treuga
857 2405 939 2428 emm
953 2405 1035 2428 terrae
1046 2396 1152 2428 ”Ostsae
1167 2399 1201 2430 δε
1215 2406 1298 2429 tfflae
1341 2410 1389 2439 tis:
1409 2410 1543 2441 Vestram
1557 2410 1742 2441 dilectionem
1756 2410 1887 2441 attentius
1903 2417 2034 2449 rogantes
2049 2410 2180 2446 quatinus
2193 2418 2267 2446 opus
2289 2409 2420 2440 dilee‘tio-
2437 2406 2503 2444 Joh-

230 2432 419 2466 vicecomitis
433 2445 613 2480 communes.
1177 2476 1182 2481 ,
1199 2476 1205 2481 ,
1343 2449 1386 2478 nis
1399 2448 1434 2480 &
1448 2449 1594 2488 obsequii,
1612 2448 1691 2487 quod
1706 2457 1770 2488 erga
1785 2457 1853 2478 eum
1867 2446 1939 2478 adeo
1952 2448 2028 2478 bene
2040 2446 2201 2487 incepistis,
2218 2447 2254 2478 ad
2277 2447 2419 2480 effec‘tum
2437 2448 2497 2473 Pa!-
2516 2454 2536 2481 5
2535 2464 2546 2472 ·

250 2481 295 2517 ις.
313 2472 366 2511 Et,
387 2473 407 2503 si
429 2473 603 2504 Willielmus
623 2473 670 2516 de⁴
680 2473 899 2512 Malo-Leone,
917 2476 952 2506 &
967 2474 1077 2506 Gentes
1092 2474 1218 2506 Comitis
1233 2475 1296 2507 Au-
1339 2487 1497 2527 perducere
1510 2487 1641 2519 studeatis
1655 2495 1796 2525 optatum.
2436 2483 2560 2523 Johm4.

228 2519 275 2550 g¹²
300 2510 336 2542 de
352 2512 487 2552 &ne-fay,
506 2513 540 2544 &
558 2512 594 2543 de
613 2511 710 2543 ChffiC
729 2513 832 2544 volunt
847 2513 903 2543 effe
920 2513 991 2543 ¹¹¹f1‘2
1007 2514 1081 2545 hanc
1102 2523 1248 2554 treUgam:
1264 2524 1295 2545 e·
1377 2524 1416 2557 Et
1439 2527 1474 2557 ad
1495 2527 1572 2558 hunc
1595 2526 1743 2557 summum
1762 2526 1909 2556 honorem
1931 2521 2184 2568 consequendum,
2211 2533 2299 2562 quem
2324 2526 2326 2529 ’
2348 2523 2420 2556 Deo

228 2558 309 2588 runt,
325 2551 360 2581 ὃς
378 2550 442 2581 haec
459 2551 542 2581 nobis
559 2550 626 2581 scire
647 2551 749 2581 facient
771 2551 791 2581 fi
810 2551 868 2582 effe
879 2552 1021 2583 voluerint
1035 2553 1066 2582 in
1081 2552 1134 2583 hac
1148 2562 1246 2593 treuga
1260 2552 1296 2585 ad

229 2588 363 2619 ultimum
377 2588 424 2620 die
435 2588 555 2622 Veneris
568 2589 696 2629 instanti,
713 2590 817 2622 scilicet
830 2591 860 2621 in
873 2590 919 2622 die
929 2591 1004 2622 beati
1016 2589 1166 2623 Nicholai.

231 2663 365 2696 Testibus
373 2690 385 2705 ,

231 2743 266 2771 R.
286 2744 386 2771 Comite
399 2742 489 2783 Cestr,
507 2742 545 2779 &
560 2746 596 2774 R.

231 2783 333 2809 Comite
349 2781 467 2820 Leicestr
479 2806 488 2820 ‚

229 2819 275 2849 W.
295 2822 398 2849 Comite
412 2819 558 2859 Aruudel,

785 2744 930 2776 Willielmo
945 2745 976 2774 de
989 2744 1083 2785 Breos?
1162 2761 1164 2763 >

783 2783 821 2822 J.
839 2782 877 2819 (ὢν
892 2786 925 2814 Ρ,
945 2784 978 2813 de
995 2781 1121 2823 Pratell,

267 2895 355 2934 Apud
368 2895 553 2936 Chinonem,
571 2896 695 2928 secundo
709 2895 755 2928 die
769 2896 961 2930 Novembris.

1336 2573 1499 2606 annuente,
1515 2566 1545 2596 in
1560 2566 1648 2596 breve
1661 2565 1842 2596 consecuturi
1855 2564 1967 2603 sumus,
1987 2564 2013 2593 ei
2028 2565 2065 2594 ita
2079 2563 2195 2594 viriliter
2209 2564 2244 2594 &
2266 2573 2283 2593 e
2316 2565 2422 2594 cacitei·

1335 2604 1469 2634 auxilium
1492 2606 1526 2637 &
1548 2604 1700 2635 consilium
1723 2602 1906 2642 impendatis,
1923 2610 1955 2633 ut
1977 2610 2011 2632 ex
2027 2602 2084 2641 ejus
2099 2601 2297 2633 sublimatione
2310 2603 2418 2634 merito

1335 2641 1456 2681 gloriam
1474 2643 1610 2682 consequi
1633 2642 1770 2674 debeatis:
1790 2642 1922 2679 Amplius
1940 2642 2020 2672 enirn
2042 2639 2140 2672 vestro
2162 2639 2247 2671 ceder
2257 2640 2378 2678 honori,
2396 2641 2419 2674 fi

1336 2690 1387 2720 per
1401 2691 1453 2712 vos
1467 2683 1524 2720 ejus
1538 2682 1686 2722 promotio
1700 2681 1787 2710 finem
1802 2680 1916 2710 sortitur
1928 2687 2060 2717 optatum
2069 2702 2079 2717 ,
2094 2689 2110 2708 a
2125 2679 2228 2717 quibus
2257 2681 2344 2710 totius
2357 2680 2419 2711 for-

1336 2726 1414 2748 tunae
1428 2720 1485 2757 ejus
1500 2720 1580 2750 series
1595 2720 1629 2751 &
1643 2718 1790 2756 processus
1809 2717 1933 2755 sumpsit.

1374 2756 1444 2787 Nos
1460 2766 1556 2789 autem
1567 2767 1636 2795 VOS,
1654 2757 1688 2788 &
1701 2765 1804 2788 omnes
1819 2757 1930 2797 resz&
1946 2753 2130 2793 poffesfionoe
2141 2755 2249 2798 ,vestras
2263 2757 2292 2786 in
2316 2756 2417 2788 custo-

1336 2794 1414 2825 diam
1435 2797 1469 2826 &
1491 2797 1702 2835 proteffionem
1725 2794 1852 2825 nostram
1873 2793 2058 2831 suscepimus,
2076 2794 2160 2824 vobis
2173 2794 2365 2826 concedentes
2381 2796 2415 2826 li-

1337 2833 1440 2864 berum
1455 2835 1611 2874 ingreffum
1623 2834 1657 2866 ὃ(
1672 2833 1846 2874 regressum,
1860 2832 1894 2863 ὃ(
1909 2831 2055 2862 transitum
2071 2841 2121 2869 per
2134 2832 2295 2863 universam
2311 2842 2416 2864 terram

1333 2871 1478 2911 nostram,
1499 2882 1687 2912 quocumque
1707 2872 1791 2903 vobis
1812 2871 1967 2910 placuerit,
1992 2879 2062 2900 cum
2083 2871 2220 2900 omnibus
2247 2870 2417 2903 Mercandi-

1335 2910 1369 2941 sis
1391 2910 1507 2951 vestris3
1526 2912 1614 2944 Salvis
1635 2920 1731 2942 tamen
1749 2909 1834 2941 nobis
1852 2909 1954 2939 debitis
1981 2908 2016 2939 &
2029 2909 2148 2947 antiquis
2163 2908 2417 2942 consuetudinibus

1334 2948 1453 2989 nostris,
1472 2961 1539 2990 quas
1554 2949 1741 2982 anteceffores
1753 2947 1841 2991 vestri
1853 2948 1887 2980 δε
1904 2955 2110 2985 VOS,tempore
2123 2948 2332 2992 antecessorum
2347 2960 2416 2981 nos-

604 3025 609 3030 ,
655 3024 660 3030 ,
879 3025 883 3030 ,
1334 2995 1446 3019 trorum
1460 2988 1579 3031 Regum
1593 2988 1725 3030 Angliae,
1743 2985 1864 3026 fecistis,
1883 2987 1918 3019 &
1934 2986 2026 3018 facere
2039 2985 2233 3019 consuevistis.

232 3016 389 3064 Johannes
419 3023 484 3054 Rex
511 3021 627 3070 Angltae
649 3034 680 3054 m
699 3026 839 3069 gratiam
859 3034 896 3061 0-
905 3021 1176 3069 ftrvitiumfhum
1192 3026 1295 3070 reqipit
1915 3065 1921 3071 ,

511 3071 721 3104 Vicecomitem
738 3070 774 3104 de
793 3071 886 3104 Bello·
889 3074 1010 3106 Monte.
1371 3064 1463 3097 Teste
1473 3065 1548 3105 apud
1560 3066 1696 3098 Winton.
1718 3075 1732 3096 1
1741 3075 1753 3097 1
1768 3064 1815 3098 die
1828 3065 1945 3105 Aprilis.

84 3148 158 3178 Arm·
169 3147 208 3178 D·
229 3151 354 3215 REX
361 3177 378 3197 ,·
391 3153 452 3184 Sec.
468 3152 644 3185 Vicecomiri
657 3154 694 3185 de
707 3154 909 3188 Bello-Monte
922 3156 1056 3188 Salutem.

82 3196 191 3253 Arzzoz.
242 3232 265 3247 ,ν
332 3192 428 3222 Sciatis
445 3191 522 3235 quod
537 3193 725 3246 recolligimus
738 3205 789 3224 vos
804 3196 833 3224 iri
845 3206 992 3240 amorem,
1011 3196 1130 3236 gratiam
1155 3197 1191 3228 &
1210 3197 1297 3228 servi—
1335 3200 1541 3233 Romanorum
1567 3200 1635 3231 Rex
1660 3196 1740 3231 Otho
1764 3196 1944 3246 Johannem
1966 3199 2075 3243 Regem
2091 3198 2210 3244 Angliae
2229 3199 2355 3246 confidit
2375 3199 2411 3232 dc

129 3236 178 3261 ·4·
228 3238 300 3261 tium
313 3230 460 3275 nostrum,
478 3234 549 3262 licut
563 3230 699 3276 dilectum
713 3234 745 3263 δε
760 3234 997 3278 consanguineum
1012 3234 1160 3280 nostrum,
1178 3237 1212 3267 ὅτ.
1226 3235 1297 3267 fide-
1545 3249 1672 3281 Tuum-5
1693 3259 1762 3280 cum
1779 3251 1906 3281 Sweviae
1926 3249 2012 3281 Duce
2031 3246 2179 3280 ineundis,

82 3264 145 3300 J0h-
230 3269 288 3298 lem
302 3269 453 3300 hominem
466 3269 597 3300 nostrum
609 3270 724 3309 ligium,
745 3280 823 3309 cnjus
837 3273 981 3303 servulum
994 3275 1028 3305 ὃς
1042 3273 1206 3305 fidelitatem
1220 3276 1296 3306 mul-
1622 3277 1643 3295 ὸ

83 3305 132 3328 Pat
159 3311 187 3337 4·
230 3314 292 3336 tum
305 3309 523 3346 approbavimus
539 3309 572 3338 &
587 3308 784 3346 approbamus,

82 3322 185 3376 Johim—

82 3378 130 3409 nis,
140 3387 178 3407 m.
185 3377 214 3405 8.

1338 3331 1523 3393 OTHO,
1541 3331 1601 3362 Dei
1614 3332 1730 3371 Gratia,
1746 3332 1953 3364 Romanorum
1966 3332 2036 3363 Rex
2059 3333 2093 3364 &
2113 3332 2224 3370 semper
2243 3331 2407 3374 Augustus,
2426 3335 2503 3367 Αῃῃ,
2516 3337 2558 3369 Ι),

1424 3370 1568 3401 karissimo
1583 3371 1740 3403 Avunculo
1751 3372 1802 3402 suo
1813 3372 1953 3411 Johanni,
1968 3371 2028 3403 Dei
2045 3371 2162 3411 Gratia,
2177 3371 2238 3401 &c.
2260 3371 2295 3402 δε
2316 3373 2407 3402 since·
2449 3385 2540 3416 1203,

1335 3418 1377 3440 rae
1388 3407 1546 3440 dilectionis
1562 3411 1656 3447 pleno.
2424 3418 2476 3442 An.
2492 3425 2520 3451 5.

1374 3447 1454 3478 Statu
1476 3448 1558 3478 bono
1569 3472 1578 3486 ,
1596 3450 1706 3487 immo,
1725 3447 1784 3479 Dei
1797 3449 1897 3481 Gratia
1910 3458 2061 3488 operante,
2078 3448 2109 3479 lo
2185 3446 2221 3478 &
2236 3445 2287 3478 lon
2306 3457 2323 3478 e
2343 3457 2405 3479 me·
2423 3453 2488 3491 Joh.

1335 3486 1426 3517 liorati
1447 3485 1541 3517 sumus
1563 3497 1650 3525 quam
1668 3487 1774 3518 fuimus
1794 3513 1804 3528 ,
1828 3489 1887 3519 hoc
1906 3499 1960 3527 pro
1980 3498 2061 3520 certo
2082 3496 2119 3517 ve
2157 3495 2172 3515 a
2192 3485 2258 3516 sciat
2300 3486 2405 3517 necno.
2423 3495 2498 3519 cart.
2509 3499 2537 3527 5.

1336 3524 1461 3556 Confert
1479 3534 1575 3556 autem
1595 3527 1678 3556 nobis
1697 3526 1788 3557 vestra
1808 3527 1937 3558 molestia
1959 3526 2120 3559 molestiam
2142 3524 2176 3555 &
2199 3523 2348 3563 dolorem,
2366 3526 2405 3557 ira
2422 3530 2535 3568 John.

267 3345 358 3376 Vobis
371 3356 466 3377 autem
478 3345 660 3384 mandamus,
676 3356 804 3386 rogantes
819 3349 852 3379 &
868 3348 1060 3390 consulentes,
1079 3352 1208 3390 quatinus
1224 3353 1295 3382 exis-

231 3384 308 3427 tatiS,
326 3394 395 3415 cum
407 3394 510 3424 genere
521 3385 635 3424 vestro,
653 3386 683 3414 iii
695 3385 806 3415 servitio
817 3386 917 3417 nostro
931 3388 1002 3419 sicut
1023 3390 1170 3428 hucusque
1190 3392 1295 3422 extitis-

232 3429 284 3459 t133
302 3423 335 3453 &
355 3433 407 3453 nos
428 3434 497 3463 vos,
511 3424 544 3455 δε
565 3433 668 3454 omnes
687 3423 812 3462 vestrOS,
829 3426 864 3455 ὃς
883 3428 980 3456 omnia
996 3427 1087 3458 vestra
1122 3428 1194 3459 ficut
1205 3429 1294 3460 dilec-

233 3467 296 3489 tum
317 3462 350 3491 ὃς
372 3462 471 3501 ligium
491 3463 642 3493 hominem
660 3462 808 3500 nostrum,
827 3464 862 3494 ὃς
876 3474 918 3493 res
929 3464 1024 3496 dilecti
1038 3468 1072 3498 &
1086 3452 1174 3498 fidelis
1187 3468 1296 3510 nostri,

233 3499 493 3539 manutenebimus,
512 3501 660 3540 diligemus
674 3503 707 3532 ὃς
721 3500 913 3532 defendemus.

269 3535 340 3567 Nec
354 3538 485 3577 credatis,
503 3539 597 3577 aliquo
609 3539 719 3578 modo,
739 3539 818 3578 quod
833 3550 959 3579 unquam
974 3541 1011 3572 de
1023 3543 1106 3573 vobis
1128 3544 1201 3575 male
1213 3543 1296 3576 sensi-

233 3582 312 3612 ωας,
331 3583 376 3606 aut
397 3577 469 3607 male
485 3577 576 3608 locuti
594 3578 716 3617 fuimus,
732 3579 802 3609 sicut
822 3579 904 3609 vobis
923 3579 1084 3620 suggestum
1102 3583 1160 3613 effe
1180 3585 1294 3622 accepi-

232 3620 313 3650 mus;
332 3615 395 3657 quia
407 3615 501 3654 illurn,
518 3617 566 3654 qui
578 3616 638 3646 talia
651 3618 732 3648 vobis
745 3617 889 3658 suggeffit,
907 3621 1028 3659 cognito
1041 3621 1104 3660 quis
1117 3621 1165 3653 ille
1178 3622 1227 3662 fit,
1240 3633 1295 3654 co·

232 3658 294 3679 ram
307 3652 388 3681 vobis
399 3652 554 3684 falsidicum
568 3655 760 3692 probabimus.

247 3726 253 3731 .
269 3686 324 3725 Et,
348 3688 369 3717 si
388 3690 469 3735 vobis
487 3701 534 3723 aut
551 3702 632 3723 terrae
648 3693 747 3724 vestrae
765 3705 780 3725 a
798 3695 881 3726 nobis
900 3705 948 3728 aut
967 3696 1070 3728 nostris
1089 3698 1118 3728 in
1140 3698 1230 3738 aliqua
1247 3699 1293 3732 fo-

230 3725 375 3756 risfaecum
397 3728 489 3771 sit,-id
509 3731 591 3761 vobis
612 3741 662 3769 per
682 3733 826 3764 arbitrium
848 3734 1021 3767 diledtorum
1035 3737 1070 3768 &
1084 3735 1211 3768 fidelium
1224 3748 1293 3769 nos-

230 3772 343 3807 trorum
365 3762 487 3796 Comitis
509 3768 589 3800 Leic.
606 3770 640 3801 &
662 3769 695 3800 Ρ.
713 3769 750 3800 de
770 3770 881 3803 Pratell.
897 3774 931 3805 &
945 3774 987 3805 G.
1005 3774 1043 3806 de
1055 3774 1192 3814 Glapiou.
1209 3778 1294 3817 plene

230 3801 367 3833 faciemus
382 3805 541 3844 emendari,
559 3809 596 3839 ita
611 3808 690 3847 quod
703 3808 770 3839 inde
781 3809 918 3843 debebitis
933 3812 991 3845 effe
1004 3815 1141 3846 contenti.

267 3877 359 3910 Teste
373 3880 481 3919 meipso
493 3883 566 3921 apud
580 3884 699 3917 Salmur.
719 3885 798 3918 sexto
814 3885 860 3919 die
873 3887 1063 3924 Novembris.

1335 3564 1422 3608 iram,
1440 3563 1604 3602 prosperitas
1618 3565 1844 3609 prosperitatem,
1863 3567 1958 3598 honor
1971 3567 2129 3597 honorem:
2150 3562 2206 3601 Et,
2225 3563 2302 3594 versa
2321 3565 2405 3604 vice,
2427 3567 2469 3596 18.
2486 3568 2512 3597 d.

1332 3602 1470 3641 quicquid
1490 3603 1579 3641 boni,
1604 3604 1741 3643 quicquid
1759 3605 1876 3636 honoris
1895 3605 1978 3636 nobis
1997 3601 2115 3640 accidit,
2139 3602 2252 3633 bonum
2277 3601 2406 3634 vestrum

1332 3642 1453 3671 minime
1465 3639 1626 3673 dubitamus
1639 3643 1674 3673 ὃς
1689 3643 1848 3674 honorem:
1869 3643 1908 3675 Et
1920 3644 1989 3675 vere
2000 3642 2095 3672 honor
2108 3638 2206 3670 noster
2217 3638 2321 3683 'vester
2341 3640 2384 3671 est
2392 3666 2403 3680 ‚

1333 3679 1369 3711 δε
1402 3679 1546 3717 rosperitas
1562 3680 1657 3711 nostra
1671 3682 1778 3722 vestra,
1790 3692 1892 3723 agente
1905 3682 2011 3712 etenim
2023 3678 2111 3710 vestri
2124 3677 2234 3710 confilii
2247 3677 2404 3716 providen-

1332 3719 1370 3748 tia
1431 3717 1572 3757 diffitante,
1591 3720 1683 3752 modis
1709 3721 1860 3759 omnibus,
1878 3721 1979 3759 quibus
1999 3717 2164 3757 possemus,
2181 3726 2213 3747 ea
2255 3726 2299 3747 uae
2319 3726 2406 3756 expe-

1331 3756 1415 3788 diunt
1426 3780 1437 3795 ,
1454 3767 1519 3796 quae
1537 3758 1620 3789 vobis
1639 3761 1673 3791 δε
1690 3760 1788 3792 vestro
1809 3760 1918 3798 Regno
1940 3756 2048 3788 cedunt
2065 3755 2208 3794 profectui
2281 3755 2406 3797 honori,

1334 3797 1454 3866 negotgicis
1469 3795 1570 3827 nostris
1592 3799 1623 3829 in
1640 3808 1719 3838 parte
1736 3798 1902 3838 propontis,
1917 3806 1973 3837 pro
1994 3793 2076 3835 poffe
2096 3792 2198 3825 nostro
2210 3793 2306 3825 facere
2320 3795 2406 3826 volu-

1333 3843 1398 3864 mus
1496 3845 1595 3866 ramur.

1366 3844 1510 3912 Undeljafi
1530 3874 1635 3914 placet,
1654 3871 1784 3908 &⁷“vobis
1795 3873 1903 3912 sedeat,
1914 3874 1949 3904 δε
1961 3870 1999 3903 de
2012 3870 2108 3903 vestro
2123 3879 2248 3911 emergat
2262 3871 2402 3912 consilio,

1328 3919 1439 3952 treugas
1450 3913 1611 3952 capiemus,
1628 3915 1675 3945 vel
1694 3924 1745 3953 per
1765 3923 1856 3945 unum
1875 3912 1921 3943 vel
1937 3920 1987 3949 per
1998 3908 2072 3941 duos
2085 3913 2189 3940 Annos.
2207 3919 2278 3941 cum
2297 3920 2406 3952 cogna-

1328 3957 1363 3981 to
1376 3949 1477 3983 nostro
1493 3951 1581 3984 Duce
1595 3954 1734 3992 Sweviae,
1751 3951 1879 3983 volentes
1892 3950 1975 3983 vobis
1997 3948 2177 3988 succurrere,
2192 3948 2226 3980 δε
2247 3948 2284 3980 de
2306 3949 2404 3982 vestm

1328 3988 1424 4020 immo
1436 3988 1537 4021 nostro
1548 3991 1654 4023 honori
1667 3989 1829 4030 intendere,
1844 3990 1878 4021 &
1892 3987 2001 4021 vestros
2016 3986 2150 4019 invadere
2168 3989 2310 4021 inimicos.

1366 4026 1436 4059 Noe
1455 4029 1489 4061 δε
1511 4029 1606 4062 Frater
1626 4031 1724 4063 noster
1744 4029 1816 4061 Dux
1837 4028 1968 4059 saxonia:
1990 4035 2040 4057 aut
2060 4026 2155 4066 versus
2170 4034 2267 4066 partes
2287 4029 2403 4058 Remen—

1320 4063 1366 4105 fis
1384 4074 1431 4099 aut
1451 4068 1544 4100 versus
1563 4077 1655 4110 partes
1676 4066 1882 4100 Cameriacens.
1901 4067 2002 4105 parati
2023 4063 2117 4105 fiemus
2132 4064 2299 4108 -prqficifti5
2321 4065 2403 4137 ruffi
