2570 4261
210 153 285 192 152

53 222 132 252 'Am
143 219 185 250 D·
203 224 354 261 tenemini,
390 223 496 252 uatinus
510 226 608 249 contra
625 220 778 249 terminum
793 216 983 256 supradietum
997 216 1165 255 provideatis
1177 215 1260 246 vobis

76 267 158 297 {245
203 262 239 293 de
253 261 350 300 Vinis,
369 231 471 301 grado,
489 259 522 290 &
543 257 701 290 Baconibus
714 279 724 294 ,
749 255 899 286 retinendis
917 255 951 286 ad
971 265 1042 295 opus
1064 255 1209 291 nostrum,
1225 252 1260 282 ad

55 303 118 341 Περ·
138 307 165 334 3·
201 302 336 331 exercitus
349 298 436 329 nostri
451 295 675 327 iustentationem
689 294 831 325 mittendis
845 294 880 325 ad
893 304 963 333 nos,
980 293 1015 325 ad
1028 293 1193 324 mandatum
1207 301 1261 322 no-

261 348 299 368 m.

201 338 344 408 strgcifflri
363 372 437 413 quod
460 372 598 412 aliquem,
615 365 650 402 de
665 381 724 410 quo
737 370 819 409 plene
832 370 1022 408 confidamus,
1037 380 1052 400 a
1064 370 1146 400 latere
1156 367 1260 413 ¹nostro

205 414 239 445 ad
262 424 312 444 vos
331 421 394 442 ante
415 410 552 441 destinare
572 420 631 441 non
644 411 824 448 omittemus,
841 410 892 448 qui
906 411 962 439 unit
973 408 1122 439 vobiscum
1134 407 1262 450 disponet

203 453 319 492 qualiter
340 449 431 480 utilius
452 449 486 479 ad
506 459 577 487 opus
597 448 743 487 nostrum,
767 450 801 480 &
821 448 854 478 ad
868 448 1007 492 ,inimicos
1028 446 1140 477 nostros
1161 445 1263 476 fornus

198 488 355 530 gravandos
370 488 485 526 procedi
499 488 600 518 debeat
613 488 642 517 in
656 487 772 526 negotio
786 495 955 516 memorato.
1099 523 1103 528 Ι
1156 523 1161 528 .
1242 522 1247 526 ¹

240 527 355 558 Interim
377 536 472 557 autern
491 537 544 557 nos
560 526 716 557 certificare
738 535 798 555 non
811 525 948 554 omittatis
959 523 995 553 de
1010 531 1118 562 quantis
1133 521 1264 565 victuali-

203 567 258 596 bus
279 564 390 595 creditis
411 564 488 603 quod
501 564 646 600 confidere
658 565 797 594 valeamus
808 563 842 593 ad
864 572 916 592 nos
930 563 960 591 in
974 561 1112 604 Walliam
1123 560 1264 591 destinan-

204 603 246 634 dis
265 613 270 631 :
293 601 326 633 ὃ(
351 601 473 633 similiter
491 606 624 641 quantam
646 600 753 632 bonam
775 610 889 640 gentem
910 597 1020 643 creditis
1033 598 1109 643 quod
1122 599 1265 630 extrahere

206 641 315 672 valeatis
327 651 341 671 a
354 651 424 671 terra
436 640 530 672 nostra
544 640 691 671 Hiberniae
707 639 740 669 ad
754 638 927 669 veniendum
943 648 973 667 in
987 637 1197 675 expeditionem
1211 647 1265 668 no-

208 675 291 710 stram
301 692 310 717 ς
326 690 411 718 quam
423 679 536 718 quidem
543 677 712 717 conquestus
718 677 806 708 nostri
813 678 886 708 bene
894 676 1024 706 volumus
1030 676 1085 706 effe
1093 678 1264 716 participem.

247 717 294 748 Ad
314 718 394 757 haec,
412 718 492 748 vobis
511 715 674 747 mandamus
687 712 781 756 quod,
798 712 878 753 super
891 714 1178 758 praemisso-negotio,
1195 725 1264 745 cum

209 756 392 796 Magnatibus
410 766 492 787 rerrae
511 755 615 785 nostrae
638 753 962 792 Hiberniae-sigillatim,
980 753 1014 784 &
1033 753 1144 784 insimul
1166 754 1266 784 traeta-

207 803 269 825 tum
292 795 432 832 habeatis,
456 795 489 825 ἃ(
511 795 678 832 inquirentes
694 793 881 823 intentionem
903 791 1074 831 singulorum
1092 791 1128 822 de
1147 791 1266 823 subsidio

207 834 292 863 nobis
307 832 453 869 faciend03
471 833 504 864 δε
527 832 563 862 de
581 832 681 870 quibus
699 830 843 862 confidere
863 829 1024 870 possumus,
1038 830 1116 869 quod
1136 831 1218 860 nobis
1232 832 1263 862 in

205 872 258 902 hac
281 880 356 911 parte
376 872 462 902 velint
483 871 643 909 subvenire3
663 870 696 900 ὃ(
717 869 752 899 de
769 877 893 907 quante,
912 869 945 899 &
959 866 1265 909 cujusmodisubsidio3

205 920 279 948 quos
297 919 396 940 omnes
419 911 448 940 in
469 908 627 947 conquestu
651 907 788 946 praedie‘to
809 910 896 947 partes
912 907 969 937 suas
987 906 1119 938 volumus
1136 907 1210 946 large
1224 918 1265 938 re-

209 957 321 987 portare
338 959 344 978 z
384 947 422 979 Et
439 948 517 986 super
534 949 592 978 hoc
606 947 729 978 {imiliter
742 946 779 977 de
790 946 915 986 singulis,
929 946 963 977 ὅ(
981 945 1110 976 universis
1128 955 1181 976 nos
1203 956 1265 977 cer-

209 987 316 1019 tificare
328 987 436 1017 curetis.

243 1025 344 1056 Talem
365 1025 538 1065 diligentiam
559 1023 595 1055 ad
618 1024 676 1054 hoc
694 1024 842 1063 negotium
863 1021 1088 1062 prosequendum
1101 1023 1134 1054 &
1150 1033 1268 1062 promo-

184 1068 190 1073 '
207 1063 332 1094 vendum
350 1065 516 1103 appolituri,
534 1063 612 1104 quod
621 1072 755 1107 'appareat
769 1063 798 1092 in
813 1072 917 1106 opere,
935 1061 1010 1100 quod
1027 1061 1058 1092 sit
1070 1062 1154 1092 vobis
1169 1063 1267 1095 cordi.

205 1102 333 1141 dignitati
353 1102 457 1133 nostrae
475 1101 595 1133 dedecus
618 1110 772 1140 irrogatum
787 1100 898 1138 ulcisci,
916 1099 949 1130 &
963 1099 1040 1137 quod
1056 1109 1091 1130 ex
1105 1109 1141 1130 eo
1153 1101 1267 1131 titulum
1306 1132 1309 1133 γ

207 1150 378 1180 perpetuum
406 1141 487 1172 vobis
513 1141 660 1180 adquiratis
687 1144 798 1177 (praeter
818 1139 934 1178 dignam
954 1139 1213 1170 remunerationem
1231 1140 1266 1171 &

206 1180 335 1219 gratiam)
356 1179 388 1210 δε
403 1188 492 1219 grates
506 1179 650 1218 speciales,
667 1187 734 1217 quas
749 1188 765 1208 a
776 1178 858 1208 nobis
868 1177 936 1208 inde
948 1178 1130 1215 reportabitis.

209 1280 211 1282 .
244 1255 333 1287 Teste
346 1255 429 1297 Rege
442 1256 515 1295 apud
527 1253 832 1294 Westmonasterium,
851 1263 889 1284 10
900 1253 947 1285 die
956 1253 1087 1292 Januarii.

59 1382 74 1398 ”
88 1382 110 1409 Ῐ-
126 1389 192 1416 43²·
334 1416 338 1421 ,
369 1380 396 1407 ³⁶
418 1384 466 1416 De
484 1382 610 1430 Treugis
630 1394 698 1414 cum
715 1380 842 1415 Davide
857 1381 935 1414 Filio
953 1381 1107 1415 Lemelini.

59 1465 136 1497 Arm.
151 1465 192 1495 D.
271 1469 424 1499 Extraneus
453 1467 625 1506 justiciarius
650 1466 770 1497 Cestriae
785 1489 794 1504 ,
826 1466 860 1497 &
881 1465 1023 1497 Henricus
1045 1466 1083 1497 de
1102 1446 1269 1508 Alditheleg.

81 1513 164 1543 1245·
245 1517 252 1525 ·
274 1509 376 1537 habent
396 1505 562 1545 potestatem
578 1505 715 1536 tractandi
734 1514 802 1534 cum
824 1504 950 1535 Nunciis
970 1504 1066 1535 David
1087 1504 1133 1535 filii
1149 1506 1270 1537 Leweli·

59 1548 111 1570 An.
131 1554 175 1578 29·
231 1547 275 1583 ni,
299 1545 443 1584 quondam
468 1543 604 1583 Principis
626 1543 794 1574 Norwalliae
809 1566 819 1581 ,
843 1543 878 1574 de
895 1544 1015 1582 'I'reugis
1036 1544 1175 1582 capiendis
1196 1547 1268 1576 inter

58 1586 94 1609 H.
114 1592 138 1618 3.
209 1583 374 1615 Dominum
393 1583 522 1621 Regem,
541 1583 574 1614 &
591 1582 680 1620 ipsum
696 1581 808 1618 David,
827 1582 859 1612 &
873 1582 1027 1620 complices
1042 1583 1111 1613 suos.

58 1623 173 1685 2³22&
245 1622 278 1654 In
290 1623 383 1661 cujus,
401 1622 460 1653 ἃς.

59 1679 94 1724 m¹
111 1691 137 1724 S.

245 1700 333 1731 Teste
348 1700 429 1739 Rege
441 1698 516 1739 apud
530 1696 834 1735 westmonasterium,
853 1697 870 1725 6
890 1697 935 1728 die
948 1696 1056 1729 Martii.

247 1777 284 1808 Et
308 1777 413 1807 hibent
440 1775 489 1815 ipfi
517 1774 684 1813 potestatem
704 1773 885 1805 conducendi
904 1772 1043 1805 Nuncios
1063 1774 1216 1814 praedietos
1237 1775 1272 1806 ad

210 1816 360 1846 consilium
381 1815 483 1854 Regis,
503 1815 535 1844 ὃς
557 1814 636 1844 duret
656 1812 812 1844 conductus
834 1822 882 1851 per
907 1821 941 1849 15
964 1812 1023 1844 dies
1035 1813 1183 1854 postquam
1200 1822 1273 1845 treu-

213 1863 257 1894 gae
276 1854 419 1892 praedistae
434 1853 536 1884 fuerint
549 1852 674 1883 firmatae.

248 1931 338 1962 Teste
359 1939 388 1962 ut
406 1931 493 1971 supra.

248 2007 287 2038 Et
308 2001 471 2039 mandatum
489 2007 531 2038 est
553 2006 691 2045 praedietis
707 2005 848 2044 Johanni,
866 2005 900 2037 &
920 2003 1069 2044 Henrico,
1093 2006 1171 2045 quod
1193 2007 1273 2038 nullo

209 2046 298 2077 modo
311 2049 422 2086 capiant
435 2055 545 2087 treugas.
556 2046 589 2075 aii
612 2056 657 2075 uas
665 2055 761 2084 ,-cum
778 2045 786 2074 i
807 2044 835 2074 so
852 2044 946 2075 David
958 2045 991 2075 &
1007 2045 1196 2083 complicibus
1211 2047 1274 2085 suis,

209 2085 310 2116 diutius
326 2087 410 2124 quam
423 2085 509 2123 usque
523 2083 556 2115 ad
570 2084 597 2115 fe
624 2093 673 2114 urn
685 2083 771 2114 saneti
780 2053 884 2121 Jpacobi
897 2082 1038 2123 Apostoli.

247 2161 338 2192 Teste
356 2169 387 2192 ut
405 2162 489 2200 supra.

246 2293 296 2335 De
312 2293 373 2325 Die
389 2289 533 2339 affignata
546 2302 600 2338 pro
617 2290 746 2324 emendis
760 2293 1008 2337 Interceptionum
1023 2301 1126 2324 contra
1141 2291 1239 2325 Treu-

581 2351 658 2387 gam
679 2350 748 2371 cum
766 2342 908 2372 Franci'a.

66 2428 141 2458 Ann.
156 2425 197 2457 D.
215 2424 343 2482 RVEX
361 2424 402 2455 G.
418 2425 532 2465 Rydell.
555 2423 690 2455 Domino
707 2424 827 2463 Blaviae,
846 2425 879 2456 δε
900 2424 986 2455 Petro
1005 2424 1041 2456 de
1057 2425 1218 2466 Burdegaiia
1237 2427 1277 2458 la-

88 2476 122 2496 12
165 2489 171 2495 .
288 2465 383 2495 lutem.

63 2509 105 2532 An
123 2475 184 2541 4259.
253 2503 332 2541 Qua
355 2501 483 2533 cmendae
504 2501 743 2541 interceptionum
761 2523 771 2538 ,
792 2510 856 2539 quae
876 2499 959 2530 faetae
978 2501 1039 2532 sunt
1060 2502 1131 2533 infra
1151 2511 1278 2543 treugas,

65 2548 100 2571 Η.
120 2553 144 2580 3.
215 2550 281 2580 quae
298 2541 398 2572 ultimo
413 2550 503 2578 captae
516 2540 629 2571 fuerunt
642 2540 712 2569 inter
725 2538 860 2569 illustrem
873 2538 985 2579 Regem
1000 2540 1143 2580 Franciae,
1159 2543 1193 2573 &
1208 2552 1280 2580 nos,

64 2585 125 2609 Par.
137 2591 180 2617 29.
218 2580 351 2611 basternis
368 2587 503 2617 ceperunt
523 2578 704 2615 dilationem,
722 2576 870 2615 aliquando
884 2586 933 2616 per
946 2579 1182 2616 impedimentum
1197 2580 1275 2610 infir-

64 2623 100 2646 H.
124 2629 148 2655 3.
218 2620 339 2657 mitatis,
354 2617 502 2658 aliquando
515 2627 563 2655 per
578 2616 796 2654 occupationem
810 2624 988 2656 guerrarum,
1005 2618 1039 2648 &
1051 2618 1172 2649 aliorum
1188 2628 1278 2658 nego-

65 2667 100 2686 ιη.
119 2659 145 2685 6.
217 2658 337 2694 tiorum3

255 2694 375 2734 Propter
397 2694 474 2733 quod
510 2694 577 2725 cum
599 2702 690 2731 nuper
707 2692 809 2723 fuimus
823 2702 839 2722 a
854 2692 992 2737 praedicto
1005 2692 1108 2737 Rege,
1125 2704 1175 2735 per
1189 2694 1297 2726 Nun-·

218 2734 278 2764 cios
298 2734 376 2772 suos,
394 2735 473 2771 requi
485 2734 516 2763 iti
537 2733 617 2771 super
631 2731 757 2774 emendis
771 2741 866 2774 earum
880 2740 1117 2771 iutercepnonum
1131 2734 1281 2772 faciendis,

218 2772 414 2809 recollegimus
430 2771 507 2801 diem
526 2781 595 2802 cum
615 2770 717 2800 eildem
739 2769 774 2799 N
777 2779 864 2799 unciis
883 2771 913 2799 in
934 2770 1053 2801 octabis
1073 2771 1280 2808 Apostolorum

218 2810 297 2840 Petri
319 2812 352 2842 &
375 2809 473 2849 Pauli,
490 2809 558 2840 loco
572 2810 644 2848 prius
658 2818 708 2847 per
721 2818 773 2838 vos
784 2806 919 2847 assignato
933 2808 966 2838 ad
979 2808 1127 2848 praedietas
1142 2811 1282 2849 intercep-

219 2849 326 2886 tiones,
342 2848 410 2879 hinc
432 2848 497 2879 inde
514 2847 615 2888 faotas,
632 2846 832 2884 emendandas,
851 2847 884 2876 ὅ(
897 2845 930 2876 ad
948 2848 1078 2878 emendas
1090 2848 1281 2918 recipienda&

220 2886 296 2917 unde
319 2897 378 2917 non
398 2886 439 2918 est
454 2887 565 2918 necesse
581 2886 658 2925 quod
671 2886 723 2915 sitis
737 2885 771 2915 ad
784 2884 932 2923 praefatum
947 2886 1048 2917 locum
1062 2897 1079 2918 a
1092 2886 1138 2918 die
1176 2887 1282 2926 aschae,

220 2925 251 2955 in
265 2933 320 2954 tres
335 2925 514 2964 septimanas,
529 2925 597 2956 sicut
619 2924 670 2955 fuit
686 2923 837 2963 provisum.

258 2962 430 2993 Mandamus
448 2973 541 2993 autem
559 2964 657 3001 vobis,
676 2971 805 3002 rogantes
818 2962 963 3000 attentius,
981 2963 1014 2993 ὅ(
1030 2963 1059 2994 in
1073 2962 1144 3003 fide,
1162 2973 1217 3003 qua
1229 2974 1283 2995 no-

221 3001 264 3030 bis
284 3002 442 3039 tenemini,
470 3001 572 3031 firmius
595 3003 794 3039 injungentes,
816 3009 949 3040 quatenus
970 3001 1124 3034 nullatenus
1147 3003 1285 3034 omittatis

221 3039 309 3077 quin,
333 3038 367 3070 ad
388 3041 543 3069 terminum
563 3039 768 3079 supradictum,
792 3040 967 3070 conveniatis
986 3040 1020 3071 ad
1037 3039 1175 3072 vemendas
1194 3041 1286 3072 diCta-

221 3078 558 3145 rumdinterceptionum,
573 3078 650 3116 juxta
672 3078 794 3108 formam
814 3086 992 3117 treugarum,
1009 3079 1146 3110 faciendas
1166 3080 1199 3111 &
1215 3081 1286 3111 teci-

243 3125 286 3145 ien
307 3126 348 3145 as·

220 3125 241 3153 p
258 3141 489 3184 Scite'facientes
508 3154 642 3183 omnibus
660 3153 695 3183 de
716 3161 787 3183 terra
808 3154 919 3193 nostra,
936 3165 1007 3194 quos
1021 3156 1112 3186 interc
1149 3156 1239 3187 tiones
1253 3156 1287 3187 il-

224 3193 277 3229 1ae,
293 3193 339 3222 vel
357 3192 489 3223 emendae
511 3202 607 3222 earum
626 3200 754 3231 tangent,
796 3192 851 3222 uod
872 3202 941 3224 tunc
963 3195 1015 3225 sint
1039 3195 1080 3224 ibi
1099 3204 1115 3224 a
1153 3195 1285 3232 justitiam

223 3231 397 3298 {ateiendffiu’
421 3232 455 3263 ὃς
479 3230 667 3269 recipiendam
688 3230 770 3261 secun
793 3240 840 3261 um
863 3232 986 3263 formam
1007 3241 1165 3273 treugarum
1183 3233 1287 3272 praedi-

225 3280 242 3298 Ε
256 3279 344 3299 ιΠΩΠῚ.

264 3345 353 3376 Teste
368 3345 451 3386 Rege
467 3345 540 3384 apud
555 3344 719 3376 NVindesor.
733 3354 769 3375 21
785 3345 830 3375 die
845 3345 953 3385 Aprilis.
1004 3380 1006 3382 r

301 3476 359 3509 Ad
383 3480 490 3524 Regem
513 3482 619 3512 Litera
645 3491 665 3511 a
695 3482 879 3526 Margareta
901 3480 1049 3526 Comitiffiz
1065 3479 1224 3513 Flandriae.

83 3563 159 3594 Arm.
176 3562 218 3593 D.
239 3558 530 3618 EXcellt-ntissimo
553 3563 689 3594 Domino
703 3564 767 3601 su0,
787 3563 938 3603 Deigratia
975 3564 1051 3603 Regi
1066 3564 1196 3604 Angltae,
1211 3563 1292 3595 Duci

103 3610 190 3641 1245.
317 3597 491 3636 Aequitaniae
506 3603 539 3632 &
554 3602 686 3632 Domino
699 3602 833 3632 Yberniae
842 3625 850 3640 ‚
866 3604 921 3640 ejus
935 3587 1020 3633 h'delis
1031 3604 1064 3634 &
1077 3602 1292 3641 consanguinea

83 3645 136 3669 An.
158 3650 202 3675 ²9·
239 3632 399 3676 Margareta
411 3639 547 3680 ‘Flandriae
562 3641 595 3670 ὃς
606 3640 655 3670 Ha
674 3641 768 3671 noniae
785 3639 934 3671 Comitiffa
946 3641 1059 3672 salutem
1093 3641 1127 3672 &
1142 3650 1212 3672 cum
1226 3651 1293 3671 om-

84 3684 118 3744 ξ·
140 3688 165 3715 3·
235 3676 513 3740 ἓὲῐῃΡῑΟΠἸΡῖιωάἰηε
539 3678 643 3708 sei-vien
665 3680 674 3708 i
698 3687 818 3716 paratam
840 3679 874 3710 ad
893 3681 948 3717 ejus
970 3664 1146 3718 beneplacita
1166 3679 1293 3710 volunta-

107 3727 124 3743 ,τ
144 3721 213 3743 Bun-
300 3733 305 3738 ·

86 3755 141 3782 dela
149 3755 204 3781 Lit-
277 3747 466 3792 Intelleximus
484 3752 559 3788 quod
579 3753 720 3790 Johannes
738 3753 882 3785 Dominus
901 3754 1028 3786 Badercl.
1048 3754 1176 3795 Burgens.
1198 3754 1294 3785 noster

86 3800 201 3819 terarum
238 3785 321 3830 Ipres.
348 3797 378 3815 in
405 3787 505 3831 vestra}
533 3790 729 3822 dominationis
749 3792 910 3831 potestate,
940 3794 976 3824 de
998 3794 1195 3832 quinquaginta
1216 3793 1294 3823 libris

87 3836 194 3866 tempore
238 3824 436 3892 {terhngorum
451 3849 460 3862 ,
499 3836 529 3856 in
559 3838 702 3860 numerata
731 3832 850 3869 pecunia
864 3853 874 3868 ‚
905 3832 1041 3863 violenter
1072 3833 1162 3862 extitit
1194 3831 1296 3871 spolia-

89 3872 123 3896 Η,
168 3890 171 3895 ,
251 3873 288 3892 us.

148 3877 159 3905 3
256 3940 261 3944 .
279 3900 406 3938 Verum,
426 3910 493 3931 cum
513 3901 585 3931 idem
602 3903 743 3940 Johannes
762 3908 802 3936 ob
816 3906 874 3937 hoc
888 3906 922 3936 ad
936 3917 996 3938 non
1009 3907 1155 3939 modicam
1173 3907 1296 3938 devene-

239 3948 275 3968 rit
296 3948 500 3983 paupertatem,
525 3938 724 3973 Excellentiam
745 3945 865 3974 vestram
886 3947 984 3984 omni,
999 3946 1054 3985 qua
1072 3946 1234 3984 possumus,
1251 3946 1294 3976 af-

239 3978 365 4019 ferihone
377 3986 530 4020 rogamus,
549 3987 680 4019 quatenus
695 3981 784 4011 vestra
803 3982 933 4021 dignetur
946 3986 1097 4023 praecipere
1111 3983 1240 4022 Maiestas
1252 3994 1295 4014 re-

240 4022 285 4053 gia
305 4023 337 4046 ut
355 4014 433 4048 dieto
452 4015 581 4055 Burgenli
600 4015 698 4061 nostro
713 4019 918 4053 restituatursic
932 4022 1035 4061 ablata,
1052 4030 1162 4059 tantum
1176 4022 1241 4054 inde
1256 4024 1296 4054 fa-

663 126 1909 180 CONVENTIONE-S,L1TERAE,

1302 202 1411 244 cientes
1427 221 1459 243 ut
1501 212 1598 243 roinde
1608 213 1722 245 >vestrae
1740 213 1927 244 dominationi
1948 213 2032 251 regiae
2052 218 2196 243 teneamur
2215 210 2250 241 ad
2260 218 2364 251 grates,
2379 207 2458 239 Ann.
2471 199 2552 249 1)..ss
2568 208 2570 247 j

1307 253 1341 282 &
1361 252 1455 282 dietus
1501 251 1606 291 urgens.
1627 252 1720 283 noster
1740 261 1837 290 preces
1848 250 1956 282 nostras
1973 251 2026 281 fibi
2037 250 2111 289 apud
2127 260 2178 282 vos
2190 248 2286 281 smtiat
2298 259 2365 289 pro-
2397 252 2483 284 1245.
2539 277 2553 287 .,
2568 279 2570 288 ,

1303 290 1392 320 fuine.
2379 290 2444 314 Hm.
2467 294 2481 321 3

1342 327 1439 359 Valeat
1449 326 1541 358 vestra
1555 327 1733 360 incolumitas
1747 338 1796 366 per
1809 336 1936 366 tempora
1950 326 2084 367 longiora.⁴

1343 402 1454 434 Datum
1477 402 1523 434 die
1536 401 1677 436 Mercurii
1689 403 1754 443 post
1769 404 1857 435 Ram.
1871 403 1960 434 Palm.

1385 527 1536 560 *Littera
1563 530 1637 575 Regi
1661 526 1702 560 ab
1729 527 1834 561 eadem
1853 528 1944 574 sicper
1968 526 2062 561 Feodo
2076 524 2299 572 fibisblvendo.
2385 530 2514 568 *1-433;

1310 608 1601 671 EXcellentissimo
1621 611 1756 644 Domino
1773 613 1823 643 suo
1835 612 1876 643 H.
1893 612 1951 643 Dei
1963 610 2049 652 gratia
2061 611 2137 650 Regi
2152 610 2281 650 Angliae,
2299 609 2366 641 Do·
2381 614 2460 646 Anu,
2472 614 2514 647 D.⁴

1384 651 1465 679 mino
1484 650 1633 681 Hiberniae
1659 652 1693 682 &
1712 651 1792 682 Duci
1808 651 2002 691 Aqustanniae,
2027 650 2114 681 fidelis
2134 650 2192 688 ejus
2205 674 2214 687 ,
2239 650 2272 681 &
2295 659 2366 680 con·
2403 654 2486 692 1245.

1309 687 1472 727 sanguinea,
1492 688 1649 728 Margareta
1673 689 1860 720 Flandrorum
1880 690 1914 720 &
1930 689 2027 730 flayn.
2064 688 2215 721 Comitiffii
2236 688 2366 727 salutem,
2381 696 2434 721 An.
2444 702 2490 727 29·

1308 726 1343 757 δε
1365 726 1498 766 quicquid
1511 727 1604 764 potest
1615 728 1714 758 servitii
1727 729 1761 759 &
1776 729 1902 758 honoris.
2381 735 2416 758 Η.
2439 740 2465 767 3.

1345 764 1492 796 Serenitati
1506 765 1607 796 vestrae
1621 766 1739 797 dilectos
1756 765 1893 796 Nuncios
1912 765 2039 804 nostros,
2058 763 2221 796 Walterum
2237 763 2365 796 Militem
2381 768 2485 798 Ibidem.

1309 802 1483 834 Bacularium
1501 804 1648 842 nostrum,
1663 805 1697 835 ὅ(
1717 804 1910 836 Willielmum
1929 805 2056 835 nostrum
2070 803 2233 842 Clericum,
2250 803 2367 834 latorem

1309 842 1486 879 praesentium
1495 864 1506 880 ,
1520 842 1727 873 transmittimus
1736 866 1745 881 ,

1347 880 1539 918 Supplicantes
1558 889 1692 919 quatenus
1711 881 1792 920 super
1811 881 1953 918 arreragiis
1971 879 2121 911 feodorum
2135 879 2297 910 nostrorum
2309 881 2368 910 tam

1310 918 1449 950 Flandriae
1475 920 1560 959 quam
1581 919 1742 959 Haynoniae
1763 942 1773 958 ,
1807 920 1908 958 quibus
1928 920 2010 949 nobis
2029 918 2188 957 tenemini,
2212 917 2370 952 ,secundum

1311 958 1389 996 quod
1411 958 1477 998 ipfi,
1494 958 1540 988 vel
1560 958 1626 988 alter
1646 967 1747 988 eorum
1760 957 1861 988 vestrae
1875 957 2030 988 celsitudini
2044 966 2204 995 exponent,
2222 957 2268 988 vel
2281 966 2370 996 expo-

1309 1005 1374 1033 net,
1389 1006 1440 1026 ore
1459 1005 1539 1026 tenus
1560 996 1749 1027 indubitanter
1769 996 1901 1035 credere,
1915 996 1949 1026 &
1969 995 2066 1026 eadem
2079 997 2213 1035 arreragia
2226 995 2307 1026 nobis
2357 1005 2370 1026 r

1310 1034 1396 1072 ipsos,
1416 1034 1462 1065 vel
1481 1045 1531 1073 per
1554 1035 1643 1074 ipsum
1663 1035 1845 1066 transmittere
1862 1035 2035 1073 dignemini,
2052 1034 2122 1066 sicut
2142 1034 2172 1064 in
2193 1034 2251 1065 hoc
2266 1033 2290 1065 P
2315 1033 2369 1065 cha

1310 1082 1400 1113 nuper
1421 1074 1563 1112 praeterito
1579 1073 1702 1104 affertive
1719 1074 1811 1104 facere
1823 1072 1995 1114 promisistis.

1348 1148 1417 1181 Dat.
1436 1150 1519 1181 Insul.
1538 1150 1580 1181 Fl.
1599 1159 1693 1191 quarta
1710 1149 1775 1192 post
1794 1149 1919 1181 octabas
1934 1148 2054 1180 Paschae«
2092 1145 2099 1151 ⁰

1407 1266 1497 1308 Bulla
1525 1272 1561 1308 de
1587 1276 1750 1323 Privilegio
1771 1274 1902 1322 Philippo
1927 1274 2020 1320 Baffet
2050 1275 2162 1307 Baroni
2190 1272 2271 1307 dato.

1313 1357 1530 1420 INnocentius
1549 1360 1706 1402 Episcopus
1741 1361 1832 1392 servus
1844 1361 1988 1391 servorum
2004 1359 2079 1398 Dei,
2096 1358 2201 1403 dilecto
2218 1358 2291 1403 Filio
2304 1357 2373 1403 No'.
2391 1354 2517 1389 AnnD,

1362 1399 1411 1442 bili
1433 1398 1528 1438 Viro,
1556 1399 1689 1439 Philippo
1709 1386 1799 1431 basset
1814 1423 1823 1438 ,
1847 1399 1949 1430 Baroni
1972 1397 2103 1442 carissimi
2124 1408 2154 1428 in
2175 1396 2292 1428 Christo
2310 1396 2372 1427 Filii
2411 1403 2494 1434 1245.

1314 1435 1402 1466 nostri
1562 1438 1671 1469 illustris
1690 1438 1776 1478 Regis
1796 1438 1927 1478 Angliae,
1946 1436 2078 1467 Ecclehae
2097 1436 2243 1467 Romanae
2265 1436 2373 1467 devoto
2388 1439 2440 1463 An.
2458 1444 2504 1470 29-

1313 1474 1426 1506 salutem
1435 1499 1444 1514 ,
1456 1477 1490 1507 &
1503 1476 1687 1516 apostolicam
1699 1476 1936 1507 benedierioncm.
2206 1483 2211 1490 ¹
2389 1478 2425 1503 H.
2449 1483 2462 1510 3
2470 1492 2477 1499 -

1351 1512 1407 1544 Illis
1419 1514 1597 1554 potissimum
1611 1516 1730 1552 gratiam
1745 1515 1892 1554 specialem
1908 1512 1981 1544 sedes
1994 1512 2146 1551 apostolica
2159 1512 2304 1544 consuevit
2316 1513 2369 1544 im·
2388 1516 2429 1539 Ex
2442 1513 2504 1539 Am*

1313 1551 1452 1591 pendere,
1470 1554 1518 1592 qui
1538 1553 1696 1584 Nobilibus
1713 1554 1769 1584 orti
1781 1554 1930 1591 natalibus,
1949 1554 1982 1583 ὃς
1996 1552 2127 1582 habentes
2141 1552 2172 1581 in
2187 1561 2257 1582 terra
2272 1560 2372 1591 poten-
2388 1558 2455 1589 tagr-

1313 1591 1382 1659 tiiam
1399 1592 1603 1660 teffipgralem,
1620 1601 1695 1633 grata
1712 1592 1826 1631 possunt
1845 1591 1975 1630 obsequia
1997 1590 2088 1621 eidem
2107 1589 2178 1629 sedi,
2197 1599 2268 1621 cum
2288 1599 2373 1630 expe—

1337 1638 1357 1660 tt
1391 1638 1424 1660 ex
1447 1641 1454 1659 i
1493 1641 1530 1661 re.

1351 1652 1418 1698 131iis
1436 1669 1520 1708 igitur
1542 1670 1571 1700 in
1593 1669 1710 1709 persona
1728 1677 1773 1700 tua
1794 1665 1915 1708 provide
1929 1665 2153 1707 circumspectis,
2171 1667 2226 1697 tuis
2236 1665 2374 1707 supplica-

1315 1706 1439 1737 tionibus
1458 1709 1604 1746 benignius
1623 1716 1790 1747 annuentes,
1808 1717 1838 1738 ut
1857 1706 1937 1737 liceat
1957 1706 2028 1744 tibi,
2045 1708 2079 1736 &
2100 1706 2183 1736 uxori
2195 1713 2268 1744 tuae,
2285 1716 2318 1737 ac
2332 1706 2374 1736 fa⁴

1316 1745 1401 1775 miliae
1415 1747 1554 1786 utriusque
1569 1748 1599 1776 in
1615 1746 1743 1778 Ecclesiis
1757 1747 1801 1777 vel
1815 1745 1952 1784 Capellis,
1970 1744 2004 1775 ad
2016 1753 2082 1783 quas
2095 1753 2123 1775 te
2137 1744 2231 1775 venire
2244 1745 2320 1775 conti
2342 1754 2373 1774 e-

1315 1784 1366 1820 rit,
1384 1783 1471 1814 libere
1485 1785 1577 1815 audire
1589 1784 1700 1824 divina,
1717 1795 1777 1816 non
1789 1784 1936 1822 obstante,
1955 1783 1974 1813 fi
1988 1782 2096 1813 eaedem
2109 1782 2243 1814 Ecclefiae
2255 1782 2300 1813 vel
2361 1800 2376 1808 -

1315 1822 1395 1860 pellae
1413 1822 1556 1854 sententiae
1578 1824 1723 1862 suppositae
1744 1824 1847 1854 fuerint
1864 1821 2004 1852 interdicti
2027 1820 2198 1858 (dummodo
2217 1821 2267 1859 ipsi
2281 1831 2331 1859 per
2345 1830 2374 1852 te

1316 1860 1424 1891 causam
1443 1871 1503 1891 non
1519 1862 1644 1901 dederis,
1664 1863 1706 1894 vel
1725 1872 1773 1900 per
1795 1871 1872 1898 tuos,
1894 1870 1947 1890 nec
1966 1860 1995 1890 id
2009 1860 2080 1899 tibi,
2095 1859 2141 1889 vel
2155 1860 2218 1897 ipsis
2231 1861 2378 1900 contingat

1314 1898 1464 1936 specialiter
1477 1901 1618 1937 interdici)
1636 1901 1812 1932 Auctoritare
1823 1900 1877 1932 tibi
1893 1897 2069 1937 praesentium
2081 1898 2272 1937 indulgemus3

1353 1937 1516 1969 Distrifflus
1536 1940 1693 1970 inhibentes
1719 1940 1816 1977 nequis
1838 1938 2005 1978 Delegatus‚
2030 1936 2244 1980 Subdelegatus,
2267 1935 2378 1968 Execua

1316 1983 1377 2014 tor,
1397 1977 1441 2007 vel
1455 1977 1661 2017 Conservator‚
1676 1978 1840 2009 auctoritate
1853 1976 1920 2008 sedis
1935 1975 2108 2013 apostolicae,
2125 1976 2170 2006 vel
2182 1974 2375 2015 delegatorum

1317 2015 1416 2054 ipsius,
1433 2017 1463 2046 in
1483 2024 1579 2056 tuam,
1597 2017 1706 2055 uxoris,
1724 2017 1758 2047 &
1776 2015 1897 2046 filiorum
1912 2023 2027 2045 tuomm
2041 2014 2166 2053 personas
2179 2016 2379 2045 excommuni-

1318 2054 1449 2092 cationis,
1468 2063 1515 2085 aut
1538 2055 1567 2085 in
1589 2064 1670 2086 terras
1693 2064 1751 2086 tuas
1769 2054 1908 2084 interdicti
1929 2053 2106 2091 sententiam,
2125 2052 2227 2090 absque
2241 2053 2376 2083 mandato

1316 2091 1385 2122 sedis
1404 2092 1577 2134 Apostolicae
1590 2094 1711 2133 speciali,
1729 2092 1805 2132 quod
1820 2092 1855 2122 de
1870 2092 2037 2122 inhibitione
2049 2091 2206 2129 hujusmodi
2221 2089 2375 2129 expressam

1316 2131 1398 2161 faciat
1411 2133 1603 2170 mentionem,
1621 2132 1718 2162 audeat
1732 2131 1917 2169 promulgare.

1354 2169 1436 2199 Nulli
1455 2178 1522 2209 ergo
1542 2171 1664 2200 omnino
1686 2171 1839 2200 hominurn
1861 2169 1942 2200 liceat
1955 2167 2028 2198 hanc
2043 2168 2174 2207 paginam
2185 2166 2290 2211 noffijae
2303 2177 2376 2198 con—

1317 2207 1446 2239 ceffionis
1469 2208 1503 2239 ὅ(
1529 2209 1703 2239 inhibitionis
1731 2208 1883 2246 infringere
1901 2230 1910 2245 ,
1942 2206 1986 2238 vel
2008 2207 2034 2236 ei
2053 2206 2116 2237 ausu
2137 2214 2283 2237 temerario
2304 2216 2376 2237 con-

1316 2255 1413 2277 Ualse‘

1353 2284 1384 2314 Si
1405 2270 1464 2324 quis
1475 2293 1570 2315 autern
1581 2286 1639 2316 hoc
1653 2293 1815 2323 attemptare
1832 2283 2052 2324 praesumpserit,
2070 2282 2294 2322 indignationem
2309 2292 2374 2314 om-

1317 2323 1469 2360 nipotentis
1489 2323 1548 2354 Dei
1568 2323 1601 2354 &
1622 2325 1770 2355 beatorum
1786 2323 1860 2354 Petri
1875 2324 1908 2355 &
1923 2321 2018 2362 Pauli,
2036 2320 2242 2359 Apostolorum
2259 2323 2330 2361 ejus,
2349 2321 2378 2351 se

1317 2362 1427 2392 noverit
1439 2361 1621 2393 incurfiirum.

1355 2437 1422 2470 Dat.
1436 2437 1578 2478 Lugduni.
1598 2449 1616 2469 2
1631 2437 1771 2477 IdJunii,
1789 2436 1972 2469 Pontificati'is
1985 2435 2074 2468 nostri
2087 2446 2163 2467 armo
2179 2435 2270 2467 tertio.

2018 2513 2071 2545 Sub
2074 2512 2128 2555 filo
2143 2512 2268 2544 canabeo.

1416 2643 1465 2676 De
1474 2645 1686 2688 praeparatione
1704 2639 1800 2684 hostili
1817 2650 1919 2673 contra
1939 2639 2096 2684 Wllenfis
2106 2637 2288 2683 festinanda-

1321 2723 1451 2780 REX
1469 2726 1593 2770 Warino
1606 2725 1643 2756 de
1657 2724 1836 2768 Munchanes
1845 2723 1968 2754 salutem.
2169 2762 2174 2767 1
2326 2760 2332 2766 .
2375 2760 2381 2767 .
2398 2729 2518 2760 Anu-D

1433 2765 1508 2803 Qua
1527 2765 1564 2795 de
1585 2764 1703 2807 consilio
1721 2763 1902 2800 Magnatum
1922 2760 2383 2830 ηὲίξῦἷῐὲἒόῃὲἃὲτξέξωξὲἐῗὲ
2420 2777 2504 2807 ¹245·

1322 2803 1507 2873 {fficffi
1519 2802 1869 2883 &gigcwafflssssssffflssss
1879 2810 2056 2882 ῗέἷὲπςεῃάος
2067 2837 2103 2868 ae
2116 2837 2245 2881 dampnas
2259 2821 2292 2868 a<
2305 2836 2378 2874 inju-
2396 2811 2512 2882 ἔξω

1325 2883 1386 2918 riis,
1403 2880 1487 2923 nobis
1498 2880 1575 2910 illatis
1587 2888 1636 2917 per
1650 2877 2013 2922 Dav1d·filiurn,Lewelmi3
2031 2877 2065 2908 &
2080 2875 2325 2944 complicaefis‘tiiom
2398 2884 2486 2921 olaus.

1326 2917 2215 2999 nossssiffne‘nnffiffnv‘ss?prssssss{iis¹?AEisg3e‘sc‘essr'miffts‘cffl139i12
2227 2923 2382 2992 gess'efm
2397 2927 2532 2989 385¹?

1363 2995 1406 3026 Ita
1427 2994 1505 3033 quod
1525 3003 1651 3032 prompti
1671 2994 1724 3024 sitis
1744 2994 1777 3024 &
1795 3001 1878 3030 parati
1900 2992 1934 3022 ad
1953 2992 2078 3023 eundum
2099 2991 2270 3037 nobiscum,
2293 2989 2386 3022 versus

1326 3042 1414 3073 partes
1434 3033 1595 3077 praedistas‚
1614 3032 1687 3077 infra
1700 3031 1872 3075 quindenam
1879 3029 2035 3098 cpostquam
2050 3030 2086 3061 de
2099 3039 2197 3061 mnere
2211 3029 2311 3060 nostro
2325 3038 2387 3059 ver-

1325 3074 1368 3104 sus
1380 3080 1467 3112 partes
1481 3072 1626 3108 praedictas
1639 3070 1703 3101 illud
1718 3070 1799 3101 vobis
1813 3079 1878 3099 man
1898 3079 2052 3112 averimu83

1363 3110 1404 3142 Ita
1430 3109 1507 3149 quod
1534 3118 1594 3141 tarn
1621 3109 1719 3140 Nobis
1741 3117 1826 3147 quarn
1847 3108 1928 3138 vobis
1949 3109 1983 3139 ad
2007 3116 2173 3148 perpetuum
2192 3105 2274 3138 cedat
2293 3105 2388 3136 hono-

1327 3159 1398 3181 rern.

1367 3228 1383 3243 ⁴*
1402 3224 1490 3256 Teste
1503 3224 1585 3264 Rege
1599 3223 1672 3262 apud
1687 3223 1810 3254 westm.
1827 3232 1844 3261 7
1858 3223 1903 3254 die
1914 3223 2001 3263 Junii.
2400 3227 2416 3241 ¹·
2427 3225 2451 3252 1.
2464 3232 2532 3260 434.

1367 3302 1405 3333 Et
1421 3300 1585 3332 mandatum
1600 3299 1641 3331 est
1660 3301 1792 3331 omnibus
1803 3300 2029 3331 Vicecomitibus
2042 3298 2169 3339 Angliae,
2181 3295 2390 3341 quodpublice

1332 3341 1448 3371 clamari
1470 3339 1589 3377 faciant,
1607 3349 1656 3376 per
1677 3347 1767 3369 totam
1789 3339 1922 3370 Ballivam
1942 3339 2035 3375 suam,
2053 3338 2132 3378 quod
2151 3336 2323 3379 ornnes-illi,
2339 3345 2387 3375 qui
2432 3349 2435 3353 ·

1331 3380 1368 3410 de
1390 3379 1473 3417 Rege
1494 3385 1606 3421 tenent,
1629 3387 1677 3414 per
1697 3377 1841 3421 servitium
1862 3378 1995 3421 militare,
2019 3377 2053 3408 &
2075 3385 2124 3414 per
2144 3374 2328 3417 Serjantiam,
2353 3373 2389 3404 ad

1331 3427 1408 3447 arma
1447 3424 1554 3452 rompti
1575 3415 1644 3453 sint,
1662 3426 1729 3445 cum
1753 3426 1843 3455 equis,
1863 3417 1896 3447 ὃς
1917 3425 2016 3454 armis,
2031 3415 2064 3446 &
2087 3421 2150 3445 toto
2169 3413 2296 3451 servrtiO,
2310 3410 2388 3451 quod

1332 3456 1408 3495 Regi
1442 3455 1526 3485 ebent
1537 3453 1608 3484 insta
1625 3454 1814 3493 quindenam,
1831 3456 1890 3486 &c.

1370 3531 1483 3563 Eodem
1505 3529 1595 3560 modo
1613 3530 1739 3561 scribitur
1759 3531 1930 3569 Abbatibus,
1949 3530 1982 3562 δε
1994 3527 2152 3560 Senescallis
2164 3527 2329 3570 Abbatum2
2343 3533 2390 3569 ex-

1333 3578 1374 3601 tra
1400 3569 1536 3638 Regnum
1555 3568 1734 3607 degentium,
1751 3570 1798 3615 qui
1818 3569 1854 3599 de
1875 3569 1956 3613 Rege
1969 3575 2064 3598 tenent
2077 3576 2124 3603 per
2137 3565 2278 3597 servitium
2290 3562 2391 3594 mihta-

1333 3619 1378 3647 re,
1395 3608 1431 3639 de
1453 3615 1555 3637 erVitio
1570 3606 1619 3636 suo
1633 3607 1763 3638 habendo
1779 3609 1850 3639 infra
1862 3607 2051 3648 quindenam,
2068 3606 2128 3636 &c.

1382 3737 1502 3768 Littera
1518 3735 1720 3779 Imperatori,
1745 3733 1781 3767 de
1799 3735 1927 3766 Nunciis
1940 3730 1984 3764 ad
1997 3730 2153 3774 Consilium
2163 3754 2173 3771 ,
2198 3724 2341 3773 Lugduni

1689 3792 1902 3823 convocatum,
1935 3793 1978 3813 mi
1998 3791 2032 3812 ts.

2405 3745 2482 3779 Ann.
2498 3745 2543 3776 D.

2427 3792 2510 3823 1245.

2406 3828 2459 3852 An.
2476 3832 2519 3858 29.

1338 3867 1521 3930 DOmino
1540 3866 1706 3911 Imperatori
1721 3865 1786 3896 Rex
1799 3866 1922 3896 salutem.
2097 3899 2103 3905 ,
2200 3896 2213 3904 Ἰ
2338 3898 2344 3903 ·
2407 3866 2441 3890 Η.
2462 3861 2488 3898 3.

1459 3904 1508 3935 Ine
1525 3915 1626 3944 novit,
1641 3906 1690 3944 qui
1706 3904 1793 3936 nichil
1812 3905 1817 3910 '
1839 3911 1936 3941 norat,
1954 3902 1987 3933 &
2001 3897 2176 3942 Imperialem
2189 3896 2392 3942 hrcellentiam
2412 3898 2499 3934 Claus.

1338 3953 1399 3974 non
1421 3942 1560 3973 credimus
1583 3946 1710 3982 ignorare
1729 3942 1807 3980 quod
1841 3949 1962 3971 onorem
1975 3938 2097 3980 vestrum
2112 3945 2179 3967 totis
2191 3934 2396 3981 vrscenbusaf-
2415 3945 2460 3971 29-

1338 3981 1491 4018 fefflmus,
1508 3982 1543 4014 ad
1563 3982 1640 4022 quod
1660 3982 1792 4014 fraternae
1808 3978 1966 4011 dilectionis
1982 3974 2095 4008 aflet-‘tio
2118 3984 2170 4006 nos
2184 3983 2286 4007 excitat
2294 3982 2396 4014 jugiter
2414 3978 2448 4042 ξηι.
2468 3983 2493 4048 Ξ.
2510 4009 2529 4038 ¹

2329 4049 2401 4081 Sane

1338 4021 1372 4053 &
1387 4020 1506 4052 inducit.
