2570 4261
196 169 250 210 70

51 240 127 272 Ann.
142 240 184 272 D.
198 241 239 272 bit
253 240 372 280 illibata,
389 240 440 278 δε,
457 238 490 269 ad
506 237 643 276 majorem
655 235 850 276 securitatem,
867 246 899 267 ea
910 236 1008 267 omnia
1022 245 1038 265 a
1051 234 1185 266 Domino
1200 233 1255 264 Pa-

73 288 158 319 1215.

32 2395 152 2424 ‘1-zio.

199 289 234 319 pa
248 279 410 310 confirmari
423 280 462 308 im
486 277 590 320 errabit.
919 314 923 319 ι
939 314 944 319 Π
1053 312 1066 318 μ
1249 310 1254 314 1

238 318 335 357 Rogat
354 319 438 347 eriam
493 319 627 346 ominum
647 312 755 352 Papam
769 338 780 353 ,
797 314 831 345 ὃς
845 312 989 344 humiliter
1004 319 1073 350 petit
1085 319 1116 342 ut
1131 309 1257 348 praesenti

201 356 402 394 competitioni
422 353 503 383 addat
522 353 678 384 securitates
692 376 703 390 ,
730 363 796 391 quas
817 352 918 396 viderit
931 352 1078 390 expedire,
1097 348 1199 392 &ipse
1213 357 1256 390 ra-

201 403 264 426 tum
278 394 390 424 habebit
404 391 539 430 quicquid
553 391 618 422 inde
632 391 755 422 statuerit
769 403 780 429 3
797 391 859 422 vult
873 400 950 420 enim
966 389 1045 428 quod
1059 397 1156 418 omnia
1169 385 1258 416 fideii-

201 440 244 464 ter
257 431 438 463 observentur
453 454 463 468 ,
489 431 522 461 &
543 440 603 461 non
623 430 685 460 vult
701 430 779 469 quod
793 439 844 460 nos
857 428 1021 468 poffumus,
1036 427 1115 464 super
1130 425 1207 462 hoc,
1221 423 1257 453 ab

200 471 294 513 aliquo
309 471 337 512 in
350 468 496 507 posterum
510 468 662 513 molestari.
904 506 909 511 η

238 508 275 538 ht
295 507 439 538 sciendum
461 506 502 537 est
523 507 601 546 quod
622 517 652 537 m
672 507 731 537 hoc
745 505 818 536 festo
829 514 962 536 omnium
974 502 1164 538 Samiiorum,
1181 509 1257 529 anno

201 546 248 577 Re
268 547 294 575 ni
313 546 370 583 ejus
395 555 439 582 17.
456 546 546 577 solvet
566 546 649 577 nobis
663 547 764 584 primas
779 545 943 583 quingentas
953 542 1035 573 libras
1049 540 1086 571 de
1097 537 1258 578 supradietis

200 586 249 615 mil
261 594 276 614 e
289 584 352 614 libr.
371 584 454 615 nobis
467 586 610 616 annuatim
621 583 768 615 solvendis.

235 660 298 692 Hiis
309 659 460 700 Testibus‚

196 739 236 768 H.
266 738 298 768 de
321 737 410 778 Τωβία
423 762 432 776 ‚
459 736 615 768 Senescallo
636 744 706 768 tunc
744 734 853 766 paulin.
873 737 995 773 Bateni,

231 779 364 814 temporis
381 777 516 815 Reginae,
743 775 858 805 Roherto
872 775 904 804 de
917 773 1021 804 Landa
1035 771 1130 810 longa,

196 815 331 844 Herheiwo
348 815 378 844 de
394 813 542 853 Martha,
745 813 796 843 Ph.
817 814 848 842 de
863 811 946 851 Susi'a,
1044 850 1048 855 .
1063 850 1068 855 .
1086 849 1090 855 Ι

195 851 325 894 'Gervasto
340 853 372 882 de
388 854 455 883 Prin
466 864 514 882 iac.
745 851 797 882 Ph.
813 852 845 882 de
855 850 986 881 Planchis
1004 848 1156 880 Militibus.

192 927 296 998 0132&
315 928 440 961 Ceiiorri.
459 929 547 961 Anno
567 927 737 961 Dominicis
759 928 963 960 Incarnationis
987 933 1072 965 1215.
1091 933 1108 963 7
1129 920 1254 955 Kalend.
1272 908 1277 913 '

227 982 243 998 c
256 978 275 999 o
298 978 319 999 r.

191 1105 242 1137 De
266 1102 496 1148 Confirmatione
516 1101 657 1150 praediflae
680 1105 884 1136 Conventionis
899 1111 953 1148 per
975 1100 1179 1133 Innocentium
1193 1098 1255 1129 Pa·

667 1163 753 1200 pam.

167 1266 172 1272 .
193 1236 417 1300 REverendo
437 1236 571 1269 Domino
590 1236 640 1267 sno
662 1237 696 1270 ὃ(
711 1237 786 1268 Patri
806 1237 835 1267 in
849 1233 968 1267 Christo
978 1230 1150 1265 sanetissimo
1162 1230 1253 1262 Inno-

274 1278 369 1307 centio
383 1301 392 1315 ‚
418 1276 476 1307 Dei
498 1278 580 1315 gratia
595 1299 605 1314 ,
623 1276 736 1307 summo
756 1275 904 1313 Pontifici,
918 1273 1063 1312 Johannes
1078 1271 1177 1302 eadem
1191 1278 1253 1313 gra-

142 1305 156 1347 ”.
191 1314 230 1344 tia
243 1315 354 1355 A-ngliae
368 1340 378 1354 ,
401 1316 461 1347 &c.
480 1316 513 1346 ὅ(
528 1314 653 1345 debitam
666 1323 745 1346 tanto
758 1314 893 1345 Domino
912 1314 946 1344 &
959 1312 1028 1350 patri
1039 1320 1109 1342 cum
1121 1309 1252 1341 devouo-

191 1361 476 1422 nelisfiitiiteissslaisbbis
492 1416 502 1429 ,
520 1391 602 1423 Pater
621 1390 791 1423 sanctissime
803 1416 813 1430 ,
828 1389 1026 1428 transcriptum
1041 1385 1252 1419 conventionis

190 1429 273 1461 1³⁶2&ae
292 1432 364 1460 inter
387 1440 440 1459 nos
468 1431 501 1461 ὅ(
520 1430 662 1471 Reginam
681 1430 875 1471 Berengariam
896 1429 934 1460 de
952 1428 1044 1460 verbo
1063 1427 1092 1457 in
1112 1425 1252 1462 verbum,

164 1496 170 1503 .
190 1470 268 1508 cujus
279 1477 361 1500 tenor
376 1468 434 1499 talis
449 1467 498 1498 est.

222 1543 385 1585 johannes,
404 1543 463 1577 Dei
479 1546 581 1586 gratia,
600 1546 666 1578 Rex
682 1546 843 1588 Anglorum
856 1569 867 1586 ,
885 1547 945 1578 &c
964 1541 1111 1576 Omnibus
1129 1539 1165 1573 ad
1179 1549 1252 1580 quos

188 1585 307 1623 praesens
322 1585 456 1624 scriptum
469 1588 627 1624 pervenerit
639 1586 762 1617 salutem.
1020 1622 1026 1628 ·

225 1622 321 1654 Sciatis
332 1625 368 1655 ita
384 1623 549 1655 convenisse
560 1626 631 1654 inter
646 1635 714 1662 ῃοε,
732 1626 765 1656 &
778 1623 940 1666 Dominam
951 1622 1095 1665 Reginam
1110 1619 1250 1664 Berenga-

186 1661 272 1699 riam,
292 1661 436 1700 quondam
450 1671 570 1693 uxorem
584 1663 708 1694 Domini
723 1662 840 1693 Ricardi
855 1662 962 1700 Regis,
978 1660 1076 1704 Fratns
1092 1658 1197 1696 nostri,
1212 1657 1249 1687 de

185 1698 254 1729 dote
273 1699 317 1729 sua
331 1724 341 1739 ,
364 1710 449 1740 quam
473 1701 585 1740 petebat
620 1703 653 1733 ὅ(
666 1701 702 1731 de
717 1700 837 1740 quadarn
852 1698 1064 1737 compositione
1075 1707 1140 1736 quae
1155 1705 1249 1739 quon-

187 1737 253 1767 dam
267 1739 338 1768 inter
353 1749 422 1776 nos,
439 1740 472 1771 &
489 1740 572 1778 ipsam
586 1726 659 1770 sacia
674 1739 727 1770 fuit
740 1740 819 1778 super
832 1737 931 1768 eadem
944 1737 1015 1781 dote
1021 1761 1031 1774 ‚
1046 1735 1083 1766 de
1101 1745 1157 1774 qua
1171 1734 1248 1765 mille

187 1775 301 1806 Marcas
319 1776 356 1808 de
374 1778 457 1808 nobis
478 1780 604 1816 recipere
625 1778 725 1809 debeat
743 1779 886 1808 annuatim
903 1788 913 1815 ς
931 1774 1081 1813 videlicet,
1098 1773 1177 1818 quod
1192 1783 1246 1804 nos

188 1815 280 1845 modo
293 1814 328 1845 ad
341 1816 475 1854 praesenS,
493 1815 591 1847 damus
604 1818 629 1846 ei
643 1816 702 1846 duo
716 1817 801 1846 millia
813 1815 978 1846 Marcarum
989 1823 1043 1852 pro
1056 1813 1190 1857 omnibus
1203 1821 1248 1856 arf

184 1854 295 1893 reragiis
316 1854 349 1884 &
370 1864 423 1892 pro
442 1854 580 1885 solutione
600 1855 737 1892 praesentis
757 1855 822 1884 anni
836 1877 846 1892 ,
861 1854 894 1884 &
908 1852 944 1883 de
958 1861 1064 1883 caetero
1078 1851 1207 1895 dabimus
1221 1860 1247 1881 ei

183 1893 328 1921 annuatim
349 1893 426 1923 mille
447 1893 526 1923 libras
541 1894 686 1924 bonorum
699 1894 732 1925 &
745 1892 875 1923 leonium
890 1891 1107 1934 sterlingorum,
1123 1889 1246 1933 seilicet,

184 1931 349 1970 quingentas
370 1930 451 1961 libras
473 1932 502 1961 in
527 1931 600 1962 festo
621 1933 754 1962 omnium
772 1918 964 1967 ¹§mestorium
982 1931 1016 1961 &
1035 1937 1201 1972 quingentas
1213 1928 1246 1972 li-

184 1967 246 1998 bras
274 1969 303 1998 in
322 1968 395 2000 festo
415 1969 612 2001 Ascensionis:
635 1970 722 2001 Hanc
743 1978 836 2001 autem
858 1970 1008 2008 pecuniam
1021 1968 1162 1998 solvemus
1176 1976 1203 1998 ei
1215 1976 1245 1997 in

183 2005 274 2037 domo
287 2008 358 2038 novi
372 2008 491 2046 Templi
505 2008 577 2047 apud
591 2008 727 2039 London.

221 2044 335 2076 Licebit
354 2054 449 2077 autem
469 2046 608 2078 Dominae
629 2047 751 2088 Reginae
770 2055 897 2086 repetere
917 2045 1096 2077 Dotalicium
1109 2043 1190 2088 suum
1207 2045 1244 2075 ab

181 2084 264 2114 omni
285 2083 432 2115 detentore
445 2109 454 2123 ,
479 2094 556 2116 extra
577 2085 716 2125 Regnum
736 2086 863 2126 Angliae,
880 2094 1070 2125 praeterqiiam
1084 2093 1100 2114 a
1113 2083 1196 2114 nobis
1208 2084 1243 2116 &

182 2121 384 2153 successoribus
403 2123 503 2154 nostris
518 2137 528 2162 ·,
553 2125 587 2156 &
606 2135 660 2155 nos
676 2149 685 2162 ‚
707 2125 743 2155 de
763 2125 840 2163 hoc,
858 2133 918 2155 nori
933 2124 1037 2154 erimus
1050 2130 1150 2154 contra
1165 2132 1244 2162 eam,

183 2160 235 2191 nisi
249 2170 301 2191 nos
315 2169 460 2192 teneamur
474 2162 509 2192 de
518 2164 579 2201 jure
593 2163 660 2193 illud
673 2164 699 2193 ei
711 2164 907 2195 warrantizare
921 2172 927 2191 :
947 2161 985 2192 Et
999 2172 1094 2201 neque
1106 2171 1175 2200 nos,
1192 2171 1243 2192 ne-

182 2208 240 2236 que
258 2199 429 2230 successores
450 2200 538 2231 nostri
557 2203 712 2241 poterimus
727 2212 826 2240 capere
837 2203 867 2232 in
882 2210 1001 2232 manum
1011 2200 1138 2231 nostram
1152 2210 1194 2231 res
1209 2200 1243 2230 il-

179 2235 234 2275 las,
252 2237 332 2276 super
345 2239 446 2276 quibus
467 2239 523 2280 ipsa
542 2240 571 2268 in
591 2239 699 2270 causam
713 2241 824 2271 traxerit
835 2239 1010 2270 detentores:
1029 2240 1133 2278 poterit
1146 2247 1243 2270 autern

177 2275 234 2313 ipsa
253 2275 364 2316 Regina
384 2275 470 2307 finem
489 2278 581 2308 facere
602 2278 637 2309 ad
648 2277 726 2309 suam
737 2279 913 2310 voluntatem
928 2287 998 2308 cum
1013 2278 1119 2309 eisdem
1142 2277 1242 2308 deten-

181 2315 288 2383 torsikbus
318 2315 393 2346 salvo
419 2316 503 2347 nobis
528 2317 561 2348 &
583 2316 739 2348 haeredibus
765 2316 867 2349 nostris
888 2316 954 2356 post
970 2318 1028 2356 ejus
1052 2317 1165 2348 obitum
1180 2317 1244 2355 jure

177 2362 218 2384 no
246 2364 288 2384 ro.

217 2392 236 2412 ²*
255 2391 452 2425 Concedimus
472 2396 556 2426 etiam
577 2395 657 2434 quod
678 2395 733 2435 ipsa
750 2394 877 2435 Regina,
895 2396 929 2427 &
944 2395 1076 2426 homines
1089 2393 1126 2425 de
1139 2394 1242 2425 familia

177 2430 251 2469 ejus,
270 2431 392 2463 liberum
408 2434 528 2464 habeant
542 2435 767 2473 omnitempore
780 2435 929 2465 introitum
941 2435 971 2464 in
992 2442 1096 2464 terram
1115 2433 1241 2464 nostram

177 2469 211 2500 &
225 2471 331 2501 exitum
345 2472 380 2501 ab
394 2471 508 2511 eadem,
528 2472 689 2511 posfintque
703 2474 743 2503 ibi
758 2474 861 2503 morari
875 2472 1009 2511 quamdiu
1025 2473 1186 2511 voluerint,
1204 2473 1239 2504 &

176 2508 235 2538 tam
258 2519 324 2548 eos,
343 2510 429 2548 quarn
449 2520 551 2541 omnes
573 2521 615 2541 res
634 2522 734 2542 eorum
750 2513 779 2541 in
793 2511 900 2542 salvum
916 2510 1096 2542 condustum
1109 2510 1239 2542 nostrum

176 2546 211 2576 &
233 2546 344 2578 fidelem
367 2548 542 2579 securitatem
565 2548 689 2580 nostram
710 2551 877 2590 recipiemus
901 2551 931 2579 in
957 2549 1100 2580 veniendo
1113 2574 1123 2588 ,
1146 2552 1177 2581 in
1196 2560 1241 2581 re-

177 2584 307 2623 deundo,
328 2587 361 2618 ὃς
375 2587 533 2627 morando,
551 2588 676 2628 praestito
691 2589 874 2620 Sacramento
889 2587 986 2627 quod,
1004 2598 1052 2626 per
1067 2598 1116 2619 eos
1131 2613 1142 2627 ,
1156 2589 1240 2620 nobis

179 2623 287 2654 malum
300 2634 359 2655 nori
374 2627 502 2664 eveniet,
521 2635 567 2656 aut
581 2626 696 2666 Regno.

216 2661 411 2694 Concedimus
426 2666 509 2695 etiam
523 2665 601 2703 quod
615 2667 644 2695 in
659 2666 793 2696 omnibus
807 2665 942 2703 portubus
956 2666 1040 2695 maris
1054 2665 1176 2695 liberum
1191 2667 1241 2697 ha-

177 2699 262 2730 beant
276 2701 433 2740 transitum,
449 2704 676 2742 quandocunque
695 2704 856 2741 voluerint,
872 2704 1054 2741 prohibentes
1077 2704 1157 2741 quod
1176 2705 1239 2736 nul-

177 2738 219 2769 lus
228 2739 398 2770 Ballivorum
413 2741 457 2771 vel
473 2742 623 2772 hominurn
637 2741 803 2773 nostrorum
812 2743 883 2780 ipsos
899 2741 1051 2780 impediat,
1069 2742 1115 2772 vel
1123 2743 1240 2774 consue-

178 2776 306 2808 tudinem
321 2779 435 2816 recipiat
448 2780 484 2810 ab
497 2780 605 2810 eisdem.

216 2815 466 2854 Compositionem
487 2826 580 2849 aurem
598 2819 678 2849 istam
694 2818 811 2850 facimus
825 2819 885 2849 tam
898 2829 951 2857 pro
968 2819 1068 2857 nobis,
1085 2829 1172 2858 quam
1185 2831 1239 2862 pro

177 2851 334 2884 haeredibiis
347 2855 466 2895 nostris,
485 2856 634 2888 statuentes
648 2857 745 2896 quod,
763 2858 783 2887 si
798 2857 873 2888 forte
890 2879 896 2888 ‚
922 2857 1001 2895 quod
1023 2858 1110 2897 absit,
1127 2869 1180 2889 nos
1194 2860 1240 2891 vel

177 2891 274 2929 aliquis
286 2892 475 2925 successorum
490 2896 653 2926 nostrorum
667 2896 752 2934 ipsam
767 2896 993 2926 conventionem
1007 2896 1239 2937 infringeremus,

179 2929 259 2967 quod
276 2930 366 2960 facere
387 2941 444 2962 non
464 2934 609 2971 poll'umus
629 2934 701 2965 salva
716 2934 788 2973 fide,
806 2935 839 2966 δε
854 2934 924 2964 infra
937 2943 978 2972 40
990 2934 1048 2965 dies
1067 2939 1239 2968 commoniti

178 2977 249 3005 nos,
267 2968 314 2998 vel
332 2968 501 3006 Justiciarius
524 2973 619 3002 noster
635 2996 645 3011 ,
669 2973 689 3003 si
716 2982 790 3003 extra
811 2973 950 3012 Regnum
964 2973 1118 3012 fuerimus,
1137 2974 1165 3005 id
1179 2985 1239 3007 non

177 3006 420 3037 emendaverimus
435 3031 444 3046 ‚
467 3009 631 3041 dotalicium
650 3011 731 3041 suum
751 3013 859 3051 integre
879 3011 1023 3042 restituere
1036 3021 1182 3044 teneamur
1198 3016 1238 3045 ei-

177 3043 264 3083 dem,
278 3047 361 3075 omni
381 3045 512 3076 dilatione
527 3050 559 3079 &
575 3049 726 3079 occasione
741 3059 859 3080 remota.

214 3082 353 3126 Praeterea
370 3084 488 3115 fecimus
500 3087 591 3123 jurare
605 3088 633 3116 in
647 3089 770 3118 animam
785 3088 912 3119 nostram
926 3088 1099 3121 Gaufridum
1113 3091 1239 3124 Luterell

178 3119 307 3151 Militem
328 3121 475 3161 nostrum,
494 3124 571 3161 quod
591 3126 688 3155 omnia
703 3136 765 3163 quae
779 3127 807 3156 in
827 3127 913 3158 Carta
925 3127 975 3158 ista
989 3130 1172 3161 continentur
1184 3132 1239 3162 ob-

178 3158 347 3202 servabimus
364 3160 482 3199 illibata,
501 3163 551 3200 ὃς,
570 3162 603 3192 ad
617 3164 753 3200 majorem
770 3164 961 3205 securitatem,
980 3177 1012 3197 ea
1027 3169 1124 3199 omnia
1141 3179 1157 3199 a
1170 3169 1238 3201 Do-

177 3205 259 3227 mino
273 3198 347 3236 Papa
360 3199 523 3230 confirmari
534 3202 754 3239 impetrabimus.

215 3235 361 3280 Rogamus
381 3238 468 3281 etiam
487 3237 651 3270 Dominum
674 3238 779 3277 Papam
795 3264 804 3278 ,
830 3242 863 3272 &
886 3242 1028 3274 humiliter
1049 3247 1189 3285 petimus,
1206 3256 1238 3278 ut

175 3274 303 3309 praesentl
318 3276 519 3313 compositioni
539 3277 620 3308 addat
641 3277 814 3316 securitates,
834 3290 899 3317 quas
920 3281 1021 3313 viderit
1036 3285 1167 3321 expedire
1202 3287 1236 3317 δε

176 3320 228 3340 nos
241 3322 331 3356 ratum
346 3314 510 3345 habebimus
526 3315 659 3355 quicquid
675 3316 741 3346 inde
756 3316 892 3348 statuerit:
910 3318 1051 3351 Volumus
1065 3325 1142 3353 enim
1159 3309 1237 3362 q'uod

175 3358 272 3380 omnia
289 3348 405 3382 fideliter
424 3353 606 3386 observentur
622 3378 632 3392 ,
653 3355 687 3385 &
706 3355 838 3385 nolumus
867 3358 945 3393 quod
969 3359 1104 3398 praediCta
1122 3361 1236 3403 Regina

175 3386 260 3424 possit
274 3388 351 3426 super
366 3391 423 3420 hoc
435 3391 471 3421 ab
486 3392 581 3430 aliquo
600 3395 629 3423 in
644 3393 788 3430 posterum
803 3393 954 3425 molestari.

213 3423 251 3468 Et
261 3425 403 3469 sciendum
415 3429 455 3459 est
471 3431 566 3469 quod,
584 3434 614 3462 in
628 3431 774 3462 hoc'festo
787 3432 920 3462 omnium
941 3433 1116 3467 Sanctorum
1126 3462 1136 3477 ,
1154 3448 1232 3470 anno

175 3458 279 3501 Regini
294 3465 385 3507 ‘nostri
407 3477 450 3503 17.
467 3469 607 3501 solvemus
625 3469 711 3500 diem
734 3470 874 3512 Domina:
895 3469 1019 3508 Reginae
1036 3476 1139 3511 primas
1153 3479 1235 3515 quin-

173 3508 270 3538 gentas
282 3502 361 3534 libras
376 3505 412 3535 de
427 3506 587 3544 supradietis
601 3508 678 3540 mille
692 3509 782 3547 libris,
799 3508 850 3539 nbi
864 3512 1009 3541 annuatim
1021 3512 1170 3546 solvendis.

215 3573 280 3606 Hiis
290 3575 422 3611 Testibus
434 3581 570 3614 Dominis
577 3607 587 3622 ‚

175 3651 209 3680 P.
231 3653 359 3691 mutan,
378 3654 415 3701 ῤ’
721 3662 760 3691 Η.
780 3662 897 3694 Abbate
909 3664 941 3694 de
962 3663 1118 3705 Bello-loco,

174 3692 202 3718 S.
221 3691 312 3721 Exim.
333 3694 479 3734 Episcopis,
721 3702 821 3729 Fratre
836 3701 935 3732 Alano
949 3703 1070 3733 Martell
1077 3728 1088 3742 ,

173 3727 307 3796 ᾹῙῇἔέζέῒθ
337 3734 425 3763 Pana'.
451 3735 618 3778 Norwicenfi
641 3739 683 3768 E·
721 3738 857 3779 Magistro
877 3743 910 3771 P.
928 3741 1130 3773 Archidiacono
1154 3746 1231 3774 Surr-

286 3791 296 3805 2

207 3839 317 3872 Datum
339 3854 386 3882 per
405 3856 522 3890 manum
539 3848 669 3894 Magistri
682 3851 799 3884 Ricardi
813 3853 849 3884 de
864 3854 940 3886 Mar.
959 3857 1128 3890 Cancellarii
1141 3857 1230 3890 nostri

170 3879 244 3918 apud
258 3879 351 3911 Dour.
369 3893 395 3912 2.
414 3885 460 3914 die
473 3885 646 3923 Septembris
658 3900 733 3921 anno
747 3891 842 3932 Regni
857 3894 947 3925 nostri
962 3904 1007 3934 17.

192 3993 195 3997 ι
208 3953 288 3984 Cum
303 3957 402 3999 igitur,
417 3958 499 4004 Pater
515 3965 683 4003 reverende,
700 3967 833 3998 volumus
848 3969 920 4000 hanc
935 3970 1175 4004 Conventionern
1187 3972 1228 4004 se-

169 3992 210 4021 dis
226 3993 401 4038 Apostolicae
416 4007 563 4029 munimen
576 4003 720 4042 optinere,
739 4015 836 4042 preces
847 4007 992 4039 sanctitati
1009 4010 1111 4042 vestrae
1131 4010 1228 4042 effun-

167 4030 235 4061 dere
254 4031 432 4065 decrevunus
444 4059 453 4074 ,
478 4036 658 4076 supplicantes
679 4051 829 4083 quatenus,
847 4046 877 4075 in
890 4047 1029 4085 majorem
1044 4049 1124 4089 hujus
1139 4049 1227 4081 Con-

1245 750 1250 754 *
1298 731 1361 793 K

654 112 1914 198 ‘coN'viznrioNEstITERAE

1293 231 1434 262 ventionis
1445 231 1638 272 securitatem,
1653 233 1746 265 eidem
1763 232 1980 272 Conventioni,
1999 241 2066 272 quas
2089 233 2214 265 videritis
2232 229 2457 272 expedire‘Ann-
2468 232 2512 269 1)..

1293 269 1463 307 securitates,
1479 273 1583 308 apponi
1592 272 1728 311 jubeatis,
1747 273 1880 303 facientes
1893 296 1904 311 ,
1928 273 1949 302 si
1959 272 2069 312 placet,
2087 273 2208 305 eandem
2222 282 2361 313 perpetuo
2400 280 2485 311 1215.

1294 307 1362 338 sedis
1376 308 1553 347 Apostolicae
1567 312 1727 341 munimine
1737 311 1867 351 gaudere.

1295 384 1427 459 tri‘II'eJste
1445 386 1553 424 meipso
1574 386 1649 425 apud
1669 386 1765 418 Dour.
1785 397 1813 427 4.
1833 387 1879 418 die
1892 387 2079 428 Septembris,
2096 399 2174 422 anno
2186 389 2285 432 Regni
2294 392 2362 423 nos—

1296 550 1415 582 Litterae
1445 551 1612 584 Innocentio
1643 555 1726 599 Papa
1749 552 1833 599 miffie
1853 579 1863 596 ‚
1905 552 1942 586 de
1971 553 2200 599 Confirmatione
2233 558 2361 593 alterius

1343 600 1550 679 Conventljozts
1561 627 1571 642 ‚
1597 603 1675 633 inter
1692 599 1867 647 praediffum
1886 604 1995 649 Regem
2011 606 2048 642 ό·
2066 604 2282 651 Berengariam
2297 609 2358 640 Re-

1338 658 1449 693 glnllm
1488 659 1508 678 a
1529 658 1584 681 Hie·

1369 731 1504 763 Ariffimo
1516 732 1650 765 Domino
1663 734 1729 774 suo,
1744 735 1778 766 &
1792 738 1864 773 patri
1881 738 1911 767 in
1929 736 2049 769 Christo
2062 737 2252 778 sanctissimo,
2268 739 2359 772 Inno-
2376 733 2504 768 Anu-D-

1312 808 1332 817 ’R
1380 772 1493 810 centio,
1510 771 1568 817 Dei
1581 773 1684 813 gratia,
1702 773 1816 805 summo
1824 774 1976 816 Pontifici,
1989 776 2135 816 Johannes
2147 801 2158 816 ,
2180 776 2281 809 eadem
2293 788 2357 820 gra-
2395 782 2480 814 1215.

1296 809 1583 894 nassdffiiissitssnvq'gffis’
1592 812 1704 888 ,ἂιξᾷῑετ
1724 850 1878 882 reverende
1918 852 2113 894 transcriptum
2127 853 2270 894 cujusdam
2283 866 2357 888 con-
2371 816 2438 890 ξῖὒ·
2448 823 2490 850 17.

1295 887 1437 931 ventionis
1457 887 1540 918 faetae
1562 897 1634 919 inter
1651 899 1704 920 nos
1717 913 1728 933 ³.
1750 889 1784 920 &
1804 875 1965 922 Dominam
1983 891 2180 932 Berengariam
2192 918 2203 932 ,
2229 895 2308 934 cujus
2320 896 2357 928 de
2374 895 2436 919 ΡΜ·
2454 899 2497 927 ¹7-

1294 926 1387 957 verbo
1404 935 1434 957 in
1448 927 1569 959 verbum
1585 935 1668 959 tenor
1683 928 1743 959 talis
1756 926 1806 958 est.
2373 928 2502 996 Jvhag-d-

2374 977 2413 997 m.
2424 976 2434 995 ι
2462 990 2467 996 .

1325 1001 1472 1042 Johannes
1483 1004 1542 1038 Dei
1554 1005 1656 1046 gratia,
1671 1006 1731 1038 &c.

1328 1041 1490 1083 Omnibus,
1507 1046 1568 1076 &c.

1334 1090 1358 1111 1.
1379 1081 1500 1114 Notum
1516 1083 1602 1128 vobis
1621 1082 1742 1115 facimus
1764 1093 1818 1115 nos
1832 1083 1999 1130 conceffisse
2013 1084 2153 1119 Dominae
2163 1087 2354 1130 Berengariae,

1292 1120 1439 1158 quondam
1468 1121 1579 1162 Angliae
1604 1121 1727 1162 Reginae
1741 1147 1751 1162 ‚
1775 1133 1855 1154 uxori
1880 1123 1971 1161 Regis
1993 1123 2111 1156 Ricardi
2130 1126 2217 1157 fiatris
2238 1128 2355 1167 nostri,

1291 1159 1389 1227 guod,
1406 1159 1427 1190 si
1448 1159 1524 1191 forte
1543 1170 1593 1199 per
1611 1171 1712 1199 pacem
1733 1172 1803 1192 curn
1826 1162 1910 1203 Rege
1930 1162 2058 1193 Franciae
2070 1187 2080 1202 ‚
2097 1165 2144 1194 vel
2155 1165 2250 1203 aliquo
2263 1167 2356 1198 modo

1321 1198 1447 1229 ivitatem
1460 1198 1642 1230 Cenomann.
1662 1209 1827 1238 recuperare
1839 1202 1996 1239 poterimus
2007 1225 2018 1239 ,
2041 1201 2127 1242 ipsam
2139 1202 2239 1234 habeut
2253 1204 2283 1234 in
2297 1213 2356 1236 tota

1289 1236 1347 1266 vita
1361 1239 1406 1267 lua
1421 1237 1454 1268 &
1468 1237 1623 1279 poffideat,
1641 1248 1711 1272 cum
1725 1247 1785 1271 tota
1798 1243 1897 1280 quinta
1910 1239 2014 1279 libere,
2032 1241 2066 1271 δε
2081 1241 2111 1271 iti
2123 1250 2209 1280 pace,
2224 1242 2259 1273 &
2275 1244 2356 1282 quie·

1288 1281 1327 1305 te.

1327 1322 1355 1344 2.
1375 1313 1572 1345 Concedimus
1589 1316 1674 1347 etiam
1713 1315 1787 1355 uod,
1807 1315 1828 1346 si
1847 1314 1948 1347 Castra
1962 1315 1999 1347 de
2017 1316 2135 1357 Segreio
2148 1318 2182 1350 &
2196 1317 2234 1349 de
2246 1317 2356 1352 Maii-e—

1291 1360 1360 1384 nent
1373 1352 1407 1383 ad
1422 1362 1540 1384 manum
1557 1354 1684 1385 nostram
1717 1356 1863 1385 evenerint
1877 1356 1908 1384 in
1922 1356 1979 1386 vita
1993 1355 2076 1393 ipsius
2090 1356 2229 1396 Reginae,
2244 1367 2298 1389 nos
2309 1360 2355 1398 ei,

1291 1391 1348 1421 sine
1366 1391 1518 1431 dilatione,
1533 1391 1633 1423 Castra
1653 1393 1698 1423 illa
1717 1393 1896 1425 restituemus
1908 1416 1918 1430 ,
1941 1393 2069 1425 habenda
2085 1395 2220 1433 quamdiu
2234 1397 2355 1436 vixerit,

1289 1437 1424 1468 tanquam
1440 1438 1547 1469 partem
1558 1430 1675 1462 dotalitii
1687 1431 1734 1463 sui.
1762 1471 1767 1476 ¹

1289 1477 1354 1551 „135
1364 1467 1960 1552 aigss‘ssssssgzcossssssffisszssffsseassssz
1972 1470 2282 1543 ἓέυῗῗὲἱῖῗὲἓῗὲ
2289 1484 2354 1544 ivri?

1287 1546 1369 1576 litem
1383 1545 1515 1577 nostrum
1524 1556 1616 1584 jurare
1630 1548 1660 1578 in
1674 1556 1799 1577 animam
1812 1546 1950 1577 nostram.

1324 1594 1355 1624 4.
1380 1584 1419 1615 Et
1434 1585 1570 1616 omnibus
1583 1585 1637 1616 illis
1650 1585 1710 1616 obli
1730 1585 1870 1617 ationibus
1882 1586 1911 1615 in
1927 1586 1981 1616 hac
2001 1584 2088 1618 Carta
2104 1596 2160 1618 nos
2179 1586 2274 1618 eidem
2286 1588 2350 1620 Re-

1286 1623 1685 1693 gin}obligavimusss?uilbubs
1716 1624 1845 1693 urEuslirei
1856 1623 1974 1664 obligati
1987 1625 2017 1654 in
2027 1625 2080 1669 alia
2097 1626 2117 1645 ²¹⁸
2132 1624 2236 1665 Carta,
2253 1627 2284 1658 in
2296 1637 2353 1667 qua

1286 1672 1313 1693 ‘²¹
1323 1673 1349 1739 ἓ.
1365 1671 1662 1745 1ξὲἕέἰῖἓέιὶξέεὲεηῖ
1676 1672 1813 1745 ffimffiq
1850 1672 2235 1747 ffisgffissrmjstm
2245 1703 2352 1735 confir.

1286 1748 1345 1771 met
1366 1740 1437 1770 sicut
1456 1739 1491 1771 &
1511 1740 1610 1778 aliam;
1629 1741 1663 1771 ὃς
1677 1739 1760 1770 addat
1771 1749 1857 1770 etiam
1871 1739 2028 1771 secuntatoe
2042 1749 2110 1779 quas
2123 1740 2226 1775 vident
2236 1743 2350 1782 expedi—

1284 1787 1331 1817 re,
1348 1778 1382 1810 &
1398 1787 1490 1810 ratum
1503 1778 1670 1811 habebimus
1686 1778 1824 1818 quicquid
1837 1777 1905 1810 inde
1917 1777 2052 1811 statuerit.

1319 1854 1455 1887 Testibus
1469 1855 1623 1896 Dominis,

1320 1934 1355 2002 ξ·
1369 1934 1497 2002 ἐγέῖἕ”·
1517 1933 1736 2005 &flama

1320 2010 1455 2052 Magistro
1469 2010 1630 2051 Pandulpho
1645 2010 1817 2053 Norwicenfi
1831 2010 1946 2052 Elello,

1319 2087 1436 2119 Abbate
1450 2089 1482 2119 de
1494 2088 1676 2128 Bello-Loco,

1319 2127 1417 2158 Alana
1431 2127 1567 2167 Martell,

1317 2167 1431 2205 Hugone
1448 2167 1481 2197 de
1492 2168 1583 2205 Burgo
1597 2165 1758 2207 Justiciario
1770 2165 1866 2206 nostro.

1318 2241 1387 2274 Dat.
1405 2253 1456 2282 per
1478 2252 1596 2275 manum
1621 2241 1752 2284 Magistri
1771 2241 1890 2274 Ricardi
1917 2240 1954 2272 de
1974 2241 2052 2273 Mar.
2071 2240 2241 2275 Cancellarii
2258 2243 2349 2276 nostri

1279 2281 1354 2320 apud
1367 2281 1477 2314 Doura.
1493 2292 1523 2322 4.
1542 2283 1589 2314 die
1602 2281 1794 2322 Septembris,
1814 2291 1890 2318 anno
1906 2279 2003 2321 Regni
2017 2281 2108 2312 nostri
2126 2290 2172 2320 17.

2370 1626 2418 1660 ‘I
2435 1639 2499 1660 ιιι.

1315 2357 1443 2390 Petimus
1455 2360 1552 2399 igitur,
1569 2358 1739 2391 sanfflffime
1751 2358 1851 2396 Pater,
1870 2356 1972 2389 sanetae
1985 2357 2054 2402 sedis
2069 2357 2246 2403 Apostolioee·
2258 2358 2346 2391 Con·

1277 2399 1446 2429 ventionem
1461 2399 1542 2428 istam
1557 2400 1716 2429 munimine
1730 2397 1877 2435 roborari,
1896 2397 1931 2428 &
1945 2395 2119 2435 securitates,
2134 2407 2203 2435 quas
2217 2397 2346 2430 videritis

1280 2435 1428 2475 expedire,
1446 2436 1509 2467 addi
1529 2436 1637 2475 eidem3
1655 2437 1738 2475 quia,
1753 2435 1889 2475 quicquid
1908 2433 1976 2466 inde
1992 2434 2085 2467 vestra
2105 2434 2225 2467 statuere
2245 2437 2344 2476 provi-

1276 2475 1371 2507 dentia
1383 2474 1557 2514 decreverit,
1572 2486 1626 2507 nos
1638 2483 1731 2506 ratum
1743 2475 1920 2506 habebimus

1277 2544 1406 2615 ὓ..Τετίὶιε
1419 2545 1528 2584 meipso
1539 2544 1613 2584 apud
1626 2544 1777 2584 Doumm,
1791 2553 1822 2584 4.
1838 2532 1888 2575 vdie
1902 2542 2078 2583 Septembris
2089 2532 2166 2575 anno
2179 2543 2260 2584 regni
2275 2553 2345 2575 nos-

1304 2595 1313 2615 i
1329 2594 1341 2615 1
1348 2594 1373 2623 7.

1299 2704 1457 2753 Johannes
1482 2709 1549 2740 Rex
1575 2706 1692 2753 Angliae
1708 2715 1918 2798 procylratores
1929 2704 2001 2750 sitos
2015 2707 2047 2737 in
2067 2706 2164 2737 Curia
2180 2706 2320 2738 Romana

1732 2766 1784 2786 [071
1809 2764 1893 2788 nult.

1278 2839 1466 2901 Domino
1478 2839 1562 2881 Papae
1577 2865 1587 2880 ,
1609 2841 1669 2872 &c.
1688 2839 1763 2885 Erga
1777 2839 1871 2884 sedem
1887 2837 2086 2878 Apostolicam
2100 2838 2235 2883 habentes
2255 2836 2345 2883 multa
2361 2846 2438 2879 Am,
2452 2846 2496 2882 D·

1362 2889 1539 2918 proponere,
1558 2880 1610 2918 &,
1628 2890 1679 2919 per
1699 2878 1759 2909 Dei
1778 2887 1914 2919 gratiam,
1931 2878 1966 2909 &
1986 2877 2109 2908 vestram
2124 2901 2134 2916 ,
2149 2877 2269 2916 plurima
2288 2887 2345 2922 im-
2384 2895 2470 2926 1215.

1277 2926 1401 2960 petrare,
1420 2928 1523 2962 coram·
1542 2919 1626 2949 vobis
1648 2919 1677 2948 in
1699 2917 1813 2962 propria
1833 2916 1952 2960 persona
1965 2915 2061 2960 nostra
2078 2915 2193 2947 summo
2203 2914 2343 2960 desiderio
2361 2931 2414 2954 An.
2434 2936 2476 2962 ¹7-

1276 2955 1494 2988 deiideraVimus
1515 2957 1667 2995 interesse,
1691 2965 1756 2994 quia
1779 2963 1962 2999 tamenjuxm
1975 2954 2055 2993 hujus
2071 2954 2223 2998 voluntatis
2236 2954 2342 2999 nosti-:e
2359 2965 2421 3003 Joh.
2429 2968 2490 2992 pm,

1277 2993 1446 3026 desiderium
1459 3019 1469 3033 ,
1498 2996 1675 3064 ἱέῃρεῶεῃὶἓ
1698 2995 1833 3062 Ιοςοῑυῐᾶι
1846 2992 2022 3038 'difficultate
2042 3001 2144 3037 pariter
2155 2993 2194 3062 t&
2214 3003 2340 3062 viamrnum,
2361 3011 2407 3039 17,
2422 3001 2474 3040 γρ-

1276 3042 1659 3110 ἓὲῗὲἓῗρῗέἓιῖᾱέῃῖεΐη
1673 3041 1874 3102 ἕέὲῇῗαξέᾶ
1889 3040 2240 3114 ἓξὲξὲξῖᾙῗῖἓαῖἶ
2254 3042 2340 3100 ςοᾙί
2355 3041 2416 3116 ‘13³3
2420 3049 2470 3107 ,ζ’

1276 3121 1373 3149 parere
1386 3121 1446 3141 non
1461 3110 1624 3149 possumus,
1642 3109 1752 3141 idcirco
1775 3109 1946 3154 venerabiles
1967 3108 2062 3140 Patres
2078 3108 2190 3152 nostros
2204 3131 2215 3147 ,
2233 3107 2341 3139 Burde-

1275 3149 1430 3219 ffilensem,
1448 3148 1753 3217 851H.Dublirsi)censem
1763 3147 2041 3217 'gcAffihffiifffc‘irms'
2059 3146 2290 3223 MJagiffirailiznsc}
2304 3147 2341 3216 (ἐξ

1276 3188 1476 3263 (3.3ἷιιςῑίῑῖῐιξῇῗ
1493 3197 1836 3263 ἓῗὲῗέηὲῧωῖῑὲἳτέῑοταε
1856 3196 1907 3269 omi
1917 3195 2236 3268 ‘i‘sedeiiirozposiolicam
2255 3210 2340 3267 desti-

1276 3275 1391 3303 namus3
1410 3273 1481 3303 quos
1496 3266 1533 3294 ita
1548 3264 1754 3309 Procuratores
1771 3249 1968 3294 constituimus
1987 3272 2017 3292 in
2037 3261 2134 3293 Causis
2154 3263 2189 3294 &
2203 3270 2340 3306 negotiis,

1276 3313 1345 3373 guae·
1365 3302 1422 3333 sive
1440 3302 1477 3333 de
1499 3303 1628 3371 Anghad’
1650 3302 1707 3370 sige
1721 3301 2035 3371 ahfnde·ha2ere211nus}
2046 3301 2294 3370 fivgessssffiffissus
2301 3309 2339 3370 ἐὲι

1274 3381 1294 3411 fi
1306 3341 1602 3423 ‘stissgiffiffiiaffissff
1612 3351 1736 3424 {3131}
1752 3350 2086 3424 ἐζῖῗῑὲιῖιῗὲἓηῖἑηὲῖἓ
2098 3377 2149 3408 uiis
2163 3361 2335 3415 gemmam,

1274 3419 1320 3450 sed
1340 3417 1611 3450 administrationem
1631 3419 1748 3449 liberam
1765 3427 1795 3448 1n
1808 3417 1943 3450 omnibus
1958 3416 2164 3452 concedentes,
2181 3423 2273 3445 ratum
2287 3415 2338 3445 ha-

1275 3458 1363 3489 bituri
1384 3458 1418 3488 &
1439 3465 1552 3494 gratum
1573 3456 1709 3500 quicquid
1730 3466 1779 3494 per
1794 3457 1853 3495 jam
1867 3455 1960 3500 dictos
1973 3455 2190 3496 ProcuratoreS‚
2205 3461 2252 3483 aut
2265 3462 2338 3497 tres,

1273 3504 1322 3527 aut
1333 3495 1429 3527 saltem
1443 3494 1514 3525 duos
1527 3505 1646 3534 eorum,
1661 3505 1691 3525 in
1706 3494 1798 3526 vestra
1819 3495 1961 3535 praesenna
1974 3493 2081 3536 facturn
2099 3498 2167 3522 ent:
2189 3489 2338 3522 Promittl-

1276 3544 1341 3565 mus
1353 3534 1439 3565 etiam
1453 3543 1506 3571 pro
1529 3534 1567 3564 eis
1573 3533 1730 3573 judicatum
1746 3534 1833 3572 solvi,
1851 3533 1872 3566 fi
1885 3543 1957 3571 opus
1969 3532 2060 3562 fuerit.

1312 3572 1389 3603 Haec
1403 3571 1711 3616 ita.San6iitati.vestrae
1725 3572 1742 3601 s
1737 3571 1902 3616 ignificaiida
1915 3570 2060 3607 duximus,
2079 3574 2112 3611 ut
2127 3566 2226 3611 eadem
2238 3565 2337 3597 adver-

1270 3611 1345 3683 ζῗὶῗῗ
1362 3609 1463 3680 ηοέὶζηε
1478 3634 1488 3649 ,
1515 3610 1535 3641 fi
1557 3621 1606 3650 qui
1627 3620 1657 3640 ui
1674 3611 1818 3650 praesentia
1838 3610 1930 3643 vestra
1949 3613 2141 3649 apparuerint,
2159 3612 2334 3637 intimentur.

1305 3659 1320 3679 e
1346 3658 1378 3687 e,
1431 3658 1457 3679 e.

1412 3774 1695 3808 Excommuntcatio
1704 3775 1844 3822 specialis
1861 3776 1893 3805 in
1912 3773 2042 3804 Barones
2055 3768 2185 3816 Angliae.

1308 3856 1493 3889 Nnocentius
1506 3857 1676 3899 Episcopus,
1695 3861 1756 3892 δίε,
1772 3858 1877 3890 Abbati
1892 3856 1930 3887 de
1941 3853 2130 3898 Albendune‚
2147 3851 2334 3897 Archidiaco—
2352 3850 2428 3881 Ann.
2439 3850 2480 3882 D,

1318 3895 1548 3965 nosPictsaailrienfi
1563 3923 1574 3936 ,
1598 3899 1631 3930 &
1654 3897 1798 3938 Magistro
1822 3895 1959 3926 Roberto
1986 3891 2115 3924 officiali
2135 3890 2333 3923 NorWicensis
2350 3897 2465 3964 ‘417311571

1269 3932 1358 4002 ECXIJ
1369 3943 1654 4006 ¹iazeei'trartrlitextzi'ilumus
1673 3973 1822 4013 pervenire
1842 3971 1972 4014 notitiam
1985 3993 1998 4013 9
2014 3967 2093 4007 quod
2106 3977 2178 4007 nos,
2196 3977 2290 4013 nuper⁸
2301 3968 2332 3998 in
2351 3966 2414 4005 Joh-

1266 4010 1389 4050 generali
1408 4011 1545 4043 Concilio
1561 4013 1727 4052 constituti,
1745 4017 2059 4042 excommunicawmus
2073 4007 2107 4038 ὅ(
2122 4005 2332 4037 anathematisa-

1267 4052 1361 4083 vimus
1374 4057 1408 4081 ex
1421 4059 1499 4089 parte
1509 4052 1716 4091 oninipotentis
1735 4049 1796 4081 Dei
1810 4047 1916 4085 Patris,
1933 4047 1968 4079 &
1984 4043 2047 4077 Filii
2055 4069 2066 4084 ,
2082 4045 2118 4078 &
2129 4044 2247 4085 Spiritus
2260 4044 2332 4117 Sala:
