2570 4261
675 209 787 250 ET
867 208 1135 252 ACTA

0 291 91 326 in.D.
105 296 190 334 mus,
218 294 402 327 favorabiliter
425 295 598 327 intendentes
613 317 623 334 ‚
653 294 824 326 Discretioni
845 303 900 325 tuae
921 305 969 334 per
991 294 1154 337 Apostolica

0 331 75 369 [265¹.
103 332 202 371 scripta
221 335 400 373 mandamus,
417 336 542 374 quatinus
559 333 651 364 eidem
673 333 785 364 Comiti
798 334 982 373 Gloverniae,
997 344 1065 365 cum
1077 337 1154 371 super

0 382 24 401 n.
34 379 61 408 3·
106 371 164 403 hoc
181 382 214 402 ex
230 382 306 410 parte
317 374 397 411 ipsius
411 374 550 403 humiliter
565 374 645 403 fueris
658 374 813 412 requisitus,
830 372 865 402 de
880 372 1056 402 absolutionis
1070 372 1155 401 bene-

106 410 173 441 ficio
185 434 194 449 ‚
216 412 295 449 juxra
315 413 439 442 formam
457 410 592 441 Ecclesiae
605 434 614 449 ,
635 420 668 441 ac
691 410 856 441 relaxatione
876 411 1013 441 interdicti
1025 409 1131 450 praesati
1145 432 1155 445 .,

105 449 200 488 quoad
214 458 315 480 terram
332 449 424 486 suam,
441 459 556 479 necnon
570 451 603 479 &
617 450 690 487 aliis,
706 459 770 488 quae
789 450 823 479 ad
835 449 947 479 salutern
968 449 1044 479 suam
1058 447 1157 478 videris

103 489 241 528 pertinere
252 511 263 525 ‚
277 488 440 517 austoritate
453 486 546 517 nostra
559 488 703 526 provideas
713 510 723 525 ,
742 496 824 524 prout
838 487 940 517 honori
955 487 1105 524 Eccleliae,
1123 495 1157 515 ac

103 526 204 558 salubri
216 525 338 564 ejusdem
352 524 448 564 Regni
462 525 543 555 statui
555 526 709 556 secundum
723 525 821 556 Deum
835 526 932 557 videris
947 526 1084 563 expedire.

108 605 213 684 Prffnag.
231 604 336 636 Perusii
350 627 360 644 ,
384 605 489 637 odlavo
511 604 576 636 Kal.
595 604 730 637 Octobris
741 629 751 645 ,
778 605 962 638 Pontificatsis
980 605 1067 637 nostri
1085 614 1161 636 anno

746 724 799 754 Sub
809 724 858 766 filo
871 725 977 756 canabi.

110 857 199 892 Bulla
217 856 308 902 fhpar
325 856 442 890 decima
456 861 545 890 unius
566 862 658 899 anni,
684 870 704 891 a
724 859 856 891 Praelatis
871 860 997 892 Eccleiae
1021 857 1171 903 Anglica-

156 917 196 937 nae
220 905 338 937 collecta
359 932 368 947 ‚
400 905 445 938 aa'
467 907 653 939 voluntatem
678 910 764 954 Regis
791 911 897 948 (nnnc
922 908 958 941 de
978 910 1168 940 inimicorum

162 951 301 986 manibus
321 951 466 997 liberati)
484 954 670 1002 disponenda.

0 1051 49 1072 nn.
63 1038 106 1070 D.
121 1042 178 1105 C
188 1043 312 1074 Lemens
325 1043 493 1085 Episcopus,
509 1044 597 1075 servus
611 1045 753 1076 servorum
767 1045 842 1085 Dei,
860 1046 964 1077 dilecto
978 1044 1037 1075 filio
1051 1043 1090 1074 O.
1105 1044 1175 1074 San-

0 1078 79 1117 1265-
197 1082 237 1112 eti
251 1082 366 1113 Adriani
379 1083 515 1113 Diacono
530 1082 687 1122 Cardinali,
701 1085 874 1126 Apostolicae
889 1084 957 1116 sedis
971 1084 1096 1122 Legato,
1111 1082 1178 1113 salu-

0 1129 26 1147 n·
40 1127 89 1153 49·
122 1129 181 1154 tem
194 1121 228 1151 &
242 1121 436 1159 Apostolicam
448 1122 686 1153 benedietionem.

2 1179 8 1185 -
26 1166 51 1193 3-
160 1159 215 1190 Per
224 1159 367 1197 quondam
382 1161 539 1199 Symonern
553 1161 590 1191 de
604 1161 773 1192 Monteforti
788 1161 938 1192 Comitem
951 1158 1112 1190 Leicestriae
1120 1181 1130 1197 ,
1144 1159 1178 1190 &

0 1205 15 1222 ’ἕ
26 1197 86 1221 Au·
120 1198 273 1229 nonnullos
287 1198 354 1229 alios
375 1199 522 1238 Magnates
541 1199 636 1238 Regni
656 1200 768 1239 Angliae
782 1201 810 1231 in
824 1200 927 1230 eodem
945 1199 992 1229 Re
1011 1208 1070 1235 n0‚
1088 1197 1180 1227 turba·

0 1242 42 1269 gr·
122 1238 201 1268 tione
221 1236 313 1267 valida
332 1237 454 1268 suscitata
469 1249 478 1276 3
492 1238 641 1278 Episcopi,
660 1239 693 1269 ὃς
713 1239 758 1268 alii
776 1238 964 1269 Ecclesiarum
980 1237 994 1266 1
1006 1236 1090 1266 raelati
1105 1235 1181 1265 deci-

11 1269 109 1300 1.826.
122 1286 201 1306 mam
225 1275 244 1295 *Ξ
263 1275 438 1306 eccleliarum
459 1285 650 1313 proventuum
671 1278 751 1306 unius
764 1278 830 1306 anni
843 1286 895 1315 pro
913 1275 1071 1306 defensione
1086 1274 1180 1313 Regni

19 1331 22 1334 ·
118 1314 240 1345 e'usdem
257 1324 290 1345 ac
311 1314 434 1345 ecclesiae
455 1315 638 1354 Anglicmae,
655 1323 685 1344 ut
705 1314 860 1353 dicebant,
878 1315 907 1344 in
929 1314 979 1344 suis
992 1312 1180 1350 Civitatibus,

120 1324 276 1385 diocesibus
289 1363 321 1383 ac
334 1352 519 1392 districtibus,
536 1360 621 1392 prout
634 1353 793 1389 accepimus
801 1376 811 1390 ,
828 1353 1013 1382 colleoerimr:

160 1390 229 1422 Nos
247 1398 339 1422 autern
352 1413 362 1429 ,
379 1391 504 1422 volentes
523 1398 554 1420 ut
566 1391 597 1420 in
615 1390 775 1421 defensione
795 1390 889 1421 debita
901 1376 935 1421 ἒς
955 1390 1013 1420 utili
1028 1388 1179 1429 praediaesto-

123 1440 188 1462 rum
214 1429 310 1470 Regni
329 1430 363 1460 &
382 1429 506 1460 ecclefiae
519 1451 529 1468 ,
552 1428 662 1459 decima
682 1429 840 1468 hujusmodi
862 1428 1030 1469 expendatur
1044 1451 1053 1466 ,
1078 1427 1181 1458 eisdem

124 1468 287 1508 EpiscopiS,
306 1468 339 1499 &
351 1468 408 1498 aliis
422 1468 600 1498 ecclesiarum
609 1467 724 1505 praelatis
738 1467 838 1498 nostris
846 1467 942 1498 damus
956 1467 1050 1497 litteris
1064 1467 1092 1496 in
1102 1476 1184 1496 man-

123 1508 212 1545 datis,
229 1514 259 1537 ut
270 1507 372 1545 aliquid
384 1506 422 1536 de
436 1505 511 1537 dieta
523 1506 635 1537 decima
647 1506 791 1544 disponere
805 1516 865 1536 non
877 1507 1059 1546 praesumant,
1077 1505 1184 1535 feteam

124 1546 183 1577 fine
196 1545 419 1576 contradiciione
429 1545 566 1584 qualibet,
583 1545 653 1576 infra
668 1553 777 1583 tempus
791 1555 806 1575 a
821 1553 849 1575 te
858 1546 892 1575 ad
907 1545 964 1576 hoc
993 1543 1186 1583 raefigendum,

120 1584 233 1615 duobus
246 1582 380 1621 praelatis,
394 1593 464 1623 quos
477 1591 508 1614 tu
523 1583 557 1613 ad
572 1583 601 1614 id
612 1583 719 1614 duxeris
733 1583 923 1622 deputandos,
938 1594 954 1614 a
977 1591 1074 1623 ignent
1094 1583 1123 1612 in
1136 1581 1186 1611 de-

124 1623 281 1654 fensionem
301 1621 458 1659 huiusmodi
472 1646 482 1660 ,
504 1621 658 1652 secundum
681 1630 758 1653 tuam
781 1622 952 1660 &ipsorum
965 1621 1188 1660 providentiam,

125 1659 366 1699 convertendam,
383 1669 497 1698 propter
512 1660 590 1698 quod
605 1660 701 1691 damus
721 1661 772 1691 tibi
785 1670 833 1698 per
846 1661 908 1691 alias
923 1660 1028 1691 nostras
1037 1683 1046 1698 ,
1064 1659 1114 1689 sub
1128 1669 1188 1689 cer-

125 1699 156 1731 ta
175 1699 267 1730 forma
281 1721 291 1737 ‚
308 1699 408 1729 litteras
426 1700 455 1729 in
467 1699 603 1730 mandatis
615 1707 662 1736 ut,
679 1699 835 1737 hujusmodi
856 1699 988 1730 Praelatos
1003 1697 1037 1729 ad
1049 1697 1188 1736 praemiffa

126 1739 262 1775 deputans
276 1760 286 1775 ‚
307 1737 398 1768 dictos
417 1736 569 1776 Episcopos
589 1738 623 1768 &
646 1737 778 1768 Praelatos
791 1761 802 1777 ,
817 1739 865 1776 qui
886 1737 1028 1776 praefatam
1048 1737 1190 1769 decimam

129 1777 321 1814 collegerunt,
339 1776 373 1806 &
391 1775 530 1814 quossibet
548 1776 616 1806 alios
629 1777 709 1815 ipsius
725 1776 846 1807 decimae
860 1776 1016 1807 detentores
1028 1775 1106 1815 super
1121 1785 1193 1813 prae-

129 1813 217 1844 missis
232 1823 363 1852 moneaS,
381 1814 414 1844 &
436 1813 550 1846 inducas
564 1822 596 1845 ut
617 1814 774 1853 hujusmodi
793 1814 926 1845 mandato
941 1814 1056 1852 nostro,
1072 1814 1128 1844 line
1146 1814 1194 1843 ali-

131 1852 211 1891 cujus
223 1851 395 1883 difficultatis
413 1852 580 1891 obstaculo,
598 1862 708 1893 pareant
721 1862 876 1884 reverenter
889 1866 900 1892 ι,
917 1854 1041 1891 alioquin
1054 1860 1085 1882 tu
1099 1862 1146 1882 eos
1160 1852 1194 1882 ad

132 1891 163 1921 id
178 1900 226 1928 per
240 1890 385 1921 censuram
400 1890 614 1923 eccleliasticam
633 1893 666 1924 &
686 1892 751 1931 alia,
769 1900 852 1934 prout
864 1893 993 1933 expedire
1008 1891 1108 1922 videris
1117 1914 1126 1930 ,
1140 1890 1196 1921 dis-

134 1930 268 1961 trictione
281 1929 440 1969 compellas.

169 1966 250 1999 Cum
268 1977 361 1998 autern
379 1967 496 1999 dilectus
517 1968 587 1999 filius
614 1968 732 2000 Nobilis
753 1970 795 2001 vii·
815 1969 970 2002 Edwardus
983 1991 993 2007 ,
1018 1967 1148 1999 carissimi
1168 1967 1198 1998 in

132 2004 252 2050 Christo
263 2006 311 2036 filii
327 2007 414 2037 nostri
431 2005 518 2046 Regis
533 2007 643 2047 Angiiae
658 2008 859 2048 primogenitus
874 2032 883 2045 ‚
901 2008 937 2038 de
952 2007 1079 2045 praedicti
1095 2007 1115 2037 S
1134 2016 1200 2037 mo-

134 2055 177 2075 nis
198 2045 232 2076 &
251 2044 394 2076 fautorum
412 2046 477 2085 (qui
492 2046 603 2077 dkstum
622 2047 735 2087 Regem
756 2049 790 2078 &
803 2046 976 2078 cariffimum
991 2047 1021 2076 in
1035 2045 1104 2076 Chri
1131 2056 1150 2075 o
1168 2045 1201 2075 fi-

133 2083 205 2114 lium
220 2083 350 2114 nostrum
371 2083 410 2114 R.
431 2085 461 2115 in
482 2084 610 2115 Roman.
628 2085 740 2126 Regem
763 2086 916 2123 Eiectum,
935 2093 1050 2114 necnon
1065 2084 1202 2122 &ipsum

135 2122 171 2153 E.
187 2133 240 2162 pro
251 2122 296 2153 sua
309 2124 453 2153 voluntate
466 2125 689 2162 captivaverant)
710 2126 840 2155 manibus
856 2124 999 2160 liberatus,
1018 2124 1051 2153 &
1064 2121 1202 2153 defensio-

136 2171 206 2191 nem
221 2161 349 2199 praediffl
362 2161 458 2200 Regni
471 2162 507 2192 &
519 2161 721 2194 Ecclesiasticae
734 2163 864 2194 libertatis
877 2170 976 2192 contra
990 2160 1062 2198 ipsos
1074 2162 1202 2191 turbato-

136 2210 180 2230 res
193 2199 379 2241 assumpserit,
398 2201 432 2230 δε
444 2199 478 2230 ad
491 2200 682 2232 liberationem
695 2202 777 2242 patris
790 2201 829 2232 sui
841 2201 878 2231 sic
893 2200 1045 2230 efficaciter
1059 2199 1203 2237 laborarit,

136 2238 218 2309 ἓυὸά
236 2239 340 2268 elidem
360 2239 560 2277 turbatoribus,
577 2241 679 2271 virtute
691 2239 827 2278 altiffiini,
845 2249 898 2277 pro
919 2238 1021 2278 magna
1038 2247 1113 2278 parte
1132 2248 1205 2269 con-

151 2278 218 2308 effis
232 2299 243 2315 ,
260 2277 336 2307 idem
358 2277 423 2308 Rex
436 2277 491 2308 suae
513 2278 569 2314 jam
589 2278 630 2309 est
652 2279 774 2310 redditus
789 2278 923 2316 libertati,
944 2277 1013 2308 licet
1028 2277 1062 2307 ad
1076 2279 1133 2315 jura
1147 2277 1208 2308 Re-

140 2318 196 2357 giae
209 2316 348 2355 dignitatis
362 2326 420 2346 non
436 2317 484 2354 sit,
504 2325 588 2355 prout
600 2317 784 2348 desideramus
793 2340 802 2356 ,
821 2316 989 2355 integraliter
1000 2315 1153 2347 restitutus:

176 2354 246 2385 Nos
263 2355 443 2385 desiderantes
457 2355 563 2395 ipsum,
581 2355 616 2386 ad
629 2366 716 2397 quem
729 2356 899 2386 eorumdem
922 2355 1020 2394 Regni
1033 2355 1066 2385 &
1081 2354 1209 2386 ecclelia-

141 2403 206 2425 rum
224 2393 349 2424 defensio
390 2395 488 2424 ertinet
500 2417 510 2432 ,
536 2394 566 2423 in
590 2397 756 2425 executione
776 2394 941 2425 defenfionis
962 2392 1082 2430 ejusdem
1095 2418 1105 2431 ,
1124 2394 1157 2424 &
1175 2393 1209 2423 ad

141 2432 348 2463 restitutionem
367 2403 527 2471 iiujusmodi
557 2433 741 2464 obtinendam
756 2455 765 2471 ,
788 2433 890 2470 quibus
919 2432 1083 2468 possumus,
1107 2432 1210 2462 auxiliis

144 2471 316 2508 confovere,
335 2472 399 2509 quia
411 2470 593 2501 verisimiliter
608 2471 747 2501 credimus
762 2477 951 2500 memoratum
966 2469 1001 2499 E.
1017 2471 1095 2508 cujus
1108 2469 1150 2499 est
1163 2470 1211 2500 ad-

144 2507 203 2539 huc
225 2508 307 2539 valde
327 2509 477 2538 necessaria
501 2507 643 2539 strenuitas
665 2510 699 2539 ad
724 2508 856 2547 praedieta
871 2531 880 2545 ,
898 2516 997 2547 praeter
1011 2508 1213 2538 inextimabiles

142 2547 251 2578 labores
287 2556 359 2584 quos
372 2546 471 2585 subiit,
490 2547 522 2576 &
537 2549 629 2586 gravia
642 2548 776 2588 pericula,
795 2547 896 2586 quibus
910 2546 936 2575 se
952 2545 1112 2576 constanter
1124 2555 1214 2586 expo-

146 2586 215 2623 suit,
233 2569 269 2615 ad
283 2585 431 2615 utilitatem
444 2585 604 2616 evidentem
617 2586 785 2617 eorumdem
798 2584 1120 2625 Regni&eccle1iarum
1135 2593 1215 2625 mag-

150 2623 189 2656 na
203 2623 384 2662 expensarum
399 2623 466 2654 cura
482 2624 601 2653 subiiffe:

185 2661 326 2692 Volumus
338 2684 348 2700 ,
366 2662 400 2693 &
420 2662 579 2692 discretioni
600 2670 656 2693 tuae
671 2686 681 2701 ,
706 2663 883 2704 praesentium
898 2661 1061 2692 auetoritare
1074 2684 1083 2700 ,
1102 2661 1216 2693 manda-

150 2709 216 2731 mus
233 2701 360 2740 quatinus
402 2701 531 2731 raeditstos
551 2700 622 2732 duos
639 2702 766 2740 praelatos
780 2725 790 2741 ,
808 2701 884 2740 Regi
905 2700 997 2731 eidem
1011 2709 1144 2739 acceptos
1157 2724 1166 2739 ‚
1183 2701 1219 2732 ad

151 2739 297 2770 decimam
319 2748 369 2769 ean
390 2749 438 2769 em
458 2739 645 2776 recipiendam
665 2741 702 2771 de
720 2741 799 2780 ipsius
819 2739 906 2778 Regis
924 2738 1039 2779 deputes
1058 2738 1220 2779 voluntate3

152 2786 185 2808 ut
206 2778 328 2815 ipsorum
346 2777 522 2815 providentia
541 2779 571 2807 in
592 2779 783 2809 defensionem
796 2779 829 2809 &
842 2779 876 2808 ad
889 2776 1056 2807 obtinendas
1069 2776 1221 2808 restitutio-

151 2825 201 2848 nes
213 2815 375 2856 praedictas,
392 2826 458 2855 quas
476 2826 646 2848 memoratus
665 2817 700 2847 E.
721 2817 880 2847 constanter
899 2816 1075 2856 prosequitur
1092 2839 1102 2853 ,
1122 2818 1222 2848 utiliter

151 2862 332 2886 ‘convertatur
354 2855 490 2893 (Proviso
512 2855 591 2893 quod
614 2856 733 2887 eandem
753 2855 897 2887 decimam
918 2855 946 2884 in
967 2854 1057 2885 nullos
1079 2855 1144 2885 alios
1160 2858 1221 2887 usus

149 2893 302 2931 superfluos
321 2893 440 2933 expendi
460 2895 494 2924 ali
515 2902 627 2925 uatenus
646 2905 706 2926 non
732 2894 898 2934 contingat)
913 2894 1047 2924 invocato
1060 2894 1095 2924 ad
1110 2894 1182 2934 hoc,
1201 2896 1221 2927 ii

153 2932 264 2964 necesse
278 2930 377 2969 fuerit,
391 2932 493 2963 auxilio
529 2933 615 2963 rachii
628 2933 765 2964 secularis:

190 2969 423 3001 contradictores
443 2981 493 3010 per
506 2972 648 3002 censuram
667 2971 893 3009 ecclesiasticam,
909 2970 1094 3011 appellatione
1107 2970 1224 3008 postpo-

157 3008 207 3040 sita
219 3031 229 3046 ,
255 3008 464 3045 compescendo
481 3021 487 3028 .
514 3019 573 3040 non
593 3010 768 3042 obstantibus
782 3011 801 3041 fi
816 3010 952 3048 aliquibus
963 3019 978 3038 a
993 3009 1054 3040 sede
1069 3009 1224 3050 apostolica

158 3047 193 3077 sit
214 3046 355 3077 indultum
369 3069 379 3085 ,
405 3057 443 3084 qu
503 3051 744 3080 excommunicari
789 3048 932 3088 suspendi,
948 3047 994 3078 vel
1013 3048 1143 3078 interdici
1165 3059 1225 3079 non

155 3083 264 3128 possint
282 3093 329 3122 per
349 3084 450 3128 litteras
469 3085 650 3124 apostolicas,
668 3098 728 3119 non
745 3072 877 3118 facientes
892 3086 1004 3124 plenam
1019 3087 1052 3117 ὃ(
1073 3087 1225 3126 expressam

157 3123 195 3167 de
207 3122 484 3166 indultqhujusmodi
494 3125 691 3166 mentionem,
709 3134 755 3157 aut
770 3124 937 3165 quibussibet
951 3124 1007 3154 aliis
1021 3126 1167 3165 privilegiis
1180 3126 1224 3156 seu

159 3160 336 3200 indulgentiis
354 3161 512 3205 apostolicis
533 3162 570 3192 de
589 3164 690 3207 quibus
703 3187 713 3202 ,
733 3173 911 3203 quorumque
931 3163 995 3193 totis
1014 3165 1158 3194 tenoribus
1170 3186 1179 3201 ,
1197 3166 1227 3194 in

161 3199 263 3231 nostris
283 3199 376 3236 litteris
395 3200 515 3240 specialis
538 3208 648 3231 mentio
667 3203 699 3232 fit
718 3202 869 3240 habenda,
895 3202 928 3232 &
943 3210 991 3240 per
1007 3212 1092 3241 quam
1108 3202 1226 3234 effecius

160 3237 340 3278 praesentium
353 3238 483 3276 impediri
498 3238 586 3270 valeat
598 3240 643 3269 vel
657 3239 771 3271 differri.

200 3316 270 3349 Dat.
287 3316 407 3357 perusii,
425 3317 443 3350 8
456 3316 520 3349 Kal.
541 3317 665 3350 Ottobr.
682 3317 865 3352 Pontificatsis
877 3318 966 3352 nostri
980 3329 1056 3351 anno
1070 3322 1174 3360 primo.

839 3400 894 3431 Sub
897 3401 951 3445 filo
967 3403 1073 3435 canabi.

213 3534 263 3567 De
278 3529 564 3573 Pardonationibus,
583 3541 638 3578 per
655 3531 806 3579 quondam
826 3537 976 3569 Simonem
994 3535 1031 3569 de
1048 3539 1173 3571 Monte-

402 3580 484 3626 forti
495 3580 656 3627 figularis,
677 3592 732 3627 pro
745 3583 826 3616 nullo
841 3584 1024 3631 reputandis.

25 3675 106 3712 Ann.
119 3677 161 3710 D.
175 3669 311 3734 REX
330 3670 480 3708 omnibus,
497 3671 558 3702 &e
574 3670 695 3701 salutem.

51 3718 134 3756 1265,
199 3748 204 3753 .
297 3708 376 3740 Cum
392 3732 402 3748 ‚
426 3709 509 3740 nobis
526 3720 615 3754 nuper
633 3706 812 3739 existentibus
830 3710 880 3741 sub
900 3711 1027 3743 custodia
1048 3712 1091 3743 &'
1102 3709 1237 3752 potestate

27 3761 82 3787 An.
100 3766 147 3793 49,
177 3747 300 3779 Simonis
325 3748 361 3779 de
380 3746 573 3786 Monreforn,
597 3745 752 3790 quondam
767 3745 891 3790 Comitis
910 3749 1072 3780 Leicestriae
1088 3773 1097 3788 ‚
1128 3749 1238 3779 inimici

17 3801 65 3825 Ἡ,
85 3805 111 3833 3,
179 3787 283 3826 nostri,
302 3788 351 3825 qui
370 3786 466 3856 Sigillo
485 3785 584 3817 nostro
600 3795 653 3826 pro
666 3784 721 3814 suae
735 3784 816 3815 libito
828 3786 977 3818 voluntatis
988 3790 1132 3826 utebatur,
1151 3788 1238 3818 literae

30 3835 144 3869 Pat.49.
182 3826 267 3855 variae
281 3825 382 3856 eodem
419 3824 493 3864 igillo
512 3833 609 3855 contra
622 3823 796 3853 voluntatem
818 3824 943 3854 nostram
955 3848 965 3864 ,
984 3826 1096 3866 fignarae
1110 3825 1238 3864 fuiffent,

31 3877 103 3909 ΗΞ,
184 3865 359 3896 continentes
385 3864 463 3903 quod
488 3863 702 3903 pardonavimus
725 3861 834 3891 diversis
860 3861 1030 3895 debitoribus
1047 3865 1214 3902 Judaeorum
1230 3887 1239 3901 ,

29 3917 60 3939 a.
75 3919 121 3947 ²7·
185 3900 282 3940 Refflii
291 3900 396 3940 nostri,
412 3902 488 3942 plura
500 3902 607 3940 debita,
623 3902 651 3930 in
663 3900 762 3943 quibus
781 3899 884 3930 eisdem
893 3900 998 3938 Judaeis
1009 3903 1190 3941 tenebantur,
1207 3904 1240 3933 &

185 3940 307 3970 maxime
317 3940 385 3979 hiis,
423 3942 450 3971 ui
465 3941 546 3971 nobis
559 3941 591 3970 ὃς
604 3940 794 3979 primogenito
807 3937 923 3977 nostro,
939 3941 970 3970 in
981 3942 1138 3972 turbatione
1146 3941 1242 3981 Regni

184 3977 290 4017 nostri,
306 3988 394 4019 nuper
428 3980 516 4018 abita,
536 3976 679 4009 manifeste
691 3976 919 4015 adversabantur,

207 4015 307 4054 ’Nos,
323 4017 526 4056 postmodum,
545 4027 593 4057 per
605 4016 662 4047 Dei
677 4016 812 4054 gratiam,
828 4014 865 4045 de
885 4014 1013 4054 praediffi
1033 4018 1142 4048 inimici
1156 4017 1243 4048 nostri

183 4054 313 4084 manibus
327 4055 448 4094 liberati,
467 4066 516 4094 per
538 4055 667 4086 endentes
681 4063 715 4083 ex
729 4053 785 4083 hoc
801 4062 858 4084 tarn
874 4053 972 4092 nobis,
992 4065 1077 4092 quam
1088 4056 1244 4086 haeredibus

181 4091 284 4123 nostris
302 4093 494 4133 gravissimum
515 4066 689 4134 dispendium
706 4091 784 4131 posse
798 4092 965 4131 provenire,
983 4092 1197 4134 pardonationes
1209 4094 1243 4125 &

1216 208 1686 254 PUBLICA.
2177 221 2288 249 101‘

1200 303 1299 338 omnes
1319 295 1381 326 alias
1401 296 1608 336 concessiones,
1630 297 1713 328 nobis
1731 296 1837 337 invitis,
1860 296 1978 327 nomine
1992 295 2107 334 nostro,
2124 303 2251 334 tempore
2269 292 2345 323 Ann-
2358 289 2400 321 D.

1200 332 1337 369 praedit-sto
1351 356 1361 371 ‚
1385 336 1608 374 quibuscumque
1627 337 1797 367 debitoribus
1814 337 1952 376 praedietis
1973 336 2074 373 sanitas,
2097 343 2150 373 pro
2172 333 2251 364 nullo
2293 330 2378 368 1265.

1201 379 1371 414 reputantes,
1390 373 1423 402 &
1445 375 1564 403 omnino
1578 380 1780 411 *revocantem
1798 386 1857 413 eas,
1873 375 1927 405 una
1941 384 2008 405 cum
2022 374 2135 404 extentis
2148 373 2184 404 de
2197 382 2252 404 ter·
2269 375 2335 398 ΗΜ·
2352 379 2376 404 3·
2401 409 2403 412 ⁸

1202 418 1237 438 ris
1257 410 1290 439 ὃς
1309 411 1473 440 tenementis
1493 422 1736 452 quorumcumque
1755 413 1914 444 debitorum
1930 412 2143 452 praedistoruin,
2160 412 2193 443 ὃς
2210 420 2253 442 at·-
2272 410 2286 426 '⁶
2303 411 2325 437 1.
2338 408 2404 441 827-

1203 449 1444 491 terminationibus
1456 449 1491 479 de
1505 450 1602 480 debitis
1615 451 1833 490 quibuscumque
1842 475 1850 490 ,
1867 450 2019 481 secundum
2030 459 2151 481 extentas
2161 450 2252 488 hujus-

1205 485 1283 515 modi
1299 486 1382 516 factas
1391 510 1400 525 ,
1418 487 1454 517 de
1466 487 1599 518 Concilio
1613 490 1711 518 nostro
1722 489 1897 519 decernimus
1907 489 1939 519 δε
1954 490 2061 526 inanes,

1242 523 1376 568 Volentes
1397 526 1430 556 ὃς
1448 526 1634 556 concedentes
1656 527 1732 564 quod
1750 528 1866 557 universi
1888 529 1920 557 ὃς
1941 528 2035 566 singuli
2050 527 2143 565 Judaei
2159 527 2263 566 Regni·

1206 561 1311 601 nostri,
1331 564 1421 601 quoad
1442 563 1535 595 debita
1552 565 1614 603 sua,
1628 566 1643 594 Ξι
1662 564 1880 604 quibuscumque
1899 566 2070 596 debitoribus
2089 566 2156 605 suis,
2175 567 2207 597 ὃ(
2220 566 2255 596 ad

1206 602 1303 631 omnia
1322 602 1372 632 alia
1393 603 1467 633 bonci
1479 604 1512 633 ὃς
1527 603 1621 633 catalla
1635 603 1679 634 sua
1693 603 1894 642 recuperanda,
1913 602 1946 632 ad
1957 603 2056 634 statum
2070 603 2149 634 suum
2163 606 2259 635 omni-

1208 649 1248 669 no
1269 639 1458 678 restituantur,
1482 643 1511 671 in
1534 651 1591 681 quo
1610 642 1656 672 die
1678 640 1826 672 conflictus
1847 642 1883 672 de
1904 641 2004 671 Lewes
2022 644 2179 681 exnterint,
2202 643 2259 674 live

1209 686 1294 708 cartae
1314 679 1472 709 debitorum
1494 680 1696 719 praedie‘torum
1719 680 1754 710 ab
1776 680 1844 709 arcis
1864 680 2057 718 cirographicis
2072 704 2092 719 ,.
2113 691 2159 719 per
2182 682 2258 712 idem

1211 716 1346 755 Regnum
1367 717 1510 757 nostrum,
1525 727 1653 758 tempore
1666 717 1817 756 praedisto,
1835 719 1962 748 extraCtae
1976 718 2094 756 fuerint,
2111 720 2166 751 {ive
2179 730 2238 750 non
2246 729 2257 756 5

1210 755 1370 822 dufnmodo
1382 756 1438 824 dt}Bc
1431 756 1529 787 debitis
1542 757 1679 795 praedidhs
1691 757 1887 787 rationabiliter
1901 755 2029 788 constare
2041 756 2133 795 possit.

1262 803 1281 822 n
1295 803 1388 832 cujus,
1439 804 1465 824 c.

1249 872 1336 903 Teste
1348 873 1430 914 Rege
1442 874 1515 912 apud
1528 874 1680 906 Windesor
1694 876 1787 914 primo
1801 874 1846 906 die
1860 874 2004 907 Oitobris‘.

1217 1004 1308 1037 Bulla
1336 1016 1397 1051 qua
1417 1006 1597 1051 gratulatur
1618 1009 1728 1040 Comiti
1747 1009 1908 1042 Gloverniae
1918 1009 2008 1053 fhper
2023 1006 2194 1040 liberatione
2209 1010 2269 1040 Re-

1483 1059 1552 1101 gis,
1579 1058 1614 1093 &⁴
1631 1055 1783 1089 Edwardi
1794 1060 1993 1102 primogeniti.

1224 1141 1406 1204 CLemens
1426 1142 1530 1181 Episco
1550 1153 1597 1181 us,
1620 1142 1710 1173 servus
1730 1143 1871 1174 servorum
1890 1143 1963 1182 Dei,
1988 1144 2093 1175 Nobili
2113 1143 2184 1175 Viro
2205 1142 2274 1174 Gil-
2291 1146 2366 1178 Ann.
2380 1144 2422 1176 D:

1299 1183 1380 1212 berto
1395 1181 1506 1212 Comiti
1553 1182 1702 1220 loverniae,
1717 1181 1839 1221 spiritum
1855 1183 1963 1213 consilii
1976 1183 2091 1213 sanioris.
2313 1185 2395 1222 1265.

1257 1221 1416 1260 Juventutis
1434 1228 1491 1251 tuae
1513 1221 1668 1257 prudentiae
1687 1229 1803 1258 paterno
1821 1221 2029 1260 congaudemus
2050 1219 2169 1258 affeetu,
2183 1230 2217 1250 ex
2237 1230 2273 1250 eo
2292 1228 2343 1252 Aa.
2358 1233 2406 1259 49.

1225 1260 1302 1299 quod
1323 1260 1404 1298 licet,
1422 1269 1456 1290 ex
1472 1259 1602 1289 humanae
1617 1258 1764 1297 fragilitatis
1775 1257 1889 1289 infirmo
1902 1260 1935 1290 δε
1945 1259 2073 1298 juvenilis
2088 1258 2177 1288 foi-san
2189 1260 2273 1289 aetatis
2294 1268 2326 1291 H,
2346 1272 2370 1299 3.

1222 1300 1347 1335 lubrico,
1365 1297 1532 1336 aliquamdiu
1553 1297 1637 1337 lapsus
1657 1299 1686 1326 in
1708 1297 1824 1328 devium
1843 1306 1940 1327 contra
1961 1299 2000 1328 tui
2018 1297 2131 1327 honoris
2148 1296 2274 1326 debitum
2292 1306 2330 1328 Ex
2346 1303 2404 1328 Au*

1223 1338 1374 1375 oberratis,
1390 1337 1424 1367 ad
1445 1346 1496 1366 cor
1516 1344 1611 1366 tamen
1623 1335 1744 1373 rediens,
1761 1335 1940 1375 perversitatis
1955 1336 2113 1374 aliquorum
2126 1335 2224 1373 iniquis
2238 1345 2277 1364 as·
2292 1348 2355 1376 togr.

1224 1376 1343 1414 sumptae
1363 1374 1577 1415 persuasionibus
1597 1384 1688 1404 errore
1707 1374 1743 1404 de
1764 1374 1840 1411 ulso,
1861 1372 1895 1403 ad
1917 1375 2036 1406 veritatis
2055 1373 2160 1404 semitas
2180 1373 2279 1402 fortior

1225 1414 1346 1452 rediisti,
1364 1415 1398 1445 ὃς
1418 1414 1452 1444 ad
1466 1413 1659 1443 liberationem
1676 1412 1729 1442 dile
1760 1412 1845 1442 iFilii
1858 1411 1975 1442 Nobilis
1987 1413 2046 1444 Viri
2059 1411 2190 1443 Edwardi
2204 1412 2285 1442 caris-

1227 1453 1288 1484 simi
1309 1454 1338 1483 in
1360 1451 1478 1482 Christo
1499 1451 1561 1481 Filii
1580 1451 1668 1481 nostri
1825 1450 1933 1481 illustris
1949 1451 2037 1490 Regis
2052 1449 2163 1490 Angliae
2177 1450 2286 1487 primo-

1226 1493 1335 1531 geniti,
1359 1490 1477 1530 operoso
1498 1490 1612 1529 ingenio
1634 1491 1667 1520 &
1690 1489 1830 1528 ingeniosa
1852 1499 1936 1528 opera
1958 1489 2103 1529 diligenter
2123 1488 2286 1527 intendens,

1228 1540 1314 1568 eaque
1329 1530 1445 1560 obtenta
1460 1527 1551 1558 eidem
1572 1528 1677 1558 Nobili
1698 1536 1825 1565 potenter
1846 1528 1879 1557 &
1894 1536 2017 1566 patenter
2030 1527 2171 1558 adhaerens
2177 1549 2188 1564 ,
2205 1526 2240 1557 ad
2253 1527 2289 1557 li-

1228 1567 1385 1599 berandum
1399 1566 1523 1598 eundem
1536 1566 1670 1606 Regem,
1706 1568 1732 1596 ui
1748 1575 1816 1596 tunc
1832 1566 1847 1594 *a
1862 1566 2025 1603 quibusdam
2040 1566 2092 1597 suis
2105 1566 2289 1607 persecutori-

1230 1609 1283 1639 bus
1297 1607 1544 1645 tenebatur,-cum
1559 1605 1662 1635 eodem
1712 1605 1780 1635 obili
1799 1603 1942 1642 assumptis
1956 1605 2112 1642 laboribus,
2131 1605 2164 1634 &
2200 1605 2290 1633 ericu-

1231 1646 1263 1676 lis
1286 1656 1346 1676 non
1364 1646 1455 1676 vitatis
1468 1667 1478 1683 ‚
1497 1643 1649 1674 efficaciter
1661 1652 1772 1712 ,sprout
1791 1642 1856 1673 felix
1877 1652 1990 1675 eventus
2005 1666 2016 1682 ,
2042 1643 2075 1674 &
2091 1643 2170 1682 profe
2201 1652 2220 1672 o
2238 1642 2292 1672 tibi.

1233 1683 1420 1722 honorabilis,
1438 1683 1557 1721 indicat,
1573 1693 1675 1713 vacava
1703 1683 1721 1711 i.
2187 1710 2189 1712 ,

1270 1723 1389 1762 Propter
1404 1722 1498 1760 quod,
1515 1722 1548 1751 ad
1564 1722 1666 1751 anirnae
1680 1729 1735 1750 tuae
1748 1719 1862 1751 salutem
1877 1719 2016 1760 specialius
2030 1719 2222 1759 intendentes,
2241 1719 2293 1749 tibi

1234 1762 1270 1793 de
1288 1761 1468 1792 absolutionis
1488 1759 1627 1790 beneficio
1646 1761 1681 1790 ab
1700 1760 2031 1789 excommunicationum
2052 1758 2208 1797 sententiis,
2227 1767 2292 1796 quas

1235 1800 1455 1840 persecutoribus
1468 1797 1637 1829 adhaerendo
1649 1797 1785 1843 praedietis
1799 1806 1827 1827 te
1841 1798 1972 1828 novimus
1992 1798 2152 1836 incurrisse,
2192 1807 2220 1827 er
2235 1797 2294 1836 spe-

1237 1840 1318 1869 ciales
1335 1838 1440 1869 nostras
1460 1837 1624 1868 mandamus
1641 1837 1741 1867 litteras
1756 1836 1912 1876 provideri,
1931 1843 1961 1865 ut
1976 1834 2080 1866 nostrae
2093 1836 2164 1865 bene
2185 1836 2294 1865 ustionis

1238 1879 1354 1917 gratiam
1368 1901 1379 1916 ,
1397 1886 1482 1917 quarn
1503 1877 1554 1906 tibi
1574 1885 1623 1916 per
1642 1875 1764 1916 impensa
1779 1874 1854 1913 Regi
1872 1875 1904 1905 ὃς
1925 1875 2115 1913 primogenito
2137 1874 2299 1904 memoratis

1241 1917 1367 1954 servitia,
1383 1916 1415 1946 &
1432 1926 1462 1946 ea
1478 1924 1542 1953 quae
1554 1922 1581 1944 te
1595 1914 1730 1953 speramus
1743 1913 1934 1951 impensurum
1952 1912 2139 1952 imposterum
2153 1913 2299 1950 vendicas,

1241 1964 1383 1995 quamque
1397 1954 1447 1984 tibi
1462 1954 1496 1984 ad
1509 1953 1566 1983 hoc
1578 1960 1672 1991 parato
1687 1959 1821 1991 gratanter
1833 1951 1989 1989 afferimus,
2007 1951 2113 1991 plenius
2127 1951 2281 1989 assequaris.

1278 1993 1402 2037 Ideoque
1423 1992 1614 2022 Nobilitatem
1629 1999 1707 2021 tuam
1722 1999 1868 2030 rogamus,
1883 1999 2033 2019 monemus
2053 1990 2086 2020 ὃ(
2105 1989 2249 2020 hortamur
2262 1997 2304 2031 at-v

1243 2041 1337 2071 terite,
1356 2042 1385 2061 in
1397 2031 1590 2061 remissionem
1601 2030 1653 2059 tibi
1666 2031 1865 2069 peccaminum
1881 2028 2037 2066 suadentes,
2075 2029 2179 2059 uatinus
2194 2037 2249 2058 tuae
2264 2030 2305 2056 la-

1244 2072 1306 2101 lutis
1318 2071 1439 2101 obtentu
1454 2069 1582 2099 festinans
1596 2077 1649 2107 pro
1662 2066 1740 2108 posse
1754 2067 1787 2097 ad
1808 2067 1967 2105 hujusmodi
1986 2066 2058 2096 bene
2079 2067 2157 2097 cium
2172 2066 2306 2096 obtinen-

1246 2109 1317 2140 dum
1332 2132 1342 2148 ,
1368 2108 1444 2147 Regi
1464 2107 1579 2145 praefato
1599 2116 1698 2136 contra
1720 2106 1782 2136 suos
1804 2107 1837 2137 &
1857 2105 1951 2144 Regni
1974 2105 2084 2143 Angliae
2098 2105 2282 2143 persecutores
2295 2125 2306 2141 ,

1245 2155 1329 2186 prout
1349 2148 1464 2183 teneris,
1482 2145 1643 2176 constanter
1658 2143 1776 2182 assistas,
1795 2143 1972 2183 eundemque
1984 2145 2057 2183 prim
2098 2144 2206 2173 enitum
2220 2144 2304 2173 omni

1266 2197 1304 2217 uo
1325 2187 1429 2225 poteris
1448 2185 1550 2216 favoris
1572 2185 1604 2214 &
1626 2184 1727 2214 amoris
1749 2183 1841 2213 studio
1860 2182 2048 2222 prosequaris:
2102 2190 2113 2211 t
2128 2204 2138 2219 ,
2156 2182 2188 2211 ad
2203 2191 2304 2221 pacem

1245 2197 1345 2265 cRegni
1358 2223 1463 2265 praefati
1476 2223 1590 2253 sollicite
1602 2230 1765 2261 vacaturus,
1783 2221 1853 2262 ipsos
1865 2221 1898 2251 ad
1913 2221 2092 2251 clementiam
2105 2229 2169 2259 erga
2183 2220 2309 2259 persecu-

1249 2274 1322 2296 tores
1336 2263 1449 2294 eosdem
1465 2261 1585 2292 sollerter
1600 2261 1721 2291 inducas.

1287 2302 1504 2333 Nichilominus
1522 2300 1619 2331 salubri
1639 2299 1757 2330 contilio
1776 2297 1943 2336 persuasurus
1963 2297 2068 2328 eisdem
2089 2306 2140 2336 ut,
2158 2307 2212 2328 nec
2227 2296 2311 2334 suspi-

1247 2342 1328 2373 tione
1345 2341 1434 2380 aliqua
1447 2363 1458 2380 ,
1482 2349 1536 2370 nec
1557 2338 1746 2379 quorumdam
1768 2337 1953 2368 Praelatorum
1973 2335 2126 2367 exceffibus
2146 2337 2312 2373 provocati,

1250 2388 1351 2410 contra
1371 2380 1442 2417 ipsos
1457 2402 1467 2418 ,
1485 2386 1532 2409 aut
1553 2377 1696 2415 ecclesias,
1713 2376 1756 2407 vel
1771 2376 1832 2406 alias
1848 2375 1974 2415 personas
1988 2374 2181 2405 ecclesiasticas
2194 2374 2238 2404 seu
2249 2374 2312 2412 jura

1250 2419 1375 2458 ipsorum
1389 2427 1507 2448 manum
1523 2416 1724 2446 molestationis
1737 2414 1892 2444 extendant.

1290 2456 1358 2487 Nos
1377 2457 1455 2486 enirn
1476 2454 1596 2485 excessus
1616 2453 1776 2492 hujusmodi
1797 2453 1834 2482 sic
1849 2475 1858 2491 ,
1883 2450 2036 2482 secundum
2058 2450 2182 2489 ipsorum
2202 2452 2316 2519 exigem

1252 2497 1322 2526 tiam
1337 2518 1347 2533 ,
1370 2494 1501 2534 castigare
1521 2494 1706 2531 proponimus
1719 2514 1730 2530 ,
1754 2490 1831 2529 quod
1844 2513 1854 2529 ,
1870 2491 1965 2520 adtore
1979 2489 2112 2520 Domino
2126 2511 2137 2527 ‚
2155 2491 2171 2520 a
2185 2490 2242 2520 fim'
2255 2490 2318 2520 ibus

1253 2533 1438 2573 imposterum
1464 2532 1656 2570 providebitur
1681 2529 1849 2560 eorumdem
1878 2529 1965 2568 Regis
1983 2528 2017 2558 ὃς
2047 2526 2143 2567 Regni
2170 2529 2256 2567 quieti
2282 2527 2316 2559 &

1310 2580 1326 2600 i.

1255 2581 1325 2640 patin
1347 2609 1398 2638 hiis
1420 2616 1513 2638 autem
1532 2608 1570 2638 fic
1591 2606 1740 2647 prudenter
1759 2614 1884 2636 exerceas
1897 2601 1953 2634 ti'iae
1966 2604 2114 2635 nobilitatis
2127 2604 2317 2644 industriam,

1256 2648 1334 2688 quod
1355 2648 1406 2677 tibi
1427 2647 1525 2677 exinde
1545 2646 1617 2685 apud
1639 2645 1737 2675 Deum
1755 2645 1886 2674 meritum
1909 2652 2068 2681 compares,
2088 2645 2121 2676 ὃς
2137 2642 2210 2682 apud
2225 2643 2317 2675 sedem

1259 2686 1443 2727 apostolicam
1457 2685 1659 2724 plenitudinem
1672 2680 1806 2714 uberioris
1820 2681 1921 2713 favoris
1934 2682 2064 2720 acquiras.

1297 2766 1366 2798 Dat.
1382 2766 1484 2797 Perusii
1494 2789 1504 2805 ,
1521 2775 1540 2796 2
1555 2764 1640 2796 Non.
1655 2764 1806 2803 Odiobris,
1825 2760 2009 2794 Pontificatfis
2027 2761 2115 2793 nostri
2128 2772 2204 2795 anno
2216 2764 2319 2805 primo.

1915 2851 1968 2882 Sub
1973 2848 2026 2894 filo
2041 2849 2146 2880 canabi.

1264 3005 1372 3049 Bulla,
1392 3009 1466 3053 Regi
1477 3005 1704 3052 gratulatoria,
1722 3005 1813 3051 fhper
1828 3000 2103 3048 Liberationefiaa,
2128 3004 2165 3041 ῤ’
2177 3002 2329 3037 Victoria.

1268 3094 1453 3156 CLemens
1471 3093 1573 3135 Episco
1594 3103 1641 3132 us,
1657 3094 1748 3124 servus
1762 3091 1909 3134 servorum⁴
1919 3091 1995 3131 Dei,
2015 3090 2156 3123 cariffimo
2169 3091 2325 3123 inChristo
2342 3084 2417 3115 Ann.
2434 3082 2475 3117 D.-

1351 3133 1425 3164 Filio
1601 3133 1645 3171 egi
1658 3132 1768 3171 Angiiae
1782 3131 1878 3162 illustri
1894 3131 2007 3162 salutern
2021 3132 2055 3163 ὃς
2068 3130 2265 3169 Apostolicam
2279 3131 2327 3160 be·
2373 3123 2454 3162 1265·

1266 3171 1467 3202 nedietionem.
2340 3165 2392 3189 An.
2407 3171 2456 3197 49.

1302 3209 1468 3241 Benedictus
1483 3208 1627 3239 Dominus
1643 3209 1708 3247 qui,
1726 3208 1789 3238 licet
1803 3208 2040 3247 magnificentiam
2051 3215 2128 3238 tuam
2142 3206 2326 3247 rugientibus,
2344 3205 2378 3227 Η·
2398 3210 2423 3236 3-

1268 3250 1438 3287 praeparatis,
1447 3249 1480 3278 ad
1494 3248 1600 3285 escam,
1613 3255 1693 3277 tuum
1702 3256 1872 3285 tuorumque
1884 3247 2044 3286 sanguinem
2058 3246 2226 3283 sitientibus,
2240 3245 2329 3274 mani·
2342 3243 2382 3265 Ex
2397 3241 2456 3267 Au-

1268 3288 1318 3316 bus
1331 3288 1365 3317 ad
1379 3296 1487 3324 ternpus
1501 3287 1604 3325 exponi
1619 3288 1634 3303 *⁸
1652 3285 1802 3323 permiserit
1816 3308 1827 3324 ,
1849 3285 1935 3325 ipsam
1948 3294 2043 3316 tamen
2061 3294 2160 3314 eorum
2180 3293 2239 3313 non
2251 3282 2328 3314 dedit
2344 3285 2408 3313 ²⁰9·-
2478 3316 2483 3324 ¹

1269 3325 1398 3356 dentibus
1411 3327 1439 3355 in
1452 3333 1607 3364 capturam:
2350 3317 2364 3332 ¹*
2379 3312 2402 3347 1.
2415 3312 2483 3350 828,

1306 3363 1471 3394 Benedietus
1494 3364 1526 3394 &
1542 3364 1643 3393 iterum
1657 3361 1713 3398 ipse
1733 3360 1814 3391 Pater
1834 3360 2083 3391 misericordiarum
2099 3361 2132 3391 &
2154 3359 2235 3390 Deus
2248 3359 2334 3390 totius

1271 3401 1467 3432 consolationis
1483 3423 1493 3439 ,
1507 3402 1554 3441 qui
1576 3409 1603 3431 te
1618 3400 1646 3429 in
1658 3400 1740 3430 tantis
1759 3399 1889 3439 angustiis
1902 3399 1947 3429 sua
1959 3397 2146 3429 misericordia
2159 3397 2333 3436 consolatus,

1271 3440 1306 3470 de
1321 3441 1480 3470 venantium
1496 3440 1594 3478 laqueo
1607 3439 1730 3468 animam
1744 3446 1820 3468 tuam
1834 3439 1932 3479 eripuit
1948 3458 1958 3474 ‚
1976 3438 2111 3467 contrivit
2131 3435 2277 3475 laqueum,
2298 3437 2333 3468 ὃς

1272 3488 1301 3510 te
1319 3488 1352 3508 ac
1367 3488 1429 3509 tuos
1443 3477 1654 3514 misericorditer
1668 3476 1808 3507 liberavit:

1309 3517 1475 3547 Benedictus
1490 3517 1522 3546 ὃ(
1537 3517 1619 3546 tertio
1635 3515 1710 3545 idem
1727 3514 1811 3553 judex
1830 3513 1935 3552 justus,
1952 3513 2026 3544 idern
2041 3514 2074 3544 &
2089 3512 2236 3543 Dominus
2248 3512 2335 3543 ultio-

1273 3565 1363 3594 num,
1377 3556 1426 3595 qui
1440 3554 1587 3592 unicuique
1600 3554 1723 3583 retribuit
1735 3553 1847 3583 suorum
1866 3552 1999 3592 stipendia
2015 3551 2199 3590 meritorum,
2218 3560 2335 3589 poenam

1275 3595 1378 3632 iniquae
1398 3593 1591 3631 persecutionis
1611 3592 1751 3622 actoribus
1763 3613 1772 3628 ,
1800 3591 1970 3620 innocentiae
1988 3591 2058 3620 vero
2077 3597 2133 3619 tuae
2158 3590 2282 3620 laetitiam
2302 3590 2337 3621 &

1275 3632 1390 3662 salutern
1412 3630 1553 3669 condigna
1573 3630 1770 3669 dispensatione
1788 3628 1939 3668 rependens
1953 3650 1962 3665 ‚
1987 3634 2018 3656 ut
2039 3627 2147 3657 laetetur
2165 3627 2254 3665 justus
2275 3629 2338 3660 vin-

1277 3671 1381 3701 diciam
1401 3671 1552 3707 impiorum
1567 3668 1728 3736 inxspiciens,
1745 3668 1778 3698 &
1792 3669 1821 3697 in
1834 3665 1958 3697 Domini
1967 3664 2072 3709 justiti&
2086 3665 2247 3697 delediaetur.

1315 3708 1348 3739 In
1370 3708 1420 3738 hiis
1430 3731 1440 3746 ,
1462 3707 1500 3737 lili
1520 3707 1594 3737 clarii
1610 3716 1665 3736 ime
1677 3728 1687 3744 ,
1705 3705 1739 3736 ad
1759 3706 1921 3735 oberrantes
1938 3712 2022 3734 etiam
2034 3703 2122 3743 filios,
2138 3703 2172 3735 δί
2187 3713 2235 3744 pei·
2247 3707 2337 3744 gravis

1279 3746 1376 3778 erroris
1389 3747 1510 3786 lapsum,
1529 3745 1573 3775 vel
1586 3746 1734 3783 iniquitatis
1745 3743 1887 3774 excelsum
1901 3745 1916 3773 a
1929 3742 1975 3773 vizi
1989 3742 2109 3773 veritatis
2121 3742 2275 3782 abdud'tos,
2289 3754 2337 3783 pan

1278 3795 1388 3818 ternum
1403 3794 1462 3815 non
1477 3784 1717 3828 praetermittentes
1729 3781 1880 3820 affectum,
1898 3781 1991 3811 amare
2002 3780 2130 3811 dolemus
2143 3781 2248 3821 aliquos
2262 3783 2338 3812 ceci-

1279 3823 1347 3855 diffe
1366 3825 1396 3854 in
1416 3822 1508 3862 gladio
1523 3844 1532 3860 ‚
1553 3821 1597 3851 sed
1615 3822 1754 3852 amarioris
1773 3820 1876 3850 doloris
1888 3820 2038 3850 acerbitate
2050 3818 2227 3856 percellimur
2241 3829 2290 3850 eos
2306 3821 2337 3849 in

1279 3863 1392 3899 culpam
1413 3871 1469 3891 tam
1489 3859 1677 3899 gravissimam
1695 3858 1821 3889 incidisse
1835 3881 1844 3896 ,
1863 3867 1977 3897 propter
1996 3867 2083 3896 quam
2097 3857 2221 3895 ipsorum
2234 3859 2338 3888 animas

1281 3900 1386 3942 periisse
1399 3901 1545 3937 timentes,-
1563 3905 1687 3928 mortem
1700 3905 1881 3938 peccatorum
1889 3920 1900 3936 ,
1915 3903 2038 3927 mortem
2052 3896 2167 3934 quidem
2179 3894 2339 3935 peffimam,

1282 3941 1316 3971 de
1337 3940 1463 3969 loramus.

1317 3949 1427 4008 Filerum
1443 3985 1519 4007 tuam
1540 3975 1730 4006 conservatam
1751 3974 1942 4004 innocentiam
1962 3983 1996 4004 ac
2014 3973 2163 4004 relevatam
2180 3970 2313 4009 justitiam
2328 3993 2339 4009 ,

1282 4027 1350 4048 cum
1362 4015 1463 4056 gaudio
1474 4014 1660 4052 attendentes,
1676 4012 1797 4052 regalem
1809 4012 2002 4054 excellentiam
2016 4011 2096 4043 statui
2111 4034 2121 4050 ‚
2158 4016 2221 4056 rqut
2233 4009 2340 4040 deside-

1282 4056 1409 4086 rabamus
1422 4076 1432 4093 ,
1451 4054 1523 4084 anxii
1540 4051 1645 4084 restitui
1658 4051 1756 4083 debito
1768 4074 1778 4090 ‚
1810 4051 1957 4084 sinceritati
1979 4059 2036 4084 tuae
2054 4051 2115 4090 poti
2137 4057 2195 4080 ime
2215 4056 2341 4088 congau-

1282 4095 1390 4126 demus.
1781 4127 1816 4159 Ν
1838 4136 1851 4166 3
2303 4120 2358 4152 Sed
