2570 4261
626 158 755 204 ΕΤ
839 163 1157 206 ACTA
1242 142 1822 213 PUBL‘ICA.

5 245 81 282 Anu.
93 244 135 276 D.
156 239 321 279 Dominum
331 270 341 286 ,
358 248 523 287 appellavit,
542 254 638 286 petens
652 250 685 279 ὃς
700 249 855 288 supplicans
869 260 919 287 per
931 260 1000 289 nos,
1018 252 1047 280 in
1059 249 1152 291 vestri,
1166 247 1216 290 de-

24 294 109 324 1293.
153 286 281 325 fectum,
298 287 346 316 sibi
357 287 491 325 justitiam
507 288 646 324 exhiberi,
665 288 818 317 secundum
831 288 926 326 quod,
944 291 1052 319 ratione
1065 289 1213 328 superiori-

6 326 71 355 Edv.
95 333 120 352 ι.
152 324 377 369 tatis'Domin'u',
397 326 474 364 quod
487 327 515 355 in
531 325 633 356 eodem
646 325 751 364 Regno
766 326 919 364 habemus,
934 326 969 357 ad
989 337 1041 357 nos
1060 326 1212 356 dinoicitur

151 371 308 432 perxtligreffi·
324 411 392 431 cum
407 401 481 438 'justa
504 402 662 440 petentibus
676 412 736 431 non
751 402 783 432 sit
794 401 970 442 denegandus
984 402 1105 440 auditus,
1127 401 1160 432 &
1180 401 1210 429 in

152 439 309 469 exhibenda
317 440 422 477 justitia
436 441 520 470 simus
536 441 669 470 omnibus
683 440 840 478 debitores,

193 477 253 508 Vos
267 477 444 515 adjornamus
460 478 536 515 quod
553 478 623 516 sitis,
642 488 740 508 coram
757 478 855 515 nobis,
873 480 888 507 'a
903 479 949 508 die
963 479 1058 509 Sancti
1081 477 1211 508 Michae-

151 515 199 554 lis,
223 516 253 544 in
279 523 323 553 15.
348 516 422 554 dies,
441 516 605 554 ubicunque
626 524 692 546 tunc
716 516 848 546 fuerimus
868 518 896 546 in
919 517 1040 555 Anglia,
1059 515 1211 553 responsuri

153 552 298 622 Ριῖᾗάἰᾶᾷ
312 552 452 597 Austricae
466 554 545 592 super
559 554 721 592 praemissis,
738 554 772 585 δε
788 555 900 593 facturi,
920 555 953 586 ὃς
974 557 1114 593 recepturi
1132 554 1210 592 quod

148 598 180 630 ju
192 600 381 698 (ffiijieniuiiildm
396 630 488 661 eidem
507 629 646 660 Austricae
667 630 876 669 assignavimus,
895 641 992 662 coram
1012 631 1095 661 nobis
1113 630 1147 660 ad
1157 629 1209 671 ,fa-

151 668 285 736 digitum
306 669 339 701 &
359 668 553 707 recipiendum
575 669 715 707 similiter,
741 671 769 699 in
788 670 908 708 eisdem,
932 669 1010 708 quod
1028 669 1131 708 justitia
1150 672 1209 699 sua-

188 744 222 775 In
235 747 331 784 cujus,
349 746 409 777 &c.

187 819 279 866 Teste
293 820 376 860 Rege
386 821 458 859 apud
472 821 639 853 Westmon.
662 830 705 861 15.
724 822 770 853 die
783 821 869 858 Junii.

191 894 230 926 Et
245 896 407 927 mandatum
422 896 463 927 est
477 897 650 928 Vicecomiti
663 897 892 936 Norhumbriae,
909 898 986 936 quod
1000 897 1144 936 praedi&as
1164 895 1208 925 lit-

153 942 240 972 teras,
257 936 285 964 in
305 936 416 972 propria
443 937 558 973 persons
578 937 637 975 sua,
656 936 773 973 praefato
791 937 867 976 Regi
881 936 986 967 deferat
999 937 1033 967 &
1045 935 1209 977 praesentet,

153 971 300 1003 sufficienti
314 973 496 1012 testimonio,
513 975 607 1005 secum
620 975 759 1005 adhibito:

189 1011 246 1041 Seu
268 1021 317 1049 per
337 1012 420 1050 alios,
439 1013 473 1042 ad
496 1013 552 1043 hoc
571 1013 705 1051 idoneos,
724 1014 772 1051 qui
788 1013 1027 1051 praesentationem
1042 1011 1206 1042 earumdem

152 1048 321 1089 litterarum,
340 1061 407 1081 cum
424 1051 517 1082 eidem
534 1052 608 1092 Regi
619 1052 691 1082 facta
701 1052 801 1090 fuerit,
819 1050 986 1082 sufficienter
999 1050 1138 1082 testificari
1155 1060 1205 1081 va—

151 1086 243 1127 leant,
261 1088 309 1118 fibi
321 1088 423 1120 deferri
437 1090 534 1129 faciat,
551 1100 584 1120 ac
600 1092 683 1121 etiam
699 1091 872 1128 praesentari,

190 1126 244 1164 Et,
262 1127 378 1165 qualiter
399 1129 457 1159 hoc
477 1129 638 1159 mandatum
662 1128 708 1158 Re
728 1130 748 1159 is
762 1130 842 1159 fuerit
858 1136 1006 1165 executus,
1025 1127 1119 1169 Regi,
1133 1137 1206 1167 prae-

152 1163 234 1195 dietis
249 1164 294 1195 die
309 1167 342 1197 &
355 1167 440 1204 loco,
458 1177 506 1206 per
520 1167 618 1197 litteras
630 1167 687 1197 suas
720 1167 833 1198 istincte
846 1168 879 1198 &
893 1168 986 1205 aperte
1003 1168 1154 1203 certificet,
1170 1167 1204 1197 &

149 1203 228 1241 quod
243 1205 366 1235 remittat·
380 1205 455 1245 Regi
469 1215 537 1236 tunc
547 1206 606 1236 hoc
617 1206 713 1236 breve.

185 1280 276 1311 Teste
288 1289 319 1311 ut
332 1281 418 1321 supra.

192 1417 251 1448 Pro
270 1413 482 1459 Martialibus,
508 1414 543 1448 de
561 1415 662 1449 ordine
677 1419 860 1458 Minoum),
886 1427 945 1461 quae
957 1426 1011 1461 per
1026 1418 1171 1462 Reginam

371 1466 523 1497 Navarre
539 1467 570 1496 in
585 1465 734 1512 Angliam
747 1464 821 1510 finnt
838 1474 977 1497 venturae.

6 1551 135 1584 Αῃῃ,Ῑ),
153 1545 276 1609 REX
288 1549 440 1588 omnibus,
459 1549 492 1580 ad
508 1560 594 1588 quos,
613 1550 674 1581 &c.
693 1549 817 1580 salutern.

29 1601 111 1631 1293·
255 1587 361 1626 Licet,
385 1588 421 1618 de
442 1590 593 1618 communi
616 1588 754 1619 Concilio
776 1587 872 1626 Regni
894 1586 981 1631 nostri
994 1609 1003 1625 ,
1034 1586 1209 1630 statuerimus

5 1634 57 1659 An.
76 1641 120 1658 21.
154 1625 233 1662 quod
255 1635 315 1656 non
334 1625 414 1657 liceat
438 1628 501 1657 viris
523 1627 669 1666 religiofis,
687 1627 733 1656 seu
755 1626 812 1656 aliis
825 1625 935 1663 ingredi
947 1625 1066 1668 feodum
1080 1625 1208 1663 alicujus,

3 1673 34 1697 Ε.
55 1679 77 1697 ι,
152 1662 190 1692 ita
210 1664 288 1701 quod
310 1663 344 1694 ad
367 1674 485 1695 manum
507 1665 526 1684 ’¹‘
548 1674 690 1695 mortuam
709 1664 854 1700 deveniat,
870 1664 926 1694 fine
938 1663 1048 1694 licentia
1061 1663 1156 1694 nostra
1174 1665 1207 1695 &

3 1711 66 1736 Par.
76 1717 120 1733 21.
154 1702 275 1737 capitalis
289 1701 429 1741 Domini,
443 1703 480 1732 de
493 1713 551 1740 quo
565 1713 607 1733 res
621 1703 665 1733 illa
678 1702 828 1733 immediate
840 1711 967 1740 tenetur,

5 1749 37 1773 Ε.
58 1755 80 1772 ι.
100 1755 137 1773 m.
190 1739 326 1770 Volentes
347 1749 442 1770 tamen
462 1740 634 1779 Edmundo,
651 1741 727 1771 fratri
749 1741 848 1771 nostro
862 1739 1020 1778 carissimo,
1039 1742 1153 1777 gratiam
1169 1740 1209 1770 fa-

7 1792 18 1810 1
28 1793 50 1810 ι.
152 1787 218 1807 cere
231 1777 391 1817 specialem,
410 1778 539 1809 dedimus
553 1781 578 1810 ei
592 1779 734 1810 licentiam
743 1804 752 1817 ,
765 1787 900 1818 quantum
913 1780 941 1808 in
957 1779 1041 1809 nobis
1054 1778 1112 1817 est,
1129 1779 1207 1817 quod

5 1819 137 1857 *II-⁶09·
152 1815 208 1852 ipse
217 1815 361 1853 quandam
376 1817 503 1855 placeam
515 1827 614 1856 terrae,
631 1828 700 1849 curn
712 1819 881 1856 pertinentiis
896 1819 994 1855 (quam
1007 1817 1091 1847 habet
1104 1817 1139 1847 de
1154 1817 1208 1847 do—

151 1863 192 1884 no
211 1854 245 1884 &
264 1852 452 1887 feoffamento
474 1855 605 1896 Magistri
622 1856 751 1887 Thomae
770 1855 806 1886 de
825 1855 998 1893 Bredstrete,
1023 1857 1052 1885 in
1075 1854 1207 1893 parochia

151 1892 246 1923 Sanffi
260 1893 407 1933 Botulphi,
426 1903 501 1925 extra
516 1895 625 1935 Algate)
641 1895 705 1925 dare
721 1895 806 1936 poffit
819 1895 852 1925 δε
875 1893 1008 1933 assignare
1030 1893 1208 1937 dilectis-no-

153 1931 196 1960 bis
210 1931 238 1960 in
253 1931 387 1971 Christo,
409 1932 584 1964 Monialibus
594 1933 630 1964 de
644 1933 744 1964 ordine
760 1933 912 1963 Minorum
927 1934 1002 1971 (quae
1017 1942 1066 1970 per
1078 1933 1207 1963 nobilem

152 1968 312 2000 Dominam
326 1970 475 2016 Blancam,
494 1972 524 2002 R
561 1973 636 2002 inam
651 1972 805 2008 Navarrae,
823 1970 997 2001 Consortern
1010 1971 1130 2009 ejusdem
1154 1972 1208 2001 fra-

153 2009 201 2038 tris
216 2008 321 2046 nostri,
340 2011 368 2039 in
388 2010 519 2050 Angliarn
550 2018 598 2041 unt
615 2019 757 2042 venturae:
780 2009 817 2040 Et
834 2009 905 2039 infra
924 2009 1060 2053 Regnum
1078 2009 1209 2053 nostrum

154 2055 320 2077 moraturae:
341 2048 386 2078 Ac
408 2049 477 2079 Deo
498 2050 533 2081 ὃς
554 2050 644 2079 beatae
667 2049 769 2079 Mariae
781 2057 813 2078 ac
827 2049 910 2078 beato
924 2048 1071 2078 Francisco
1087 2047 1205 2078 servitu-

150 2085 211 2152 ἑκ)
225 2085 267 2115 'ad
288 2086 428 2125 quandam
447 2087 569 2118 domurn
589 2087 695 2118 ibidem
716 2085 935 2118 construendam
950 2109 960 2125 ,
993 2087 1026 2117 &
1053 2086 1210 2116 inhabitan-

171 2133 234 2162 am,

189 2161 360 2193 Habendarn
386 2165 419 2195 &
450 2164 601 2195 tenendam
623 2163 726 2195 eisdem
746 2162 922 2194 Monialibus
943 2164 976 2195 &
998 2162 1213 2194 Successoribus

151 2198 204 2230 suis
223 2201 441 2239 imperpetuum.

189 2238 226 2269 Et
239 2240 344 2270 eisdem
360 2240 536 2272 Monialibus
551 2240 629 2279 quod
642 2241 766 2280 placeam
780 2239 871 2277 illam,
887 2240 902 2269 'a
916 2240 1034 2278 praefato
1048 2240 1131 2270 fratre
1144 2249 1212 2269 nos-

152 2284 196 2307 tre
210 2279 336 2315 recipere
351 2278 471 2319 poffint,
489 2290 591 2311 tenore
605 2279 802 2318 praesentium,
813 2278 936 2310 similiter
948 2279 1091 2309 licentiam
1107 2288 1214 2309 conce-

152 2315 244 2346 dimus
258 2317 413 2355 specialem.

190 2354 333 2386 Nolentes
346 2356 424 2394 quod
438 2356 515 2386 idern
528 2355 612 2386 frater
633 2355 749 2394 noster,
765 2355 811 2386 vel
831 2354 953 2386 haeredes
974 2355 1030 2393 sui,
1047 2363 1094 2386 aut
1112 2355 1213 2392 praedi-

152 2392 209 2422 stae
232 2393 389 2432 Moniales,
403 2395 449 2424 seu
469 2394 650 2424 Succeffores
670 2394 745 2431 suae,
761 2395 868 2424 ratione
887 2393 980 2423 statuti
1000 2393 1143 2432 praedicti,
1160 2403 1210 2430 per

152 2440 222 2468 nos,
240 2432 286 2463 vel
299 2432 423 2463 haeredes
437 2432 567 2470 nostros,
585 2431 651 2462 inde
668 2431 883 2462 occafionentur
902 2432 931 2460 in
952 2431 1063 2469 aliquo,
1081 2431 1126 2462 vel
1148 2440 1211 2470 gra-

151 2478 262 2499 ventur.

189 2507 277 2538 Salvis
291 2516 386 2539 tamen
400 2508 560 2547 capitalibus
573 2507 711 2539 Dominis
725 2507 802 2538 feodi
817 2507 887 2538 illius
910 2507 1023 2538 servitiis
1042 2506 1109 2538 inde
1130 2507 1210 2538 debi-

152 2546 187 2575 tis
200 2547 233 2577 &
245 2547 391 2578 consuetis.

189 2583 224 2614 In
239 2587 334 2624 cujus,
352 2587 414 2617 &c-

187 2659 280 2692 Teste
293 2660 377 2702 Rege
388 2659 461 2700 apud
476 2659 645 2693 Westmon.
666 2661 712 2692 18.
731 2660 776 2692 die
784 2660 873 2699 Junii.

187 2735 244 2766 Per
258 2737 347 2775 ipsum
363 2736 487 2778 Regem.

187 2811 245 2843 Per
258 2814 466 2852 inquisitionem
479 2821 648 2846 retornatam
661 2813 697 2845 de
710 2813 838 2845 confilio.

176 2937 235 2968 Pro
254 2935 415 2969 Edmnndo
423 2937 531 2981 fratre
547 2940 632 3026 Κεὲἱς
645 2937 865 3018 βῑὶἰιενάΜαηβ
876 2962 886 2979 ,
913 2946 1017 2970 vocato
1035 2939 1171 2984 Sauvcy,

601 2988 679 3018 ernel
710 2998 729 3018 n
752 2997 779 3018 ο.

14 3070 133 3150 ἓξὲξ).
148 3066 291 3138 ΚΕέἒτζῃ
304 3069 441 3101 omnibus
458 3067 570 3101 Ballivis
589 3070 623 3101 &
641 3067 769 3101 fidelibus
790 3069 841 3100 suis
856 3093 867 3108 ,
889 3069 924 3100 ad
944 3069 1032 3109 quos,
1055 3071 1116 3102 &o
1142 3069 1210 3100 salu⁴

48 3172 56 3178 .
74 3160 119 3178 21.
193 3145 290 3178 Sciatis
309 3146 388 3185 quod
406 3145 597 3177 concessimus
611 3168 621 3184 ,
651 3155 705 3184 pro
720 3148 806 3178 nobis
817 3171 827 3186 ,
857 3147 892 3178 &
908 3146 1068 3178 haeredibus
1085 3146 1189 3178 nostris
1200 3169 1210 3185 ,

17 3192 34 3216 Ξ.
55 3197 79 3215 ι.
151 3182 306 3216 Edmundo
341 3186 416 3215 fratri
436 3184 537 3215 nostro
556 3183 715 3223 cariffimo,
733 3185 812 3223 quod
832 3186 841 3215 i
862 3185 889 3215 se
909 3184 1045 3216 Mansum
1063 3185 1162 3224 suum,
1179 3186 1208 3215 in

10 3229 120 3255 ianm.
151 3223 284 3259 parochia
324 3224 400 3254 anniti
421 3222 579 3253 Clementis
600 3221 770 3269 Danomm,
788 3224 819 3253 in
867 3225 987 3254 omitatu
1000 3223 1209 3262 Middelsexiae,

18 3268 115 3293 3.1.m.
149 3261 230 3329 lquod
251 3270 369 3293 vocatur
386 3262 519 3301 Sauvoy,
534 3270 618 3291 muro
638 3259 674 3290 de
695 3269 772 3298 petra
793 3261 827 3292 &
837 3262 916 3293 calce
929 3261 1039 3293 firmine
1053 3263 1086 3293 &
1099 3262 1209 3292 kernel-

19 3302 36 3331 ι’
159 3309 225 3368 arg,
242 3336 328 3375 illud,
345 3337 383 3368 fic
402 3337 546 3368 firmatum
565 3339 598 3368 ὃς
613 3335 816 3376 kernellatum,
834 3345 928 3369 tenere
940 3338 1024 3376 poffit
1038 3330 1133 3370 sibi&
1148 3339 1208 3369 hae-

149 3375 261 3406 redibus
280 3376 332 3406 suis
346 3400 356 3413 ,
378 3377 419 3405 im
458 3384 589 3413 rpetuum
609 3375 667 3405 fine
687 3375 837 3406 occasione
858 3377 946 3406 nostri
963 3402 972 3415 ,
997 3378 1042 3407 vel
1061 3377 1207 3409 haeredum

149 3413 332 3484 noIstrorum,
343 3422 397 3483 gg}
452 3413 614 3444 inistrorum
628 3412 790 3444 nostrorum
802 3423 1059 3453 quorumcumque.

201 3463 221 3483 n
234 3462 327 3491 cujus,
398 3475 405 3481 .

186 3527 277 3560 Teste
292 3527 377 3566 Rege
392 3526 466 3566 apud
479 3527 646 3559 Westmon.
665 3536 713 3558 21.
729 3526 774 3558 die
782 3526 870 3567 Junii-

189 3652 325 3701 Dionysto
344 3651 532 3698 Portugalliae
549 3653 643 3697 Regi,
666 3648 703 3683 de
721 3647 947 3684 Mercatoribus
959 3651 1090 3695 Baionae,
1109 3664 1164 3700 per

482 3697 620 3746 siabditos
637 3699 702 3744 ejus
711 3698 859 3745 spoliatis.

21 3790 83 3818 ylnn.
93 3787 133 3819 D.
150 3782 378 3846 ILlustriffimo
393 3783 537 3823 Principi,
550 3783 683 3814 Domino
697 3782 847 3821 Dionifio,
860 3782 919 3814 Dei
931 3784 1118 3825 gratifi‚Regi
1132 3786 1207 3818 Por-

18 3835 112 3866 ¹1293·
199 3822 318 3889 tsugalliae
332 3825 367 3856 ὃς
380 3823 521 3864 Algarbii‚
537 3821 709 3860 Edwardus,
723 3823 785 3853 &c.
796 3821 926 3861 salutern,
942 3824 976 3854 ὅτ,
990 3825 1020 3854 in
1033 3825 1085 3855 suis
1098 3825 1206 3857 actibus

18 3867 56 3894 μή.
77 3875 122 3893 21.
150 3869 203 3897 pro
214 3870 309 3897 peram.

29 3923 34 3930 .
59 3913 82 3931 1.
185 3897 305 3936 Propter
314 3900 471 3932 vestrarum
483 3900 637 3931 litterarum
650 3898 747 3929 seriem
763 3907 910 3936 veremur,
929 3899 959 3928 in
978 3899 1046 3931 fasti
1067 3903 1204 3933 narratio-

23 3947 116 3969 m.21.
147 3946 185 3967 ne
199 3959 209 3975 ‚
237 3938 320 3967 vobis
344 3939 467 3977 exposita
481 3962 491 3979 ,
520 3938 601 3977 super
626 3937 786 3969 vestrorum
815 3936 980 3980 innocentia
1004 3938 1202 3978 subditorum,

30 3998 36 4005 .
53 3988 76 4006 1.
90 3981 116 4007 in
147 3973 241 4012 quoad
262 3974 392 4007 homines
410 3986 492 4009 terrae
513 3977 632 4015 nostrae,
649 3977 880 4007 circumventum
899 3974 998 4005 fuisse·
1025 3987 1094 4009 cum
1115 3978 1204 4010 Cives

22 4016 109 4045 adala.
146 4013 180 4044 &
195 4011 369 4044 Mercatores
381 4016 474 4047 nostri
486 4016 616 4053 Baionae,
634 4013 748 4046 interra
761 4012 860 4051 portus
871 4011 957 4057 vestri
969 3999 1129 4055 tilmon,
1146 4017 1202 4048 bo·-

33 4056 106 4091 .7.d.
141 4053 184 4086 nis
196 4051 248 4083 suis
263 4051 365 4084 fuerint
376 4054 490 4093 publice
501 4055 627 4094 spoliati,
644 4054 678 4088 ὃς
700 4051 826 4090 ibidem,
843 4051 1017 4084 securitatem
1036 4053 1119 4086 aliam
1140 4064 1201 4086 non

2225 181 2302 225 119

1251 245 1374 276 valentes
1389 247 1509 294 habere,
1521 253 1554 297 ad
1570 253 1704 298 Ecclesiae
1715 257 1924 288 immunitatem
1938 252 2060 290 habuere
2073 260 2214 290 recursum
2224 282 2233 298 ,
2251 260 2304 290 sic-
2315 256 2388 293 Atm-
2404 250 2445 288 D:

1255 293 1311 320 que
1328 285 1413 315 vestri
1433 288 1534 320 subditi
1552 291 1619 322 (lusti
1639 293 1695 324 loci
1716 294 1875 334 Ulexbon‚
1893 307 1954 327 non
1973 297 2008 327 de
2031 299 2113 335 culpa
2128 297 2303 328 Castellano—
2337 302 2421 338 1293:

1252 331 1315 351 rum
1323 345 1338 366 ,ι
1356 328 1394 353 iet
1412 324 1447 355 dc
1466 327 1512 370 sua
1531 332 1659 369 propria,
1683 333 1875 372 inculpamur,
1892 344 1976 372 prout
1996 336 2059 366 haec
2081 337 2162 367 nobis·
2182 336 2303 376 plurium
2321 346 2386 368 aa„
2406 355 2429 367 .-

1248 359 1361 390 assertio
1377 364 1515 401 patefecit.

1290 397 1373 441 Licet
1394 409 1505 440 autem,
1531 414 1591 448 non
1612 406 1784 438 obstantibus
1803 409 1979 449 supradiffis,
1998 413 2027 442 in
2048 422 2169 451 quorum
2189 414 2303 443 veritate

1250 434 1305 465 falli
1326 437 1483 480 pollemus,
1500 449 1626 480 gentium
1641 444 1799 477 nostrarum
1811 449 1845 477 ad
1860 448 1961 479 vestras
1974 451 2008 480 ὅ(
2027 460 2125 480 eorum
2147 461 2246 488 pacem
2268 452 2302 482 &-

1251 475 1436 519 concordiam
1450 478 1631 522 affectemus3
1648 484 1734 513 nichil
1749 494 1842 515 tamen
1856 496 1965 517 certum
1974 510 1982 525 ,
2000 488 2079 526 super
2091 489 2216 526 ipsorum
2230 499 2302 519 con-

1251 515 1410 557 troversus,
1434 525 1576 565 potuimus
1590 519 1719 563 ordinare
1733 545 1743 560 ,
1778 533 1847 553 cum
1867 526 2011 555 nerninem
2025 526 2097 563 apud
2116 537 2167 556 nos
2186 528 2301 557 hibere*

1249 559 1331 618 ἕξις,
1350 562 1398 590 qui
1417 554 1452 583 ab
1470 555 1560 594 ahqua
1579 556 1717 589 dictarum
1738 563 1859 597 partium
1880 562 1995 593 haberet
2015 563 2093 601 super
2114 565 2162 594 hiis
2182 565 2304 602 potesta-

1320 613 1330 627 5

1288 627 1338 670 Set
1351 629 1519 675 injunximus
1534 632 1707 671 Senescallis,
1725 635 1759 665 &
1771 636 1905 674 aliquibus
1918 638 1973 668 aliis
1994 639 2093 669 nostris
2113 642 2241 679 gentibus
2262 641 2305 671 di*

1255 665 1293 695 ἂι
1309 665 1439 697 Ducatus
1448 691 1457 706 ,
1475 670 1551 707 quod
1566 671 1599 700 ad
1614 672 1736 702 inducias
1750 674 1806 704 sive
1820 684 1942 714 treugas,
1957 677 2028 706 inter
2039 678 2124 708 distes
2146 689 2234 716 panes
2255 679 2304 709 ha-

1255 702 1380 748 bendas,
1394 705 1460 750 dent
1476 718 1597 749 §operam
1622 710 1786 749 efficacem,
1805 722 1834 742 ut
1857 714 1910 751 sic,
1924 724 1974 751 per
1996 715 2102 745 vestros
2124 718 2157 746 ὃς
2176 718 2305 754 nostros,

1255 741 1300 771 seu
1315 741 1382 785 dicti
1394 744 1537 776 beneicalli
1551 747 1638 777 nostri
1653 747 1888 790 Commiffiu‘ios,
1901 753 2014 782 veritate
2026 753 2155 790 primitus
2170 756 2305 792 inquisita,

1256 780 1301 809 vel
1315 780 1406 819 aliter,
1425 793 1488 820 quae
1500 786 1674 815 emendenda
1686 787 1802 826 fuerint,
1820 791 2020 828 emendentur,
2039 792 2072 822 ὃς
2085 802 2136 829 pax
2157 794 2241 822 etiarn
2263 795 2305 822 in-

1253 825 1295 847 ter
1310 821 1500 864 partes-valeat
1511 823 1673 863 reformari,
1690 826 1725 855 ad
1738 836 1823 863 quam
1834 829 1957 867 semper,
1974 839 2059 866 prout
2079 830 2235 869 concedet,
2256 841 2307 862 vo—

1252 855 1343 886 lumus
1358 867 1415 887 ene
1429 863 1566 898 prompti:

1293 894 1311 913 ³⁸*
1332 894 1574 941 Maenificentiam
1588 900 1709 931 vestram
1719 910 1862 941 rogantes,
1880 913 2013 942 quatenus
2029 906 2062 936 ad
2077 905 2135 936 hoc
2150 906 2228 937 idem
2242 916 2303 937 ves-
2319 923 2335 941 a
2345 925 2372 951 H

1251 939 1309 962 tros
1322 919 1444 975 subditos
1459 937 1607 967 inducatis:
2378 947 2382 950 ’

1289 969 1342 1014 Et,
1367 974 1385 1001 ii
1409 972 1487 1003 aliam
1507 977 1581 1018 yiarn
1603 977 1791 1015 tranquilitatis
1812 978 1934 1010 videritis
1956 984 2163 1019 promptiorem
2177 1008 2186 1020 ,
2213 983 2303 1020 placet

1248 1009 1331 1077 gobtis
1354 1010 1433 1048 quod
1453 1012 1487 1042 ad
1509 1013 1537 1043 id
1555 1022 1651 1052 gentes
1670 1016 1788 1054 nostrae,
1808 1027 1943 1055 quantum
1965 1029 2115 1059 poterunt,
2131 1021 2302 1052 condescen-

1271 1056 1304 1077 an
1319 1070 1325 1076 .

2387 925 2450 951 516;

1288 1121 1356 1155 Dat.
1376 1124 1507 1156 Cantuar.
1531 1136 1572 1166 ις.
1591 1128 1636 1159 die
1647 1129 1722 1167 Julii.

1294 1263 1483 1310 Treugarum
1501 1269 1577 1298 inter
1588 1277 1688 1312 gentes
1708 1270 1794 1313 Regis
1811 1268 1934 1311 Castellae
1952 1274 1988 1308 (ᾐ-
2005 1269 2134 1304 homines
2148 1276 2260 1308 Baionae

1602 1326 1757 1361 captarum
1775 1318 1944 1361 ratificatio.

1250 1402 1371 1465 REX
1385 1406 1534 1452 omnibus,
1553 1409 1586 1439 ad
1603 1421 1691 1449 quos,
1708 1412 1769 1442 ὅτε.
1787 1412 1911 1443 salutem.
2330 1431 2333 1434 ·
2416 1434 2430 1438 ’-

1351 1443 1385 1473 N
1387 1454 1468 1475 otum
1480 1447 1596 1478 facimus
1612 1450 1741 1481 universis
1753 1450 1829 1488 quod
1837 1474 1846 1489 ,
1864 1461 1932 1482 curn
1943 1461 2038 1492 graves
2059 1457 2258 1489 controversiae
2270 1468 2303 1490 ac
2316 1436 2391 1469 Anu*
2408 1438 2448 1474 D*

1250 1479 1396 1512 discordiae
1409 1482 1504 1515 forent
1517 1495 1637 1525 exortae,
2341 1486 2422 1517 ¹293-

1287 1517 1362 1549 Inter
1382 1520 1592 1554 illustrissimum
1614 1526 1773 1565 Principem
1791 1551 1800 1564 ,
1832 1527 1995 1559 Dominum
2017 1530 2171 1572 Sancium,
2201 1533 2302 1565 eidem
2317 1519 2431 1582 ff‘fh

1249 1557 1350 1624 gratia,
1377 1558 1524 1599 Castellae,
1550 1563 1698 1603 Legionis,
1721 1563 1856 1603 Tfioleti,
1882 1566 2023 1607 Galeciae,
2049 1570 2170 1609 Sibiliae,
2187 1571 2303 1604 Cordu-

1272 1605 1313 1634 εἳ,
1336 1596 1472 1637 Murciae,
1491 1600 1623 1640 Gihenii,
1641 1612 1723 1641 atque
1738 1603 1861 1644 Algarbii
1873 1604 2002 1645 Regem,
2022 1609 2055 1638 &
2068 1616 2164 1647 gentes
2174 1610 2220 1640 seu
2241 1611 2303 1642 sub·
2318 1596 2377 1658 {ati
2394 1604 2438 1658 τί

2320 1670 2424 1697 emula.

2319 1716 2356 1736 m.
2370 1718 2383 1743 7
2389 1724 2397 1735 ι

1251 1632 1324 1663 ditos
1336 1635 1398 1680 suos
1413 1647 1446 1667 ex
1461 1647 1539 1675 parte
1551 1640 1619 1670 una:

1288 1673 1334 1703 Ac
1355 1673 1443 1705 Cives
1463 1676 1575 1708 nostros
1594 1678 1706 1710 Baionae
1728 1690 1776 1718 ac,
1794 1681 1944 1712 occasione
1962 1684 2099 1724 ipsorum,
2116 1686 2187 1716 inter
2207 1696 2304 1726 gentes

1253 1719 1396 1756 portuum·
1406 1712 1499 1754 Regni
1514 1717 1547 1746 ὃς
1561 1716 1692 1747 Dominii
1706 1718 1812 1757 nostri,
1828 1729 1862 1749 ex
1877 1720 1979 1759 alters-i,

1287 1747 1330 1778 Ex
1351 1752 1450 1788 quibus
1471 1754 1636 1792 multiplices
1651 1757 1802 1787 hominum
1822 1768 1855 1788 ac
1870 1759 2015 1790 bonorum
2030 1762 2187 1800 captiones,
2206 1765 2239 1794 &
2254 1765 2304 1796 alia

1250 1785 1371 1855 gapipna
1387 1789 1496 1822 fuerant
1516 1792 1656 1824 subsecuta
1669 1817 1679 1832 ,
1708 1797 1741 1826 3:
1760 1795 1851 1826 multo
1873 1798 1977 1836 majora
2000 1798 2127 1837 subsequi
2150 1802 2304 1833 credeban-

1275 1836 1281 1854 ι
1304 1849 1313 1863 Ἰ

1290 1864 1423 1909 Tandem
1440 1867 1469 1911 in
1490 1868 1585 1912 nosti-a
1604 1871 1750 1907 praesentia
1771 1871 1916 1904 constituti
1930 1873 2068 1913 Magister
2079 1875 2239 1916 johannes,
2255 1879 2307 1917 Ju⁴

1252 1901 1306 1931 dex
1320 1902 1417 1948 {Duriae
1430 1905 1497 1937 dieti
1511 1906 1614 1947 Regis,
1630 1909 1662 1939 ὃς
1678 1909 1879 1941 Gundiffaiuns
1893 1911 2013 1943 Martini
2022 1923 2105 1950 ‚cum
2119 1915 2210 1947 littera
2225 1919 2305 1955 ipiius

1249 1950 1358 1979 aperta,

1288 1979 1427 2011 Arnaldus
1448 1981 1484 2012 de
1507 1983 1618 2022 Villari,
1637 1986 1669 2016 δε
1686 1984 1828 2023 Johannes
1849 1987 1959 2019 Darder
1978 1988 2065 2020 Cives
2077 1991 2166 2021 nostri
2178 1992 2305 2033 Baionae,

1254 2015 1373 2064 Majqris
1394 2019 1426 2049 &
1446 2020 1668 2066 Communieitis
1689 2023 1793 2055 nostrae
1812 2025 1940 2057 Civitatis
1954 2026 2080 2067 Boianae,
2097 2029 2219 2061 fimssioer
2240 2042 2307 2063 cum

1253 2053 1345 2086 littera
1356 2058 1683 2101 aperta'Communitatis
1700 2063 1839 2102 ejusdem,
1857 2064 2073 2104 Procuratores,

1293 2094 1424 2139 erum
1437 2097 1588 2130 litterarum
1603 2103 1861 2137 procuratoriarurn
1873 2112 1982 2138 tenores
1995 2104 2107 2135 inferius
2121 2105 2182 2136 sunt
2200 2103 2308 2148 inserti,

1254 2133 1669 2177 auitoruare*procurationum
1690 2140 1886 2176 praedium-um
1930 2141 2010 2179 super
2031 2144 2164 2174 omnibus
2187 2156 2306 2178 contro-

1256 2175 1348 2214 yerins
1361 2173 1394 2203 &
1407 2173 1567 2219 discordiis,
1584 2187 1647 2214 quae
1662 2179 1848 2209 universaliter
1859 2164 1905 2210 vei
1917 2180 2085 2219 singulariter
2100 2182 2157 2212 ess'e
2179 2193 2307 2220 poterant

1255 2218 1327 2239 inter
1342 2220 1427 2248 partes
1442 2213 1604 2253 praedidtas,
1622 2215 1743 2246 inducias
1759 2217 1815 2247 sive
1827 2218 1956 2255 Treugas
1970 2220 2108 2258 inierunt,
2126 2220 2253 2252 fecerunt
2274 2224 2308 2254 δέ

1257 2249 1474 2294 concesserunt,
1489 2252 1574 2290 usque
1588 2253 1621 2283 ad
1637 2255 1798 2291 proximum
1811 2255 1917 2286 festum
1930 2256 2092 2288 Nativitatis
2108 2257 2245 2298 Domini,
2264 2270 2309 2292 to-

1253 2294 1284 2330 ta
1304 2297 1360 2324 ipsa
1379 2290 1424 2318 die
1443 2290 1565 2329 inclusa,
1581 2292 1631 2322 sub
1654 2292 1746 2322 modis
1768 2293 1801 2324 &
1817 2296 2053 2326 conventionibus
2073 2298 2120 2334 qui
2140 2297 2308 2339 sequuntur,

1255 2332 1313 2355 viz.

1292 2363 1401 2408 Qod,
1419 2365 1453 2395 ad
1467 2367 1590 2398 inducias
1604 2368 1660 2399 sive
1675 2377 1780 2408 treugas
1802 2369 1975 2408 hujusmodi,
1993 2371 2027 2402 ὅ(
2039 2373 2134 2402 omnia
2153 2374 2187 2404 &
2208 2375 2311 2414 singula

1255 2404 1432 2438 praeienubus
1444 2405 1539 2435 litteris
1552 2415 1701 2445 contenta,
1721 2408 1839 2438 tenenda
1853 2409 1886 2438 &
1907 2408 2052 2447 servanda,
2071 2412 2244 2450 quicumque
2265 2414 2309 2444 dis

1257 2442 1366 2471 etarum
1390 2443 1526 2482 partium,
1544 2453 1576 2474 ex
1592 2455 1650 2482 quo
1664 2446 1726 2476 hcec
1741 2446 1910 2477 concordata
1926 2446 2057 2478 sciverint
2073 2449 2117 2480 vel
2138 2450 2310 2491 audiverint,

1252 2486 1406 2510 teneantur.

1290 2516 1344 2560 Et,
1363 2527 1399 2548 ne
1412 2518 1535 2562 aliqui-se
1548 2521 1652 2559 possint
1667 2532 1715 2560 per
1730 2523 1914 2560 ignorantiam
1929 2524 2070 2562 excusare,
2092 2525 2169 2564 quod
2190 2528 2309 2564 praesens

1254 2563 1295 2584 tes
1316 2555 1438 2598 inducias
1451 2581 1460 2595 ,
1483 2562 1539 2588 live
1560 2569 1667 2599 treugas
1683 2585 1691 2598 ,
1718 2561 1750 2590 δε
1770 2561 1821 2590 alia
1840 2571 1938 2591 tenore
1959 2562 2137 2599 praesentium
2158 2564 2308 2607 declarata,-

1255 2597 1384 2637 praeiatus
1406 2595 1469 2625 Rex
1490 2599 1623 2627 omnibus
1641 2599 1766 2636 departe
1776 2598 1838 2636 suit,
1857 2600 1890 2629 &
1904 2599 2104 2632 Procuratores
2116 2602 2200 2634 dictae
2213 2604 2308 2635 Com-

1257 2633 1398 2663 munitans
1420 2636 1552 2665 omnibus
1571 2635 1606 2665 de
1628 2645 1704 2674 parte
1724 2635 1771 2667 sua
1784 2660 1794 2675 ,
1819 2637 1889 2667 infra
1909 2640 2068 2675 proximum
2088 2639 2191 2671 festum
2211 2642 2307 2675 Sancti

1255 2670 1405 2701 Michaelis
1418 2695 1428 2711 ,
1451 2673 1551 2704 faciant
1570 2675 1713 2713 intimari,
1741 2675 1927 2714 denunciari,
1949 2677 1994 2706 seu
2013 2678 2076 2707 alias
2096 2679 2247 2720 publicari,
2273 2683 2309 2714 ita

1256 2709 1334 2746 quod
1349 2719 1452 2741 eXtunc
1467 2712 1573 2750 nullus,
1592 2715 1621 2743 in
1634 2714 1805 2744 contrarium
1819 2715 1951 2753 veniens,
1969 2716 2124 2746 excusetur:
2145 2717 2210 2748 Nisi
2222 2730 2308 2758 prop-⁴

1256 2756 1297 2791 tei·
1313 2758 1353 2792 m·
1378 2758 1442 2779 nam
1458 2750 1591 2780 locorum
1602 2751 1759 2782 distantiam
1774 2752 1807 2782 &
1821 2753 1950 2783 absentiae
1969 2754 2176 2786 diuturnitatem
2197 2760 2307 2790 excusa-

1255 2795 1295 2816 tio
1311 2797 1355 2817 ενι
1376 2797 1423 2818 ens
1435 2797 1584 2826 appareret.

1291 2824 1329 2855 Et
1352 2827 1449 2866 quod,
1471 2837 1520 2865 per
1541 2827 1661 2865 aliquam
1682 2827 1821 2859 dictarum
1843 2830 1980 2867 partium,
1998 2831 2138 2869 personae,
2154 2832 2246 2872 bona,
2263 2834 2310 2866 seu

1252 2864 1437 2895 mercimonia
1456 2867 1614 2903 aliquorum
1634 2866 1880 2905 Placentinorum,
1896 2868 2090 2907 Janueniium,
2115 2872 2149 2901 δε
2169 2871 2306 2912 Portuga⁴

1252 2901 1386 2941 lensium,
1409 2903 1569 2934 durantibus
1590 2904 1725 2943 induciis,
1749 2905 1807 2936 sive
1826 2908 1928 2945 treugis
1946 2907 2121 2946 hujusmodi,
2139 2910 2168 2938 in
2188 2912 2307 2943 navibus

1255 2951 1314 2970 non
1329 2950 1485 2978 portentur.
1637 2969 1640 2972 .

1291 2978 1381 3018 Item,
1399 2980 1478 3018 quod
1498 2980 1628 3017 praefatus
1648 2980 1714 3010 Rex
1738 2980 1868 3012 Castellae
1883 2992 1982 3013 omnes
1997 2984 2139 3028 personas,
2158 2991 2257 3026 naves,
2273 2989 2307 3019 δε

1252 3017 1302 3047 alia
1326 3017 1400 3048 bona
1421 3020 1495 3056 (quae
1517 3028 1565 3055 per
1587 3019 1796 3058 quoscumque,
1815 3021 1844 3049 in
1865 3020 1969 3060 Regnis
1991 3024 2060 3061 suis,
2077 3024 2111 3054 δε
2131 3026 2215 3055 etiam
2231 3035 2305 3057 exrra

1252 3055 1306 3093 ipsa
1328 3055 1444 3095 Regna,
1462 3067 1511 3094 per
1531 3065 1643 3095 genteS,
1660 3057 1798 3096 subditos,
1817 3058 1864 3088 seu
1885 3060 2015 3091 valitores
2036 3062 2118 3099 ipsius
2137 3072 2234 3102 capta,
2259 3066 2306 3096 vel

1253 3094 1345 3125 seizita
1357 3095 1466 3128 fuerint
1486 3095 1523 3125 de
1546 3095 1682 3134 personiS,
1700 3097 1832 3134 navibus,
1851 3098 1884 3128 &
1897 3098 1954 3128 aliis
1966 3099 2048 3129 bonis
2064 3100 2272 3141 Baionensium,
2291 3100 2307 3133 a

1252 3134 1342 3170 prima
1354 3133 1400 3163 die
1413 3134 1511 3163 meniis
1527 3133 1710 3171 Decembris,
1728 3136 1862 3171 proximo
1876 3138 2020 3173 praeteriti:
2039 3137 2076 3168 Et
2091 3149 2154 3176 quae
2169 3141 2237 3170 citra
2257 3151 2305 3171 ex-

1251 3181 1340 3209 tunc,
1354 3181 1404 3209 per
1438 3171 1584 3210 radiatos,
1603 3171 1732 3211 Regem,
1750 3172 1891 3211 subditos,
1909 3175 1943 3205 ὃς
1955 3176 2085 3206 valitores
2099 3177 2177 3216 sum,
2195 3180 2306 3216 capien-

1252 3219 1297 3240 tur
1309 3208 1346 3239 de
1357 3183 1495 3249 perignis,
1510 3211 1642 3247 navibus,
1655 3211 1688 3240 &
1702 3210 1758 3240 aliis
1772 3211 1854 3241 bonis
1870 3213 2021 3251 praedicris)
2037 3214 2170 3246 deliberet
2181 3217 2214 3246 ὃ(
2227 3217 2305 3247 resti-²

1251 3256 1324 3285 tuat,
1342 3248 1486 3280 deliberari
1504 3249 1549 3279 seu
1568 3248 1672 3278 restitui
1692 3248 1790 3287 faciat,
1808 3250 1877 3280 infra
1899 3254 2062 3288 proximum
2083 3253 2186 3283 festum
2208 3254 2302 3285 Sancti

1252 3286 1418 3325 Michaelis,
1436 3288 1485 3318 illis
1505 3289 1609 3324 nautis,
1632 3287 1756 3325 civibus,
1774 3296 1821 3318 aut
1843 3288 2051 3320 Mercatoribus
2071 3291 2198 3328 Baionae,
2215 3293 2230 3321 a
2244 3295 2306 3331 qui-

1253 3324 1305 3355 bus
1325 3325 1456 3363 praedkfiia
1468 3326 1569 3363 ablata,
1584 3325 1628 3355 seu
1652 3333 1732 3362 capta
1754 3326 1872 3364 fuerint3
1899 3337 1946 3358 aut
1967 3328 2141 3367 haeredibus,
2167 3331 2304 3361 universa—-

1250 3363 1322 3393 libus
1336 3364 1382 3395 vel
1395 3364 1590 3403 singularibus,
1608 3372 1654 3393 aut
1673 3365 1815 3394 attornatis
1831 3365 1972 3404 ipsorum,
1991 3367 2035 3397 vel
2052 3367 2125 3405 aliis,
2144 3378 2215 3405 quos
2228 3368 2303 3399 dista

1251 3401 1452 3433 Communitas
1462 3402 1573 3433 Baionae
1585 3401 1662 3439 super
1676 3402 1726 3431 hiis
1745 3402 1906 3442 destinabit,
1925 3404 2038 3442 quando
2058 3404 2148 3435 dictus
2170 3406 2233 3435 Rex
2253 3417 2302 3444 per

1251 3440 1344 3471 dicitos
1364 3440 1468 3479 Cives,
1486 3443 1518 3471 ὅ(
1542 3439 1731 3478 Mercatores,
1749 3441 1794 3471 vel
1818 3441 1942 3479 ipsorum
1957 3453 2002 3473 aut
2015 3443 2099 3473 dictae
2114 3443 2304 3476 Comunitatis'

1249 3487 1421 3518 attornatos,
1438 3480 1515 3519 super
1528 3479 1578 3508 hiis
1592 3479 1755 3516 requiretur.

1287 3517 1317 3547 Si
1358 3528 1392 3548 ua
1409 3517 1533 3549 vero‘de
1552 3516 1689 3554 personis,
1708 3517 1840 3556 navibus,
1857 3526 1904 3548 aut
1917 3517 1999 3549 bonis
2012 3518 2153 3549 dierorum
2169 3519 2305 3560 Civium,

1250 3564 1296 3585 aut
1357 3565 1512 3587 ercatorum
1535 3554 1698 3585 nostrorum
1719 3555 1832 3585 Baionae
1847 3580 1856 3592 ,
1878 3565 1941 3586 ante
1962 3558 2080 3594 primam
2099 3558 2176 3588 diem
2196 3558 2303 3590 Mensis

1251 3593 1421 3624 Decembris
1453 3593 1613 3631 raedic‘tam,
1632 3593 1737 3631 ablata,
1754 3602 1834 3631 capta
1849 3594 1894 3624 vel
1908 3594 1990 3624 seisita
2003 3595 2105 3626 fuerint
2120 3606 2169 3634 per
2189 3596 2300 3629 dietum

1249 3631 1377 3671 Regem,
1394 3644 1431 3664 ve
1459 3633 1524 3663 alios
1541 3630 1577 3661 de
1595 3631 1727 3661 mandato
1748 3632 1845 3670 ipsius,
1863 3641 1908 3662 aut
1928 3642 1976 3672 per
1988 3633 2093 3671 aliquos
2110 3634 2301 3675 Justiciarios,

1248 3671 1295 3702 vel
1314 3671 1457 3701 Officiales
1475 3670 1552 3707 sum,
1570 3677 1650 3706 capta
1668 3670 1712 3699 vel
1730 3669 1838 3708 sei-lata,
1857 3671 2014 3708 hujusmodi
2032 3672 2123 3702 dietus
2143 3673 2206 3704 Rex
2223 3675 2302 3705 resti·

1250 3718 1308 3740 tuat
1327 3710 1383 3740 sive
1400 3709 1494 3739 reddat
1508 3731 1517 3746 ,
1541 3707 1645 3737 restitui
1661 3707 1718 3737 five
1736 3707 1813 3738 reddi
1839 3708 1919 3738 faciat
1937 3708 2056 3740 Civibus
2070 3734 2080 3748 ,
2107 3712 2151 3742 vel
2168 3712 2304 3743 Attorna-

1249 3748 1444 3817 gs&praedi&is
1456 3770 1465 3785 ,
1497 3746 1610 3784 quando
1638 3745 1718 3783 super
1735 3746 1792 3777 hoc
1812 3748 1966 3784 requiretur
1982 3747 2099 3779 durante
2117 3758 2213 3790 treuga
2232 3762 2303 3790 praea

1270 3797 1277 3816 1
1308 3795 1331 3815 a.

1286 3824 1377 3862 Capta
1388 3825 1459 3854 vero
1471 3822 1517 3853 vel
1529 3821 1621 3852 seizita
1634 3830 1683 3860 per
1694 3822 1761 3853 alios
1773 3822 1895 3852 subditos
1910 3823 1986 3862 suos,
2003 3833 2068 3855 ante
2081 3827 2203 3863 primam
2223 3828 2301 3858 diem

1250 3864 1350 3893 meniis
1365 3861 1547 3900 praedictam,
1565 3861 1602 3890 de
1618 3860 1758 3899 personis,
1773 3861 1907 3900 navibus,
1924 3870 1970 3892 aut
1990 3862 2046 3893 aliis
2065 3864 2148 3895 bonis
2167 3865 2303 3905 Civium,

1249 3902 1427 3938 Nautarum,
1443 3901 1476 3931 ὃς
1489 3897 1508 3918 *
1526 3898 1727 3929 Mercatorum
1741 3900 1877 3930 Baionum
1893 3900 2112 3941 praedictorum,
2129 3904 2232 3935 eisdem
2249 3904 2301 3934 Cia
2314 3921 2328 3937 a<
2339 3921 2365 3948 Π
2380 3915 2410 3946 di
2421 3922 2443 3945 i.

1247 3941 1346 3978 vibus,
1364 3939 1484 3975 Nautis,
1495 3939 1528 3968 &
1545 3936 1769 3976 Mercatoribus,
1788 3937 1834 3968 vel
1847 3936 2003 3969 Attornatis
2018 3941 2158 3981 ipsorum,
2176 3942 2299 3973 reddi&
2372 3942 2376 3947 ’
2436 3944 2441 3957 ³

1248 3979 1351 4009 restitui
1366 3978 1447 4008 faciat
1460 3975 1588 4013 indilate,
1607 3985 1673 4006 cum
1686 3976 1765 4013 super
1778 3975 1834 4005 hoc
1848 3978 2017 4016 requiretur,

1284 4016 1322 4047 Et
1335 4015 1369 4047 ad
1382 4017 1439 4046 hoc
1452 4013 1566 4045 eosdem
1578 4013 1703 4044 subditos
1714 4014 1775 4044 suos
1789 4013 1932 4053 distringat
1945 4025 1994 4053 per
2008 4023 2109 4048 omnes
2121 4017 2241 4057 modos,
2251 4023 2302 4057 per

1247 4065 1318 4094 quos
1333 4055 1395 4087 haec
1412 4052 1569 4091 compulfio
1582 4053 1664 4085 citius
1678 4052 1795 4091 perduci
1810 4055 1912 4090 poterit
1924 4054 1958 4085 ad
1971 4054 2118 4087 effectum,
2254 4088 2299 4123 Sia
