2570 4261
46 291 126 324 Arm.
138 288 181 320 D.

75 337 163 367 1207.

52 851 132 882 Ann.
144 850 187 881 D.

77 898 162 927 1207.

54 934 108 958 An.
118 939 145 964 9.

55 968 188 1005 Jol2.Pat.

54 1005 157 1043 9.Joh.

54 1054 93 1072 m.
106 1054 134 1080 5.
148 1044 175 1073 cl.

66 2029 195 2063 AnnD.

84 2078 169 2107 1207.

62 2115 117 2140 An.
132 2119 160 2145 9.

65 2149 129 2188 Juh.
158 2153 196 2176 at.

66 2185 166 2224 9.J0h.

65 2235 103 2256 w.
112 2225 173 2261 5.d.

69 2349 120 2376 ⁴⁸1.
136 2357 198 2385 ¹47·

770 210 884 251 ET
968 213 1242 257 ACTA

237 296 391 325 Conradum
397 294 490 337 filium
502 293 636 325 Abraam
648 295 680 325 de
696 297 834 327 Gantoun.

236 333 439 374 Lamulfilium
453 337 555 363 Razun
568 334 600 363 de
614 338 740 375 Curtray.

237 410 277 442 Et
297 418 430 448 praeterea
449 409 565 440 Cartam
581 410 732 442 Willielmi
747 411 897 443 Casteliani
909 414 945 444 de
957 413 1063 445 Sanito
1081 414 1266 453 Andomaro,

199 450 235 481 &
253 449 370 479 Cartam
384 448 507 478 Walteri
528 448 634 479 Birtant
648 450 741 480 eidem
755 450 890 482 Domino
905 463 971 483 meo
986 453 1061 492 Regi
1076 453 1130 484 feci
1146 455 1266 492 habere,

200 496 330 557 perrqifigs
345 485 419 556 segreie
443 486 583 525 praediffis
606 487 779 527 fidejussores
794 500 874 521 meos
887 491 1105 522 constituerunt.

271 535 287 555 e
314 535 347 564 e,
399 535 424 556 c.

238 600 317 633 Haec
330 602 455 633 similiter
468 602 553 633 Carta
568 604 720 634 commissa
732 604 785 635 fuit
798 605 959 637 Willielmo
976 605 1083 637 Briwer
1094 607 1207 646 Juniori
1218 607 1268 638 de-

200 640 317 671 ferenda
331 641 468 681 praedi&o
478 641 640 681 Justiciario
655 652 724 674 cum
737 644 793 673 aliis
808 645 947 682 praedictis
963 644 1063 675 Carris.

268 768 318 799 De
337 763 528 811 Fidej'tffone
544 767 672 800 Wzlteri
689 767 724 800 de
743 770 867 811 Hirtam,
889 780 943 816 pro
965 772 1078 804 Comite
1095 771 1131 804 de
1148 773 1217 805 Las.

205 851 416 914 OMnibuS,
435 852 495 883 &e
515 852 627 883 Walter
641 852 754 892 Birtan,
773 856 832 887 &e

316 891 412 922 Sciatis
437 890 516 928 quod
539 901 586 921 me
606 891 797 930 fidejufforem
812 894 944 925 constitui
963 905 1027 934 erga
1043 894 1208 925 Dominum
1218 893 1272 932 Jo-

203 931 329 960 hannem
343 928 477 959 illustrem
494 929 609 969 Regem
627 930 740 969 Angli-se
755 943 807 970 pro
831 933 983 964 Loiiovico
998 933 1117 964 Comire
1137 932 1173 962 dc
1195 932 1272 970 Los,

207 968 286 1007 quod
308 968 384 998 idem
407 967 518 998 Comes
533 991 543 1007 ,
561 969 638 999 bona
652 969 724 1009 side,
742 972 775 1002 &
790 972 892 1010 abique
907 972 976 1002 dolo
992 973 1026 1002 δε
1042 971 1117 1001 malo
1132 972 1247 1013 ingenio
1263 994 1273 1007 ,

206 1007 314 1038 tenebit
336 1005 589 1046 Conventionem,
606 1009 710 1039 saetam
728 1011 799 1040 inter
815 1010 978 1041 Dominum
994 1011 1108 1048 Regem
1128 1010 1161 1040 &
1181 1008 1273 1045 ipsum

207 1045 373 1083 Comitem,
389 1044 425 1074 de
447 1045 522 1075 fideli
544 1046 655 1077 servitio
677 1048 758 1086 ipsius
777 1048 903 1079 Comitis
915 1048 964 1092 ipsi
978 1048 1054 1087 Regi
1067 1046 1214 1085 faciendo,
1233 1047 1274 1076 se-

205 1083 334 1114 cundum
349 1092 480 1114 tenorem
495 1083 590 1115 Carta:
603 1086 674 1124 sure,
695 1098 779 1125 quam
795 1087 860 1117 inde
874 1088 941 1118 fecit
956 1086 1092 1116 Domino
1106 1085 1191 1125 Regi.
1255 1124 1259 1129 Ι

243 1121 281 1152 Et
293 1122 366 1160 hoc,
385 1123 465 1153 tastis
477 1123 663 1155 Sacros-anetis
676 1125 852 1166 Evangeliis,
866 1126 975 1164 juravi,
995 1126 1029 1156 &
1044 1125 1111 1156 huic
1120 1123 1216 1155 Cartae
1230 1123 1276 1155 Si-

206 1160 305 1201 gillum
319 1171 418 1192 meum
435 1162 557 1199 apposui.

243 1238 381 1270 Testibus
388 1264 398 1277 ,

246 1317 291 1346 W.
309 1317 340 1345 de
354 1319 431 1356 Gray
447 1315 612 1346 Camellario
625 1319 737 1346 Domini
752 1318 847 1352 Regis,

244 1355 358 1391 Hugone
373 1355 404 1383 de
418 1353 520 1383 Nevill
532 1354 733 1384 Archidiacono
748 1355 780 1383 a'e
793 1353 872 1383 Wall.

245 1392 392 1423 Wllt'elmo
405 1395 532 1420 Briwerr
540 1416 550 1429 ,

247 1431 363 1461 Roberto
376 1431 408 1459 de
422 1433 602 1469 Veteri-ponte
610 1454 619 1468 ,

246 1472 311 1499 Ger.
331 1469 364 1497 de
376 1469 461 1498 Rodes
471 1493 479 1506 ‚

246 1506 392 1537 Vsillielmo
405 1508 434 1536 de
452 1508 583 1546 London,

245 1543 395 1575 Wandrill.
414 1546 445 1575 de
462 1545 573 1576 Curcell.

244 1621 321 1653 Haec
335 1621 421 1653 Carta
433 1622 565 1653 liberatur
576 1622 739 1654 Willielmo
754 1622 861 1655 Briwer
870 1624 984 1662 Juniori
1005 1622 1156 1655 deferenda
1171 1623 1204 1656 δε
1222 1631 1278 1654 tra-

208 1660 303 1693 denda
315 1660 356 1692 G.
375 1661 435 1692 filio
446 1661 523 1692 Petri
534 1661 706 1701 Justiciario.

246 1738 321 1770 Item
343 1738 429 1770 Carta
450 1738 603 1769 Willielmi
618 1738 768 1769 Castellani
788 1739 825 1770 de
843 1739 951 1771 Sane'to
966 1739 1152 1778 Aiidomaro,
1170 1740 1221 1770 sub
1236 1748 1282 1769 ea-

209 1777 277 1808 dem
291 1778 384 1808 forma
396 1802 407 1816 ,
431 1778 562 1808 liberatur
575 1777 670 1808 eidem
683 1777 863 1817 XVillielmo,
880 1779 1029 1810 deferenda
1045 1781 1078 1810 &
1092 1779 1225 1810 tradenda
1241 1778 1282 1808 G.

209 1816 270 1847 filio
285 1816 366 1847 Petri
377 1816 561 1855 Justiciario,
578 1827 643 1856 quae
656 1816 778 1856 Sigillata
794 1828 854 1848 non
869 1828 944 1858 erat,
962 1819 997 1849 ad
1014 1818 1207 1858 Sigillandurn.

301 1950 352 1981 De
371 1946 580 1994 Redemptione
601 1945 717 1993 Amph.
743 1947 819 1981 Till.
839 1959 895 1994 pro
919 1959 1032 1982 10000
1057 1952 1193 1982 Marcis.

213 2033 334 2094 DIE
349 2033 449 2072 Jovis‚
468 2032 601 2071 proximo
616 2040 680 2062 ante
693 2033 869 2063 nativitatem
883 2034 973 2064 beatae
987 2034 1108 2073 Mariae,
1126 2035 1200 2073 apud
1216 2034 1284 2067 Ho-

299 2072 392 2103 lewell
406 2095 416 2109 ,
442 2073 470 2101 in
492 2071 642 2101 Blakamor
656 2094 665 2110 ,
692 2073 829 2101 convenit
850 2072 922 2102 inter
943 2072 1109 2104 Dominum
1120 2074 1286 2112 Johannem

214 2111 332 2148 Regem
354 2109 466 2148 Angliae
487 2112 521 2141 ὃς
542 2110 649 2148 Amph.
668 2110 737 2140 Till.
757 2109 793 2139 de
807 2109 983 2141 redemtione
995 2112 1076 2150 ipsius
1089 2112 1198 2151 Amph,
1216 2113 1288 2144 Tin.

215 2149 369 2188 videlicet,
396 2147 487 2187 Qod
509 2148 586 2179 idem
608 2148 716 2187 Amph.
734 2148 811 2179 dabit
831 2148 952 2180 domino
975 2150 1052 2190 Regi
1076 2151 1180 2182 decem
1202 2153 1288 2182 millia

217 2188 384 2220 Mai-carum
397 2213 407 2226 ,
433 2187 470 2217 de
490 2188 592 2226 quibus
614 2188 724 2226 pacabit
738 2210 748 2226 ‚
771 2196 925 2227 antequam
940 2198 1018 2220 exeat
1032 2190 1068 2220 de
1082 2190 1209 2230 prisona,
1227 2192 1287 2222 duo

216 2228 302 2258 millia
316 2226 492 2258 Marcarum.

251 2266 290 2298 Et
304 2265 406 2297 decem
421 2276 528 2304 equos,
548 2265 666 2309 quilibet
676 2264 713 2295 de
726 2266 820 2303 pretio
834 2266 946 2306 triginta
968 2265 1156 2308 Marcarum,
1174 2269 1221 2300 vel
1235 2270 1287 2300 tri-

216 2304 641 2382 &n’ssaffiiffsgpffisncrliiiillib‘gst-
647 2343 681 2374 δε
693 2342 871 2382 septingentis
878 2343 987 2387 Marcis
1001 2344 1078 2376 dabit
1084 2345 1219 2377 Domino
1228 2347 1290 2391 Re·

215 2385 245 2423 gi
258 2382 387 2422 obfides,
406 2382 511 2413 seilicet
524 2405 534 2421 ,
558 2382 676 2412 fratrem
694 2382 776 2412 suum
789 2406 798 2420 ,
825 2383 859 2413 δί
874 2382 964 2413 filium
979 2383 1079 2422 suum,
1096 2386 1129 2416 ὅ(
1140 2384 1206 2416 duas
1223 2385 1290 2417 filias

217 2424 293 2460 iiras,
312 2423 346 2453 &
360 2423 486 2460 quinque
500 2420 537 2452 de
551 2421 687 2451 militibus
707 2420 760 2450 suis
779 2420 955 2461 prisonibus‚
973 2432 1045 2461 quos
1061 2423 1208 2456 Dominus
1223 2424 1290 2456 Rex

219 2462 323 2497 eligere
338 2462 372 2492 δε
387 2462 506 2491 retinere
521 2460 653 2490 voluerit.

257 2486 417 2531 Praedifftos
438 2508 511 2529 vero
532 2497 643 2528 obsides
662 2496 740 2536 sUOS,
759 2497 879 2536 scilicet,
898 2499 1031 2538 fratrem,
1050 2501 1084 2531 δε
1099 2499 1190 2532 filium
1206 2504 1240 2534 &
1258 2502 1292 2532 fi-

220 2539 269 2570 lias
289 2538 346 2568 suas
366 2538 465 2568 venire
483 2537 567 2567 faciet
585 2538 614 2566 in
637 2535 769 2575 Angliarn
804 2544 955 2575 antequam
971 2547 1049 2569 exeat
1063 2539 1100 2569 de
1111 2541 1239 2580 prisona,
1257 2542 1291 2573 &

221 2577 295 2609 infra
308 2576 398 2606 natale
413 2576 554 2614 Domini,
572 2574 678 2612 Anno,
696 2575 757 2606 δίε.
813 2585 882 2606 ono.

263 2614 302 2645 Et
321 2624 370 2652 per
391 2613 557 2651 praediCtam
579 2613 810 2650 redemptionem
829 2615 864 2644 &
884 2614 995 2645 obfides
1013 2615 1075 2647 suos
1096 2616 1292 2649 liberabuntur

202 2643 203 2646 Ἰ
224 2662 327 2684 omnes
339 2652 440 2682 milites
455 2652 537 2696 ipsius
549 2651 658 2689 Amph.
678 2660 750 2688 quos
764 2651 841 2681 idem
855 2651 920 2682 Rex
935 2653 1019 2683 habet
1033 2656 1063 2684 in
1076 2656 1200 2695 prisona,
1218 2667 1292 2694 prae-

225 2700 269 2722 ter
308 2690 441 2736 raedic‘tos
461 2700 587 2734 qumque
602 2712 612 2728 ‚
639 2690 689 2757 qpi
708 2690 895 2722 remanebunt
920 2691 1044 2723 similiter
1065 2693 1177 2726 obsides
1196 2695 1292 2727 donec

225 2731 567 2806 przgezeitgspefflnssgtqjtg
593 2728 845 2806 {sigssrlvitetdtdiderit
859 2769 991 2807 praedidta
1003 2769 1063 2801 duo
1077 2771 1162 2802 millia
1176 2771 1294 2804 Marca-

227 2817 293 2839 rum
310 2847 315 2852 .
331 2808 365 2838 &
380 2806 484 2838 decem
499 2817 604 2852 equos,
624 2805 671 2839 vel
686 2808 809 2850 pretium
822 2818 924 2852 eorum
937 2833 947 2847 ,
972 2809 1042 2840 sicut
1055 2809 1167 2842 distum
1180 2811 1222 2842 est
1231 2837 1248 2857 ,Ι
1259 2814 1294 2844 &

223 2830 381 2891 praed'ifitos
400 2845 510 2891 obsides
531 2856 630 2877 venire
649 2845 747 2893 fecerit
759 2870 768 2884 ,
793 2855 824 2878 ut
845 2845 956 2878 distum
975 2848 1035 2893 est.)
1050 2857 1119 2881 tunc
1133 2850 1295 2883 liberabitur

226 2886 263 2917 ὃς
284 2885 338 2916 ibit
357 2895 386 2915 1n
403 2894 520 2924 patriam
540 2885 618 2915 suam
639 2885 673 2915 ad
688 2885 869 2930 quaerendam
886 2886 1118 2932 redemptionem
1130 2889 1224 2929 suam,
1244 2892 1296 2929 ὃς,

228 2923 251 2954 fi
273 2934 336 2954 eam
350 2925 513 2963 perquirere
525 2949 535 2962 ,
559 2925 594 2955 δε
614 2922 732 2955 reddere
749 2933 873 2962 potuerit
887 2925 922 2955 ad
934 2934 1086 2966 terminos,
1104 2938 1177 2966 quos
1189 2929 1298 2960 Domi-

229 2973 283 2994 nus
295 2962 362 3007 Rex
375 2964 401 2993 ei
414 2962 568 2994 constituet
577 2986 587 3003 ,
603 2964 635 3009 ίηΑ
646 2961 756 3007 recessu
769 2963 819 2994 suo
835 2974 897 2994 eam
910 2963 1008 3010 reddet
1017 2966 1055 3010 'ad
1067 2975 1176 3007 gratum
1191 2967 1300 2999 Domi-

230 3001 371 3046 ¹¹³.Reg¹⁵
386 3025 398 3049 ².
422 3003 455 3035 &
468 3025 491 3047 ³..
503 3001 535 3033 ea
549 3002 638 3034 soluta
650 3026 662 3041 ,
686 3002 881 3034 liberabuntur
895 3003 1024 3041 praeditfti
1038 3005 1148 3037 obfides
1167 3006 1222 3046 sui,
1239 3007 1300 3038 tam

230 3039 593 3111 mgiexjei‘lgagxnssirleddere
605 3090 666 3111 non
679 3081 800 3119 poterit,
819 3080 889 3112 ficut
903 3081 1015 3113 dietum
1031 3082 1088 3122 est,
1105 3084 1183 3115 idem
1191 3083 1298 3123 Amph.

232 3117 1301 3193 sisa?estseassfiisr³iu³3⁰a¹³13}5e&ressais-2:

234 3181 394 3226 manebunt’
410 3196 441 3226 in
461 3181 571 3240 prisona
587 3208 598 3234 3
620 3197 654 3227 &
675 3169 868 3229 rgmanZebunil
882 3170 1018 3230 ngino
1040 3172 1129 3240 Regip
1138 3200 1196 3232 duo
1214 3201 1301 3232 millia

235 3231 405 3278 Mai-carum
418 3233 552 3272 praedic‘ta
560 3258 571 3273 ,
588 3235 623 3266 &
638 3234 740 3265 decern
755 3238 837 3275 equi,
856 3237 901 3269 vel
913 3239 1037 3275 pretium
1050 3248 1152 3270 eorum
1165 3240 1259 3279 quieta
1272 3241 1301 3271 in

236 3270 383 3340 deligeblttt?
395 3273 714 3350 ἑξῗέῐῖιίέἑὲξῑξιἈωρὴ.
730 3313 823 3344 facere
843 3315 974 3346 constare
994 3314 1130 3348 Domino
1144 3317 1237 3357 Regi,
1253 3328 1303 3356 per

239 3347 378 3386 Hospital.
397 3348 453 3393 fide
473 3349 573 3390 dignos
587 3373 599 3395 ².
622 3359 772 3395 antequam
793 3362 835 3383 eat
851 3354 887 3384 de
907 3354 1016 3392 prisona
1030 3380 1040 3393 ,
1078 3356 1136 3386 uod
1151 3356 1302 3394 praedietus

239 3387 342 3456 fis?
361 3387 394 3455 &si
410 3387 624 3457 &siffis
635 3390 822 3459 {Jussesiss‘rff
834 3396 1046 3464 semime
1057 3366 1302 3464 itmffflrfflb·

240 3465 271 3495 in
285 3450 393 3509 prisona
406 3435 442 3493 (lie
458 3464 597 3501 praedietis
611 3438 747 3510 ’militibus
760 3440 902 3512 &3151qu
909 3442 984 3501 giliis
993 3482 1030 3502 eo
1047 3442 1302 3511 ἰίἱεξέἓᾟυεῗιᾝῗῖ

241 3502 390 3547 Dominus
402 3502 467 3533 Rex
483 3502 581 3533 reddet
593 3513 634 3542 ei,
650 3504 688 3534 de
700 3506 841 3543 praedidtis
852 3509 981 3554 mil-libus·
997 3510 1093 3554 Marc.
1112 3512 1147 3543 &
1161 3511 1197 3541 de
1211 3512 1302 3556 pretio

241 3541 446 3586 praedictorum
472 3551 508 3586 xo
530 3551 671 3579 equorum
685 3567 696 3581 ,
713 3554 777 3581 quae
791 3556 860 3576 cum
872 3547 929 3578 aliis
943 3548 1066 3579 millibus
1083 3550 1177 3580 Marc.
1196 3550 1257 3580 sunt
1272 3561 1302 3580 in

240 3580 389 3650 ffiperdlto
403 3604 413 3620 ,
437 3588 468 3611 ut
480 3580 593 3625 dnstum
604 3580 662 3618 est,
680 3591 743 3620 quae
757 3591 850 3616 tamen
864 3588 1006 3632 pertinent
1017 3588 1052 3618 ad
1067 3588 1202 3627 praeditffta
1216 3588 1303 3619 millia

283 3630 346 3658 arc,
364 3621 404 3665 &⁸
419 3628 541 3665 pretium
562 3618 826 3663 decem1equorum
843 3625 1065 3672 praedidtorum,
1082 3626 1236 3658 secundum
1250 3637 1303 3658 nu-

239 3657 976 3736 mirsi,ffiiffflest‘ssssfflffisffiffiffififfi
986 3666 1106 3735 Hsffissi
1120 3704 1200 3736 suum
1215 3715 1230 3735 a
1269 3716 1303 3736 0-

241 3734 293 3766 suit
313 3736 383 3775 parti
396 3736 477 3775 hujus
489 3735 701 3776 Cyrographae,
722 3746 786 3774 quae
800 3740 937 3775 praedieto
951 3714 1058 3780 Αωῖὴ.
1078 3716 1305 3783 remanebitp3p&

192 3800 193 3804 ,
241 3773 320 3805 idem
340 3775 450 3814 Amph.
469 3774 594 3808 similiter
617 3774 738 3815 sigillum
759 3775 840 3809 suum
856 3779 982 3818 apposuit
999 3783 1069 3820 parti
1091 3792 1156 3822 quae
1169 3782 1305 3815 Domino

242 3811 320 3854 Regi
332 3814 496 3847 remanebit.

1327 213 1799 263 P‘UBLICA.
2309 238 2363 280 47

2383 335 2509 369 Anni).

1303 387 1421 418 Lt'tterae
1448 388 1613 419 Innocentii
1640 390 1721 435 Papae
1741 391 1904 425 Beronibus
1922 394 2037 440 Angliae
2050 421 2059 436 ,
2092 393 2174 440 quod
2189 397 2296 441 Regem
2317 398 2363 426 in-
2403 385 2488 411 ¹²⁰7*

1523 435 1636 468 ducant
1652 449 1688 469 ne
1709 440 1824 481 confilia
1838 446 2008 474 maturiora
2018 443 2155 489 spernat.

1306 515 1382 578 N
1391 518 1524 550 Obilibus
1538 521 1602 551 viris
1616 521 1748 552 universis
1764 525 1936 563 magnatibus
1949 528 1977 556 in
1991 526 2092 567 Anglia
2107 526 2273 559 constitutis.
2382 529 2434 553 An.
2454 534 2482 560 ‚Qu

1426 558 1456 589 Si
1476 558 1617 589 carissimo
1638 561 1667 590 in
1680 559 1797 591 Christo
1820 562 1878 592 filio
1898 564 1997 595 nostro
2016 566 2140 603 johanni
2155 566 2312 606 Anglorum
2333 566 2366 596 il-
2380 565 2444 602 Joh„

1305 593 1387 640 lustri²
1405 596 1480 638 Regi
1502 597 1588 628 fidem
1610 598 1734 628 debit-ain
1748 599 1916 638 observatis,
1936 611 2020 640 quam
2034 604 2118 643 Deo,
2136 613 2194 635 tarn
2215 605 2298 635 nobis
2313 615 2367 635 no—
2414 618 2417 620 ·

1307 643 1399 664 veritis
1415 643 1471 665 elie
1484 645 1604 675 gratum.

1347 672 1427 703 Cum
1449 684 1543 704 autem
1563 677 1599 705 ita
1622 685 1674 706 vos
1697 684 1827 714 oporteat
1840 684 1953 708 terreno
1966 677 2041 718 Regi
2056 679 2171 710 fideliter
2184 681 2325 712 adhaerere
2339 689 2369 712 ut

1310 711 1452 742 caelestem
1476 714 1632 744 n.;ll;te.uus
1655 714 1823 754 offendatis,
1844 717 1871 745 in
1885 717 1943 746 hoc
1957 716 2042 747 debe:
2055 717 2188 748 fidelitatis
2201 720 2301 750 vestrae
2316 721 2370 750 sin-

1309 751 1405 781 ceritas
1428 752 1542 790 vigilne
1558 776 1568 791 ,
1594 760 1624 782 ut
1645 753 1661 782 a
1682 754 1829 791 proposito
1842 779 1852 792 ,
1878 754 1956 792 quod
1978 755 2054 785 idem
2076 756 2142 786 Rex
2162 767 2259 788 contra
2270 758 2370 788 Deum

1309 791 1473 831 concepille
1494 791 1602 821 videtur
1617 815 1626 829 ,
1650 792 1839 822 venerabilem
1862 793 1975 824 fratrem
1995 794 2126 824 nostrum
2146 794 2372 826 Cantuariensem

1311 825 1565 865 Al'ChlepllCOpilm
1580 853 1589 867 ,
1615 830 1649 859 &
1670 831 1699 859 in
1713 841 1749 861 eo
1769 832 1951 862 commissam
1967 833 2018 862 sibi
2034 832 2191 864 Ecclesiam
2206 835 2371 872 persequen-

1311 863 1350 893 do
1366 889 1375 903 ,
1391 865 1474 908 *fideli
1493 877 1559 896 caim
1580 866 1700 898 consilio
1723 871 1862 899 revocetis
1877 883 1886 908 3
1912 880 1966 901 nec
1984 873 2146 908 permittatis
2159 872 2267 911 ipsum,
2285 883 2372 911 qum-

1312 911 1373 945 tum
1389 915 1418 933 in
1433 904 1514 935 vobis
1530 905 1630 944 fuerit,
1648 907 1799 937 consilium
1813 908 1934 945 abjicere
1953 910 2059 946 pietatis
2070 934 2080 948 ,
2098 912 2130 941 ὃς
2143 912 2172 940 in
2191 912 2310 941 consilio
2320 913 2372 941 irn—

1311 951 1387 982 piori
1397 952 1426 971 iii
1439 943 1532 981 abire,
1549 954 1691 982 quorum,
1710 946 1738 975 in
1756 956 1814 976 uno
1829 946 1892 984 die,
1911 957 2011 977 omnes
2027 950 2211 987 cogitationes
2224 950 2373 989 peribunt,

1312 981 1431 1010 contilio
1454 981 1602 1020 Domini,
1630 982 1708 1020 quod
1729 984 1759 1013 in
1786 994 1908 1015 vacuum
1932 996 2066 1016 evacuare
2080 997 2235 1026 conantur,
2252 990 2282 1018 in
2297 997 2378 1018 aeter⁴

1312 1027 1383 1046 nllsss
1398 1027 1537 1049 [amente.

1351 1055 1514 1099 Sane-cum
1530 1081 1539 1094 ,
1566 1057 1721 1100 secundum
1743 1060 1935 1096 evangelicam
1957 1064 2102 1093 veritatem
2117 1087 2126 1102 ,
2151 1064 2254 1095 servire
2267 1064 2378 1095 duobus

1314 1092 1453 1124 Dominis
1467 1104 1527 1124 non
1545 1094 1667 1133 poffitis,
1686 1097 1786 1133 procul
1803 1097 1893 1127 dubio
1909 1099 1990 1129 vobis
2009 1102 2120 1138 expedit
2134 1112 2165 1133 ut
2181 1103 2210 1132 in
2224 1113 2278 1141 eo,
2298 1103 2377 1141 quod

1313 1132 1444 1170 praefatus
1459 1132 1524 1162 Rex
1540 1132 1609 1163 Deo
1624 1135 1796 1164 contrarium
1812 1135 1866 1165 sese
1881 1138 2162 1177 ponit,neq·.iaquani
2176 1141 2293 1172 foveatis
2306 1152 2377 1172 eun-

1314 1170 1402 1210 dem,
1419 1171 1465 1201 sed
1487 1172 1623 1202 timorem
1641 1171 1770 1203 divinum
1788 1182 1983 1211 praeponentes
1997 1176 2140 1215 humano,
2158 1180 2247 1216 ipsum
2261 1190 2330 1210 cum
2343 1180 2377 1209 il-

1315 1209 1347 1239 lis
1363 1234 1372 1248 ,
1399 1211 1447 1248 qui
1467 1209 1518 1240 sub
1539 1211 1595 1248 ejus
1618 1211 1718 1241 cubito
1738 1221 1825 1241 manu
1837 1212 1987 1242 adulatrice
2000 1215 2129 1250 pulvillos
2142 1219 2299 1256 consuunt,
2316 1229 2377 1249 non

1315 1248 1444 1286 palpetis:
1461 1258 1516 1278 nec
1530 1248 1677 1287 dubitetis,
1693 1249 1727 1279 ad
1742 1259 1853 1287 tempus
1866 1275 1875 1288 ,
1902 1252 1928 1281 ei
1941 1275 1951 1289 ,
1976 1262 2029 1289 pro
2045 1253 2121 1283 causa
2131 1254 2245 1291 justitiae
2261 1281 2271 1294 ,
2285 1257 2379 1295 displi-

1317 1297 1400 1326 cere,
1418 1288 1554 1325 quoniam
1573 1287 1631 1318 hoe
1652 1289 1756 1326 pietatis
1771 1299 1843 1326 opus
1859 1289 1941 1319 vobis
1957 1313 1966 1327 ,
1991 1290 2024 1319 ad
2037 1292 2094 1329 ejus
2106 1293 2223 1330 odium,
2240 1304 2300 1324 non
2315 1295 2382 1325 offi-

1317 1327 1390 1364 ciet,
1406 1325 1452 1356 sed
1473 1325 1587 1356 tandem
1609 1326 1738 1364 proficiet
1749 1326 1784 1357 ad
1799 1337 1947 1365 amorem,
1966 1330 2015 1366 qui
2031 1329 2163 1366 profeffto
2173 1355 2182 1369 ,
2200 1341 2268 1361 cum
2283 1333 2316 1362 ad
2328 1343 2381 1364 cor

1317 1364 1447 1402 redierit,
1466 1365 1527 1395 usus
1547 1366 1665 1396 consilio
1686 1365 1800 1405 saniori,
1819 1376 1871 1397 vos
1885 1367 2000 1404 quidem
2015 1378 2067 1405 pro
2083 1369 2192 1399 consilii
2206 1372 2323 1407 puritate
2334 1382 2381 1402 ca-

1317 1402 1454 1442 riffimos,
1473 1413 1522 1434 eos
1534 1413 1645 1442 autem,
1662 1414 1786 1443 quorum
1802 1406 1820 1424 ²*
1837 1415 1922 1443 prava
1937 1405 2027 1436 modo
2044 1407 2220 1447 suggestione
2230 1408 2382 1448 seducitur,
2402 1421 2418 1437 ’κ
2434 1420 2458 1448 1,
2470 1416 2531 1453 ¹43·

1317 1442 1433 1471 habebit
1454 1442 1576 1481 exosos,
1599 1444 1633 1474 &
1655 1445 1692 1474 lic
1705 1443 1842 1483 demum,
1861 1444 2020 1475 medicinali
2033 1455 2119 1476 manu
2132 1446 2236 1476 sanatus
2250 1449 2382 1487 agnosce-

1318 1488 1375 1518 ret,
1395 1481 1481 1519 quarn
1494 1479 1669 1513 dissimilibus
1684 1481 1795 1520 studiis⁷
1812 1484 1949 1513 morbum
1973 1486 2074 1514 mentis
2087 1484 2142 1514 suae
2155 1486 2268 1516 consilia
2284 1486 2381 1527 malig-

1317 1521 1447 1588 rsiantium
1468 1522 1681 1560 aggravaverint
1696 1545 1706 1560 ,
1732 1522 1766 1553 ὃς
1781 1522 1972 1553 sollicitudinis
1986 1522 2163 1561 Apostolicae
2178 1524 2383 1558 medicamenta

1329 1567 1445 1589 anarint.

1358 1597 1459 1628 Nobis
1479 1607 1596 1636 quoque
1611 1622 1621 1636 ,
1647 1599 1697 1637 qui
1719 1600 1795 1630 circa
1816 1599 1905 1637 ipsum
1921 1599 2026 1632 medici
2040 1602 2115 1632 vices
2131 1602 2255 1641 agimus,
2273 1600 2308 1632 ad
2324 1612 2386 1642 gra-

1319 1637 1422 1666 tiarum
1442 1637 1568 1667 :titiones
1588 1636 1708 1676 affurget
1723 1650 1732 1675 3
1748 1639 1782 1669 δε
1798 1638 1966 1677 medicine,
1984 1640 2062 1678 cujus
2076 1640 2187 1677 pridem
2201 1641 2385 1671 acerbitatem

1319 1674 1468 1706 horruerat
1483 1700 1493 1714 ,
1518 1675 1632 1707 tandem
1649 1675 1771 1707 laudabit
1791 1676 1930 1708 effectum
1946 1689 1956 1716 3
1974 1678 2236 1718 recognoscensque
2249 1680 2328 1718 quod
2342 1682 2385 1718 ip-

1320 1713 1382 1744 ssim
1404 1713 1582 1745 finceriffima
1602 1714 1780 1745 dilexerimus
1795 1717 1923 1754 caritate,
1941 1717 2072 1747 fatebitur
2087 1717 2182 1756 quod,
2199 1718 2313 1757 quando
2327 1729 2387 1749 cas-

1321 1754 1422 1791 tigatur
1443 1754 1492 1791 qui
1511 1753 1634 1793 diligitur
1648 1778 1658 1792 ,
1684 1764 1752 1785 tunc
1767 1755 1843 1784 cire-i
1856 1754 1946 1792 ipsum
1959 1757 2044 1793 pietas
2058 1765 2221 1787 exercetur:
2242 1756 2341 1788 Habet
2355 1768 2385 1788 e-

1321 1801 1382 1821 nim
1395 1801 1476 1821 amor
1488 1793 1579 1831 plagas
1592 1792 1648 1822 suas
1657 1816 1666 1830 ,
1683 1803 1747 1830 quae
1758 1792 1900 1823 dulciores
1914 1793 1976 1824 sunt
1997 1804 2067 1825 cum
2081 1795 2202 1825 amarius
2217 1795 2384 1827 inferuntur.

1358 1829 1508 1870 roirca
1527 1831 1705 1861 nobilitatem
1725 1830 1848 1862 vestram
1864 1842 2016 1863 monemus
2028 1835 2158 1864 attentius
2173 1835 2207 1865 ὃς
2222 1836 2386 1873 propensius

1322 1869 1505 1900 exhortamur
1518 1893 1527 1908 ,
1552 1880 1601 1908 per
1624 1869 1791 1908 Apostolica
1812 1871 1896 1901 vobis
1918 1871 2016 1908 scripta
2030 1873 2059 1901 in
2075 1872 2269 1903 remissionem
2286 1883 2387 1911 pecca-

1324 1909 1436 1938 minum
1456 1909 1631 1947 injungentes
1644 1932 1654 1946 ,
1677 1917 1817 1949 quatenus*
1830 1907 1904 1945 apud
1918 1909 2041 1950 eundem
2056 1909 2170 1949 Regem
2187 1911 2313 1942 fidelibus
2327 1923 2391 1950 per-

1323 1947 1491 1977 suasionibus
1513 1948 1547 1978 &
1569 1947 1720 1977 salubribus
1742 1947 1864 1977 conliliis
1882 1948 2009 1977 innitaris
2024 1958 2073 1986 per
2087 1950 2164 1979 viam
2179 1949 2319 1980 Robo'iin
2335 1953 2390 1981 mi-

1324 1986 1403 2016 nime
1424 1984 1584 2016 incedendo
1599 2009 1609 2024 ,
1626 1985 1742 2016 consilia
1755 1987 1907 2015 maturiora
1926 1996 1987 2016 non
2000 1987 2126 2025 spernat3
2146 1988 2185 2019 set
2198 1998 2264 2026 eos,
2282 1991 2329 2027 qui
2344 2000 2390 2020 ca-

1324 2032 1374 2061 put
1388 2025 1445 2062 ejus
1456 2025 1526 2054 oleo
1540 2033 1703 2062 peccatores
1716 2024 1891 2063 impinguant
1906 2023 2036 2055 foventes
2050 2026 2140 2062 ipsum
2153 2028 2183 2056 in
2198 2027 2276 2057 malo
2291 2052 2300 2065 ,
2319 2037 2390 2058 tim-

1326 2072 1411 2100 quain
1425 2062 1581 2092 adulatores
1594 2063 1740 2099 despiciat,
1759 2063 1793 2092 ὃς
1808 2061 1885 2092 velut
1898 2073 2077 2100 corruptores
2091 2065 2218 2102 expellat.

1363 2100 1409 2132 Ac
1423 2125 1433 2138 ,
1455 2101 1584 2131 recolens
1608 2099 1687 2140 quod
1706 2099 1772 2130 OLa
1784 2124 1794 2138 ,
1818 2111 1871 2138 pro
1892 2111 1928 2131 eo
1948 2101 2027 2140 quod
2040 2104 2068 2132 in
2082 2113 2193 2142 arcam,
2209 2103 2314 2135 devote
2329 2105 2392 2144 qui-

1325 2139 1394 2169 dem
1412 2139 1452 2169 set
1471 2139 1586 2179 indigne
1596 2164 1606 2177 ,
1630 2149 1730 2169 manus
1752 2140 1911 2170 extenderat
1925 2165 1934 2179 ,
1950 2151 1966 2170 a
1980 2140 2116 2172 Domino
2131 2143 2164 2172 fit
2178 2143 2339 2181 percussus,
2356 2143 2390 2174 :id

1327 2176 1513 2208 ecclesiastica
1531 2179 1592 2217 jura
1613 2188 1731 2208 manum
1752 2179 1865 2208 mittere
1886 2189 1947 2209 non
1963 2179 2124 2218 praesumat,
2140 2191 2177 2211 ne
2192 2183 2241 2219 qui
2254 2182 2391 2221 Regnum

1330 2216 1465 2248 Balthasar
1478 2241 1488 2255 ,
1511 2216 1622 2256 judicio
1636 2216 1737 2248 mansis
1751 2216 1912 2256 scribentis,
1928 2221 2026 2257 Mene,
2042 2218 2173 2258 Thechel,
2191 2220 2313 2260 Phares,
2332 2222 2395 2251 ino-

1328 2257 1487 2295 pinabiliter
1505 2257 1640 2295 occupari
1663 2256 1788 2295 permisit
1808 2267 1825 2287 a
1839 2256 1927 2287 Persis
1937 2282 1946 2296 ,
1963 2259 1989 2288 ei
2004 2266 2119 2296 propter
2133 2259 2289 2291 Ecclesiam
2302 2260 2396 2298 suam,

1328 2306 1416 2333 quam
1438 2297 1556 2326 inaniter
1575 2296 1721 2326 humiliare
1740 2295 1880 2334 disponit,
1899 2298 2020 2336 graviter
2041 2297 2216 2337 indignetur:
2235 2298 2292 2329 Sed
2304 2300 2396 2337 potius

1329 2335 1468 2373 recogitet
1488 2334 1564 2365 dona
1587 2334 1671 2373 Dei,
1697 2335 1746 2374 qui
1761 2334 1901 2374 eundem,
1921 2336 1949 2366 in
1965 2335 2120 2374 conspeetu
2136 2337 2272 2377 Regum,
2287 2338 2332 2368 sua
2344 2339 2396 2368 be-

1329 2374 1464 2413 nignitate
1487 2373 1669 2413 magnificans
1688 2397 1699 2410 ,
1725 2383 1776 2411 per
1795 2372 1931 2404 Eccleiiae
1951 2374 2098 2405 Romanae
2115 2376 2245 2407 favorem
2259 2401 2269 2415 ,
2288 2386 2398 2408 nomen

1328 2413 1363 2482 {Se
1386 2414 1544 2451 potentiam
1565 2413 1658 2451 suam,
1677 2413 1750 2443 inter
1763 2422 1882 2444 caeteros
1897 2413 1997 2443 mundi
2009 2413 2173 2454 Principes,
2190 2414 2340 2456 magnifice
2352 2415 2397 2446 di-

1339 2460 1432 2482 aravit.

1364 2489 1426 2521 Vos
1440 2490 1538 2529 igitur,
1557 2500 1681 2529 quorum
1696 2489 1783 2521 fidem
1798 2499 1882 2529 atque
1896 2490 2074 2529 prudentiam
2087 2491 2175 2532 Regis
2189 2494 2224 2525 ὃς
2236 2492 2333 2532 Regni
2346 2501 2398 2524 ne-

1329 2528 1465 2560 ceffitates
1485 2528 1591 2559 debent
1609 2528 1762 2559 efficaciter
1784 2531 1923 2568 experiri,
1948 2529 1986 2560 sic
1999 2554 2009 2568 ,
2029 2531 2060 2561 in
2080 2530 2199 2561 articulo
2221 2531 2287 2561 mali
2300 2531 2398 2570 hujus,

1329 2568 1479 2598 intentioni
1502 2568 1609 2605 praefati
1627 2567 1716 2607 Regis
1736 2569 1890 2598 occurratis
1912 2567 2029 2598 fideliter
2049 2579 2082 2599 ac
2104 2568 2272 2607 prudenter,
2290 2578 2322 2601 ut
2334 2580 2397 2601 non

1331 2607 1475 2645 patiamini
1489 2616 1542 2637 vos
1558 2607 1592 2637 &
1607 2605 1747 2645 Regnum
1763 2606 1821 2644 ejus
1833 2606 1863 2636 in
1875 2605 1953 2636 illam
1967 2607 2210 2644 perturbationem
2224 2608 2320 2639 induci
2333 2619 2399 2648 qua,

1332 2644 1411 2684 quod
1425 2644 1511 2682 abiit,
1526 2644 1563 2674 de
1576 2644 1651 2674 facili
1668 2653 1789 2682 nequeat
1803 2643 1935 2682 expediri.

1368 2681 1438 2713 Nes
1454 2683 1547 2721 enim,
1556 2682 1604 2721 qui
1618 2693 1671 2721 pro
1677 2683 1783 2721 justiti-a
1796 2683 1883 2713 causae
1895 2683 1976 2722 hujus
1985 2683 2021 2722 ,fi
2035 2683 2148 2715 forsitan
2161 2685 2323 2724 expediret,
2337 2695 2400 2716 cer-

1332 2730 1391 2754 tare
1413 2722 1449 2753 us
1465 2732 1500 2753 ue
1519 2721 1555 2752 ad
1570 2730 1697 2752 mortem
1710 2722 1865 2753 nullatenus
1879 2723 2047 2762 vitaremus,
2060 2734 2076 2753 a
2087 2723 2252 2754 defensione
2267 2724 2400 2756 libertatis

1333 2761 1449 2792 ecclesia
1477 2762 1528 2791 icce
1548 2770 1667 2792 manum
1691 2760 1891 2799 Apostolicam
1902 2762 2043 2792 retrahere
2054 2773 2114 2793 non
2128 2762 2319 2801 disponimus3
2336 2773 2401 2801 quae

1334 2799 1469 2838 profecto
1481 2799 1641 2830 abbreviata
1654 2810 1714 2830 non
1727 2799 1769 2830 est
1778 2824 1787 2838 ,
1803 2801 1896 2830 immo
1910 2824 1920 2839 ,
1945 2810 1995 2838 per
2010 2800 2070 2831 Dei
2082 2802 2216 2840 gratiam,
2234 2801 2272 2831 sic
2289 2810 2400 2833 exrenta

1335 2838 1430 2878 quod,
1447 2839 1476 2867 in
1490 2847 1578 2877 quem
1592 2838 1660 2868 furit
1675 2847 1709 2869 ex
1728 2839 1834 2869 meritis
1846 2848 1990 2878 aggravata
2004 2839 2176 2877 spiritualiter
2191 2841 2225 2870 &
2239 2840 2402 2878 temporali-

1337 2888 1379 2910 ter
1391 2879 1490 2915 ingens
1503 2876 1614 2915 pondus
1625 2877 1812 2915 oppressionis
1824 2865 1960 2908 ind'ucere
1975 2878 2079 2910 valebit
2091 2879 2121 2908 in
2134 2878 2234 2915 ipsum.

1372 2946 1482 2977 Datum
1496 2946 1606 2977 Romae
1618 2945 1692 2984 apud
1705 2946 1844 2978 Sandtum
1860 2946 1987 2978 Petrum.

1337 3076 1386 3108 De
1405 3072 1496 3119 βίω
1522 3070 1668 3104 σοηιίιιὲἶιι
1689 3083 1746 3118 pro
1771 3073 1895 3104 Nuncio
1919 3074 2117 3119 Imperatoris
2142 3072 2401 3121 Constantinopoli-

1839 3128 1915 3153 tam.

1410 3205 1492 3246 EX,
1511 3207 1662 3244 omnibus,
1681 3206 1743 3237 &c.
2417 3205 2492 3237 Ami.
2509 3205 2547 3237 D.

1440 3246 1538 3276 Sciatis
1558 3255 1610 3275 nos
1630 3243 1775 3282 suscepisse
1795 3244 1825 3273 in
1851 3242 2011 3274 custodiam
2027 3269 2037 3284 ,
2062 3246 2096 3277 &c
2107 3245 2318 3284 proteffionem
2333 3254 2401 3276 nos-
2441 3246 2525 3275 1208.

1338 3293 1428 3323 tram,
1448 3285 1481 3315 &
1496 3283 1676 3314 condu&um
1689 3282 1820 3313 nostrum
1835 3282 1953 3313 Petrum
1967 3283 2123 3313 Girardum
2137 3308 2146 3321 ,
2165 3283 2200 3312 N
2203 3284 2318 3325 uncium
2334 3283 2400 3315 Do-
2418 3288 2469 3313 Am.
2488 3295 2516 3319 9.

1339 3325 1410 3353 mini
1426 3322 1548 3353 Henrici
1563 3321 1743 3360 Imperatoris
1755 3320 2007 3358 Constantinopol.
2027 3323 2060 3352 ὃς
2075 3331 2175 3351 omnes
2189 3331 2230 3350 res
2244 3324 2320 3359 luas,
2333 3333 2400 3361 quas
2418 3323 2478 3360 Joh.
2494 3328 2551 3350 Par.

1339 3362 1396 3400 ipse
1415 3361 1511 3391 secum
1532 3360 1653 3391 adducet
1668 3384 1678 3398 ,
1702 3359 1736 3390 ad
1757 3359 1919 3398 proficuum
1934 3359 2061 3397 praedicti
2076 3359 2271 3398 Imperatoris,
2289 3370 2341 3398 per
2354 3371 2400 3392 to·
2417 3361 2549 3406 93J0han-

1339 3410 1399 3432 tani
1413 3399 1582 3438 potestatem
1597 3399 1732 3430 nostram.
2035 3436 2039 3441 .
2074 3436 2078 3440 ι
2156 3437 2160 3441 Ι
2223 3437 2228 3442 .
2414 3410 2467 3432 ms,
2477 3408 2551 3434 71³7.

1379 3439 1418 3469 Et
1433 3440 1616 3477 prohibemus
1627 3448 1664 3468 ne
1697 3439 1737 3468 uis
1752 3438 1778 3467 ei
1793 3444 1840 3466 aut
1858 3436 1940 3466 rebus
1955 3434 2093 3472 praedltstls
2106 3435 2265 3467 forisfaciat.

1378 3477 1416 3508 Et
1431 3478 1540 3507 valeant
1555 3477 1654 3507 litterae
1669 3477 1689 3506 il
1706 3486 1729 3506 κ
1745 3475 1779 3506 ad
1795 3473 1911 3504 Festum
1922 3473 2017 3504 saneti
2033 3472 2199 3513 Michaelis,
2216 3475 2304 3508 Anno
2319 3475 2400 3515 Reg-

1341 3517 1371 3547 ni
1388 3515 1478 3547 nostri
1492 3515 1630 3547 Decimo.
2170 3544 2174 3545 ⁷

1379 3592 1471 3625 Teste
1487 3593 1610 3632 meipso,

1382 3673 1427 3702 W.
1446 3669 1562 3701 Cancell.
1582 3668 1621 3704 &-

1379 3714 1482 3740 comite
1497 3710 1540 3739 W.
1560 3703 1732 3744 Marestallo.

1383 3786 1469 3825 Apud
1491 3783 1602 3815 Bristol.
1621 3782 1698 3812 sexto
1712 3780 1758 3811 die
1772 3772 1886 3818 Martii,
1905 3778 1993 3811 Anno
2007 3779 2104 3821 Regni
2117 3780 2208 3813 nostri
2220 3781 2326 3813 Nono.

1442 3915 1470 3941 δὲ
1494 3915 1606 3947 Salvus
1622 3913 1780 3948 conantius
1791 3925 1848 3960 pro
1866 3915 2048 3948 Cancellario
2065 3920 2152 3964 Regis
2171 3915 2303 3960 Castellae.
2415 3918 2430 3934 ³*
2450 3917 2546 3950 1-149·

1418 4005 1443 4036 E
1453 4004 1483 4036 X
1498 4004 1647 4044 omnibus,
1665 4006 1726 4036 &e
2421 3999 2545 4050 Anni).

1450 4042 1546 4073 Sciatis
1562 4042 1640 4081 quod
1651 4041 1842 4075 conceffimus
1853 4041 2031 4074 Cancellan'o
2053 4043 2141 4084 Regis
2155 4041 2404 4086 Casteuaenlvum
2445 4048 2529 4068 1200-

1349 4082 1384 4112 &
1405 4081 1534 4111 securum
1552 4081 1729 4112 condustum
1749 4083 1779 4111 in
1794 4082 1936 4113 veniendo
1949 4082 1983 4112 ad
1995 4093 2066 4120 nos,
2085 4083 2119 4113 δε
2132 4081 2274 4112 morando
2290 4091 2318 4110 in
2333 4088 2404 4109 terra
2419 4081 2470 4104 Aa.
2486 4087 2513 4111 9·

1347 4117 1460 4156 nostra,
1476 4119 1511 4151 ὃς
1528 4119 1675 4152 redeundo
1696 4120 1782 4159 usque
1799 4121 1830 4152 in
1844 4121 2013 4160 *quindecim
2033 4120 2091 4152 dies
2111 4119 2177 4158 post
2198 4116 2407 4186 Pemecoffiffid
2418 4115 2548 4191 {3332
