2570 4261
674 122 1478 177 CONVENTIONES,
1534 122 1926 176 LITERAE,

974 216 1039 255 103,
1057 217 1091 248 ὃς
1108 216 1211 247 arbim-e
1223 215 1289 245 des-
1328 207 1423 252 donec
1443 208 1524 253 super
1544 208 1612 252 hoc,
1623 208 1698 240 aliud
1717 208 1879 240 duxerimus
1898 206 2120 245 disponendum:
2137 207 2208 240 Nos
2225 211 2304 241 enim
2320 215 2393 248 prae-
2408 205 2484 239 Ann.
2495 207 2552 246 Da,

962 255 1070 286 France
1084 256 1118 286 ὃ(
1132 264 1205 284 nous
1218 255 1292 291 puis·
1327 247 1408 316 (11έὶξο
1422 246 1499 284 Regi
1515 247 1639 288 Franciae
1652 247 1779 287 nostraS,
1795 248 1875 286 super
1886 247 1945 278 hoc
1954 269 1964 285 ,
1983 245 2142 277 consimiles
2157 247 2258 279 litteras
2271 247 2392 281 destina·
2405 289 2427 314 E
2428 255 2520 315 159³
2540 298 2555 322 t

238 148 320 186 206

89 226 165 258 Ann-
175 223 217 255 D·
271 227 312 266 E,
330 226 393 258 sour
406 234 442 264 qe
456 230 501 256 tot
513 246 524 263 ,
549 220 656 253 mesme
670 220 697 250 le
712 219 838 263 Papeait
852 217 957 262 voum,

108 272 191 303 ¹299·
233 266 310 304 lors,
336 275 390 304 que
417 273 473 302 ce,
499 271 547 300 par
569 267 720 295 aventure‚
737 257 756 287 li
769 256 810 287 dit
824 256 897 287 Rors
911 255 948 286 de

88 305 157 332 Edu.
176 311 200 329 i.
235 305 312 343 sens,
329 304 365 334 de
385 301 502 333 mesmes
522 299 561 329 les
582 307 668 328 terres
685 297 720 326 &
743 295 838 334 bienS,
854 294 974 325 acorder
989 303 1068 324 entre
1081 303 1169 331 nous,
1187 301 1243 330 que
1258 300 1292 322 ce

235 353 271 373 en
298 352 372 380 queu
396 349 468 371 nous
487 335 648 368 acordriens
661 358 671 371 ,
719 333 762 364 ust
774 340 1002 371 perpetuement,
1020 332 1054 363 &
1068 332 1153 362 saunz
1168 331 1292 360 enfrein-

236 390 264 413 te
299 380 383 419 garde
396 379 422 408 se
433 384 519 412 come
531 376 556 405 la
568 374 626 405 dite
639 373 858 410 pronunciation
872 371 932 410 plus
947 371 1119 408 pleinement
1131 377 1275 407 porporte.

269 405 317 455 'E‚
335 426 411 455 apres
424 415 463 445 ses
475 413 572 444 choses
586 435 596 450 ,
621 411 648 441 le
661 410 807 441 devantdit
822 409 862 440 Pa
883 419 898 439 e
931 410 1004 439 aiant
1016 419 1032 439 a
1046 418 1113 439 cuer
1125 408 1151 437 13
1164 407 1223 437 dite
1237 407 1293 435 bu-

236 456 349 495 soigne,
364 455 397 486 &
413 452 530 483 defirant
550 450 577 481 le
597 450 676 487 bon,
694 449 728 480 &
740 449 767 479 13
783 448 852 479 hast'
880 432 978 486 effploit
991 446 1065 477 dela
1080 446 1187 476 mesme
1198 444 1294 474 busoi-

236 504 308 534 gne,
326 503 398 524 nous
416 492 472 529 ait,
489 499 546 528 par¹
557 490 595 520 ses
613 488 708 519 lettres
724 486 815 518 Bulles
863 486 985 516 mauride
1006 484 1072 523 qu’il
1093 493 1200 514 enuore
1213 506 1222 520 ,
1242 491 1294 520 pur

237 531 313 565 ceste
332 527 488 567 busoigne‚
504 529 531 559 le
543 526 701 558 honurable
717 525 807 564 Pete,
824 510 863 556 R.
881 524 1012 562 Evesque
1026 523 1063 553 de
1077 522 1225 561 Vycente,
1243 529 1295 558 por

235 581 309 602 nous
322 569 468 601 enformer
483 567 544 606 plus
557 566 730 604 pleinement
744 565 788 595 sur
801 563 840 594 les
853 563 1006 593 avantdites
1022 561 1138 600 choses,
1156 560 1255 591 solone
1270 559 1297 590 la

234 618 331 643 teneur
343 607 382 638 du
396 605 596 645 mandement,
613 604 680 644 qu’il
694 604 713 633 li
727 614 743 634 3
756 602 805 633 fait
820 601 856 632 de
870 601 1001 632 bouche:

271 647 307 678 Li
327 645 395 686 qu'il
415 644 495 677 Eves
511 654 547 675 ue
559 668 569 682 ,
594 653 610 674 a
632 652 667 673 ce
681 652 737 681 que
749 640 847 671 nostre
857 650 922 671 ame
935 638 1043 676 Cosin,
1063 637 1160 669 Amez
1174 637 1293 668 Counte

233 683 269 716 de
288 684 440 726 Sauuoye;
505 682 617 714 onsieur
626 680 722 720 Johan
743 678 781 709 de
793 678 861 709 Bar:
880 678 914 708 &
928 676 1026 708 nostre
1039 675 1117 707 Aine
1129 676 1296 713 Chevalier‚

236 724 386 755 Monsieur
409 722 502 754 Othes
518 721 555 752 de
576 720 749 751 Graunmon
765 728 774 755 3
793 717 813 736 '¹‘
832 726 905 747 nous
925 725 977 746 ont
997 715 1044 745 fait
1066 716 1198 752 asavoir,
1215 714 1255 745 est
1269 715 1295 744 ia

234 772 332 794 venuz
344 773 381 793 eri
399 762 524 799 France,
541 760 574 791 &
588 759 623 789 ha
635 766 689 788 cez
702 755 853 792 busoignes
866 754 960 792 parlez
974 763 1009 784 au
1023 753 1128 784 conseil
1140 753 1168 784 le
1183 753 1243 784 Roi
1259 753 1296 783 de

235 801 345 833 France
366 801 451 831 d'une
474 806 535 837 part
546 820 556 835 ,
580 807 596 826 e
609 806 636 826 as
650 795 728 833 ditz,
746 793 865 831 Count,
879 792 992 832 Johan,
1009 802 1026 822 e
1040 791 1150 830 Othes,
1168 793 1216 831 qui
1233 792 1297 822 sont

234 839 272 872 de
285 840 382 871 nostre
396 837 526 874 Conseil,
544 836 581 865 les
596 835 700 873 quieux
713 843 731 874 y
745 832 838 863 furent
853 832 937 872 depar
950 841 1022 861 nous
1034 830 1148 862 d’autre.

273 878 299 910 E
314 879 357 909 sur
372 888 421 915 ce,
439 886 486 914 par
499 883 553 905 eux
565 882 651 911 touz,
660 882 706 910 par
719 881 878 901 commune
892 870 1096 908 affentement,
1109 880 1124 900 a
1146 879 1187 899 res
1202 868 1295 899 moltz

234 917 272 950 de
283 919 478 952 traitementz,
492 913 544 943 soit
559 912 699 949 accorde,
717 920 752 940 en
765 910 790 940 13
805 909 938 948 presence
951 907 987 938 de
1003 908 1110 938 mesme
1140 906 1293 945 'Evesque,

235 966 293 995 que
315 957 342 986 le
362 954 422 985 Roi
442 952 479 983 de
496 952 604 982 France
619 951 652 982 ὅ(
665 959 754 986 nous,
772 956 844 978 tores
857 947 895 978 les
908 946 1005 977 choses
1018 946 1179 983 desusdites,
1197 946 1293 976 selonc

234 996 261 1026 la
279 994 373 1025 forme
395 992 446 1022 des
463 992 642 1030 compromis
658 1013 668 1027 ,
683 988 741 1020 fatz
755 986 841 1017 d'une
854 994 915 1025 part
929 985 963 1016 &
975 985 1100 1022 d'autre‚
1118 985 1152 1015 &
1166 985 1192 1014 se
1207 994 1293 1015 come

235 1033 291 1064 eles
303 1032 365 1063 sont
379 1039 535 1062 contenues
548 1038 584 1058 en
597 1028 623 1058 la
637 1026 855 1066 pronunciation
867 1023 1023 1063 avantcfite,
1041 1022 1227 1054 commission
1236 1033 1293 1061 ,ou

1365 361 1435 392 Dat.
1452 361 1582 393 Lateran.
1603 363 1629 394 8.
1647 360 1714 392 Kal.
1730 361 1803 392 Maii
1813 387 1823 401 ,
1841 360 2027 394 Pontificati‘is
2041 360 2131 393 nostri
2143 371 2222 394 anno
2234 363 2345 402 quinto-

2031 439 2086 469 Suh
2093 437 2146 481 filo
2161 438 2286 470 canabe-0.

1328 561 1379 594 De
1404 558 1546 593 Amadeo
1561 559 1684 617 'Comite
1709 554 1866 594 sabaudia
1888 561 1933 595 ad
1948 564 2189 595 Matrimonium
2205 573 2260 609 pro
2287 566 2389 612 Rege,

1374 612 1411 647 ῤ’
1431 609 1585 654 Sponfizlta
1599 636 1608 652 ‚
1628 621 1683 655 pro
1704 609 1872 659 Edvarde,
1903 614 1991 661 Regis
2007 612 2102 653 Filio,
2126 622 2196 644 cum
2218 614 2392 660 Margare-

1376 667 1411 689 ta
1433 664 1540 689 ⁴>orere
1558 684 1567 700 ‚
1592 661 1629 696 (ῤ’
1654 656 1783 703 Ifizbella
1803 658 1885 691 Filia
1912 663 2000 707 Regis
2015 662 2167 703 Franciae,
2189 659 2392 694 contrahenda

87 723 215 769 511835.
1375 709 1412 743 (ᾧ
1423 705 1564 751 juranda
1579 704 1728 754 affignato.

1329 790 1389 850 R
1404 788 1470 820 EX
1487 790 1623 822 univerfis
1637 815 1647 829 ,
1669 790 1704 822 ad
1725 801 1796 830 quos
1816 791 1915 822 litterae
1935 791 2082 830 praesentes
2102 794 2278 832 pervenerint
2292 816 2302 832 ‚
2319 793 2390 826 salu-
2406 789 2535 827 Ann.D,

1367 836 1646 897 Crii‘iimsancriffimus
1660 869 1688 898 in
1704 867 1823 898 Christo
1835 867 1935 906 Pater,
1954 868 2101 899 Dominus
2121 868 2153 899 B.
2173 868 2269 901 divin&
2311 867 2388 902 rovi-
2403 843 2519 910 Λξιῗ9ι97.
2537 874 2547 898 ἰ

1328 902 1423 972 <figitis
1435 929 1447 944 ,
1473 905 1585 936 Sanetae
1601 905 1745 938 Romanae
1754 916 1788 937 ac
1800 906 1971 938 Universalis
1990 906 2127 938 Ecclesiae
2143 907 2269 939 summus
2300 909 2388 940 'onti-
2405 916 2433 939 Ε.
2456 920 2479 940 1.

1351 967 1400 1025 ,111
1417 992 1507 1028 quein
1514 1005 1524 1022 ,
1539 991 1674 1022 tanquam
1688 984 1717 1014 in
1736 984 1872 1022 privatam
1889 983 2036 1022 personam
2050 1008 2060 1021 ,
2077 984 2112 1015 &
2122 981 2286 1015 Dominum
2298 985 2388 1018 Bene-
2401 949 2538 1024 1721:anss-

1328 1018 1439 1051 distum
1453 1021 1628 1061 Gaitanum,
1646 1031 1679 1053 ex
1694 1031 1771 1061 parte
1782 1021 1880 1052 nostra
1893 1023 1926 1054 &
1945 1022 2033 1062 Regis
2047 1022 2190 1060 Franciae,
2208 1022 2287 1060 super
2297 1026 2387 1056 refor->
2405 1031 2434 1054 Ε.
2454 1036 2477 1054 i.
2495 1035 2532 1055 m.

93 3225 169 3259 Arm.
181 3225 222 3258 D.

124 3274 207 3303 1299.

92 3306 145 3332 An.
166 3314 208 3338 ²7·

93 3383 135 3408 Ex
150 3362 206 3408 Aiu-

93 3424 158 3454 ugr.

97 3614 228 3652 ‘11.836.

236 1070 399 1109 disposition
412 1093 422 1108 ,
447 1068 513 1107 quel
533 1067 623 1106 qu'ele
647 1066 698 1097 soit
716 1065 798 1102 faite,
813 1073 853 1094 ou
871 1073 886 1092 3
907 1063 974 1092 faire
993 1072 1008 1092 a
1023 1062 1157 1102 persone,
1174 1063 1240 1092 viue
1252 1071 1292 1092 ou

236 1119 331 1148 mort,
350 1118 398 1148 par
412 1107 451 1138 ses
465 1107 556 1138 lettres
570 1105 691 1143 bullees,
709 1111 834 1133 mettons
855 1112 891 1132 en
906 1101 930 1130 13
944 1101 1021 1131 main
1031 1125 1041 1140 ,
1057 1111 1074 1131 e
1087 1111 1121 1130 en
1138 1101 1162 1131 la
1178 1111 1246 1139 poer
1257 1100 1293 1131 de

235 1148 341 1180 mesme
355 1146 503 1184 l‘Evesque
516 1155 531 1175 a
546 1145 687 1180 receiure,
707 1151 723 1172 3
737 1151 752 1171 3
767 1142 857 1179 tenir,
875 1150 911 1171 en
927 1149 1022 1176 noun,
1039 1150 1054 1170 3
1069 1149 1104 1170 311
1116 1139 1140 1169 13
1156 1149 1240 1178 mayn
1253 1140 1293 1170 du

233 1186 378 1218 devantdit
396 1185 472 1223 Pape
487 1207 497 1222 ,
523 1183 617 1214 selonc
632 1182 657 1212 la
677 1189 777 1211 tenour
792 1181 825 1211 ὅ(
840 1180 864 1210 13
880 1179 993 1209 fourme
1007 1178 1043 1208 de
1059 1178 1083 1208 la
1096 1178 1153 1209 dite
1168 1188 1294 1216 pronun-

235 1227 356 1263 ciation,
374 1225 407 1256 ὃ(
431 1233 466 1254 311
489 1223 514 1252 13
535 1231 648 1252 manere
668 1229 725 1258 que
736 1218 764 1249 le
780 1217 886 1248 mesme
899 1216 975 1254 Pape
987 1216 1021 1247 ad
1035 1216 1092 1256 dit,
1110 1217 1173 1255 loe,
1191 1218 1292 1248 arbitre

236 1265 270 1296 &
286 1263 400 1294 diffine:
421 1262 459 1293 Et
468 1261 559 1299 dirra,
577 1261 668 1297 loera,
686 1258 821 1295 arbitera,
840 1257 873 1287 &
886 1255 1080 1293 diffinera30u
1095 1265 1131 1287 en
1143 1264 1219 1287 autre
1233 1266 1293 1286 ma-

235 1313 320 1341 nere,
336 1313 383 1341 par
398 1301 436 1332 ses
451 1301 544 1332 lettres
558 1299 663 1336 bulloe,
681 1296 716 1327 ad
731 1295 856 1334 ordene,
873 1305 913 1325 ou
928 1294 1072 1325 ordenera.

272 1341 379 1380 Nous,
396 1349 449 1380 pur
469 1339 580 1376 honur,
596 1338 629 1369 &
645 1345 697 1376 pur
712 1344 864 1365 reverence
879 1333 917 1364 du
931 1333 971 1363 dit
985 1332 1079 1371 Pape,
1098 1333 1131 1363 &
1146 1344 1198 1371 pur
1211 1344 1293 1372 pecs,

235 1382 270 1412 &
293 1390 344 1418 pur
366 1377 450 1418 profit
472 1376 508 1407 de
527 1385 608 1407 toute
626 1375 651 1406 la
670 1373 838 1411 Cristiente,
855 1374 888 1403 ὃ(
906 1382 957 1412 pur
971 1371 1120 1410 aprochier
1132 1382 1166 1402 au
1183 1382 1292 1413 voyage

234 1419 344 1450 d'outre
366 1427 427 1448 mer
442 1441 451 1454 ,
470 1415 622 1446 vueillantz
636 1414 663 1444 13
674 1414 735 1444 bon
749 1410 995 1450 acompliffement
1007 1410 1043 1441 de
1055 1409 1132 1441 ceste
1144 1411 1295 1451 busoigne,

234 1466 293 1489 tant
309 1466 396 1487 come
410 1464 445 1485 en
459 1464 531 1484 nous
545 1452 603 1492 est,

272 1495 398 1525 Donons
419 1493 525 1532 pleiner
542 1502 626 1533 poer,
646 1492 680 1522 ὅ(
690 1488 804 1528 especial
817 1488 1016 1526 mandement‚
1034 1497 1083 1527 par
1097 1498 1142 1519 ces
1156 1489 1295 1527 presentes

236 1535 346 1572 lettres,
364 1543 380 1564 3
394 1541 455 1563 1107.
468 1539 551 1562 arnez
564 1532 597 1562 &
612 1531 724 1569 foiaux,

782 1609 843 1642 Gur
865 1608 946 1634 Ferre
965 1603 1050 1644 nostre
1067 1606 1238 1634 Lieutenant
1261 1617 1294 1635 en

819 1643 977 1683 Gaftoigne,
997 1641 1173 1681 chevaliers,
1192 1642 1230 1677 ὠ

783 1686 818 1714 A
834 1682 950 1722 Muzstre
963 1683 1078 1721 Reymon
1086 1683 1215 1712 Arnaud
1225 1683 1257 1713 de
1265 1681 1294 1714 la

819 1724 905 1752 Rame
919 1719 1006 1751 Clerk.

235 1611 352 1652 Matflre
366 1610 471 1641 Girard
482 1609 513 1638 de
529 1611 557 1638 V
556 1611 652 1647 ipper'nr
660 1631 670 1647 ,

235 1651 409 1682 Ercea‘eakne
426 1649 457 1678 de
470 1646 651 1686 Richemund,

236 1693 366 1729 Amaneu
378 1689 410 1718 de
425 1687 453 1717 la
466 1689 550 1716 Brett
558 1709 568 1725 ,

236 1728 357 1768 Guyllem
369 1728 400 1757 de
414 1726 572 1766 Leyburne,

237 1771 331 1800 Ponte
344 1769 401 1797 Sire
413 1767 446 1796 de
459 1762 634 1805 chastillion,

275 1845 311 1877 Et
321 1856 349 1877 as
362 1844 482 1882 cinque,
501 1842 582 1873 &as
605 1847 701 1878 quatre
714 1862 724 1879 ,
742 1849 758 1869 e
772 1849 800 1869 as
815 1837 896 1875 treis,
916 1836 936 1866 si
952 1836 1013 1877 plus
1026 1837 1053 1866 ni
1071 1836 1192 1875 puissent
1203 1837 1295 1876 estre,

237 1885 274 1916 de
295 1892 398 1916 mettre
417 1884 450 1914 ὃς
470 1879 615 1919 d'affigner
633 1879 668 1908 de
690 1877 784 1918 parole
802 1887 840 1907 ou
863 1875 899 1906 de
914 1875 990 1906 droit
1005 1898 1015 1914 ,
1033 1876 1066 1906 &
1079 1876 1114 1906 de
1128 1875 1193 1914 fait,
1211 1878 1243 1908 &
1258 1877 1295 1907 de

238 1925 316 1955 bone
332 1923 386 1961 foi,
404 1922 437 1952 ὅ(
460 1920 547 1950 sounz
567 1916 677 1954 fraude,
695 1915 891 1953 S'implernent
904 1915 937 1945 &
952 1923 1116 1952 purement,
1136 1923 1194 1945 tant
1209 1925 1295 1945 come

235 1972 272 1993 en
289 1972 359 1993 nous
372 1960 431 1999 est,
450 1968 485 1989 en
502 1957 526 1988 la
540 1966 623 2000 mayn
638 1956 671 1987 &
684 1965 719 1985 en
733 1955 759 1985 le
774 1963 842 1993 poet
858 1953 897 1984 du
910 1953 951 1982 dit
965 1952 1091 1991 Evesque
1105 1953 1140 1982 de
1156 1953 1296 1993 Vycente,

236 2010 307 2033 tores
328 2001 366 2030 les
388 2007 472 2030 terres
487 2019 497 2035 ,
519 1995 639 2026 Vasiaux
654 2019 664 2033 ,
689 1994 767 2024 biens
782 2016 792 2031 ,
817 1993 850 2023 &
866 1999 954 2022 autres
967 1992 1080 2029 choses,
1099 2001 1155 2030 que
1169 2002 1240 2022 nous
1253 2002 1295 2023 te-

234 2041 316 2110 friiens
328 2048 364 2069 en
378 2037 520 2069 Roiaume
534 2034 570 2065 de
586 2033 695 2064 France
709 2056 718 2071 ,
736 2032 762 2063 le
779 2033 844 2070 jour
858 2040 913 2068 que
927 2030 952 2060 la
963 2029 1019 2060 dite
1034 2031 1252 2068 pronunciation
1266 2032 1296 2062 fu

263 2088 314 2110 lte:

273 2117 300 2147 A
317 2115 442 2147 receiure
460 2114 494 2146 &
518 2122 533 2143 a
555 2111 626 2142 tenir
639 2135 648 2149 ,
667 2119 702 2140 en
723 2118 820 2145 noun,
844 2107 878 2137 &
893 2117 929 2138 en
944 2106 969 2137 la
982 2116 1084 2145 mayne
1097 2106 1135 2138 du
1154 2107 1297 2139 devantdit

236 2154 330 2193 Pape,
348 2164 434 2185 come
454 2153 490 2183 de
507 2152 603 2189 privee
622 2150 739 2187 persone
752 2170 762 2185 ,
783 2147 816 2177 &
839 2146 936 2176 Beneit
948 2145 1059 2184 Gaytan
1071 2168 1081 2184 ,
1108 2145 1205 2177 selonc
1218 2147 1242 2177 13
1256 2156 1297 2177 te-

239 2204 325 2231 neur,
342 2193 375 2224 &
397 2194 421 2222 la
442 2192 556 2222 fourme
575 2188 611 2218 de
634 2188 658 2218 la
680 2186 786 2217 mesme
800 2185 1031 2228 pronunciation,
1051 2185 1085 2216 &
1099 2195 1134 2215 en
1148 2184 1172 2214 la
1185 2195 1298 2216 manere

238 2242 277 2272 qe
290 2231 398 2262 rnesme
415 2230 440 2260 13
459 2229 498 2259 Pa
518 2238 534 2258 e
555 2227 589 2257 ad
603 2225 660 2264 dit,
678 2226 739 2263 loe,
756 2225 874 2260 arbitre‚
892 2224 926 2254 &
937 2222 1049 2253 diffine:
1069 2224 1102 2254 &
1115 2223 1203 2261 diri-a,
1221 2224 1297 2254 loera

238 2272 385 2307 arbittera,
403 2269 436 2300 &
450 2267 478 2298 di
513 2275 593 2303 nera,
612 2274 651 2294 ou
664 2263 698 2294 ad
711 2262 817 2294 ordene
826 2286 835 2300 ,
852 2271 892 2292 ou
906 2261 961 2292 ausi
974 2271 1060 2293 corne
1074 2262 1100 2292 le
1114 2262 1203 2299 plerra
1217 2272 1232 2292 3
1248 2273 1299 2293 or-

238 2310 343 2347 dener,
360 2308 414 2338 ausi
428 2316 514 2337 come
529 2304 606 2334 desus
620 2303 660 2334 est
672 2303 722 2333 dit.

276 2347 302 2379 E
321 2347 425 2378 volons
439 2368 449 2384 ‚
473 2355 490 2375 e
512 2350 690 2382 promettons
704 2350 740 2379 qe
761 2348 834 2370 nous
853 2347 955 2368 aurons
976 2338 1041 2368 firm
1055 2339 1088 2370 &
1102 2338 1206 2369 estable
1218 2347 1297 2378 tout,

261 2394 327 2417 uant
343 2395 398 2424 que
411 2393 459 2421 par
472 2383 510 2414 les
533 2380 676 2412 avantditz
689 2403 699 2418 ,
725 2377 901 2410 Ercediakne
913 2399 923 2415 ,
956 2377 1086 2407 Amaneu
1102 2400 1112 2416 ,
1136 2377 1272 2417 Guyllem
1287 2401 1298 2416 ,

236 2396 373 2463 genna,
390 2422 479 2462 Guy,
495 2422 528 2452 &
546 2419 701 2458 Reymon,
718 2428 757 2449 ou
769 2427 816 2455 par
829 2416 867 2458 lec
880 2417 1003 2453 cinque,
1020 2426 1059 2446 00
1093 2425 1186 2454 uarre,
1205 2427 1243 2446 ou
1259 2416 1297 2447 les

237 2465 307 2497 trois
321 2463 358 2494 de
372 2470 442 2500 eux,
458 2471 493 2492 en
510 2459 535 2490 la
546 2459 658 2489 fourme
673 2455 822 2493 desusdite,
840 2458 909 2498 serra
922 2453 969 2484 fait
985 2463 1020 2484 en
1035 2464 1070 2485 ce
1095 2464 1111 2484 e
1124 2455 1268 2494 busoigne.

276 2502 329 2533 Sur
349 2502 373 2532 13
393 2499 476 2538 quele
498 2497 631 2536 busoigne
653 2504 790 2534 approuer
805 2517 814 2532 ,
837 2503 908 2524 tenir
922 2517 932 2530 ,
958 2492 1074 2532 garder,
1092 2493 1124 2524 &
1138 2494 1295 2532 acomplir,

236 2550 308 2573 nous
327 2540 386 2571 obli
405 2548 457 2569 ons
476 2546 566 2575 nous,
585 2536 618 2567 &
642 2544 700 2566 noz
721 2534 809 2563 heires
822 2555 832 2570 ‚
857 2531 890 2562 &
912 2540 982 2561 touz
998 2540 1056 2562 noz
1078 2531 1177 2570 biens,
1197 2542 1244 2571 pai·
1257 2532 1296 2562 ses

237 2579 377 2618 presentes
387 2547 487 2608 1311133
501 2601 510 2613 ,
534 2574 633 2606 sailleoe
655 2574 691 2604 de
705 2576 798 2603 nostre
817 2570 886 2608 seal,
905 2579 960 2612 que
975 2570 1069 2600 furent
1085 2570 1176 2608 faites,
1194 2572 1228 2602 &
1242 2571 1295 2601 do-

237 2628 304 2649 nees
325 2628 342 2648 3
358 2613 560 2646 Westmostier
582 2613 607 2643 13
630 2612 769 2643 Vintilme
786 2608 889 2640 second
906 2618 971 2646 Jour
993 2608 1031 2640 du
1054 2618 1135 2649 moys
1152 2609 1292 2640 d'Averil:

239 2653 311 2687 L’an
331 2655 367 2685 de
380 2663 464 2692 grace
478 2652 551 2690 Mil,
568 2651 641 2694 deux
654 2659 719 2681 cent
731 2672 741 2689 ,
759 2656 959 2688 quatrevyntz,
977 2646 1026 2688 dys
1044 2649 1078 2679 &
1095 2647 1167 2678 neuf
1178 2657 1184 2676 ;
1204 2647 1243 2679 Et
1259 2647 1296 2678 de

238 2693 336 2726 nostre
348 2692 451 2733 Regne
464 2692 525 2723 vint
538 2691 571 2722 &
586 2688 717 2728 leptisme.

275 2771 364 2803 Ceste
386 2770 466 2801 lettre
484 2766 562 2798 desus
582 2766 678 2797 escrite
700 2763 741 2796 est
760 2763 877 2801 dublee,
895 2770 957 2793 mot
973 2773 1021 2800 per
1037 2770 1116 2800 mot,
1134 2761 1219 2792 saunz
1237 2763 1296 2792 rien

238 2811 373 2850 changiez
389 2832 398 2848 ,
426 2807 516 2838 Sauve
538 2816 574 2843 qe
589 2829 598 2844 ,
625 2815 659 2835 en
682 2804 706 2834 la
720 2804 806 2835 tierce
819 2802 914 2839 lettre,
933 2801 1001 2831 souz
1016 2800 1120 2830 mesme
1135 2800 1171 2831 les
1189 2801 1295 2838 paroles

239 2849 335 2887 escrit,
352 2858 369 2888 y
383 2847 417 2878 ad
430 2846 578 2876 variaunce
594 2854 628 2874 en
643 2852 701 2873 tant
715 2864 724 2879 ,
747 2851 802 2881 que
819 2841 860 2878 la,
879 2849 918 2870 ou
933 2839 950 2868 il
966 2839 1006 2869 dit
1023 2849 1050 2869 es
1062 2847 1149 2870 autres
1166 2839 1258 2877 deux,
1276 2851 1295 2868 a

236 2887 340 2956 ρηέὶηε
352 2897 407 2917 vue
419 2896 449 2914 ou
463 2890 546 2922 mort,
566 2883 590 2913 la
604 2882 692 2919 dit-il,
709 2892 727 2909 a
740 2878 849 2921 quelque
859 2875 964 2921 perfhne
977 2876 1045 2918 qu’il
1052 2877 1116 2915 soit.

316 2934 378 2956 tout
393 2925 419 2955 le
435 2930 596 2959 remenant,
616 2929 679 2951 mot
694 2929 742 2958 per
758 2927 838 2956 mot,
856 2920 882 2948 ic
900 2918 1044 2955 contient,
1061 2925 1146 2947 come
1169 2914 1210 2946 est
1224 2925 1296 2947 con-

240 2971 323 2995 tenue
339 2973 373 2994 en
387 2963 425 2994 les
440 2969 528 2992 autres
541 2960 610 2991 deus
621 2959 720 2990 lettres.

242 3095 293 3128 De
312 3092 448 3139 Epiftopo
467 3094 502 3124 V
501 3093 623 3122 irentino
639 3116 649 3131 ,
681 3087 725 3121 ad
738 3099 835 3121 terras
854 3089 889 3124 ὠ
907 3087 1028 3125 omnia,
1050 3093 1104 3129 per
1124 3085 1213 3129 Reges
1229 3085 1298 3115 An-

284 3142 350 3189 glia
366 3143 402 3179 ὠ
418 3142 563 3186 Franci-t,
591 3141 621 3170 in
634 3149 741 3169 manus
755 3140 790 3175 ὠ*
805 3135 877 3183 poffe
901 3137 983 3179 Papa
993 3130 1127 3178 ponenda
1146 3129 1296 3178 assignato.

303 3223 480 3257 OnifaciusE
502 3223 627 3262 iscopus,
645 3222 735 3253 servus
748 3221 893 3252 servorum
908 3215 1145 3257 Dei,Cariffim0
1159 3217 1187 3245 in
1212 3215 1299 3247 Chri-

315 3264 360 3295 sto
372 3263 461 3301 Filio,
480 3234 613 3293 {dvardo
627 3261 701 3300 Regi
710 3261 820 3300 Angliae
835 3257 935 3289 Illustri
949 3281 959 3296 ,
984 3256 1108 3286 Salutem
1124 3256 1157 3285 ὅ(
1171 3254 1299 3292 Aposto-

243 3304 326 3335 licam
338 3301 579 3334 benedictionem.

283 3341 404 3373 Dudum
415 3343 486 3371 inter
500 3348 529 3370 te
544 3348 579 3369 ex
591 3346 668 3376 parte
680 3337 753 3374 uni,
771 3338 804 3368 ὃ(
821 3334 990 3366 carissimum
1008 3333 1039 3362 in
1055 3330 1172 3363 Christo
1188 3330 1294 3361 Filium

245 3380 372 3411 nostrum
385 3379 548 3418 Philippum
564 3377 675 3445 Reffgem
690 3376 861 3406 Francorum
876 3372 1015 3403 Illustrem
1030 3379 1065 3401 ex
1079 3369 1180 3407 altera,
1198 3378 1232 3399 ex
1241 3371 1297 3399 vir-

243 3427 301 3450 tute
316 3417 589 3456 compromifforum
617 3415 744 3445 aetorum
757 3414 786 3442 in
802 3422 870 3450 nOS,
889 3421 937 3449 per
959 3417 1154 3448 procuratores
1175 3408 1208 3438 &
1222 3417 1296 3438 nuri-

243 3459 301 3488 cios
314 3456 469 3495 utriusque,
486 3456 557 3485 inter
571 3462 669 3484 caetera
703 3452 832 3482 duximus
849 3449 1055 3486 arbitrandum,

280 3496 371 3536 Qiod
384 3504 485 3525 omnes
500 3475 721 3530 terrae‚Vass31i,
740 3490 772 3521 &
788 3489 877 3526 bona,
888 3497 945 3518 tarn
960 3497 1023 3526 quae
1044 3485 1119 3516 idern
1134 3484 1201 3515 Rex
1209 3483 1295 3512 Fran-

243 3533 294 3563 ciae
307 3534 417 3564 tenebat
426 3532 463 3564 de
473 3532 526 3563 hiis
540 3540 603 3569 quae
616 3538 646 3560 tu
661 3538 785 3560 tenueras
801 3536 863 3558 ante
876 3535 1005 3563 guerram
1020 3523 1198 3564 praesentem,
1207 3522 1294 3559 quam

245 3580 309 3608 quae
322 3580 351 3601 tu
366 3571 442 3602 idem
461 3578 530 3601 tunc
550 3569 662 3600 tenebas
683 3569 711 3597 in
726 3567 830 3605 Regno
845 3565 989 3602 Franciae,
1007 3562 1085 3594 bona
1097 3561 1169 3600 fide,
1187 3569 1220 3603 ac
1237 3560 1294 3589 sine

245 3610 325 3638 omni
341 3610 434 3639 fraude
469 3607 593 3639 absolute
606 3617 638 3637 ac
651 3606 754 3642 libere,
772 3606 790 3625 ⁴*
810 3612 947 3641 ponantur
962 3603 994 3633 &
1009 3601 1176 3640 assignentur
1190 3608 1218 3627 in
1235 3607 1295 3627 ma-

244 3647 326 3675 nibus
338 3647 369 3676 ὅ(
384 3633 462 3685 posse
475 3645 594 3683 nostris,
614 3643 732 3675 tenenda
745 3644 760 3673 a
775 3643 872 3680 nobis,
889 3642 1006 3671 nomine
1019 3649 1086 3678 tuo,
1105 3645 1218 3680 quaenex
1233 3646 1295 3673 par-

247 3693 275 3716 te
290 3683 354 3722 tufi,
372 3686 404 3715 &
424 3686 542 3715 nomine
561 3683 645 3722 ipsius
665 3682 752 3722 Regis
772 3681 913 3719 Franciae,
938 3689 1001 3717 quse
1016 3687 1050 3710 ex
1064 3686 1140 3716 parte
1155 3674 1294 3714 ejusdem,

247 3722 331 3753 nobis
345 3724 492 3762 contigerit
503 3722 638 3761 assignari.
1213 3751 1222 3759 ,
1275 3750 1280 3755 ¹

286 3760 431 3798 roirca
442 3762 621 3791 Serenitatem
636 3759 757 3795 Regiam
772 3766 901 3796 rogamus
917 3757 950 3787 &
965 3756 1112 3787 hortamur
1125 3759 1296 3789 attente,ni-

247 3797 416 3830 chilominus
430 3809 475 3835 per
491 3798 657 3836 Apostolica
671 3797 722 3828 tibi
736 3797 835 3833 scripta
850 3795 1011 3825 mandantes
1026 3818 1035 3832 ,
1054 3793 1180 3832 quatinus
1192 3798 1294 3826 terras,

246 3835 387 3871 vaffiillos,
406 3837 437 3865 &
451 3837 527 3865 bona
539 3836 686 3874 praedieta,
703 3833 854 3864 venerabili
871 3833 947 3863 fratri
960 3831 1074 3870 nostro,
1092 3827 1239 3868 Raynaldo
1253 3826 1294 3856 E-

246 3874 364 3911 piscopo
377 3872 545 3912 Vicentino,
563 3874 598 3903 de
612 3874 688 3911 cujus
702 3871 862 3910 diligentia,
879 3872 996 3908 puritate
1017 3872 1050 3902 &
1065 3865 1297 3904 circumsped'tio—

247 3922 284 3943 ne
297 3910 479 3949 confidimus,
496 3913 528 3941 &
543 3922 627 3949 quem
642 3911 676 3942 ad
690 3920 777 3949 partes
791 3909 845 3939 illas
860 3919 911 3947 pro
924 3909 991 3946 hiis,
1009 3909 1042 3939 &
1055 3907 1111 3938 aliis
1125 3930 1135 3944 ,
1150 3903 1294 3942 hujusmo—

247 3950 275 3979 di
297 3950 443 3985 negotium
465 3950 689 3987 contingentibus
703 3973 711 3987 ,
736 3948 864 3978 duximus
887 3946 1049 3976 fiducialiter
1071 3941 1267 3975 destinandum
1283 3964 1294 3978 ,

247 3989 364 4017 nomine
377 3986 492 4023 nostro,
503 3987 578 4029 juxta
592 3987 716 4024 praedicti
731 3986 851 4017 modum
868 3985 989 4022 arbitrii,
1004 3983 1136 4023 assignes,
1151 3980 1197 4011 vel
1208 3980 1292 4009 facias

245 4025 393 4058 liberaliter
405 4023 547 4064 assignari,
565 4023 887 4063 tenenda,custodienda
896 4023 930 4055 &
943 4020 1132 4055 conservanda
1145 4029 1193 4058 per
1205 4026 1272 4049 eum
1279 4037 1290 4056 ,

1329 1059 1432 1090 manda
1452 1069 1522 1098 pace
1541 1062 1575 1092 &
1591 1060 1749 1091 concordii
1767 1062 1839 1091 inter
1853 1070 1906 1091 nos
1918 1069 1952 1091 ex
1967 1069 2044 1098 parte
2060 1060 2132 1099 unit,
2149 1061 2184 1092 &
2200 1061 2311 1092 dietum
2326 1063 2386 1096 Re-

1327 1105 1394 1136 gem
1407 1098 1430 1128 F
1432 1100 1533 1129 ranciae
1552 1108 1586 1130 ex
1598 1099 1698 1130 altera:

2408 1074 2449 1093 u.

1367 1136 1412 1167 Ac
1428 1137 1506 1176 super
1521 1137 1571 1168 hiis
1589 1148 1654 1177 quae
1667 1137 1701 1168 ad
1718 1147 1819 1176 pacem
1835 1139 1988 1176 pertinent:
1999 1137 2033 1169 &
2046 1136 2126 1175 super
2138 1137 2273 1169 omnibus
2285 1139 2319 1170 &
2336 1139 2401 1171 sine<

1376 1175 1399 1205 is
1412 1174 1571 1220 discorditis,
1589 1178 1710 1216 guerriS,
1728 1176 1840 1214 litibus,
1860 1176 2074 1215 controversiis,
2092 1175 2177 1207 causis
2190 1201 2200 1215 ,
2225 1177 2392 1214 quaestioni-

1350 1223 1383 1243 ua
1419 1213 1548 1258 dampnis
1562 1216 1597 1246 δε
1613 1216 1734 1254 injuriis,
1751 1216 1932 1254 petitionibus
1954 1216 1988 1246 &
2011 1215 2169 1246 aetionibus
2202 1215 2337 1255 realibus,
2355 1217 2390 1248 δε

1327 1237 1517 1295 personalibus
1531 1277 1541 1292 ,
1552 1255 1594 1298 ,δε
1616 1255 1731 1293 mixtis,
1751 1264 1814 1293 quae
1832 1253 1944 1284 fuerunt
1958 1277 1968 1292 ,
1985 1254 2019 1285 ὅ(
2039 1252 2122 1292 sunt,
2139 1263 2176 1284 ve
2201 1253 2257 1284 effe
2277 1255 2390 1292 possent

1328 1298 1399 1335 inter
1421 1302 1474 1322 nos
1497 1292 1529 1323 &
1550 1292 1639 1330 ipsum
1664 1292 1781 1330 Regem
1797 1292 1943 1331 Franciae,
1961 1292 2111 1323 occasione
2126 1301 2322 1332 quacumque,
2339 1294 2392 1325 sub

1329 1338 1410 1360 certis
1422 1331 1522 1361 formis
1535 1331 1568 1361 &
1586 1331 1694 1369 modis,
1713 1341 1803 1369 nuper
1816 1331 1899 1362 fuerit
1914 1330 2169 1369 compromissum:

1367 1367 1505 1413 Idemque
1520 1369 1666 1400 Dominus
1680 1371 1804 1401 summus
1816 1369 1964 1407 Pontifex,
1982 1378 2116 1407 tanquam
2131 1369 2237 1406 privata
2250 1369 2384 1409 persona,

1329 1406 1362 1437 &
1384 1406 1531 1452 Dominus
1553 1407 1721 1439 Benedictus
1741 1407 1884 1448 Gaytanus
1897 1430 1907 1446 ,
1932 1415 1964 1438 ut
1985 1406 2147 1445 praedicitur
2160 1431 2170 1445 ,
2188 1409 2290 1439 virtute
2304 1418 2390 1440 com-

1329 1446 1456 1490 promisti
1469 1447 1645 1485 huiusmodi,
1662 1447 1779 1485 dixerit,
1793 1447 1939 1476 arbitratus
1950 1445 2032 1476 fuerit
2048 1469 2058 1483 ,
2080 1445 2248 1485 laudaverit,
2264 1446 2389 1478 diffinie-

1328 1493 1379 1522 rit,
1396 1485 1557 1516 arbitraliter
1569 1485 1788 1523 sententiaverit,
1803 1483 1991 1522 mandaverit,
2006 1484 2177 1514 ordinaverit
2213 1484 2374 1524 disposuerit

1330 1523 1363 1553 &
1377 1525 1621 1568 pronunciaverit,
1636 1523 1716 1563 quod
1727 1525 1798 1554 inter
1812 1533 1864 1554 nos
1879 1524 1913 1554 &
1929 1521 2040 1553 derum
2056 1521 2173 1560 Regem
2186 1508 2314 1554 issranciae
2326 1510 2390 1563 per2

1330 1570 1411 1600 petua
1428 1563 1460 1593 ὅ(
1475 1562 1576 1594 stabilis
1591 1572 1643 1601 pax
1655 1561 1767 1600 existat,
1786 1563 1819 1594 &
1833 1561 1867 1592 ad
1880 1560 2107 1592 confirmandam
2119 1584 2130 1599 ‚
2148 1559 2338 1593 roborandam
2348 1572 2390 1595 at-

1330 1611 1386 1639 que
1400 1601 1563 1632 servandam
1579 1610 1680 1640 pacem
1693 1599 1865 1640 hujusmodi,

1364 1640 1440 1670 inter
1464 1649 1564 1671 caetera
1598 1649 1663 1679 quse
1690 1640 1741 1671 sub
1762 1639 2001 1678 pronunciationis
2019 1637 2075 1669 suae
2095 1638 2162 1669 serie
2181 1639 2366 1670 continentur

1328 1679 1401 1723 inter
1415 1689 1466 1709 nos
1487 1680 1519 1710 &
1541 1665 1607 1710 Mar
1627 1688 1730 1710 aretam
1752 1679 1878 1709 sororem
1894 1677 1975 1715 ipsius
1994 1676 2084 1716 Regis
2099 1676 2223 1707 Franciae
2239 1663 2389 1710 matrim03

1329 1727 1409 1748 nium
1425 1741 1435 1756 ,
1460 1728 1492 1748 ac
1511 1719 1582 1749 inter
1649 1717 1775 1749 wardum
1799 1715 1889 1747 filium
1909 1716 2038 1746 nostrum
2061 1715 2250 1747 &Isabellam
2281 1715 2390 1748 raediffi

1328 1757 1419 1793 Regis
1437 1756 1560 1787 Franciae
1574 1756 1675 1794 filiam,
1693 1755 1823 1794 sponsalia
1835 1754 2007 1786 ordinaverit
2029 1752 2221 1785 contrahenda
2233 1776 2243 1792 ,
2272 1754 2311 1784 ub
2323 1764 2388 1786 oer-

1329 1798 1362 1827 tis
1375 1796 1484 1834 modis,
1502 1794 1714 1826 conditionibus
1725 1803 1810 1832 atque
1820 1795 1923 1834 poenis.

1367 1834 1511 1865 Nolentes
1525 1834 1602 1872 quod
1619 1834 1701 1864 nobis
1714 1833 1834 1872 impingi
1850 1833 1937 1863 valeat
1950 1831 1980 1861 in
1994 1831 2047 1861 1133
2064 1839 2141 1869 parte
2150 1830 2391 1871 impedimentum

1328 1873 1461 1911 aliquod,
1479 1873 1536 1902 11113
1549 1873 1651 1912 culpi,
1671 1882 1730 1910 quo
1744 1872 1836 1902 minus
1852 1870 1993 1908 praediewe
2012 1871 2087 1912 pacis
2107 1873 2254 1909 negotium
2275 1870 2310 1900 ad
2323 1870 2387 1901 effi-

1328 1922 1427 1943 cacem
1442 1921 1577 1942 eventum
1596 1913 1629 1943 &
1649 1910 1779 1940 debitum
1795 1910 1960 1948 perducatur
1981 1909 2134 1946 eflectum,
2151 1907 2290 1938 dileeturn
2304 1909 2338 1940 ὃ(
2352 1907 2388 1939 fi-

1328 1951 1422 1982 delem
1440 1950 1571 1981 nostrum
1585 1974 1596 1988 ,
1621 1949 1748 1980 nobilem
1768 1950 1877 1987 virum,
1896 1946 2057 1978 Amadeum
2071 1946 2219 1977 Comitem
2236 1945 2387 1978 Sabaudiae

1329 1990 1571 2027 consanguineum
1586 1988 1716 2019 nostrum
1728 1987 1861 2025 facimus,
1880 1986 2043 2016 ordinamus
2063 1986 2098 2017 &
2121 1983 2318 2016 constituimus
2337 1995 2388 2016 ve-

1330 2039 1394 2059 rum
1409 2030 1441 2059 ὅ(
1458 2029 1619 2065 legitimum
1632 2026 1853 2057 Procuratorem
1866 2027 1900 2056 &
1914 2024 2070 2055 Nuncium
2085 2023 2248 2065 specialem,
2265 2024 2299 2054 ad
2312 2033 2387 2054 con-

1329 2067 1497 2098 trahendum
1513 2090 1523 2106 ,
1548 2077 1600 2104 pro
1620 2067 1701 2096 nobis
1714 2089 1723 2102 ,
1747 2066 1781 2096 ὅ(
1802 2063 1903 2094 nostro
1922 2064 2039 2093 nomine
2056 2086 2066 2102 ,
2085 2063 2300 2093 matrimonium
2314 2071 2385 2094 cum

1330 2106 1489 2145 Margareta
1511 2105 1647 2144 praediffli
1662 2129 1672 2143 ,
1697 2105 1730 2135 &
1752 2103 1899 2141 sponsalia,
1916 2110 2052 2140 quantum
2071 2101 2106 2131 ad
2129 2109 2181 2131 nos
2196 2102 2332 2138 pertinet,
2349 2108 2386 2132 ex

1329 2146 1376 2184 vi,
1394 2144 1501 2181 forma,
1520 2146 1553 2174 &
1568 2142 1674 2173 effeeru
1687 2142 1870 2173 ordinationis
1885 2140 2024 2179 praeditffto
2038 2139 2182 2172 Edwardo
2195 2139 2254 2170 filio
2268 2138 2386 2179 nostro,

1330 2193 1398 2214 cum
1413 2183 1527 2221 praefata
1542 2182 1669 2212 isabella:
2052 2197 2054 2199 v

1367 2221 1406 2252 Et
1419 2223 1516 2252 eadem
1532 2222 1743 2251 matrimonium
1757 2220 1790 2250 &
1806 2217 1937 2257 sponsalia
1945 2218 2108 2256 juramentis
2119 2217 2152 2247 &
2168 2217 2261 2254 poenis
2273 2215 2390 2247 firman-

1329 2260 1420 2291 dum:
1446 2261 1479 2291 &
1502 2260 1535 2290 ad
1557 2259 1685 2289 dotalicia
1706 2258 1844 2296 praediffitis
1865 2256 1931 2286 Mar
1952 2265 2033 2286 aretae
2052 2257 2085 2286 ὅ(
2108 2254 2230 2285 Isabellae
2243 2279 2252 2292 ,
2269 2257 2386 2286 nomine

1331 2300 1446 2336 nostro,
1465 2308 1518 2336 pro
1539 2299 1621 2328 nobis
1637 2320 1648 2335 ,
1672 2297 1705 2327 ὅ(
1724 2296 1804 2326 dicto
1817 2295 1875 2325 filio
1888 2298 1939 2325 1101
1955 2304 2004 2332 10,
2020 2293 2228 2333 affignandum:
2248 2294 2281 2323 &
2295 2293 2329 2324 ad
2340 2295 2387 2332 ju·—

1330 2337 1449 2368 randum
1473 2338 1501 2366 in
1525 2337 1650 2366 animam
1672 2334 1797 2365 nostram
1813 2357 1823 2372 ,
1846 2343 1898 2370 pro
1912 2334 2011 2369 nobis,
2028 2333 2061 2362 ὃ(
2073 2331 2176 2362 eodem
2192 2330 2252 2360 filio
2265 2331 2384 2371 nostro,

1350 2377 1475 2407 uodlibet
1488 2384 1575 2412 genus
1590 2375 1657 2404 liciti
1673 2373 1834 2403 sacramenti
1849 2383 1859 2409 ·,
1884 2373 1917 2402 ὅ(
1938 2370 1972 2400 ad
1994 2370 2091 2400 onmia
2109 2371 2142 2401 &
2165 2370 2267 2408 lingula
2280 2371 2387 2400 facien-

1349 2425 1416 2452 um,
1435 2424 1498 2452 quae
1511 2423 1563 2442 nos
1578 2414 1611 2443 ὅ(
1627 2411 1703 2442 idem
1720 2411 1789 2441 filius
1803 2410 1899 2440 noster
1913 2409 2068 2439 faceremus
2082 2432 2092 2446 ,
2116 2407 2161 2438 vel
2182 2409 2273 2438 facere
2293 2408 2386 2446 posse-

1328 2463 1409 2522 muls,
1427 2453 1446 2483 si
1460 2451 1636 2491 personaliter
1654 2449 1862 2487 interessemus,
1880 2449 1964 2479 etiam
1983 2448 2002 2478 ii
2019 2445 2183 2478 mandatum
2202 2447 2313 2486 exigant
2326 2446 2386 2486 spe-

1327 2502 1370 2524 313
1381 2502 1405 2522 e.

1365 2531 1473 2560 Ratum
1489 2529 1523 2561 &
1537 2527 1653 2558 firmum
1670 2527 1821 2564 habentes,
1839 2527 1872 2556 ὃ(
1886 2525 2003 2555 habituri
2025 2523 2159 2562 quicquid
2173 2532 2223 2562 per
2239 2522 2386 2562 praefatum

1327 2569 1477 2600 Comitem
1490 2593 1499 2606 ,
1527 2568 1555 2596 in
1578 2565 1738 2604 praemiffiS,
1756 2566 1789 2596 ὅ(
1812 2574 1913 2595 eorum
1927 2562 2054 2602 singulis,
2073 2561 2172 2592 nostro
2187 2563 2220 2593 δε
2235 2561 2386 2593 memorati

1328 2608 1375 2638 filii
1399 2606 1487 2637 nostri
1511 2607 1630 2636 nomine
1644 2628 1654 2644 ,
1678 2605 1775 2635 acrum
1797 2604 1830 2635 &
1854 2602 1966 2640 gestum
1979 2602 2077 2639 fuerit,
2092 2601 2138 2632 seu
2153 2602 2238 2632 etiarn
2252 2609 2386 2640 procura-

1327 2656 1398 2678 tum.

1366 2685 1454 2723 Super
1475 2684 1576 2722 quibus
1600 2681 1786 2720 approbandis
1799 2703 1808 2718 ,
1832 2679 1957 2710 tenendis
2003 2677 2141 2708 servandis
2156 2701 2166 2715 ,
2190 2676 2326 2708 faciendis
2345 2677 2381 2709 δε

1327 2722 1521 2760 complendis,
1540 2722 1631 2751 nos&
1641 2721 1761 2750 heredes
1776 2718 1902 2756 nostros,
1921 2719 1953 2748 ὃ(
1969 2703 2045 2747 bona
2058 2715 2152 2746 nostra
2167 2715 2342 2754 obligamus,

1367 2763 1386 2781 *
1406 2761 1440 2792 Et
1456 2761 1529 2797 hoc,
1548 2769 1671 2797 quorum
1686 2757 1813 2794 interest,
1830 2757 1876 2787 vel
1892 2754 2021 2786 interesse
2038 2753 2154 2792 potest,
2177 2761 2224 2783 aut
2237 2755 2339 2791 poterit
2354 2754 2384 2784 in

1328 2801 1440 2844 futuro,
1460 2797 1642 2867 liggiificamus
1663 2807 1711 2835 per
1728 2795 1834 2826 nostras
1854 2802 1978 2833 patentes
1987 2793 2105 2831 litteras,
2121 2791 2204 2830 sigilli
2217 2791 2305 2822 nostri
2318 2801 2384 2823 mu-

1329 2848 1437 2870 nimine
1455 2848 1487 2868 ro
1509 2846 1605 2868 oratas.

1364 2914 1433 2946 Dat.
1452 2913 1525 2953 apud
1540 2913 1730 2944 Stebenhethe
1745 2910 1920 2943 duodecimo
1935 2909 1980 2941 die
1995 2907 2076 2939 Maii.

1329 3042 1575 3074 Procuratorium
1587 3038 1727 3086 generale
1738 3064 1747 3078 ,
1765 3046 1820 3083 pro
1843 3037 1972 3068 Nunciis
1982 3057 1991 3071 ‚
2016 3032 2061 3067 ad
2073 3036 2174 3066 omm‘a
2181 3031 2382 3078 faciendum,

1607 3087 1652 3119 ad
1661 3087 1781 3133 plenam
1791 3095 1895 3130 pacem
1908 3084 2100 3130 pertinentia.

1330 3173 1385 3235 E
1406 3212 1474 3242 Dux
1496 3211 1674 3249 Aquitanniae
1687 3233 1697 3248 ,
1720 3208 1866 3239 Uiiiverfis
1879 3233 1888 3246 ,
1917 3207 2063 3246 praesentes
2083 3206 2185 3236 litteras
2203 3205 2383 3244 inspectum,

1329 3251 1442 3281 salutem
1456 3252 1484 3280 in
1501 3250 1641 3280 Domino.

2399 2747 2533 2786 ‘11.837‚

1396 3172 1536 3204 Dwardus
1551 3195 1561 3211 ,
1585 3171 1646 3216 Dei
1663 3170 1764 3211 gratia,
1782 3169 1846 3200 Rex
1859 3169 1986 3208 Angliae,
2004 3168 2149 3198 Dominus
2162 3165 2331 3205 Hiberniae,
2346 3165 2381 3197 &
2396 3171 2472 3204 Anu„
2486 3171 2529 3205 D,

2419 3221 2504 3250 1299.

2397 3255 2448 3280 An.
2465 3260 2510 3286 ²7·

1367 3288 1447 3319 Cum
1460 3287 1643 3318 saneriffimus
1658 3287 1685 3315 in
1700 3285 1816 3316 Christo
1838 3284 1921 3315 Pater
1934 3309 1942 3322 ,
1967 3283 2113 3314 Dominus
2127 3281 2159 3313 Β.
2178 3281 2273 3313 divini
2286 3282 2382 3319 provi·
2395 3294 2423 3317 Ε,
2449 3298 2474 3316 1,

1328 3327 1438 3366 dentia,
1455 3327 1565 3358 Sanetae
1580 3325 1723 3355 Romanae
1743 3335 1776 3355 ac
1798 3323 1970 3355 Universalis
1989 3321 2125 3352 Ecclesiae
2145 3321 2270 3351 summus
2283 3320 2384 3351 Ponti·
2396 3332 2450 3356 Rot.
2463 3326 2524 3353 Ale.

1328 3367 1374 3396 fex

1367 3390 1400 3434 111
1413 3412 1518 3442 quem,
1535 3411 1668 3439 tanquam
1682 3402 1710 3431 in
1731 3401 1864 3440 privatam
1886 3398 2053 3440 personam,
2069 3398 2103 3429 &
2118 3396 2282 3427 Dominum
2294 3395 2384 3427 Bene-

1327 3442 1435 3473 ditstum
1451 3441 1632 3480 Gaytanum,
1648 3450 1681 3469 ex
1698 3449 1773 3477 parte
1787 3438 1883 3469 nostra
1898 3439 1930 3469 ὅ(
1946 3436 2032 3476 Regis
2046 3436 2187 3474 Franciae,
2205 3435 2284 3473 super
2295 3435 2384 3465 refor-

1329 3480 1433 3511 manda
1446 3490 1514 3518 pace
1536 3480 1569 3510 &
1591 3478 1746 3509 concordii
1765 3479 1836 3508 inter
1851 3487 1902 3507 nos
1917 3485 1952 3506 ex
1964 3483 2042 3514 parte
2055 3474 2130 3513 unii,
2149 3475 2182 3506 &
2198 3473 2308 3504 (11610111
2321 3472 2383 3504 Re-

1327 3529 1395 3558 gem
1411 3518 1534 3549 Franciae
1544 3526 1579 3547 ex
1593 3517 1691 3555 alteri,

1367 3557 1411 3587 Ac
1425 3556 1504 3594 super
1518 3556 1570 3586 hiis
1589 3565 1653 3593 quse
1665 3555 1698 3585 ad
1712 3564 1811 3592 pacem
1824 3554 1977 3592 pertinent,
1996 3552 2030 3583 &
2043 3551 2123 3590 super
2136 3551 2270 3581 omnibus
2286 3547 2380 3580 &fin-

1327 3596 1397 3634 gulis
1408 3594 1563 3631 discordiis,
1582 3595 1704 3632 guerris,
1723 3594 1833 3631 litibus,
1851 3591 2048 3622 controveriiis
2065 3612 2074 3628 ,
2092 3590 2176 3620 caulis
2189 3612 2200 3628 ,
2219 3586 2382 3626 quaestioni-

1327 3635 1397 3671 bus,
1415 3633 1543 3670 dampnis
1558 3632 1591 3663 &
1604 3632 1727 3670 injuriis,
1745 3631 1927 3669 petitionibus
1949 3630 1983 3659 &
2002 3628 2178 3665 actionibus,
2196 3626 2327 3661 realibus,
2343 3624 2379 3654 ὅ(

1327 3671 1530 3709 personalibus,
1548 3678 1630 3708 atque
1646 3671 1740 3700 mixtis
1746 3693 1755 3708 ,
1775 3679 1838 3707 quae
1852 3668 1981 3705 fuerunt,
1999 3667 2033 3697 &
2046 3666 2125 3705 sunt,
2142 3665 2188 3697 vel
2201 3663 2256 3695 effe
2269 3661 2380 3700 poffent

1326 3712 1398 3740 inter
1410 3719 1478 3747 nOS,
1496 3710 1530 3740 &
1545 3708 1633 3746 ipsum
1649 3707 1761 3748 Regem
1782 3708 1907 3738 Franciae
1919 3729 1929 3744 ,
1953 3704 2102 3735 occasione
2116 3710 2310 3742 quacumque,
2328 3699 2378 3730 sub

1327 3749 1408 3779 certis
1421 3747 1521 3777 formis
1534 3747 1567 3777 ὃ(
1583 3746 1691 3784 modis,
1709 3756 1797 3784 nuper
1809 3746 1897 3776 fuerat
1910 3742 2164 3781 compromissum,

1364 3785 1502 3822 Idemque
1516 3782 1660 3815 Dominus
1677 3785 1800 3815 summus
1817 3783 1963 3820 Pontifex,
1981 3790 2114 3818 tanquam
2129 3779 2233 3816 privata
2244 3776 2378 3815 persona,

1327 3825 1360 3855 &
1377 3823 1520 3854 Dominus
1535 3822 1701 3853 Benediecus
1715 3822 1867 3859 Gaitanus‚
1884 3829 1915 3850 ut
1930 3819 2107 3857 praedicitur,
2122 3817 2224 3859 virtute
2241 3825 2380 3853 compro-

1328 3861 1401 3892 missi
1414 3861 1590 3900 hujusmodi,
1604 3862 1676 3891 inter
1690 3871 1742 3891 nos
1758 3862 1791 3892 &
1804 3859 1913 3889 diffiium
1926 3859 2037 3896 Regem
2057 3855 2183 3885 Franciae
2196 3876 2206 3889 ,
2223 3853 2301 3890 super
2317 3855 2380 3891 qui-

1327 3900 1460 3937 busdam,
1477 3900 1506 3929 in
1520 3899 1599 3929 dieto
1614 3897 1820 3937 compromisso
1832 3897 1971 3927 contentis
1985 3918 1995 3932 ,
2021 3892 2144 3934 dixerit,
2167 3891 2310 3921 arbitratus
2320 3893 2381 3922 fue-

1325 3939 1379 3976 rit,
1397 3938 1563 3974 laudaverit,
1581 3936 1743 3975 diffinierit,
1760 3935 1920 3966 arbitraliter
1942 3931 2144 3962 sententiaverit
2159 3951 2170 3967 ,
2188 3929 2380 3968 mandaverit,

1326 3976 1514 4014 ordinaverit,
1531 3975 1710 4014 disposuerit,
1727 3976 1760 4006 &
1775 3970 2018 4012 pronunciaverit,
2167 3994 2169 3998 ,

1365 4015 1456 4053 Super
1469 4013 1633 4053 quibusdam
1647 4022 1719 4046 vero
1739 4011 1853 4044 dicendi
1865 4032 1878 4049 ,
1893 4005 2060 4044 arbitrandi,
2079 4003 2222 4045 laudandi,
2238 4005 2383 4074 (1151111Ξῖ-

2375 4064 2387 4080 Ι

2397 3375 2465 3394 mari.
2482 3373 2527 3400 27.

2398 3408 2427 3432 Ε.
2448 3411 2520 3430 i.m.

2402 3450 2444 3469 ii.
