2570 4261
0 315 44 336 rin.
55 303 94 334 D.

0 352 80 374 [212.

0 390 44 410 ιη.
59 391 99 416 ¹4.

0 422 68 447 >han-

0 470 22 491 s,
32 467 67 486 m.
77 467 103 493 7.

0 2035 49 2063 Ἰ.
64 2041 129 2070 159.

0 2119 78 2152 Ann.
90 2117 131 2149 D.

32 2167 116 2189 1212.

3 2202 79 2226 Cart.
92 2207 134 2232 ¹4·

0 2236 134 2273 Johannis,

2 2284 39 2303 m.
48 2283 61 2310 7
68 2295 74 2302 .
82 2274 107 2301 d.

107 2465 111 2470 “
157 2471 273 2499 Domino
286 2469 319 2497 P.
335 2468 454 2497 Wnton.
473 2467 614 2508 Episcopo,

21 2844 97 2876 Ann.
108 2841 149 2874 D.

48 2893 83 2913 12
89 2892 132 2912 12.

18 2926 72 2950 An.
91 2932 133 2958 ¹4·

19 2960 82 2998 Joh.

19 2998 154 3036 Claus.=4.

19 3036 156 3075 Johannis,

21 3084 59 3103 m.
69 3084 97 3111 9.
105 3075 131 3103 d.

38 3680 116 3712 Ann.
126 3677 168 3710 D.
185 3670 245 3726 R

59 3727 146 3749 1212.

38 3761 92 3786 An.
115 3766 158 3792 ¹4·

40 3795 105 3834 Joh.

664 213 775 254 ET
858 212 1127 255 ACTA

115 301 319 339 Dammarrin,
349 299 459 330 Comiti
479 297 607 330 Boloniae
667 298 745 336 quod
765 308 826 329 non
847 299 980 329 faciemus
1003 308 1103 337 pacem
1124 295 1170 327 vel

116 350 257 380 treugam,
276 340 332 369 sine
345 339 419 376 ipso,
437 347 506 368 cuin
523 337 605 375 Rege
620 323 763 375 Franciae,
781 347 835 367 nec
849 347 915 367 cum
938 336 1090 367 Ludovico
1110 336 1169 365 filio

119 379 186 416 su02,
205 380 253 415 &‚
272 379 291 407 si
306 385 409 407 terram
428 376 555 405 nostram
576 376 609 405 ὅ(
630 375 706 404 suam
720 385 882 412 recuperare
895 375 1044 413 possimus,
1063 384 1111 412 per
1123 384 1171 412 pa-

121 428 187 448 cem
210 417 254 447 vel
269 426 316 453 per
332 423 472 453 treugam,
487 414 541 451 ipse
555 413 694 443 tenebitur
708 412 742 442 ad
755 422 858 443 terram
872 413 947 443 suam
963 413 1168 451 recipiendam:

122 456 175 494 Et,
184 455 203 484 fi
217 454 272 492 ipse
284 462 384 483 terram
398 452 472 481 fuam
488 452 576 489 aliqua
588 451 738 481 occalione
752 453 876 488 recipere
889 452 1026 490 noluerit³
1043 460 1171 489 propter-

122 504 153 525 ea
168 492 294 524 nostram
307 491 430 528 recipere
443 500 502 520 non
516 491 689 520 omittemus.

159 531 212 568 Et,
231 530 250 559 fi
262 537 388 568 treugam
401 527 492 558 facere
506 528 695 565 voluerimus,
714 527 819 565 ipsum,
837 527 856 556 si
871 527 1085 566 voluerit‚infra
1096 535 1172 557 treu-

121 579 187 611 gam
197 568 272 598 illam
286 577 432 604 ponemus.

158 606 212 644 Et,
230 605 250 635 fi
260 605 336 636 forte
349 605 399 635 sibi
412 604 512 636 viderit
524 603 668 641 expedire,
687 604 720 634 δε
734 603 856 633 voluerit
871 611 945 633 extra
960 612 1084 643 treugam
1096 602 1172 632 illam

121 645 199 682 esse,
224 643 280 681 ipse
298 653 372 674 exrra
391 651 518 680 treugam
539 643 613 672 illam
633 643 707 679 crit3
732 642 808 672 salvis
828 641 877 670 sibi
897 641 1108 679 posseffionibus
1121 641 1172 670 suis

122 693 190 723 quas
203 681 300 712 eadem
316 682 361 712 die
373 682 498 711 habebit:
515 681 555 710 Ita
567 689 661 710 tamen
672 679 750 717 quod
764 689 823 710 non
836 679 985 711 forisfaciet
997 680 1070 719 Regi
1086 679 1173 709 Fran-

124 724 178 754 ciae
191 720 227 751 de
238 720 343 758 feodo,
359 719 436 758 quod
449 719 485 749 de
496 720 554 757 ipio
570 719 652 758 Rege
665 723 732 748 tunc
746 718 911 748 tenebimus.

162 760 201 791 Et
234 759 255 789 si
277 768 375 797 pacem
394 758 544 788 fecerimus
567 766 635 787 cum
658 756 738 795 Rege
759 756 883 786 Franciae
896 779 905 794 ,
923 757 1031 793 qualem
1047 756 1174 786 securita-

124 808 185 831 tem
205 784 383 867 habuerimus
400 795 436 827 de
458 795 531 827 terra
547 795 642 826 nostrii
655 819 664 833 ,
688 795 770 825 talem
792 794 903 826 habebit
921 795 996 825 idem
1017 794 1124 825 Comes
1139 793 1174 823 de

122 845 195 869 terra
218 845 260 867 ua.

160 912 297 945 Testibus
305 936 314 952 ‚

128 992 244 1020 Domino
257 992 290 1019 P.
305 990 427 1019 Wnton.
446 987 582 1028 Epifiop0,

129 1032 175 1059 W.
190 1030 290 1058 Comite
303 1031 400 1056 Sarum
404 1026 501 1066 fratre
513 1027 598 1066 nostro
606 1051 615 1065 ,

129 1071 165 1097 G.
171 1066 235 1107 filio
247 1068 324 1094 Petri·
338 1070 438 1095 Connte
453 1065 553 1105 Effl‘x,

131 1108 165 1135 R.
188 1107 288 1134 Comite
301 1104 425 1143 Cqstriae,

132 1146 177 1174 W.
192 1144 224 1173 de
238 1142 399 1182 Maresc'allo
408 1146 507 1173 Comite
520 1142 639 1173 Penbro-

170 1193 234 1220 σε,

132 1223 177 1251 W
193 1221 225 1250 cle
246 1221 385 1249 Warenna
402 1224 503 1250 Comite
523 1223 639 1257 Surriae,

133 1262 168 1288 R.
180 1258 204 1288 le
218 1262 244 1287 Β
258 1260 312 1295 god
321 1262 421 1287 Comite
434 1258 595 1297 Norfolciae‚

133 1301 160 1327 S.
175 1298 207 1327 de
252 1307 330 1337 uency
343 1301 443 1326 Comite
459 1299 623 1333 Wntoniae‚

135 1338 179 1366 W
196 1337 227 1365 de
242 1335 384 1365 Arundell
393 1339 492 1366 Comite
504 1333 641 1372 Suffi’xiae‚

134 1378 236 1404 Comite
250 1375 368 1412 David,

135 1412 266 1443 Alberico
281 1413 313 1442 de
325 1415 390 1441 Vere
405 1413 505 1441 Comite
517 1412 640 1442 Oxoniae,

674 988 773 1018 Thoma
788 991 832 1018 Ba
855 996 898 1027 et,

674 987 868 1095 Mathaessffi
883 1024 1042 1061 Hereberti‚

675 1068 713 1094 H.
733 1067 765 1094 de
812 1065 893 1104 evtll,

675 1107 708 1133 R.
723 1105 754 1134 de
768 1103 881 1141 Burgal.

675 1146 777 1172 Simone
789 1143 821 1171 de
835 1143 902 1170 Pat.

676 1183 780 1210 Briano
793 1180 824 1208 de
840 1176 933 1217 Infida
944 1202 953 1215 .,

676 1219 712 1258 J.
723 1217 786 1258 filio
800 1219 939 1254 Hugonis,

677 1255 728 1285 Ph.
748 1256 779 1285 de
790 1254 956 1292 Albiniaco,

677 1297 715 1323 H.
727 1293 789 1335 filio
802 1292 927 1331 Geroldi,

679 1334 722 1362 W.
731 1333 763 1361 de
780 1330 921 1368 Cantilupo
934 1326 1078 1368 Senefiallo
1089 1324 1186 1368 nostro,

681 1372 725 1399 W.
739 1370 771 1399 de
786 1371 943 1406 Harecurt,

680 1410 714 1437 G.
731 1409 764 1437 de
776 1406 877 1444 Clara,

682 1449 718 1476 G.
733 1446 764 1476 de
778 1443 946 1475 Maride-vill.

683 1487 724 1515 H.
743 1483 768 1514 le
782 1485 889 1524 Bygod,

684 1527 719 1554 G.
736 1523 768 1553 de
779 1527 848 1563 Say,

686 1562 784 1593 Adam
811 1562 842 1591 de
871 1563 956 1591 Keret
984 1557 1135 1601 Castellano
1160 1557 1193 1587 de

724 1603 779 1630 Ber
798 1624 803 1630 .

691 1641 734 1670 W.
752 1612 887 1678 degCrefi’t
895 1661 905 1676 ‚

689 1680 799 1715 Hugone
813 1679 843 1707 de
857 1680 957 1714 Boues,

690 1715 835 1756 Eustachio
851 1716 883 1745 de
898 1719 1008 1751 Moine,

690 1754 792 1785 Thoma
806 1757 900 1784 Keret.

138 1491 182 1520 W.
195 1489 227 1518 de
240 1491 315 1527 Gray
329 1486 495 1517 cancellario
509 1485 596 1526 nostro
604 1509 615 1523 ‚

137 1526 254 1558 Abbate
269 1527 299 1555 de
313 1525 402 1565 Seleby
411 1550 421 1563 .,

138 1568 177 1596 H.
195 1563 394 1594 Archidiacono
408 1563 583 1595 Huntendon.

139 1607 179 1635 H.
194 1604 226 1633 de
239 1605 320 1640 Vere,

142 1641 288 1674 Wllielmo
300 1643 428 1679 Briwer,

142 1684 177 1711 R.
196 1679 263 1709 Filio
279 1677 412 1717 Walteri,

147 1721 187 1749 Η.
203 1719 235 1748 de
248 1721 375 1758 Turnay,

143 1760 226 1787 Petro
230 1755 292 1798 filio
304 1755 450 1785 Hereberti
457 1778 468 1794 ,

143 1798 256 1826 Wrino
262 1793 326 1836 filio
341 1792 467 1832 Geroldi,

182 1871 294 1903 Datum
312 1881 363 1910 per
385 1879 503 1901 manum
524 1869 656 1911 Magistri
671 1869 789 1901 Ricardi
807 1869 845 1900 de
857 1869 983 1900 Marisco
995 1865 1069 1908 apud
1081 1865 1201 1898 Lameh.

144 1919 246 1951 quarto
260 1909 306 1940 die
321 1909 411 1949 Maii,
429 1909 519 1940 Anno
533 1909 630 1949 Regni
641 1909 732 1940 nostri
744 1909 872 1940 Decimo
888 1916 997 1947 quarto.

149 2033 176 2061 Ξ*
202 2032 384 2080 Reginaldus
400 2034 466 2065 Rex
481 2030 655 2077 Infidarum
670 2031 790 2066 devenit
805 2034 906 2065 Homo
924 2032 1012 2079 ligius
1028 2034 1099 2078 Reg.
1126 2027 1203 2077 Joh.

152 2118 214 2181 O
226 2117 345 2162 Mnibus
358 2116 466 2149 Christi
479 2117 806 2165 fidelibusnpraesentem
812 2117 930 2149 Cartam
945 2116 1108 2155 inspecturis
1117 2139 1127 2155 ‚
1145 2114 1207 2146 Re-

236 2155 360 2201 ginaldus
375 2156 441 2186 Rex
454 2155 610 2187 Insulamm
622 2157 756 2188 balutem.

189 2195 287 2226 Sciatis
301 2193 379 2232 quod
394 2193 497 2225 deveni
510 2194 602 2225 homo
615 2195 694 2234 ligius
711 2195 833 2225 Domini
847 2194 935 2234 Regis
950 2194 976 2225 A
1016 2193 1061 2224 liae
1071 2193 1209 2232 Johannis

154 2243 254 2266 contra
272 2243 373 2263 omnes
388 2232 526 2263 Mortales
546 2233 681 2272 quamdiu
694 2235 793 2265 vixero
803 2256 813 2272 ,
830 2233 864 2264 &
879 2232 945 2264 inde
960 2235 985 2264 ei
1016 2233 1160 2264 delitatem
1174 2233 1208 2264 &

155 2274 370 2306 Sacramentum
384 2270 506 2309 praestiti.

192 2311 232 2343 Et
244 2311 274 2341 in
287 2311 368 2349 hujus
380 2311 420 2341 rei
434 2309 630 2343 testimonium
645 2310 718 2345 hanc
732 2308 849 2343 Caxtam
864 2320 958 2342 meam
970 2309 1037 2342 inde
1048 2309 1112 2342 feci.

193 2389 330 2422 Testibus
338 2412 350 2430 ,

705 2467 732 2497 S.
751 2468 851 2496 Comite
867 2465 987 2497 Wnton.

705 2504 853 2534 Wllielmo
866 2508 1008 2543 Briwerr,

705 2546 826 2574 Guarino
832 2541 895 2584 filio
907 2543 1025 2574 Geroldi.

159 2508 204 2535 W.
220 2509 320 2536 Comite
336 2509 448 2544 Sarum,

158 2547 194 2574 G.
206 2543 269 2586 filio
280 2546 358 2574 Petri
370 2548 475 2576 comite
487 2544 570 2584 Effix
578 2570 588 2584 ‚

199 2619 287 2658 Apud
301 2619 423 2651 Lameh.
446 2621 482 2650 16
499 2621 546 2652 die
561 2621 642 2653 Maii.

293 2758 342 2790 De
358 2756 483 2788 Litteris
499 2753 624 2788 Othonis
643 2756 789 2802 Imperat.
813 2759 849 2794 (ῤ’
861 2757 996 2804 prospero
1005 2755 1103 2800 statu.

169 2839 296 2898 REX
314 2838 441 2870 fidelibus
460 2839 511 2870 suis
527 2838 569 2869 G.
587 2836 624 2870 de
636 2837 732 2871 Podio
745 2836 853 2879 Majori
863 2840 1029 2881 Engolism‚
1047 2840 1089 2872 G.
1108 2840 1144 2871 de
1157 2840 1223 2871 Ne-

242 2880 291 2912 vill
305 2878 490 2917 Camerario‚
508 2874 664 2916 Radulpho
677 2877 715 2909 de
729 2878 820 2918 Faya,
837 2879 933 2910 Emer.
951 2880 989 2910 de
1003 2880 1172 2918 Abawrick‚
1190 2881 1224 2911 ὃ(

170 2917 257 2950 Petro
268 2918 305 2949 de
320 2917 408 2956 Faya‚
426 2917 486 2947 &c.
504 2916 602 2947 Sciatis
617 2915 711 2955 quod,
729 2916 788 2948 Dei
802 2919 902 2956 gratia,
919 2918 975 2948 sani
987 2918 1081 2950 sumus
1095 2919 1128 2950 &
1142 2919 1225 2949 inco-

170 2957 278 2995 lumen
296 2958 346 2994 ὃς,
363 2963 395 2986 ut
413 2954 449 2985 de
471 2955 542 2986 statu
555 2954 655 2985 nostro
669 2954 706 2985 de
713 2956 880 2987 rumoribus
894 2956 996 2987 nostris
1011 2967 1065 2988 vos
1075 2957 1225 2988 reddamus

173 2997 326 3065 533⁰&
337 2993 956 3064 gigmffivobffiafflmfflffiffim
969 2994 1227 3065 D⁰m³⁰³15mpe³²‘

173 3072 236 3103 suos
249 3043 407 3108 soleigpnae
419 3069 502 3101 nobis
514 3041 692 3101 'traiiifinisiep
730 3056 741 3072 ³
925 3043 1008 3073 ὤεα,
1026 3044 1076 3072 per
1128 3044 1228 3066 melos

211 3110 281 3141 Nos
294 3119 364 3141 vero
376 3108 411 3139 ad
423 3118 490 3139 eum
502 3107 638 3138 Nuncios
654 3108 766 3140 nostros
779 3109 867 3142 solem
888 3121 937 3142 nes
951 3110 1094 3150 misimus,
1111 3111 1216 3142 scilicet

173 3148 229 3179 W.
245 3148 282 3179 de
305 3148 385 3186 Gray
405 3145 614 3177 cancellarium
632 3147 762 3179 nostrum
775 3172 786 3187 ,
810 3148 839 3179 S.
910 3151 1011 3181 mitem
1023 3150 1157 3181 Winton.
1175 3135 1228 3181 vif.

173 3186 212 3217 de
233 3185 388 3224 Cantilupo
404 3184 592 3216 Senescallum
610 3184 742 3216 nostrum
756 3211 767 3225 ‚
790 3187 825 3218 &
845 3187 1010 3219 Robertum
1032 3188 1179 3228 Tresgoz‚
1195 3189 1230 3220 &

175 3226 206 3256 in
223 3225 355 3262 proximo
371 3248 381 3262 ‚
400 3222 469 3254 Deo
491 3222 606 3254 volente
619 3246 630 3262 ‚
655 3224 721 3255 tales
736 3225 852 3257 audietis
870 3236 1000 3257 rumores
1014 3250 1024 3264 ,
1041 3227 1119 3257 unde
1132 3237 1185 3259 vos
1197 3228 1230 3259 &

177 3272 299 3300 ornnes,
318 3263 368 3300 qui
380 3272 431 3292 nos
440 3262 576 3302 diligunt,
593 3262 727 3302 gaudium
741 3265 846 3295 merito
862 3265 965 3295 habere
979 3265 1124 3296 debebitis.

189 3341 194 3346 ¹
215 3300 366 3345 Rogamus
377 3308 472 3344 autem
485 3310 554 3339 vos,
572 3309 707 3339 quatenus
719 3301 832 3341 agendis
844 3302 944 3334 nostris
956 3303 1104 3343 diligenter
1116 3305 1151 3336 &
1163 3304 1232 3335 viri-

176 3340 239 3371 liter
260 3338 406 3369 intendatis
418 3349 429 3375 3
451 3338 488 3368 de
502 3338 574 3369 statu
591 3337 687 3370 vestro
702 3339 736 3369 &
749 3349 830 3371 terrae
843 3341 949 3372 nostrae
962 3352 1015 3372 nos
1028 3341 1186 3374 certificetis
1198 3344 1232 3374 &

178 3377 331 3417 praedicta,
347 3375 446 3415 quibus
457 3375 581 3419 videritis
593 3378 849 3418 communicanda,
866 3382 1095 3411 communicetis.

218 3416 333 3447 Eodem
352 3413 442 3445 modo
461 3413 588 3445 scribitur
606 3414 689 3447 Ivon.
707 3414 744 3446 de

179 3453 357 3486 Vicecomiti
372 3452 528 3484 Thuwarc.
545 3452 585 3483 T.
605 3452 646 3484 R.
664 3453 738 3491 apud
751 3415 839 3484 flama
852 3417 1009 3449 senescallo
1025 3419 1177 3457 Plfflwae'
1196 3417 1233 3449 A*

779 3456 871 3486 ameh.
889 3466 926 3496 23
939 3457 986 3488 die
998 3457 1082 3489 Maii.

269 3585 271 3587 ’
299 3587 417 3619 Litterae
435 3586 519 3620 Duci
537 3581 699 3631 Limburg.
722 3583 759 3618 de
766 3584 896 3630 fimitio
912 3591 949 3627 (ῤ’
969 3586 1118 3636 homagio.

247 3668 274 3701 E
287 3668 319 3702 X
337 3668 444 3701 ductio
455 3670 550 3701 amico
562 3667 611 3699 suo
622 3666 701 3699 Duci
715 3667 879 3702 Lemburic.
897 3672 959 3704 &c.

281 3707 384 3739 Grates
395 3709 478 3739 vobis
490 3708 635 3739 referimus
649 3706 729 3743 super
741 3706 816 3747 hoc,
832 3709 912 3747 quod
927 3709 1010 3741 nobis
1026 3717 1075 3748 per
1088 3708 1239 3742 Comitem

190 3743 319 3777 Boloniae
329 3745 515 3786 significastis,
531 3746 651 3784 scilicet,
669 3743 748 3782 quod
784 3744 805 3775 fi
816 3747 898 3777 vobis
911 3748 1048 3787 feodum,
1065 3747 1144 3787 quod
1157 3749 1241 3780 frater

191 3783 289 3815 noster
306 3784 454 3816 Dominus
474 3784 540 3816 Rex
554 3783 692 3815 Ricardus
709 3767 793 3813 vobis
803 3784 976 3825 contulerat,
994 3787 1191 3826 redderemus,
1209 3787 1243 3818 li-

40 3832 176 3869 claus14,
192 3823 292 3854 benter
310 3822 346 3855 ad
364 3823 452 3854 fidem
471 3823 505 3855 &
526 3823 669 3854 servitium
689 3820 819 3852 nostrum
839 3823 990 3862 venirefis,
1021 3826 1055 3856 &
1075 3825 1148 3855 horn
1185 3827 1244 3855 'um

43 3871 140 3909 Johan.

44 3908 150 3945 m.9.d.

193 3861 275 3905 nobis
294 3869 430 3900 tanquam
446 3860 581 3892 Domino
600 3861 675 3900 legio
686 3884 696 3899 ‚
722 3867 822 3890 contra
834 3868 938 3891 omnes
949 3860 987 3892 de
999 3861 1088 3894 feodo
1102 3863 1152 3894 illo
1194 3873 1242 3895 ce-

192 3906 383 3976 reu(sQioniam
394 3948 465 3969 vero
477 3937 648 3968 Societatem
669 3937 703 3969 δε
721 3936 875 3967 amicitiam
889 3935 1011 3968 vestram
1045 3937 1182 3970 lurimum
1201 3937 1246 3969 di-

194 3974 305 4013 ligimus
324 3977 359 4007 &
378 3976 564 4015 approbamus
581 3999 590 4014 ‚
615 3976 649 4008 &
662 3976 774 4015 negotia
787 3973 881 4005 nostra
895 3983 945 4012 per
959 3985 997 4006 co
1049 3977 1107 4007 'um
1119 3977 1247 4008 vestrum

195 4011 319 4049 expediri
337 4016 467 4052 cupimus
480 4039 490 4053 ‚
514 4014 599 4045 sciatis
619 4012 698 4052 quod
718 4013 861 4043 servitium
879 4012 914 4043 &
935 4012 976 4044 ho
1043 4015 1102 4045 'um
1121 4015 1247 4046 vestrum

196 4058 334 4090 gratanter
352 4054 518 4119 ῐξέξίεωυε
566 4054 599 4084 &
621 4062 674 4083 vos
685 4053 715 4082 in
728 4051 841 4090 plenam
854 4051 971 4090 gratiam
980 4061 1021 4084 no
1120 4053 1250 4095 admitte·

198 4087 395 4157 msso'affllir?
422 4090 508 4158 {stum
519 4077 638 4123 f’eodum
649 4090 731 4123 vobis
741 4088 928 4126 restituemus,

1207 210 1685 258 PUBLICA.
2208 228 2254 271 51

1248 296 1302 334 Et,
1321 299 1385 341 quia
1398 298 1456 342 hoc
1471 300 1617 343 negotium
1631 301 1763 344 desiderat
1781 302 1956 343 instantiam,
1974 304 2007 336 &
2027 304 2054 334 in
2067 305 2125 335 hoc
2139 303 2259 334 articulo
2278 299 2352 330 Alm-
2362 295 2403 329 U-

1210 334 1267 365 effe
1282 343 1386 377 poterit
1399 337 1550 380 periculoia
1563 338 1673 376 dilatio,
1691 342 1772 370 vobis
1786 343 1948 372 mandamus
1963 344 2108 381 quatinus,
2125 342 2259 372 dilatione
2296 347 2382 368 1212⁴

1211 372 1361 418 postposita
1376 397 1386 412 ,
1412 374 1445 404 ad
1466 385 1519 418 nos
1540 385 1574 418 in·
1590 375 1720 415 Angliam
1734 381 1865 419 veniatis,
1884 389 1913 411 ut
1927 391 1969 410 res
1985 381 2051 419 ista,
2071 390 2134 418 quae
2149 381 2258 417 utrique

1211 410 1358 450 nostrum,
1373 422 1422 449 per
1437 411 1494 442 Dei
1507 420 1622 456 gratiam
1631 438 1640 451 ,
1664 415 1834 447 honorabilis
1846 419 1896 449 erit
1911 419 1944 450 &
1958 419 2098 449 fructuosa
2132 419 2166 448 ad
2180 426 2261 455 opta—

1211 457 1272 478 tum
1288 448 1426 494 effectum
1439 450 1555 481 fidehter
1568 452 1743 488 perducatur.
2104 443 2114 458 ³

1249 486 1286 517 Et
1300 488 1386 519 sciatis
1398 488 1476 526 quod
1491 498 1527 519 eo
1541 491 1682 527 acceptior
1697 493 1748 521 erit
1761 493 1842 523 nobis
1855 494 1946 524 vester
1959 495 2092 525 adventus
2127 501 2185 534 quo
2199 503 2260 524 ma-

1211 533 1230 548 0

1211 525 1251 567 ³3is
1272 536 1324 555 vos
1347 526 1442 556 videre
1455 551 1464 565 ‚
1488 528 1522 561 &
1542 527 1637 558 vestro
1659 528 1713 559 frui
1727 530 1891 568 colloquio,
1907 534 1989 562 etiam
2005 533 2024 563 si
2043 519 2129 564 mcfiil
2142 533 2259 570 amplius

1211 571 1281 593 inter
1295 573 1346 594 nos
1360 563 1454 603 fieret,
1471 564 1665 596 deiideiamus.

1249 639 1339 670 Teste
1352 642 1458 679 meipso
1471 642 1543 679 apud
1558 642 1691 674 London.
1711 653 1751 683 24
1765 643 1811 674 die
1824 644 1904 674 Maii.

1216 760 1241 786 ³?
1263 760 1361 806 Qtod
1381 763 1535 796 lelamus
1547 765 1632 809 filius
1653 768 1750 798 Ducis
1775 765 1957 815 Lembargh.
1982 771 2013 800 in
2032 768 2177 814 Angliam
2195 780 2262 800 cum
2281 758 2332 789 *L
2355 760 2415 787 ¹6⁶¹

1571 827 1604 856 9.
1627 813 1784 848 adfinibus
1803 820 1916 850 veniat.

1218 893 1302 947 RE
1313 893 1343 924 X
1362 898 1498 931 Walamo
1513 898 1570 929 filio
1585 898 1675 930 Ducis
1689 899 1843 940 Lemburg.
2286 912 2361 943 Ann.
2377 908 2418 940 D.

1239 972 1244 977 ,
1312 934 1483 980 Mandamus
1497 938 1595 975 vobis,
1615 946 1741 977 rogantes
1756 948 1889 976 quatenus
1903 940 2018 969 veniatis
2031 939 2065 969 ad
2081 949 2133 969 nos
2146 963 2156 977 ,
2175 948 2204 969 te
2217 938 2268 969 de·
2311 959 2393 980 μη,

1220 979 1298 1001 cimo
1320 973 1416 1004 Milite
1430 999 1439 1013 ,
1464 977 1492 1005 in
1514 975 1645 1013 Angliam
1665 977 1715 1012 fib
1737 976 1911 1006 festinatione
1924 1002 1933 1015 ,
1951 978 2025 1008 bene
2047 979 2131 1016 parati
2145 979 2221 1015 equis
2235 978 2268 1008 &
2290 972 2345 1018 Ans
2363 996 2407 1021 ¹4·

1220 1011 1320 1047 armi83
1337 1011 1372 1040 ita
1388 1013 1466 1049 quod
1481 1021 1567 1051 grates
1581 1014 1662 1044 vobis
1674 1016 1740 1045 scire
1754 1015 1913 1044 debeamus.
2289 1028 2351 1065 7⁰¹²·

1258 1083 1349 1115 Teste
1363 1086 1469 1123 meipso
1485 1087 1558 1125 apud
1576 1087 1692 1118 Lameh.
1713 1098 1753 1128 24
1766 1089 1811 1118 die
1827 1089 1907 1119 Maii.
2295 1066 2386 1094 lbid‘n'
2393 1079 2398 1087 ⁴

1376 1209 1537 1255 Ejusmodi
1555 1212 1660 1244 Literae
1676 1208 1846 1244 Theobcildo
1862 1214 1973 1245 Camiri
1996 1214 2030 1247 de
2051 1218 2123 1248 Bar.

1227 1294 1352 1351 REX
1370 1295 1645 1339 Theobaldocom.
1661 1296 1698 1327 de
1712 1296 1771 1327 Bar.
1791 1298 1850 1328 &o
1871 1296 1974 1328 Grates
1993 1299 2075 1332 vobis
2089 1302 2232 1333 referimus
2244 1302 2279 1334 de
2299 1299 2373 1329 Arm·
2390 1296 2432 1329 DF

1299 1334 1356 1376 hoc
1366 1358 1375 1372 ,
1392 1333 1470 1377 quod
1486 1335 1567 1364 nobis
1583 1345 1632 1373 per
1645 1335 1794 1365 Comitem
1815 1335 1941 1366 Boloniae
1964 1337 2146 1378 fionificaffis,
2164 1341 2265 1372 scilicet
2324 1347 2406 1367 1212-

1228 1372 1322 1416 quod,
1340 1373 1359 1402 fi
1374 1372 1457 1402 vobis
1470 1381 1552 1403 terras
1566 1375 1599 1406 &
1615 1374 1716 1411 feoda,
1735 1384 1800 1411 quae
1813 1374 1962 1412 aliquando
1975 1362 2011 1406 (ξε
2023 1377 2102 1408 dono
2117 1380 2216 1410 nostro
2234 1367 2283 1410 ha?-
2302 1379 2354 1403 14⁷¹-
2376 1385 2419 1410 ¹4-

1228 1410 1339 1447 buistis,
1356 1410 1536 1454 redderemus
1555 1422 1622 1442 cum
1645 1414 1784 1451 arreragiis
1801 1412 1922 1450 ejusdem
1943 1415 2040 1453 feodi,
2064 1416 2182 1448 libenter
2198 1418 2231 1449 ad
2251 1418 2283 1448 fi·
2304 1411 2364 1451 Joh.

1229 1451 1296 1480 dem
1318 1450 1351 1480 &
1372 1449 1515 1479 serVitium
1536 1450 1665 1480 nostrum
1687 1452 1816 1482 veniretis
1830 1476 1839 1490 ‚
1864 1452 1897 1482 &
1919 1452 2085 1493 homagium
2107 1458 2190 1488 nobis
2225 1466 2285 1487 tan·
2304 1452 2437 1488 (Nuus-¹4?

1232 1497 1319 1528 quarn
1331 1487 1400 1531 ligio
1416 1486 1561 1527 Domino,
1580 1498 1678 1520 contra
1692 1498 1794 1519 omnes
1806 1489 1842 1519 de
1855 1489 1942 1521 feodo
1958 1492 2007 1522 illo
2022 1493 2154 1525 faceretis.
2199 1482 2208 1495 ’
2306 1489 2439 1527 J0hss²n⁷¹³³⁸

1271 1528 1422 1566 Qioniam
1443 1536 1514 1558 vero
1536 1528 1706 1559 Societatem
1721 1530 1843 1558 vestram
1857 1529 1890 1558 ὃ(
1907 1531 2058 1561 amicitiam
2073 1533 2227 1569 plurimum
2242 1534 2286 1565 di-
2307 1537 2379 1563 m·9·
2389 1527 2415 1555 ὅ·

1233 1565 1398 1608 ligimus&
1412 1565 1598 1603 approbamus
1612 1590 1621 1604 ‚
1640 1568 1673 1597 ὅ(
1689 1576 1725 1596 ne
1744 1568 1800 1597 otia
1814 1566 1906 1596 nostra
1921 1578 1970 1605 per
1985 1569 2144 1602 Conlilium
2159 1573 2289 1604 vestrum

1234 1603 1358 1642 expediri
1379 1604 1508 1648 cupimus
1522 1627 1532 1640 ‚
1558 1604 1643 1635 sciatis
1665 1615 1723 1642 quo
1765 1605 1904 1635 servitium
1926 1608 1958 1638 ὃς
1980 1608 2147 1645 homagium
2162 1611 2290 1643 vestrum

1235 1650 1372 1682 gratanter
1392 1651 1558 1679 recipiemus
1573 1666 1583 1680 ‚
1606 1645 1639 1674 &
1662 1652 1714 1673 vos
1726 1644 1755 1673 in
1769 1644 1880 1681 plenam
1893 1646 2007 1683 gratiam
2021 1648 2148 1678 nostram
2161 1651 2291 1681 ‘admitte‘

1238 1691 1318 1719 mus⁷
1337 1682 1370 1711 &
1385 1688 1467 1710 terras
1480 1676 1623 1724 praedidtas
1638 1682 1670 1713 &
1687 1681 1804 1712 feodum
1819 1682 1986 1720 praedictum
2008 1686 2089 1716 vobis
2105 1687 2290 1719 restituemus.

1276 1719 1332 1750 Sed
1345 1719 1382 1749 de
1395 1720 1550 1758 arreragiis3
1568 1719 1613 1758 id,
1633 1720 1711 1758 quod
1724 1722 1829 1758 petitis,
1847 1721 1915 1751 nulli
1931 1722 2086 1755 faceremus
2102 1727 2150 1763 qui
2164 1728 2193 1756 in
2208 1729 2292 1758 servi-

1239 1758 1280 1789 tio
1294 1756 1541 1801 nostro-continue
1555 1768 1614 1800 non
1630 1759 1839 1797 perseverasset;
1855 1768 1974 1790 attamen
1982 1784 1992 1800 ,
2009 1771 2077 1792 cum
2092 1764 2126 1793 ad
2140 1775 2193 1795 nos
2205 1775 2293 1796 vene-

1241 1798 1316 1836 rim,
1334 1797 1430 1835 vobis,
1449 1806 1498 1834 per
1511 1797 1659 1826 conlilium
1673 1796 1798 1827 fidelium
1813 1797 1994 1838 nostrorum,
2009 1808 2119 1832 tanturn
2142 1803 2277 1835 faciemus

1241 1835 1316 1866 unde
1330 1835 1432 1865 merito
1445 1845 1496 1865 vos
1508 1843 1619 1872 pacatos
1633 1843 1727 1865 tenere
1740 1835 1885 1866 debebitis.
2285 1829 2299 1872 ²,

1282 1874 1431 1913 Qioniam
1451 1874 1535 1910 igitur
1556 1873 1612 1902 hoc
1631 1883 1667 1902 ne
1686 1875 1778 1903 otium
1797 1873 1932 1904 desiderat
1952 1876 2108 1907 instantiam
2122 1899 2132 1916 ‚
2148 1880 2181 1910 &
2194 1881 2224 1910 in
2238 1879 2297 1912 hoc

1243 1912 1361 1943 articulo
1379 1911 1436 1942 effe
1455 1911 1557 1949 poterit
1571 1912 1667 1949 pericu
1678 1911 1722 1941 ola
1741 1911 1853 1950 dilatio,
1871 1913 1954 1943 vobis
1968 1914 2131 1946 mandamus
2146 1927 2280 1955 quatenus

1244 1951 1376 1982 dilatione
1397 1949 1549 1988 postposita
1562 1972 1572 1986 ‚
1589 1949 1623 1979 ad
1642 1959 1694 1980 nos
1709 1951 1738 1979 in
1754 1950 1886 1990 Angliam
1901 1953 2033 1990 veniatis,
2052 1962 2083 1983 ut
2095 1963 2137 1984 res
2151 1955 2215 1994 ista,
2235 1944 2299 1995 qua}

1244 1991 1356 2028 utrique
1376 1988 1507 2018 nostrum
1519 2011 1528 2025 ,
1552 1997 1602 2025 per
1617 1986 1677 2018 Dei
1689 1989 1821 2027 gratiam,
1839 1989 2012 2020 honorabilis
2026 1992 2077 2022 erit
2091 1993 2124 2024 &
2141 1993 2281 2026 fruc‘tuosa

1245 2027 1279 2058 ad
1293 2036 1423 2066 optatum
1439 2026 1577 2057 effe-‚stum
1590 2025 1706 2057 feliciter
1721 2026 1897 2064 perducatur.
2289 2019 2301 2035 ²

1283 2066 1321 2097 Et
1334 2066 1419 2096 sciatis
1435 2064 1513 2104 quod
1525 2074 1562 2094 eo
1576 2066 1719 2103 acceptior
1733 2067 1785 2095 erit
1796 2066 1878 2095 nobis
1894 2064 1987 2097 vester
1999 2067 2150 2108 adventus,
2170 2081 2228 2109 quo
2242 2079 2302 2102 ma·-

1246 2106 1287 2150 gis
1311 2115 1363 2136 vos
1384 2103 1481 2148 videre
1493 2126 1504 2142 ‚
1528 2103 1563 2145 ὃς
1582 2103 1677 2133 vestro
1699 2103 1753 2134 frui
1766 2104 1930 2142 colloquio,
1949 2106 2033 2136 etiarn
2047 2106 2067 2138 si
2079 2108 2168 2139 nichil
2182 2111 2300 2149 amplius

1247 2153 1318 2176 inter
1329 2152 1383 2174 nos
1396 2142 1496 2181 fuerit,
1510 2140 1702 2173 deiideramus.

1285 2219 1376 2253 Teste
1389 2220 1496 2259 meipso
1510 2218 1583 2258 apud
1598 2218 1718 2250 Lameh.
1738 2229 1774 2260 23
1792 2218 1871 2251 Maii.

1252 2349 1360 2382 Literae
1383 2342 1537 2392 Johannis
1563 2347 1651 2392 Regis
1675 2345 1806 2377 Henrico
1824 2344 1892 2390 filio
1910 2348 2032 2381 Comitis
2050 2347 2086 2380 de
2105 2350 2177 2384 Bar.
2201 2349 2310 2398 quibus

1295 2395 1502 2443 promittitse'·
1521 2393 1695 2439 praedic'lum
1721 2395 1892 2429 Henricum
1917 2399 1949 2428 in
1968 2396 2135 2442 servitium
2156 2402 2193 2437 &
2212 2399 2309 2444 fidem

1292 2445 1386 2492 fitam
1402 2448 1539 2491 recipere.

1258 2529 1393 2593 REX
1410 2531 1515 2563 dileeto
1530 2529 1687 2575 arnico-suo
1702 2524 1833 2561 Henrico
1845 2524 1904 2561 filio
1919 2528 2043 2562 Comitis
2050 2532 2092 2577 ‘de
2106 2532 2165 2564 Bar.
2184 2530 2249 2577 &ct
2331 2531 2407 2568 Ann.
2421 2538 2461 2574 D,

1355 2571 1467 2615 ⁴Grates⁷
1486 2571 1568 2612 vobis
1587 2574 1731 2598 referimus
1752 2569 1788 2599 de
1807 2569 1866 2600 hoc
1889 2569 1967 2607 quod
1985 2571 2069 2601 nobis
2091 2581 2139 2609 per
2159 2570 2311 2602 Comitem
2351 2587 2433 2611 1212.

1260 2607 1680 2684 Boffinfgaiigzliigcdstslgrvitium
1696 2644 1820 2675 vestrum
1842 2646 1875 2677 &
1891 2644 2057 2683 homagium
2077 2647 2231 2685 plurimum
2251 2639 2315 2678 dili-
2332 2623 2446 2687 ‘12¹4'

1261 2688 1352 2756 gimus
1373 2686 1406 2716 &
1425 2685 1613 2729 approbamus
1626 2705 1636 2721 ‚
1663 2684 1696 2714 &
1709 2685 1739 2713 in
1749 2685 1868 2752 &tiam
1880 2686 1913 2715 &
1928 2694 2056 2729 amorem
2072 2685 2202 2716 nostrum
2214 2696 2267 2718 vos
2283 2685 2316 2716 li-
2335 2699 2419 2736 clus

1283 2734 1361 2755 enter
1374 2732 1558 2761 recipiemus,
1576 2724 1646 2752 licut
1660 2721 1737 2752 idem
1800 2732 1859 2752 mes
1874 2723 1958 2753 vobis
1972 2723 2055 2754 dicet.
2336 2746 2362 2766 m
2386 2747 2413 2772 9,
2427 2736 2453 2766 λ,

1300 2763 1339 2794 Et
1360 2761 1426 2792 ideo
1444 2762 1528 2792 vobis
1547 2759 1711 2791 mandamus
1731 2769 1866 2798 quatenus
1879 2784 1889 2798 ‚
1908 2762 1989 2791 omni
2003 2761 2135 2793 dilatione
2148 2762 2317 2801 postposita,
2367 2761 2371 2765 ”

1263 2802 1297 2833 ad
1312 2812 1363 2832 nos
1375 2802 1404 2830 in
1418 2800 1550 2840 Angliam
1562 2799 1693 2837 veniatis,
1712 2801 1776 2837 quia
1791 2808 1850 2829 non
1864 2799 1944 2830 stabit
1956 2809 2005 2838 per
2019 2810 2071 2831 nos
2086 2802 2153 2839 quin
2174 2803 2202 2832 in
2216 2801 2271 2832 fide
2283 2799 2317 2833 &

1264 2841 1376 2872 servitio
1390 2837 1489 2869 nostro
1502 2839 1532 2868 in
1542 2845 1710 2876 perpetuum
1722 2839 1892 2869 remaneatis,

1265 2963 1421 3013 Johannes
1450 2965 1514 2997 Rex
1540 2961 1657 3008 Angliae
1674 2962 1796 3008 gratias
1819 2962 1912 3007 refert
1934 2965 2074 2995 Lovaniae
2101 2964 2185 2996 Daci
2198 2990 2208 3006 ,
2243 2962 2325 3011 quod

1363 3097 1394 3129 X
1413 3096 1544 3128 Henrico
1559 3095 1639 3127 Duci
1653 3095 1763 3127 Lovan.
1788 3095 1849 3126 &c.
2344 3102 2415 3134 Am,¹
2429 3098 2470 3132 D!

1569 3010 1763 3058 I'mperatoris
1775 3021 1876 3058 partes
1888 3009 2022 3055 stistinet.

1269 3099 1356 3157 RE

1361 3136 1463 3168 Grates
1483 3135 1563 3166 vobis
1575 3135 1719 3165 referimus
1733 3134 1770 3164 de
1784 3134 1842 3165 hoc
1863 3133 1941 3172 quod
1955 3134 1989 3164 ad
2004 3135 2170 3173 petitionem
2183 3134 2324 3173 nostram,
2365 3151 2449 3172 1212.

1269 3175 1316 3206 dili
1337 3183 1415 3206 enter
1436 3176 1470 3206 ὃς
1491 3172 1644 3204 efficaciter
1664 3172 1818 3203 intendistis
1839 3174 2061 3210 promotioni&
2076 3174 2185 3205 servitio
2200 3175 2324 3211 Nepotis
2344 3186 2395 3209 An.
2414 3190 2456 3215 ,4⁵

1269 3185 1357 3245 noissri
1380 3212 1557 3255 Imperatoris
1577 3211 1724 3254 Romani·
1754 3210 1856 3255 scimus
1875 3219 1969 3241 autem
1992 3211 2068 3250 quod
2082 3237 2092 3250 ,
2117 3223 2169 3250 pro
2182 3222 2278 3242 amore
2291 3214 2324 3242 ὃς
2344 3220 2407 3258 Joh„

1270 3252 1421 3323 otcffiafione
1433 3249 1538 3289 nostri,
1556 3248 1649 3280 multo
1664 3259 1689 3280 ei
1703 3234 1862 3280 d’evotiores
1876 3251 1905 3280 in
1920 3249 2033 3289 multis,
2050 3249 2139 3281 nostri
2152 3252 2236 3289 gratia
2250 3272 2259 3288 ‚
2277 3257 2325 3279 ex-
2344 3258 2406 3286 ma
2426 3255 2452 3285 d,

1339 3300 1367 3320 is.

1270 3299 1290 3322 u
1310 3328 1407 3360 Sciatis
1428 3335 1523 3357 autem
1546 3324 1624 3364 quod
1643 3324 1700 3363 ipse
1719 3325 1754 3357 ad
1770 3335 1822 3357 rios
1835 3325 1971 3356 Nuncios
1985 3327 2003 3345 *
2019 3326 2081 3356 suos
2095 3325 2268 3393 solemfliiDieQ
2288 3327 2322 3358 &
2346 3334 2396 3362 η,
2412 3330 2473 3361 162v

1272 3367 1372 3398 litteras
1383 3365 1541 3396 amicabiles
1557 3364 1717 3402 transmisit5
1734 3373 1849 3402 propter
1864 3375 1952 3403 quos,
1971 3366 1999 3394 in
2014 3365 2168 3401 proximo„
2222 3374 2258 3394 eo
2271 3375 2325 3395 vo-

1274 3406 1366 3444 lente,
1383 3404 1496 3441 utrique
1507 3401 1639 3433 nostrum
1653 3403 1843 3433 commodum
1858 3404 1892 3433 &
1906 3403 2064 3438 honorem,
2077 3403 2110 3431 &
2124 3402 2205 3432 vobis
2219 3403 2325 3433 &om-

1274 3445 1355 3474 nibus
1368 3443 1462 3473 amicis
1476 3441 1577 3471 nostris
1590 3439 1723 3480 gaudium
1737 3441 1876 3471 credimus
1890 3448 2104 3481 proventu-rum.

1314 3480 1458 3512 Mittimus
1479 3488 1574 3510 autem
1593 3479 1627 3509 ad
1647 3488 1714 3510 eum
1733 3477 1868 3509 Nuncios
1890 3477 1999 3507 nostros
2018 3477 2112 3507 hdeles
2134 3478 2168 3509 &
2181 3477 2326 3510 familiares

1276 3519 1388 3551 nostros
1407 3517 1568 3548 Walterum
1587 3517 1624 3547 de
1646 3517 1725 3556 Gray
1739 3516 1944 3546 Cancellarium
1969 3514 2097 3545 nostrum
2113 3538 2123 3552 ‚
2141 3516 2277 3554 Sayerurn
2291 3517 2328 3548 de

1277 3559 1404 3597 Qency
1416 3556 1566 3587 Comitem
1578 3555 1712 3586 Winton.
1731 3554 1782 3587 W.
1798 3554 1835 3583 de
1847 3553 2000 3590 Cantilupo
2014 3552 2182 3590 Dapiferum
2197 3555 2328 3586 nostrum

1277 3597 1312 3628 &
1329 3596 1493 3627 Robertum
1503 3594 1623 3633 Tregoz
1657 3602 1725 3623 cum
1738 3591 1868 3634 responso
1881 3592 1914 3622 &
1930 3591 2074 3621 voluntate
2093 3592 2202 3622 nostra:
2222 3592 2260 3624 Et
2274 3605 2328 3624 vos

1279 3643 1410 3674 rogamus
1423 3634 1565 3672 quatinus,
1585 3632 1603 3661 si
1617 3618 1675 3661 fieri
1689 3629 1788 3667 possit,
1803 3639 1839 3672 in·
1847 3629 1956 3666 propria
1968 3629 2098 3667 persona,
2116 3630 2150 3660 ad
2163 3630 2252 3668 ipsum
2268 3631 2328 3662 Im-

1300 3680 1437 3703 eratorem
1451 3670 1604 3706 accedatis,
1624 3677 1653 3699 ut
1669 3678 1723 3698 una
1735 3675 1803 3701 cum
1816 3677 1853 3696 eis
1865 3676 1963 3698 coram
1985 3677 2021 3697 eo
2039 3668 2184 3704 praesentes
2195 3669 2265 3708 fitis,
2283 3669 2331 3700 vel

1279 3683 1380 3742 litteras
1395 3709 1496 3741 vestras
1517 3709 1542 3738 ei
1563 3705 1702 3736 destinetis
1718 3715 1724 3734 t
1744 3704 1794 3734 Ro
1814 3714 1888 3736 antes
1904 3706 1937 3736 &
1953 3705 2126 3736 consulentes
2141 3707 2238 3745 quod,
2256 3710 2330 3745 juxta

1282 3748 1446 3780 mandarum
1460 3745 1604 3782 nostrum,
1621 3743 1772 3774 efficaciter
1797 3753 1835 3774 uo
1849 3745 1882 3775 &
1896 3742 1995 3774 nostro
2009 3744 2169 3776 commodo
2183 3743 2329 3784 provideat

1282 3788 1316 3820 &
1327 3787 1440 3816 honori.

1321 3824 1422 3855 Grates
1436 3830 1530 3852 autem
1544 3819 1613 3850 Deo
1626 3818 1770 3862 referimus
1782 3818 1818 3850 de
1834 3819 1892 3851 hoc
1901 3842 1910 3857 ‚
1928 3819 2005 3858 quod
2017 3821 2099 3851 nobis
2111 3821 2145 3852 ad
2159 3829 2260 3853 votum
2268 3823 2329 3852 suc«

1284 3862 1404 3894 ceffitin
1419 3860 1539 3899 partibus
1553 3856 1686 3900 Episcopi
1708 3857 1840 3888 Leodon.
1860 3858 1934 3888 unde
1954 3858 2035 3888 nobis
2055 3860 2215 3890 mandastis:
2235 3860 2329 3890 Mitti-

1285 3910 1348 3932 mus
1368 3895 1518 3930 autemvad
1536 3905 1588 3926 vos
1605 3894 1742 3929 dilectum
1765 3895 1894 3927 nostrum
1913 3895 2110 3927 Gothfredum
2129 3897 2254 3930 Fratrem
2269 3908 2332 3927 ves-

1285 3948 1379 3976 trum,
1397 3937 1437 3967 G.
1454 3935 1490 3965 de
1505 3934 1634 3964 Louvan.
1651 3941 1682 3964 ut
1695 3944 1745 3971 per
1757 3933 1845 3971 ipsum
1858 3934 1940 3964 nobis
1954 3934 2023 3965 scire
2044 3935 2144 3966 faciatis
2159 3936 2236 3973 quod
2249 3936 2332 3965 nobis

1286 3975 1418 4007 auxilium
1433 3975 1462 4003 in
1473 3971 1531 4003 hoc
1544 3972 1660 4010 negotio
1673 3971 1773 4002 nostro
1785 3972 1886 4002 fasturi
1898 3972 1968 4011 fitis,
1981 3975 2044 4011 quia
2053 3975 2111 4012 jam
2124 3974 2172 4003 diu
2186 3974 2268 4003 vobis
2282 3983 2333 4010 pe-

1287 4015 1443 4054 percimus,
1460 4010 1529 4040 sicut
1546 4008 1620 4039 bene
1640 4009 1711 4040 scitis
1726 4022 1731 4027 ·
1752 4010 1834 4040 vobis
1853 4011 1936 4040 etiam
1957 4021 2046 4049 nuper
2069 4013 2142 4041 bene
2159 4010 2335 4048 providimus

1288 4051 1354 4091 post
1375 4049 1528 4092 adventurn
1546 4033 1809 4091 ComitisBoloniae
1821 4049 1851 4078 in
1865 4048 2011 4088 Angliam·
2032 4050 2094 4086 quia
2108 4048 2239 4078 sustinere
2252 4048 2336 4078 nolu*

1290 4098 1353 4120 mus
1365 4086 1442 4126 quod
1455 4096 1485 4117 in
1496 4084 1607 4125 aliquo,
1620 4085 1657 4118 de
1665 4095 1728 4126 Jure
1740 4085 1836 4118 vestro
1850 4086 1959 4119 alienati
1970 4073 2060 4118 eliens
2077 4086 2122 4118 vel
2135 4086 2262 4126 elongati.

1780 4123 1812 4155 G
1833 4134 1848 4152 2
2263 4120 2336 4154 Alia
