2570 4261
81 142 159 173 Ann.
172 142 213 173 D.

111 190 194 219 1290.

83 221 150 248 Edv.
190 242 196 248 .

234 57 289 106 64

232 139 347 177 Regem
367 139 490 170 Franciae
510 145 543 167 ex
557 143 633 174 parte
647 135 721 172 unii,
737 135 771 165 ὅ(
783 132 893 162 dietum
910 131 1074 161 Dominum
1090 129 1205 169 Regem
1220 129 1282 159 An-

231 217 400 247 intendimus
413 213 542 245 recedere
556 209 793 252 quoquomodo..
886 246 891 251 .
1140 245 1145 251 ·
1189 245 1193 250 Ι
1215 243 1219 250 ¹

272 254 309 284 Et
323 256 407 284 etiam
423 250 608 293 protestamur
622 248 699 286 quod
714 257 771 277 iion
787 245 956 276 intendimus
972 242 1064 275 facere
1080 244 1285 283 praeJudicmm,

233 301 283 330 per
304 293 408 330 aliqua,
426 299 490 328 quie
512 288 678 323 fecerimus,
696 286 830 322 facimus,
846 283 891 314 seu
912 286 941 314 in
963 283 1109 324 posterum
1132 284 1285 319 faciemus,

235 331 282 360 vel
295 328 434 365 dicemus,
453 329 482 356 in
497 326 613 363 praefato
625 325 757 363 negotio,
771 322 980 362 jurisdictioni,
997 321 1196 363 potestati,vel
1206 321 1286 363 J'uri,

234 360 460 404 competesitibus
473 364 552 395 dicso
565 363 700 393 Domino
714 362 790 402 Regi
805 361 932 401 Angliae,
950 362 1057 391 ratione
1070 364 1115 390 ieu
1138 364 1286 391 occaiione

235 407 358 443 Treugae
372 403 529 434 anredfflae.
1204 436 1209 441 .

273 444 363 481 item,
381 442 523 472 intellecto
538 450 587 479 per
603 438 732 479 quasdam
746 438 846 469 litteras
860 437 1070 468 procuratorias
1088 436 1211 466 Domini
1229 434 1292 478 Re—

235 483 280 521 gis
289 482 437 519 Aragoniae
452 480 534 510 nobis
548 479 656 516 missas,
675 488 742 516 quas
756 477 912 516 recepimus
926 477 955 505 in
968 474 1102 505 Crastino
1117 474 1292 504 Purificatio-

234 521 275 550 nis
291 520 379 550 beatae
397 519 498 549 Mariae
528 519 597 548 hora
610 517 803 555 vesperarum,
822 514 900 552 quod
913 514 1114 544 Procuratores
1129 513 1163 543 &
1183 511 1293 542 Gentes

236 558 357 597 ejusdem
372 558 495 588 Domini
503 542 591 596 Regis
599 556 746 599 Aragoniae
758 553 895 591 ‚volentes
908 553 1004 582 venire
1017 551 1052 581 ad
1061 561 1117 594 *nos
1132 550 1166 594 ad
1181 549 1291 579 diffum

237 599 314 628 diem
328 597 400 635 apud
416 596 632 634 perpinianum,
649 598 710 624 iunt
725 590 798 630 apud
814 591 969 629 Basquena,
984 598 1067 628 parati
1083 598 1178 619 venire
1193 596 1291 618 coram

237 636 320 666 nobis
332 635 366 665 ad
382 635 504 665 eundem
518 635 618 665 locum
632 632 668 662 de
683 631 868 668 perpiniano,
885 630 918 659 ὃ(
933 627 1100 666 procedere,
1119 636 1150 658 ut
1160 626 1290 663 asserunt,

236 676 266 704 in
280 674 399 713 negotio
411 673 447 703 de
458 683 516 711 quo
531 673 636 711 agitur,
652 668 800 700 sufficienti
812 667 953 708 guidatico
967 667 1004 696 eis
1018 667 1093 704 prius
1106 664 1241 696 concesso
1257 665 1291 695 &

235 714 369 743 obtento·

274 737 372 783 Unde'
381 760 450 788 nos,
469 746 665 780 Commissarii
678 746 802 777 Domini
816 745 904 784 Regis
918 743 1029 784 Angliae
1038 742 1181 782 praediffl,
1199 741 1293 781 requi-

233 792 322 821 rimus
342 801 394 820 vos
414 789 524 818 didtum
539 787 682 825 Jacobum
700 786 736 815 de
758 784 909 815 Muredine
922 806 931 821 ,
948 783 1046 813 locum
1069 791 1213 812 tenentem
1229 805 1238 819 ,
1257 781 1291 810 δε

234 827 391 859 Arnaldiim
407 827 506 865 Bajuli,
524 826 743 856 Procuratorem
765 823 888 853 Domini
903 822 1007 890 {ambi
1030 820 1118 859 Regis
1139 819 1293 862 Majorica-

235 877 300 897 rum
322 866 447 903 illustris,
467 864 545 903 quod
566 862 728 894 concedatis
746 861 884 900 predictis
932 860 1140 890 rocuratoribus
1155 860 1189 890 &
1201 866 1293 897 genti-

237 907 288 936 bus
304 905 371 935 dieti
388 904 510 935 Domini
525 903 612 942 Regis
629 902 776 941 Aragoniae
798 899 971 937 guidaticum
994 898 1184 935 antedid‘tum,
1202 897 1292 927 taliter

238 944 334 982 quod,
352 953 467 982 propter
485 941 643 972 deffecmm
663 941 680 959 *Γ
702 940 780 978 petiti
795 938 938 975 ,gtiidatici
961 938 1108 976 negotium
1125 946 1184 966 non
1201 944 1293 966 rema-

237 992 299 1013 neat
314 981 514 1019 indiscussum,
532 981 566 1012 &
583 980 695 1010 interim
708 980 715 1008 i
738 978 829 1008 sorum
842 977 995 1007 adventum
1011 975 1198 1013 expefflimus.

275 1021 366 1059 Item,
385 1020 537 1059 protestato
552 1029 601 1057 per
616 1028 685 1056 nOS,
734 1015 918 1046 ommiisarios
938 1015 1088 1052 praediftos
1102 1012 1224 1044 Domini
1232 1009 1294 1042 Re>-

237 1061 279 1100 gis
299 1060 412 1097 Angliae
434 1058 559 1096 illustris,
577 1056 656 1095 quod
678 1056 761 1093 parati
773 1054 865 1084 sumus
879 1053 1034 1092 procedere
1049 1054 1077 1082 in
1092 1053 1208 1092 negotio
1221 1051 1293 1082 frac-

236 1101 319 1129 tionis
332 1100 476 1135 Treugae,
494 1097 530 1127 de
543 1106 602 1134 quo
617 1096 723 1132 agitur,
742 1092 895 1124 secundum
910 1091 1072 1122 mandatum
1095 1091 1219 1121 Domini
1240 1100 1293 1121 no-

238 1138 286 1168 stri
309 1138 396 1176 Regis
421 1136 530 1169 Aneiiae
548 1134 693 1175 praedicti,
709 1134 743 1164 &
762 1130 916 1162 secundum
938 1130 1145 1161 ordinationem
1160 1154 1169 1168 ,
1188 1129 1292 1160 factam

236 1177 317 1215 super
332 1170 391 1207 hoc
406 1168 486 1205 intef‘
493 1171 754 1204 excellentissimum
777 1169 941 1200 Dominum
964 1168 1077 1210 Regem
1099 1169 1239 1207 Franciae,
1259 1169 1293 1199 ὅ(

237 1216 402 1246 Dominum
417 1214 531 1251 Regem
548 1212 658 1251 Angiiae
672 1209 857 1248 praedictum,
876 1209 909 1239 &
922 1209 1006 1238 etiam
1027 1209 1110 1248 parati
1132 1207 1224 1238 sumus
1243 1206 1293 1237 ad-

238 1256 348 1285 mittere
362 1253 471 1284 Gentes
486 1251 608 1281 Domini
623 1249 712 1285 Regis
727 1248 854 1277 Franciae
869 1247 1009 1285 praediffi,
1029 1254 1111 1284 prout
1125 1247 1159 1278 &
1180 1245 1294 1285 quando

238 1293 392 1331 debemus,
410 1290 563 1322 secundum
577 1289 700 1319 formam
713 1286 894 1316 ordinationis
906 1285 1057 1324 praediciae.

275 1332 314 1362 Et
328 1341 414 1367 cum,
430 1328 584 1360 secundum
597 1326 758 1365 praedic'tam
773 1324 979 1354 ordinationem
1005 1332 1122 1354 vocatus
1138 1322 1293 1353 fueritDo-

238 1371 329 1400 minus
345 1369 475 1399 Alfonsus
490 1367 554 1397 Rex
569 1365 737 1404 Aragoniae,
756 1373 805 1401 per
819 1363 966 1401 praefatum
981 1347 1147 1393 Dominum
1162 1360 1294 1392 nostrum

240 1409 351 1445 Regem
367 1407 496 1445 Angliae,
514 1405 549 1435 ad
585 1414 649 1435 uem
665 1403 754 1434 solum
770 1402 845 1432 dic'ta
861 1402 976 1432 vocatio
992 1402 1127 1443 pertinet,
1146 1409 1175 1430 ut
1189 1401 1218 1429 in
1233 1410 1293 1431 cra-

239 1440 343 1477 stinum
358 1445 562 1477 Purificationis
596 1450 663 1473 eata:
679 1441 778 1471 Mariae
791 1444 967 1478 compareret
980 1439 1053 1477 apud
1075 1439 1274 1477 Perpinianum
1284 1463 1293 1478 ,

238 1495 335 1516 coram
356 1483 563 1515 Commissariis
584 1482 651 1519 suis,
670 1490 718 1518 per
738 1479 765 1509 se
786 1479 830 1509 vel
851 1489 899 1518 per
915 1478 1060 1518 ydoneum
1076 1478 1294 1509 Procuratorem

236 1524 269 1554 ad
284 1523 495 1568 procedendum
511 1523 538 1551 in
553 1520 691 1561 praeditTto
705 1519 841 1561 negotio,
1010 1556 1015 1561 .
1135 1557 1140 1561 ῃ

276 1563 312 1593 ht
335 1562 552 1593 intellexerimus
574 1558 670 1597 q·iod,
690 1565 796 1587 ratione
815 1555 900 1586 dic‘tae
924 1556 1095 1595 vocationis,
1113 1554 1205 1586 dietus
1227 1553 1295 1586 Do·-

238 1604 331 1632 minus
352 1602 415 1631 Rex
436 1599 586 1639 Aragoniae
606 1596 709 1626 miserit
727 1596 788 1625 suos
809 1593 1010 1624 Procuratores
1034 1595 1067 1626 &
1091 1594 1201 1625 Gentes
1217 1617 1227 1632 ,
1246 1595 1295 1632 qui

238 1650 297 1671 non
318 1648 450 1679 poterunt
470 1638 568 1669 venire
586 1635 620 1666 ad
640 1634 731 1664 dieios
749 1633 827 1664 diem
845 1633 878 1664 &
900 1633 1018 1671 locum,
1036 1642 1150 1671 propter
1174 1633 1296 1670 pericula

239 1689 361 1724 gueme,
380 1681 413 1710 &
427 1677 492 1708 ideo
506 1683 601 1714 petant
615 1674 789 1714 giiidaticum
803 1672 853 1702 fibi
865 1671 923 1702 dari
939 1672 954 1701 a
970 1671 1105 1703 Domino
1127 1671 1209 1711 Rege
1231 1671 1297 1702 Ma-

233 1719 389 1757 Joricarum
402 1715 555 1756 praedidiog
715 1751 720 1756 .
755 1751 760 1755 ι
862 1750 867 1755 ·
892 1750 897 1755 ⁸
982 1749 987 1755 .
1094 1749 1099 1755 .

277 1756 315 1787 Et
337 1757 417 1793 alifis,
435 1755 468 1785 ad
489 1753 673 1785 vocationem
693 1749 762 1780 dieti
774 1749 897 1779 Domini
913 1749 1001 1788 Regis
1015 1748 1142 1789 Angliae‚
1158 1748 1298 1779 Procura—

239 1804 313 1826 tores
335 1795 407 1825 dit-Tti
430 1794 550 1824 Domini
572 1791 660 1830 Regis
684 1790 833 1828 Aragoniae
852 1789 885 1819 &
908 1788 1017 1818 Gentes
1041 1789 1251 1825 comparuerint
1267 1789 1296 1817 in

240 1834 366 1872 pioeseiiti
381 1833 513 1872 negotio,
528 1832 560 1861 &
575 1828 756 1868 processerint
769 1837 867 1857 coram
881 1826 1088 1857 Commissariis
1103 1826 1298 1865 suis,obtento

240 1873 383 1911 giiidatico
404 1872 419 1901 {i
439 1870 519 1901 dic'io
541 1869 676 1899 Domino
700 1866 782 1905 Rege
804 1865 1027 1903 Major-icarum,
1044 1865 1078 1895 ad
1089 1864 1295 1896 instantiam&

239 1910 451 1947 requisitionem
466 1907 735 1939 Commissariorum
749 1904 818 1934 dieti
834 1904 957 1935 Domini
972 1904 1060 1942 Regis
1077 1903 1204 1943 Angl'ue:

279 1949 411 1980 Dicimus
433 1947 526 1986 quod,
546 1954 682 1985 quantum
703 1943 737 1974 ad
756 1942 890 1981 praesenS,
907 1943 979 1973 nulla
998 1941 1086 1973 causae
1111 1942 1238 1981 cognitio
1253 1941 1296 1972 est

240 1988 389 2019 neceffiria
408 1988 451 2017 seu
472 1985 613 2022 facienda,
632 1992 769 2022 quantum
789 1980 822 2011 ad
835 1983 1017 2012 vocationem
1033 1980 1213 2019 praedictam,
1231 1980 1297 2012 licet

240 2027 308 2058 diffi
322 2026 445 2058 Domini
459 2025 496 2055 R.
510 2026 543 2056 &
559 2024 591 2054 Ρ.
605 2022 699 2053 dicant
714 2022 740 2051 se
752 2020 824 2051 velle
844 2020 1033 2060 cognoscere,
1051 2020 1107 2050 unii
1129 2019 1298 2058 nobiscum,

238 2076 273 2096 an
287 2065 395 2103 Gentes
408 2064 495 2104 Regis
510 2062 661 2102 Aragoniae
673 2060 759 2091 essent
772 2058 927 2097 vocandae,

278 2104 325 2135 Set
339 2103 476 2140 dicimus,
494 2110 557 2132 ante
569 2101 683 2137 omnia,
702 2097 868 2137 praedie‘tum
883 2096 1057 2137 guidaticum
1066 2096 1296 2136 concedendurn,

238 2144 273 2174 &
294 2143 378 2181 parati
400 2140 492 2171 sumus
515 2138 668 2177 procedere
687 2139 715 2167 in
734 2137 850 2175 negotio
871 2136 999 2173 praesenti
1013 2160 1022 2174 ,
1037 2137 1114 2174 juxta
1133 2135 1297 2167 mandatum

241 2181 365 2211 Domini
390 2178 478 2215 Regis
498 2178 607 2217 Angliie
623 2201 633 2215 ,
651 2177 684 2206 &
706 2175 816 2205 Gentes
840 2174 963 2204 Domini
984 2174 1071 2214 Regis
1094 2175 1218 2205 Franciae
1234 2199 1244 2212 ,
1262 2175 1295 2205 ὃ(

240 2217 330 2259 Regis
345 2218 399 2249 Ara
419 2219 510 2256 onice,
529 2217 674 2246 admittere
688 2214 721 2244 ad
736 2215 868 2244 secretam
883 2214 1118 2243 examinationem
1142 2213 1175 2243 &
1196 2223 1295 2251 recep-

241 2259 350 2289 tionem
363 2266 391 2288 te
418 2258 493 2294 ium,
511 2253 654 2285 hincinde
675 2251 942 2292 producendorum,
961 2253 1046 2282 etiam
1067 2252 1186 2282 aliorum
1208 2252 1298 2291 legiti-

243 2306 357 2327 morum
370 2296 610 2326 documentorum
619 2293 707 2329 ,juxta
720 2290 926 2321 ordinationem
937 2289 1081 2321 diciorum
1098 2289 1296 2321 Dominorum

240 2334 357 2372 Regum
372 2334 494 2364 Franciie
508 2333 540 2363 &
556 2331 680 2370 Angliae3

278 2372 369 2404 Unde
381 2370 574 2401 instantissime
588 2369 755 2408 requirimus
766 2377 834 2405 vos,
852 2367 1020 2408 praedit‘tum
1034 2367 1198 2398 Dominum
1208 2367 1296 2406 Jaco-

241 2412 312 2442 bum
327 2412 363 2442 de
378 2410 546 2448 Muredine,
561 2409 656 2438 locum
672 2416 834 2444 tenentem,
852 2407 885 2437 &
901 2405 1058 2437 Amaldum
1081 2406 1166 2445 Bajuli
1187 2406 1297 2437 Procu⁴

235 2459 378 2487 satorem,
397 2449 466 2479 dieii
481 2448 602 2478 Domini
615 2446 703 2485 Regis
720 2445 940 2483 Majoricarum,
957 2446 1034 2513 Ἄυοά
1054 2445 1215 2476 concedatis
1236 2446 1298 2485 gui-

240 2489 363 2520 daticum
389 2487 575 2525 praedictum,
601 2495 637 2515 ne
658 2493 773 2523 propter
794 2483 939 2514 defec'tum
982 2484 1029 2514 iffi
1049 2483 1178 2523 guidatici
1236 2494 1295 2514 non

241 2527 365 2558 conceisi
380 2528 424 2557 seu
439 2525 550 2563 tardati,
569 2524 735 2562 praedictum
749 2523 897 2561 negotium
913 2531 1051 2552 remaneat
1065 2508 1255 2553 indiscussum.

279 2565 316 2596 Et
332 2565 495 2605 affignamus
506 2564 606 2599 vobis,
625 2561 750 2592 Arnaido
765 2560 867 2599 Bajuli,
886 2560 1066 2592 Procuratori
1080 2561 1149 2592 dieti
1172 2561 1296 2592 Domini

239 2603 327 2643 Regis
343 2604 563 2641 Major-icarum,
581 2601 656 2632 diem
670 2600 826 2637 Mercurii,
845 2601 1002 2637 proximam
1015 2608 1080 2630 ante
1093 2599 1216 2630 oetabas
1239 2599 1298 2629 Pu-

240 2643 400 2674 rificat'ionis
422 2643 510 2672 beata:
533 2640 636 2670 Mariie
651 2663 661 2678 ,
676 2639 745 2668 infra
765 2640 874 2667 tertiam
889 2661 899 2675 ,
923 2638 996 2676 apud
1017 2638 1215 2676 Perpinianum
1232 2661 1242 2675 ,
1267 2639 1297 2668 in

240 2680 376 2719 Capirulo
393 2680 518 2710 Fratrum
534 2677 751 2717 praedicatorum
765 2676 832 2718 dicti
847 2675 921 2714 loci,
941 2687 1038 2706 coram
1051 2677 1133 2707 nobis
1145 2676 1179 2705 ad
1194 2685 1296 2713 proce—

241 2720 366 2751 dendum
379 2721 408 2749 in
424 2718 502 2748 dicio
516 2718 649 2757 negotio,
667 2715 745 2753 quod
759 2715 840 2745 tuerit
856 2715 974 2744 rationis.

279 2758 318 2789 Et
333 2756 484 2789 confestim
498 2755 638 2795 praediffl,
653 2752 777 2793 jacobus
792 2752 827 2782 de
849 2752 999 2783 Muredine
1022 2752 1118 2792 miles,
1136 2761 1233 2784 tenens
1253 2752 1297 2784 lo-

242 2807 328 2835 cum,
349 2797 382 2827 &
399 2796 434 2826 A.
451 2795 552 2834 Bajuli‚
571 2794 742 2824 Procurator
755 2792 823 2821 dieti
835 2789 958 2821 Domini
972 2791 1059 2830 Regis
1072 2791 1277 2829 Majoricarum
1288 2815 1299 2829 ‚

242 2836 388 2872 dixerunt,
407 2836 438 2866 ὃς
453 2833 615 2864 obtulerunt
627 2831 653 2862 se
670 2831 760 2861 statim
773 2838 878 2871 paratos
894 2829 959 2860 dare
973 2830 1005 2860 δε
1026 2830 1185 2860 concedere
1198 2830 1299 2869 guida-

243 2875 351 2910 ticum,
369 2873 540 2904 &securum
555 2870 733 2902 conductum
746 2868 825 2898 dictis
840 2867 982 2899 Gentibus
997 2868 1122 2899 Domini
1136 2868 1246 2899 Alfonsi
1260 2869 1296 2899 de

242 2911 399 2950 Aragonii,
417 2911 449 2941 ad
470 2911 600 2940 notitiam
623 2910 655 2940 δε
677 2908 850 2939 voluntatem
871 2907 993 2947 ipsorum
1008 2907 1206 2938 Dominorum
1224 2906 1300 2937 Mis-

242 2950 338 2980 sorum
361 2960 408 2986 per
431 2948 628 2979 Illustriffimos
648 2947 794 2978 Dominos
815 2945 908 2984 Reges
930 2946 1106 2976 Francorum
1121 2947 1154 2977 δε
1168 2945 1196 2976 A
1245 2946 1299 2985 iae,

244 2987 319 3019 salvo
341 2987 446 3026 semper
459 2988 491 3018 ὃ(
505 2986 658 3025 protestato
671 2986 745 3026 prius
758 2984 835 3022 quod
851 2982 899 3021 ipsi
914 2995 973 3015 non
989 2984 1139 3016 intendunt
1149 2994 1214 3015 rece
1233 2994 1280 3014 ere
1289 3007 1299 3023 ,

247 3036 341 3065 neque
354 3027 381 3055 in
398 3026 491 3064 aliquo
507 3025 642 3061 derogare
655 3023 824 3054 ordinationi
837 3023 919 3053 sanstae
932 3024 1004 3053 inter
1017 3022 1169 3063 praedictos
1189 3022 1299 3053 Domi-

246 3075 299 3095 nos
313 3063 511 3102 Reges-‚proiit
523 3065 551 3092 in
565 3063 655 3093 litrera
669 3061 874 3092 commissionis
888 3060 957 3091 disti
973 3060 1099 3092 Domini
1114 3061 1204 3099 Regis
1213 3061 1300 3092 Fran-

247 3105 315 3141 ciE,
333 3102 414 3132 faciae
429 3102 562 3140 praediito
580 3102 710 3131 Domino
725 3100 753 3130 R
772 3101 798 3129 σί
814 3099 933 3139 Angliae.

284 3141 322 3171 Et
341 3149 438 3179 petunt
460 3140 475 3169 ἒι
497 3139 593 3178 vobis,
613 3139 746 3169 Domino
757 3111 878 3177 ‘Tacobo
896 3138 932 3169 de
952 3137 1108 3169 Muredine
1122 3137 1236 3177 Milite,
1250 3138 1297 3170 lo-

246 3190 313 3210 cum
333 3188 445 3209 tenente
465 3177 588 3208 Domini
612 3178 701 3214 Regis
722 3177 925 3216 Majoricarum
942 3201 951 3214 ,
971 3176 1051 3215 quod
1070 3187 1122 3208 vos
1143 3179 1252 3215 ponatis
1270 3179 1300 3208 in

246 3219 334 3248 littera
346 3217 477 3257 guidatici
492 3217 577 3247 verba
590 3226 653 3256 quie
665 3216 810 3254 sequntur,
826 3219 855 3244 in
867 3217 997 3245 veniendo
1011 3216 1085 3254 apud
1098 3218 1300 3254 Perpinr'anum,

249 3256 298 3286 vel
314 3258 353 3285 ad
371 3255 429 3285 alia
449 3254 506 3284 loca
519 3255 722 3293 Jurisdillioms
736 3255 800 3283 disti
814 3256 924 3283 Domini
937 3257 1015 3291 Regis
1031 3254 1247 3292 Majoricarum,
1263 3254 1305 3283 ad

247 3293 416 3325 venerabiles
433 3293 470 3328 &³
483 3294 604 3334 dffcretos
619 3295 699 3322 Viros
714 3296 830 3322 Nuntios
841 3291 951 3333 illustris
964 3296 1041 3330 Regis
1055 3291 1185 3330 Angliae,
1203 3292 1301 3324 dicen-

249 3341 289 3363 tes
309 3332 404 3371 quod,
423 3333 441 3363 si
461 3331 513 3363 ista
533 3332 620 3362 verba
641 3341 701 3361 non
716 3340 855 3369 ponantur
868 3332 897 3361 in
909 3331 1066 3371 guidatico‚
1084 3330 1205 3361 credunt
1222 3331 1301 3369 quod

248 3371 422 3402 Procurator
443 3369 512 3400 dieti
532 3369 620 3410 Regis
640 3369 790 3409 Aragoniae
811 3379 870 3399 non
891 3370 1028 3408 reputabit
1041 3369 1215 3414 guidaticum
1227 3368 1304 3401 suffi-

250 3411 342 3447 ciens,
361 3410 394 3440 &
410 3408 487 3447 quod
499 3419 558 3438 non
572 3418 712 3438 remaneat
725 3409 833 3438 ratione
846 3407 915 3437 dieti
929 3407 1085 3439 Guidatici.

290 3447 380 3477 Unde
393 3449 545 3485 imputetur
557 3447 638 3477 vobis
653 3447 671 3476 ii
680 3469 690 3485 ,
707 3456 821 3484 propter
836 3446 1059 3477 insufficientiam
1071 3445 1141 3476 dieti
1154 3446 1297 3485 guidatici,

253 3486 287 3516 &
307 3485 507 3516 obmiffionem
528 3485 654 3516 clausulae
673 3485 829 3522 confiietae,
857 3485 971 3521 praesens
992 3485 1139 3524 negotium
1162 3494 1303 3515 remanmt

254 3522 448 3565 indiscussum,
467 3525 590 3554 maxime
611 3533 696 3562 cum,
714 3524 770 3554 aliis
789 3523 913 3561 vicibus,
931 3524 1062 3554 consueta
1081 3523 1164 3554 fuerit
1185 3524 1255 3560 poni
1275 3524 1305 3553 in

254 3559 393 3603 guidatico
404 3562 519 3592 clausula
534 3561 675 3600 praeditfia.

258 3635 262 3640 ¹
294 3596 566 3640 Etd1&usJacobus
580 3600 615 3630 de
632 3600 784 3630 Muredine
796 3599 894 3630 locum
908 3608 1021 3638 tenens,
1040 3601 1074 3632 ὃς
1098 3598 1234 3629 Arnaidus
1254 3598 1306 3629 Ba-

254 3634 319 3671 Juli,
334 3634 500 3680 Procurator
513 3639 582 3669 dieti
593 3638 716 3668 Domini
737 3638 823 3677 Regis
847 3637 1066 3677 Majoricarum,
1083 3638 1210 3669 dixerunt
1229 3637 1305 3667 dieta

257 3672 341 3703 verba
355 3682 412 3702 non
424 3676 479 3705 esse
493 3677 622 3713 ponenda
636 3678 664 3706 in
677 3676 756 3707 dic'io
768 3676 926 3715 guidatic03

293 3708 352 3739 Pro
371 3721 406 3740 eo
427 3716 502 3749 quod
522 3715 616 3745 laxiori
637 3717 670 3746 δε
689 3714 818 3752 ampliori
838 3714 927 3744 forma
949 3714 1057 3745 dicium
1071 3713 1244 3754 guidaticum
1264 3712 1306 3744 est

253 3747 495 3792 t9n9effi1mm&
512 3752 545 3782 ad
567 3754 706 3791 majorem
726 3753 871 3783 utilitatem
890 3753 923 3783 ὃς
943 3753 1117 3784 securitatem
1135 3753 1306 3783 nunciorum

257 3785 326 3816 didit
340 3784 460 3815 Domini
473 3788 598 3828 Alfonsi3

292 3822 331 3853 Et
345 3823 474 3860 praedicta
487 3828 588 3865 verba,
607 3829 626 3858 si
642 3838 847 3866 apponerentur
870 3829 898 3858 in
918 3829 998 3860 ἀίἑὶο
1017 3829 1177 3869 guidadco,
1195 3827 1307 3865 possent

114 3864 241 3898 ‘'H-467·
257 3860 313 3891 effe
326 3860 516 3898 PsaejUdiCialia
528 3864 659 3897 Domino
676 3868 704 3897 R
723 3869 751 3897 cyi
766 3867 966 3904 Majoricarum
980 3869 1013 3899 ὃς
1029 3869 1047 3888 *
1063 3867 1238 3906 derogatoria
1257 3875 1306 3895 or-

254 3899 407 3940 dinationi,
424 3898 505 3928 fa'etae
519 3902 588 3931 inter
603 3904 718 3934 illustres

252 3937 261 3944 t
423 3937 427 3942 .
765 3907 879 3936 ominos
890 3905 985 3945 Reges
999 3906 1022 3937 F
1023 3907 1126 3938 ranciae
1137 3905 1172 3937 &
1184 3903 1306 3943 Angliae,

252 3946 268 3966 a
283 3947 337 3974 qua
348 3947 409 3968 non
420 3937 567 3968 intendunt
580 3941 715 3973 recedere.

689 36 1490 91 CONVENTIONES,
1544 34 1925 88 LITERAE‚

1341 122 1601 162 verumptamen,
1627 124 1647 154 fi
1669 123 1743 154 miffi
1765 133 1814 162 per
1833 123 1982 154 Dominos
2004 119 2051 152 Re
2071 120 2099 152 es
2120 119 2247 153 Franciae
2264 121 2299 154 δε
2319 121 2382 153 Ari-
2398 126 2475 160 Am,
2488 117 2533 163 1),ss

231 179 295 217 gliae
309 188 343 208 ex
356 179 453 214 altera,
471 177 549 215 super
563 175 620 204 hoc
636 174 724 202 extitit
734 171 975 208 ordinatum3nec
990 170 1026 199 ab
1040 168 1094 206 ipsa
1105 169 1283 199 ordinatione
1321 161 1385 201 gliae
1400 162 1575 206 'cognoscant
1595 161 1640 192 illa
1660 163 1761 200 verba,
1780 162 1827 193 vel
1845 162 1896 192 alia
1917 170 2049 205 apponen
2311 200 2317 206 ι
2537 198 2545 201 ..

1322 209 1407 238 parati
1421 200 1523 231 fuerint
1537 199 1582 230 illa
1593 210 1700 238 ponere
1713 200 1867 231 secundum
1880 199 2090 230 ordinationem
2103 199 2137 229 &
2158 207 2289 229 notitiam
2310 199 2385 238 ipso·
2403 210 2471 240 Edu·
2490 219 2513 238 ι,
2539 208 2541 211 ·

1324 248 1397 268 rum.

1362 275 1400 306 Et
1413 274 1482 306 dieti
1495 276 1690 307 Commissarii
1705 277 1774 307 dieti
1789 276 1912 308 Domini
1925 275 2013 315 Regis
2034 274 2147 316 Angliae
2167 274 2298 307 dixerunt
2315 283 2389 314 prae-

1327 315 1403 345 dici-a
1422 316 1507 344 verba
1527 316 1556 344 in
1575 314 1654 345 dieto
1676 315 1818 354 guidatico
1833 315 1937 345 debere
1951 314 2036 353 poni,
2054 324 2123 345 cum
2138 314 2200 344 alias
2211 315 2241 350 in
2255 315 2390 345 consimi-

1328 353 1400 383 libus
1418 353 1563 392 guidaticis
1606 354 1635 383 in
1657 353 1786 391 processu
1808 354 1946 391 praesentis
1967 363 1986 383 n
2022 354 2088 392 otii,
2106 352 2193 391 posita
2215 352 2337 391 fuerint3
2355 353 2390 385 &

1329 393 1470 435 maxime,
1488 401 1557 421 cum
1568 376 1743 422 Procurator
1756 393 1826 422 dieti
1847 392 1970 423 Domini
1988 361 2080 431 {egis
2100 391 2142 422 Ar
2177 393 2252 422 oniae
2273 399 2393 422 vocatus

1328 429 1429 497 fuerit,
1447 439 1496 467 per
1509 429 1599 460 solum
1613 429 1729 468 Regem
1743 430 1853 470 Angliae
1865 430 2074 469 supradiCmtn,
2092 429 2127 460 ad
2169 430 2240 461 ieros
2258 430 2335 461 diem
2355 430 2391 462 &-

1339 478 1437 498 ocum.

1369 505 1452 549 Diffi
1467 516 1556 545 vero,
1570 505 1669 537 locum
1685 514 1782 537 tenens
1797 507 1832 538 &
1853 506 2024 538 Procurator
2056 505 2187 537 dixerunt
2207 505 2303 546 quod,
2319 506 2393 539 salva

1331 544 1419 611 gratia
1432 544 1578 575 diffitorum
1593 544 1760 584 missorum,
1770 555 1827 589 'per
1850 544 2014 589 Dominum
2029 531 2151 585 'Regem
2172 544 2301 585 Angfiae,
2318 555 2393 584 prae-

1352 583 1406 613 ieta
1419 584 1503 627 yerba
1515 592 1575 612 non
1589 582 1695 613 debent
1708 593 1777 621 poni
1789 593 1818 613 in
1832 582 1910 614 dicto
1922 584 2081 624 guidatico3

1368 621 1463 660 Qua,
1482 621 1500 652 si
1522 631 1622 652 verum
1640 621 1724 660 esset,
1743 621 1822 661 quod
1842 623 1871 652 in
1894 622 2028 653 similibus
2042 621 2188 660 guidaticis
2202 621 2292 653 essent
2304 622 2394 660 pofim

1329 659 1374 689 illa
1394 660 1494 698 verba,
1512 668 1581 690 tunc
1603 669 1664 690 non
1684 668 1741 690 erat
1757 660 1935 700 ordinatum,
1952 660 2031 699 quod
2051 669 2147 701 gentes
2162 659 2252 701 Regis
2266 660 2393 692 Francia

1330 699 1365 728 &
1387 698 1498 738 Angliae
1520 698 1601 729 simul
1618 699 1760 736 praedi&ae
1781 698 1922 738 apprime,
1937 699 1984 730 seu
2007 699 2200 730 informationi
2214 699 2392 738 interessent,

1329 737 1363 767 &
1385 736 1585 774 producendos
1605 736 1687 767 testes
1707 737 1789 767 simul
1810 737 1953 775 audirent,
1970 738 2079 769 &alias
2095 739 2175 769 simul
2186 738 2311 770 facerent
2324 747 2390 777 quae

1329 775 1489 844 icpieitiegtssio
1503 784 1685 843 occurrfirent
1699 775 1842 814 facienda,
1859 775 1930 807 ficut
1941 775 2038 814 postea
2052 778 2140 808 exurit
2161 776 2323 808 ordinatum
2342 786 2392 816 per

1351 891 1355 896 .
1370 824 1422 883 Ecgs
1431 823 1719 884 dieciingginmeiigigii’i
1737 853 1766 883 in
1782 853 1843 892 jam
1858 851 2008 891 propositis
2020 862 2071 893 pei·
2082 863 2131 885 eos
2144 853 2340 893 perstiterunt,
2355 853 2392 884 ab

1331 900 1370 921 eis
1384 891 1538 922 nullatenus
1550 889 1720 921 recedendo.

1369 966 1493 1007 Adsum,
1512 968 1707 1007 praesentibus,

1369 1047 1494 1075 Dominis
1511 1047 1655 1084 Berengor.
1674 1044 1792 1076 Abbate
1808 1044 1903 1076 Sani-''t'i
1916 1044 2062 1075 Michaelis
2072 1044 2104 1075 de
2121 1045 2263 1087 Coyffieno,

1369 1086 1467 1114 Pontio
1482 1085 1607 1122 Sagarda
1622 1084 1734 1123 Milite,

1371 1122 1513 1162 Magistris
1524 1122 1633 1162 Jacobo
1647 1124 1679 1154 de
1692 1126 1815 1162 Bruicz,

1368 1163 1405 1190 Ρ.
1423 1163 1455 1191 de
1473 1162 1624 1202 Wallibus,

1370 1202 1482 1237 Rogerio
1500 1200 1626 1241 Silvestri
1641 1200 1777 1239 Angliw,

1368 1240 1514 1269 Armando
1528 1241 1560 1269 de
1573 1239 1735 1279 Pellagrua,
1753 1237 1878 1277 Clericis,

1369 1277 1507 1307 Michaele
1520 1277 1651 1309 Rotlandi
1664 1281 1783 1308 Notario
1795 1279 1976 1317 perpiniano,

1371 1317 1457 1385 Rbde
1472 1316 1570 1386 gotis,
1587 1318 1621 1362 ὃς
1636 1317 1760 1356 pluribus
1773 1316 1848 1355 aliis,
1865 1315 1984 1347 Clericis
1999 1315 2033 1347 &
2052 1314 2171 1356 Laycis‚
2188 1315 2297 1349 vocatis
2315 1315 2394 1349 testi-

1430 1365 1460 1385 us
1522 1365 1633 1395 rogatis.

1371 1431 1440 1472 Qa
1460 1432 1506 1463 die
1527 1432 1668 1464 Mercurii
1684 1432 1753 1464 dieti
1775 1432 1901 1463 Domini
1924 1431 2056 1473 Magistri
2079 1431 2226 1471 Johannes
2254 1431 2291 1463 de
2313 1432 2394 1472 Lacy

1334 1469 1525 1502 Cancellarius
1540 1470 1741 1511 Cicestrensis‚
1755 1471 1903 1510 Johannes
1918 1469 2033 1501 Girardi
2047 1470 2239 1502 Cancellarius
2253 1470 2391 1502 Ecclesiae

1333 1509 1431 1540 Sandti
1446 1510 1573 1541 Severini
1587 1510 1810 1552 Burdegaleniis‚
1828 1510 1863 1541 &
1884 1508 1930 1540 Ra
1949 1508 2071 1540 mundus
2091 1508 2127 1540 de
2145 1509 2281 1548 Finibus,
2296 1509 2395 1541 Com-

1335 1548 1450 1579 missarii
1465 1549 1589 1580 Domini
1603 1549 1693 1587 Regis
1706 1549 1818 1589 Angliae
1832 1547 1920 1588 praedi
1939 1549 1976 1587 ti,

1379 1587 1524 1618 Venerunt
1535 1588 1570 1618 ad
1585 1587 1695 1619 diffisum
1708 1587 1874 1626 Capitulum
1888 1586 2017 1618 Fratrum
2031 1585 2251 1625 praedicatorum
2258 1585 2409 1626 Perpinia}

1336 1627 1365 1656 ni
1400 1626 1471 1657 infra
1485 1626 1591 1658 didiam
1604 1627 1705 1658 horam
1719 1628 1846 1664 tertiam,

1374 1649 1558 1710 Praesentibus
1573 1665 1694 1697 discretis
1709 1665 1788 1709 viris,
1808 1662 1949 1709 Dominis
1958 1663 2135 1703 Reymundo
2149 1663 2185 1695 de
2200 1662 2316 1710 Monte¹
2328 1663 2353 1695 F
2353 1674 2398 1696 er-

1336 1703 1612 1787 agathias
1629 1703 1665 1787 ξ
1691 1702 1865 1787 siin
1903 1701 2398 1786 υξξέξξξξξξκξξξξξ

1338 1791 1408 1811 mini
1429 1781 1566 1819 Alphonii
1586 1782 1673 1821 Regis
1695 1780 1862 1821 Aragoniae,
1878 1780 1912 1811 &
1933 1780 2002 1810 Am.
2019 1778 2104 1819 BaJuli
2125 1779 2315 1811 Procuratore
2332 1779 2400 1811 Do-

1338 1821 1408 1850 mini
1422 1819 1509 1860 Regis
1525 1819 1730 1859 Majoricarum
1745 1819 1872 1858 praedieti

1377 1858 1414 1889 Et
1428 1858 1556 1889 dixerunt
1573 1858 1650 1898 quod
1666 1858 1851 1889 Reverendus
1862 1842 1945 1888 P⁷ater
1958 1856 2121 1896 Dominus,
2133 1855 2307 1888 Willielmus
2341 1855 2403 1888 Det

1338 1897 1424 1942 gratis
1443 1897 1544 1928 Sarum
1569 1897 1743 1941 Episcopus,
1762 1898 1810 1936 qui
1829 1897 1935 1940 primus
1959 1894 2193 1940 &lPrincipalior
2204 1895 2248 1926 est
2261 1896 2291 1926 in
2303 1881 2400 1926 Gom-

1339 1936 1470 1967 miffione
1486 1936 1591 1974 praefati
1607 1936 1732 1967 Domini
1748 1935 1835 1976 Regis
1849 1935 1960 1975 Anglioe
1974 1944 2011 1965 eis
2025 1934 2115 1972 facta,
2133 1935 2181 1972 qui
2200 1933 2312 1965 adversa
2334 1944 2401 1965 cor-

1336 1976 1413 2012 'poris
1429 1974 1580 2006 valitudine
1591 1974 1736 2014 detentus,
1755 1976 1785 2004 in
1798 1973 1844 2004 via
1859 1974 2040 2011 remanserat,
2059 1981 2117 2003 erat
2131 1971 2202 2003 adeo
2226 1982 2280 2011 pro
2301 1973 2403 2013 inquus

1338 2015 1367 2043 in
1382 2013 1526 2044 veniendo
1540 2013 1614 2052 apud
1629 2013 1844 2051 perpinianum,
1863 2011 1943 2051 quod
1955 2011 2063 2042 ibidem
2079 2011 2148 2041 infra
2163 2021 2266 2049 paucos
2279 1983 2337 2042 dies
2347 2022 2403 2051 po-

1337 2061 1406 2084 terat
1417 2052 1493 2083 suam
1507 2052 1679 2093 praesentiam
1694 2052 1843 2090 exhibere,
1858 2060 1938 2082 tanto
1959 2052 2077 2091 negotio
2096 2049 2194 2081 utilem
2216 2050 2250 2081 &
2270 2049 2402 2081 fructuo-

1339 2091 1412 2129 sam,
1431 2101 1545 2129 propter
1559 2090 1758 2122 discretionem
1772 2091 1805 2122 &
1818 2089 2014 2120 auetoritatem
2028 2089 2119 2128 ipsius.

1376 2129 1415 2160 Et
1428 2153 1437 2168 ,
1461 2129 1498 2160 de
1517 2131 1664 2160 voluntate
1684 2130 1806 2167 ipsorum
1847 2136 2044 2159 rocuratorum
2057 2151 2067 2166 ,
2091 2126 2267 2165 expestantes
2287 2125 2401 2158 dietum

1339 2168 1503 2199 Dominum
1519 2168 1544 2199 E
1566 2168 1693 2206 iscopum
1709 2168 1794 2205 usque
1807 2139 1845 2197 ad,
1853 2166 1929 2196 diem
1947 2166 2064 2210 'Sabbati
2081 2165 2241 2204 sequentem
2252 2189 2262 2204 ,
2283 2164 2329 2196 ass
2351 2175 2399 2196 na—

1338 2216 1441 2238 verunt
1463 2207 1524 2245 ipsis
1546 2179 1782 2238 i³rocumtoribus
1805 2205 1910 2236 distam
1924 2204 2001 2235 diem
2015 2204 2129 2235 Sabbati
2143 2205 2172 2234 in
2186 2202 2320 2242 Capitulo
2358 2214 2399 2235 ra-

1338 2254 1414 2277 trum
1428 2246 1647 2284 praedicatorum
1662 2244 1805 2277 antedicto
1818 2244 1852 2275 ad
1867 2244 2029 2275 faciendum
2044 2241 2122 2282 quod
2131 2241 2236 2282 justitia
2247 2241 2380 2274 suaderet.

1374 2323 1483 2355 At‘tum
1491 2347 1501 2363 ‚
1519 2322 1708 2363 presentibus,

1374 2399 1515 2441 Magistris
1530 2403 1562 2430 P.
1580 2401 1612 2431 de
1626 2399 1774 2440 Wallibm,

1372 2441 1472 2476 Rogero
1485 2438 1610 2508 Silvssri
1627 2439 1758 2478 Anglico,

1374 2479 1521 2508 Armando
1555 2490 1570 2508 e
1583 2478 1733 2516 Pelagrua,
1753 2476 1878 2516 clericis,

1372 2516 1511 2546 Michaele
1525 2516 1658 2548 Rotlands'
1678 2520 1797 2547 Notario
1811 2517 1985 2554 Perpim'am',

1374 2557 1406 2584 P.
1414 2556 1460 2624 bde
1473 2555 1572 2626 gotis,
1591 2557 1624 2588 δε
1639 2557 1764 2594 pluribus
1777 2555 1850 2593 aliis,
1870 2553 1989 2586 Clericis
2003 2552 2037 2585 &
2052 2552 2172 2593 Laycis‚
2189 2551 2298 2585 vomtis
2322 2551 2400 2585 testi-

1435 2604 1465 2624 us
1527 2604 1637 2634 rogatis.

1377 2669 1445 2710 Qia
1459 2670 1504 2701 die
1516 2671 1628 2701 Sabbati
1642 2670 1707 2709 post
1721 2670 1845 2701 oetabas
1868 2668 2074 2700 Purificationis
2094 2669 2184 2699 beatae
2201 2667 2322 2706 Mariae,
2339 2667 2402 2698 Re-

1337 2709 1476 2752 verendus
1491 2709 1573 2739 Pater
1588 2709 1735 2739 Dominus
1746 2708 1789 2738 W
1791 2707 1918 2751 illielrnus
1933 2707 2033 2738 Sarum
2048 2706 2074 2735 E
2095 2707 2220 2744 iscopus,
2236 2706 2271 2737 ὅτ
2288 2704 2399 2746 Magis-

1337 2746 1674 2816 chhusE‘iL
1685 2715 2402 2822 assessi{izzfflffirsssea‘ffidffsrni}

1337 2824 1408 2863 bus,
1426 2823 1623 2855 Commiffarii
1637 2823 1706 2853 diesi
1722 2822 1844 2853 Domini
1858 2821 1947 2861 Regis
1960 2821 2070 2865 Angliae
2085 2805 2223 2851 ver'ierunt
2258 2821 2330 2851 infra
2343 2828 2402 2851 ter·

1338 2863 1407 2893 tiam
1422 2887 1431 2901 ‚
1456 2862 1490 2892 ad
1511 2862 1621 2906 dietum
1643 2861 1811 2900 Capitulum
1832 2859 1854 2890 F
1869 2869 1962 2891 atrurn
1983 2859 2202 2898 praedicatorum
2213 2844 2402 2904 Papiniani,

1359 2901 1517 2932 raesentibus
1538 2900 1618 2931 dietis
1643 2900 1779 2931 Dominis
1799 2898 1831 2930 B.
1868 2909 1884 2929 e
1906 2898 2146 2937 Monteferrario,
2171 2897 2285 2936 Milite,
2308 2898 2342 2929 &
2365 2896 2400 2928 P.

1338 2911 1515 2971 Radimundi
1531 2939 1634 2978 Judi'ce
1653 2938 1819 2970 Carcaffon.
1837 2937 1870 2968 &
1891 2937 2025 2969 Domino
2037 2937 2151 2976 Jacobo
2174 2936 2211 2967 de
2233 2935 2404 2967 Comiliano

1341 2979 1532 3009 Procuratore
1545 2977 1614 3009 dicti
1630 2977 1753 3009 Domini
1766 2976 1903 3014 Alphonsi
1916 2976 2006 3020 Regis
2020 2975 2189 3015 Aragoniae,
2206 2975 2240 3007 &
2260 2974 2332 3006 Arri.
2350 2973 2404 3006 Ba-

1336 3017 1388 3057 juli
1403 3016 1592 3047 Procuratore
1603 3016 1672 3047 dieti
1689 3015 1811 3046 Domini
1822 3015 1910 3055 Regis
1923 3014 2145 3054 Majoricarum,

1377 3055 1416 3086 Et
1436 3055 1566 3086 dixerunt
1584 3055 1678 3093 quod,
1696 3064 1765 3085 cum
1785 3053 1876 3084 diCtus
1894 3053 2041 3084 Dominus
2053 3053 2210 3092 Episcopus
2223 3051 2292 3083 effet
2304 3051 2403 3092 fatiga-

1341 3103 1400 3134 tus,
1417 3104 1469 3134 pro
1490 3102 1532 3124 ter
1545 3094 1594 3124 lon
1615 3094 1751 3124 itudinem
1765 3092 1892 3131 Itineris,
1910 3093 1943 3124 &
1958 3092 2130 3123 debilitatem
2144 3101 2198 3130 pro
2219 3092 2252 3121 rii
2265 3091 2405 3129 corporis,

1341 3135 1375 3166 &
1397 3143 1457 3163 non
1478 3141 1528 3162 um
1546 3132 1587 3162 fui
1610 3140 1638 3163 et
1664 3132 1747 3170 plene
1761 3130 1912 3162 instrudtus
1925 3131 2016 3162 dictus
2030 3130 2176 3161 Dominus
2190 3101 2346 3174 §piscopus
2358 3128 2405 3173 su-

1362 3183 1391 3203 er
1404 3171 1535 3209 processu
1549 3171 1656 3211 negotii
1670 3170 1818 3209 antediffi,
1835 3169 2040 3210 assignaverunt
2053 3169 2130 3200 diem
2137 3167 2297 3199 Crastinam
2319 3167 2404 3198 dietis

1342 3183 1588 3247 Procuratoribus,
1613 3211 1642 3239 in
1663 3209 1743 3239 dieto
1763 3207 1898 3246 Capitulo
1919 3208 2049 3239 Fratrum
2071 3206 2307 3246 praedioetorum,
2331 3205 2404 3238 infra

1343 3251 1471 3286 tertiam,
1491 3247 1525 3278 ad
1540 3247 1704 3278 faciendum
1718 3247 1796 3286 quod
1806 3246 1918 3286 Justitia
1930 3246 2059 3278 suadebit.

1380 3327 1400 3346 *
1420 3324 1529 3356 Actum
1542 3323 1743 3364 Praesentibus,

1382 3401 1523 3441 Magistris
1542 3404 1575 3431 R.
1595 3401 1727 3442 Toylano,

1382 3446 1440 3473 Ar.
1460 3443 1551 3470 Pontii
1567 3441 1598 3470 de
1616 3443 1780 3478 Aragonia,

1380 3484 1480 3518 Rogero
1498 3478 1622 3547 Silvhrstri
1632 3505 1642 3518 ‚

1383 3522 1416 3549 P.
1435 3519 1466 3548 de
1483 3516 1556 3546 Valli
1574 3528 1622 3556 us,

1379 3556 1512 3596 Johanne
1531 3556 1563 3585 de
1580 3559 1699 3594 Cantia,

1382 3597 1508 3624 Dominis
1525 3594 1659 3632 Stephano
1678 3597 1709 3624 de
1727 3594 1897 3633 Raunsberi,

1384 3633 1518 3671 Gaufi·ido
1536 3632 1568 3661 de
1586 3632 1705 3662 Hicham
1723 3632 1887 3673 Presbetyris
1905 3628 2102 3669 Anglicormng

1382 3671 1530 3738 piratam?
1547 3671 1578 3700 de
1597 3670 1759 3710 Pellagrua,
1776 3671 1902 3709 clericis,

1410 3732 1416 3738 .
1453 3720 1466 3738 e
1486 3713 1508 3738 C
1518 3713 1568 3737 otis

1388 3749 1422 3776 P.
1420 3747 1472 3816 εἶτα
1490 3733 1625 3779 mnf&
1646 3747 1771 3787 pluribus
1791 3747 1848 3778 aliis
1870 3745 1989 3777 creticis
2009 3745 2043 3776 sc
2065 3742 2160 3774 Laicis
2172 3739 2279 3773 voeatis
2291 3738 2408 3776 testibus

1469 3794 1578 3825 rogatis.

1364 3861 1457 3930 ’(ἲῆ
1477 3861 1523 3892 die
1539 3861 1686 3901 Crastina,
1703 3862 1849 3907 videlicet,
1870 3869 1915 3891 12.
1933 3858 1980 3904 die
2000 3853 2136 3898 Introitsis
2157 3853 2264 3886 Menfis
2279 3853 2404 3886 Februa-⁸

1347 3910 1396 3937 rii,
1446 3901 1598 3931 everendus
1619 3901 1701 3932 Pater
1721 3900 1868 3931 Dominus
1887 3896 2061 3929 Willielmus
2071 3893 2224 3930 Episcopus
2237 3893 2352 3932 Sarum,
2367 3894 2403 3925 &

1347 3938 1478 3978 Magistri
1495 3938 1639 3977 ‚lohannes
1658 3940 1695 3971 de
1716 3938 1794 3977 Lacy
1816 3936 2004 3969 cancellarius
2023 3930 2206 3963 Cicestrenfis
2223 3955 2234 3971 ,
2258 3932 2405 4001 Johangeiff

2104 160 2133 189 in
2147 160 2363 204 ipso-guidatico
2371 185 2381 200 ,
2420 176 2507 208 1290.

2417 3310 2545 3347 ·1i.4⁶s.
