2570 4261
695 148 802 192 ‘ET
884 149 1147 193 ACTA

0 248 34 270 m.
47 233 88 265 D·
109 238 161 268 ciae
180 234 391 276 supmdffium,
414 237 449 268 ita
468 234 545 276 quod
564 238 717 268 voluntates
741 238 869 268 omnium
889 236 1050 267 nostrorum
1072 237 1159 267 essent

0 276 63 308 280.
109 278 254 306 unanimes
268 278 301 308 &
317 276 474 307 concordes
487 277 520 307 ad
535 276 591 306 Dei
608 277 713 308 servitia
727 298 736 312 ,
759 278 793 306 &
809 276 946 305 honorem
966 276 1077 306 Sanciae
1094 274 1160 304 Ma*

0 326 22 345 ν.
34 323 56 341 ¹·
108 315 156 344 tris
169 313 318 352 Ecclesiae,
337 315 370 344 &
383 316 465 345 etiam
477 315 510 344 ad
526 315 669 344 utilitatem
685 313 894 344 Christianitatis
904 315 1003 352 totius,

144 352 214 383 Nos
228 375 238 390 ,
259 354 429 383 attendentes
447 353 552 382 bonam
574 352 744 383 voluntatem
763 352 795 382 &
814 352 993 382 affectionem
1008 352 1160 387 sinceram,

129 400 192 420 uam
206 391 276 430 gerit
287 391 361 420 idem
383 390 448 421 Rex
466 388 576 429 Angliae
597 392 624 421 in
649 389 787 427 praedietis
800 412 809 428 ,
830 389 1030 419 conriderames
1050 397 1161 426 quoque

105 399 235 459 debitum
251 429 284 458 &
297 438 440 465 amorem,
458 438 522 465 quae
536 429 618 458 habet
632 438 698 458 cum
715 428 796 466 Rege
812 427 935 458 Franci-ae
950 430 1047 465 pariter
1060 429 1093 458 &
1108 435 1161 455 no-

108 467 216 497 biscum
226 489 236 504 ,
252 474 347 504 preces
359 467 415 496 suas
430 468 458 495 in
475 466 528 496 hac
544 475 619 504 parte
632 467 758 496 duximus
773 465 967 496 admittendas·

145 505 181 535 Et
196 504 260 534 ideo
276 526 285 542 ,
308 511 405 533 tenore
423 503 521 534 litterae
537 503 641 534 nostrae
657 504 793 543 praesentis
807 527 817 541 ,
842 504 933 533 eidem
955 488 1029 543 Regi
1048 501 1159 541 Angliae

106 542 223 580 damus,
239 550 323 579 atque
338 542 520 572 concedimus
534 542 641 579 plenam
655 544 688 572 &
705 542 818 572 liberam
834 542 998 579 potestatem
1012 541 1161 576 inheundi,

107 581 142 611 ἃς
158 580 242 610 dandi
257 588 397 619 treugam,
415 590 467 619 pro
481 580 577 618 nobis,
597 581 629 610 ὃς
644 579 741 609 nostris
751 603 760 617 ,
779 579 930 619 nostrisque
944 580 1066 618 Regnis,
1085 579 1160 616 Regi

109 615 251 656 Franciae,
266 618 299 648 &
312 619 377 656 luis,
395 618 428 649 ὅ(
442 617 547 657 Regno
555 617 710 656 Navarrae3
726 619 757 648 ὅ(
773 619 892 648 {imiliter
907 619 1057 658 recipiendi
1070 618 1105 648 ab
1120 618 1161 653 ‘tp-

109 658 140 687 so
152 656 234 695 Rege
249 656 374 687 Franciae
387 665 439 694 pro
451 657 494 694 se,
511 666 544 686 ac
566 656 631 693 suis,
651 658 684 686 &
705 656 809 699 Regno
828 657 965 687 Navarrae
978 680 987 694 ,
1011 657 1108 693 nobis,
1128 656 1160 685 ὃς

108 693 224 733 nostris,
241 695 391 725 nostrisoue
405 694 529 733 Regna,
546 702 668 733 treugam
688 695 878 732 consimilem,
896 694 1050 725 duraturam
1068 695 1101 724 &
1114 704 1163 723 va-

109 732 218 763 lituram
231 732 314 772 usque
328 725 361 763 ad
376 742 465 763 unum
483 742 605 771 annum,
623 733 798 770 completum
833 734 875 762 ost
893 732 1005 762 Festum
1021 733 1164 762 Nativita-

107 773 140 801 tis
150 771 272 801 Domini
284 772 416 810 proximo
431 778 596 808 venturum·⁷
615 772 648 801 &
664 771 772 801 ulterius
788 743 831 801 ad³
838 779 945 801 tantum
960 772 1092 809 temporis
1105 770 1163 809 spa-

111 810 198 847 tium,
216 818 350 847 quantum
363 809 439 839 idem
456 809 519 838 Rex
533 809 643 848 Angliae
661 810 821 839 intellexerit
835 809 895 839 fore
910 809 1070 840 rationabile
1083 818 1164 846 atque

110 850 300 885 conveniens,
317 847 336 876 si
347 847 375 876 id
388 846 500 877 evidens
514 847 655 877 necetlitas
670 848 820 885 postularit.

146 885 188 915 Ita
202 894 295 915 tamen
308 894 403 924 treuga
417 885 446 916 sit
457 885 572 924 eadem,
588 886 620 916 ὃ(
636 886 737 916 eodem
753 887 841 916 modo
856 886 940 924 polita
956 909 965 923 ,
989 895 1055 916 cum
1070 893 1165 923 treuga

112 923 173 961 illa,
189 933 252 961 quae
263 923 370 954 dudum
387 924 438 953 fuit
452 933 598 961 procurata
612 926 645 954 &
661 924 732 954 facta
745 934 792 961 per
807 925 918 954 fratrem
930 923 1089 961 Johannem
1099 921 1166 952 Ma-

109 962 226 1001 gistrum
241 962 344 993 ordinis
358 961 485 992 Fratrum
495 962 729 1000 Praedicatorum,
747 963 779 992 &
796 970 843 999 per
856 963 1042 994 venerabilem
1054 960 1166 991 Patrem

112 1002 236 1032 Fratrem
247 1000 426 1039 Jeronimum
440 1000 550 1031 Sanetae
565 1000 715 1030 Anastasiae
737 1001 932 1039 Cardinalem,
951 1010 1018 1031 tunc
1034 1000 1167 1038 temporis

113 1040 132 1059 ⁵*
146 1039 249 1069 ordinis
262 1037 389 1068 Fratrum
404 1037 554 1069 Minorum
594 1039 730 1069 eneralem
750 1038 935 1077 Ministrum3
960 1039 1026 1077 qui,
1045 1048 1080 1068 eo
1094 1047 1166 1067 tem-

111 1087 197 1116 pore,
215 1085 292 1106 erant
305 1076 373 1107 sedis
387 1076 562 1114 Apostolicae
616 1079 691 1107 uncii
705 1100 714 1115 ,
739 1077 890 1117 specialiter
905 1077 1033 1107 destinati
1048 1077 1081 1106 ad
1096 1084 1167 1105 trac-

113 1115 232 1147 tandum
245 1115 281 1144 de
295 1123 365 1152 pace
382 1124 464 1155 atque
483 1116 637 1146 concordia
657 1117 729 1145 inter
742 1124 794 1145 nos
807 1117 839 1146 δε
854 1116 967 1154 Regem
982 1116 1107 1145 Franciae
1121 1114 1168 1143 fae-

114 1154 280 1193 pedictumz,
299 1154 378 1191 cujus
390 1154 505 1190 quidem
518 1163 621 1193 treugae
635 1154 783 1184 “aetatum
799 1155 831 1184 &
852 1162 983 1183 tenorem
998 1154 1027 1182 in
1045 1153 1168 1191 scriptis,

113 1192 208 1222 eidem
223 1190 300 1231 Regi
313 1191 442 1231 Angliae,
460 1192 550 1231 sigillo
571 1191 669 1222 nostro
687 1192 826 1229 pendente
846 1192 1057 1222 transmittimus
1072 1190 1170 1229 sigilla-

114 1240 193 1262 tum·

152 1254 353 1299 Pr’omittentes
366 1268 441 1299 bona
454 1269 525 1307 fide,
543 1269 576 1299 ὃς
593 1269 648 1298 sine
661 1268 756 1305 fraude
771 1269 804 1299 ὃς
817 1268 886 1298 dolo
902 1292 912 1307 ,
934 1267 1011 1308 quod
1025 1275 1149 1307 treugam
1158 1289 1168 1304 ,

114 1318 201 1346 quam
217 1307 294 1337 idem
310 1307 375 1337 Rex
388 1307 500 1346 Angliae
512 1308 585 1336 inter
599 1316 651 1336 nos
664 1307 698 1336 &
713 1306 824 1346 Regem
840 1307 965 1336 Franciae
984 1307 1079 1336 fecerit
1094 1328 1104 1342 ,
1129 1305 1169 1334 se-

114 1346 243 1376 cundum
258 1345 384 1375 formam
397 1345 549 1382 expressam
564 1344 699 1382 superius,
714 1344 874 1374 tenebimus
893 1347 925 1375 ὀί
940 1344 1168 1381 observabimus,

113 1394 231 1424 eamque
243 1384 331 1413 teneri
344 1384 377 1414 ὅ(
390 1383 530 1413 observari
544 1381 660 1411 firmiter
674 1384 829 1421 faciemus,
847 1391 930 1420 prout
950 1383 1032 1413 decet
1047 1383 1079 1412 ὃς
1096 1391 1168 1411 con-

113 1423 191 1452 venit
205 1431 299 1453 tenere
312 1427 440 1459 treugam
456 1421 489 1451 &
505 1421 590 1450 etiam
602 1420 754 1450 observare.

150 1460 204 1497 Et,
221 1460 257 1498 si,
275 1459 391 1489 durante
405 1467 515 1502 treuga,
531 1458 627 1497 aliquis
638 1458 822 1489 Vassallorum
837 1457 1018 1497 nostrorum,
1036 1466 1168 1497 tanquam

112 1498 189 1529 falsus
210 1498 244 1528 &
265 1496 349 1527 nobis
368 1495 503 1534 infidelis,
519 1495 602 1527 istam
623 1505 747 1536 treugam
769 1497 937 1536 attemptarit
957 1498 1105 1536 infringere
1125 1497 1170 1526 vel

113 1537 210 1567 venire
226 1543 325 1566 contra
342 1545 405 1565 mm
424 1535 542 1572 illicite,
558 1536 744 1566 concedimus
762 1544 845 1574 atque
866 1537 1075 1574 promittimus,
1092 1535 1170 1574 quod

115 1574 206 1614 ipsum
226 1574 256 1603 in
277 1573 392 1610 persona
410 1574 444 1603 ὃς
466 1574 546 1603 rebus
566 1574 685 1613 graviter
704 1575 869 1612 puniemus,
889 1575 922 1605 &
944 1575 1029 1604 etiam
1050 1575 1171 1611 dampna

113 1614 249 1644 faciemus
264 1612 385 1648 plenarie
399 1611 551 1641 emendari.

151 1651 237 1681 Istam
251 1649 387 1689 siquidem
402 1649 586 1688 potestatem,
605 1650 812 1688 praeexpressam
827 1651 964 1691 superius,
981 1650 1078 1681 damus
1091 1659 1173 1688 atque

114 1689 301 1719 concedimus
322 1687 367 1717 Re
386 1689 396 1718 1’
415 1688 527 1727 Angliae
545 1688 702 1724 supradieto
714 1712 722 1726 ,
750 1690 913 1719 dummodo
931 1690 1092 1727 saepeditstus
1108 1688 1172 1718 Rex

116 1727 242 1757 Franciae
252 1726 352 1762 nobis,
407 1726 688 1764 nostris,n0strisque
703 1727 821 1766 RegniS,
828 1737 880 1765 pro
894 1728 919 1757 se
928 1729 978 1765 ,&
992 1727 1098 1765 suis,&
1114 1727 1174 1756 Re-

114 1775 175 1805 gno
190 1764 224 1794 N
226 1773 327 1794 avarrae
334 1772 434 1802 ,prout
445 1764 632 1803 supradietum
647 1764 698 1803 est,
703 1773 828 1804 treugam
834 1766 941 1796 duxerit
950 1765 1172 1796 concedendam.

154 1803 188 1833 ln
201 1803 280 1841 cujus
293 1803 332 1831 rei
347 1801 545 1832 testimonium
560 1802 724 1840 praesentem
742 1805 861 1834 litteram
878 1804 937 1834 sieri
957 1804 1089 1841 semmua,
1108 1811 1175 1833 nos-

115 1842 204 1881 trique
221 1840 299 1881 tigilli
313 1839 458 1880 pendentis
471 1841 633 1871 munimine
647 1841 780 1873 roborari.

0 1042 82 1078 21.150
90 1061 97 1068 .

151 1920 220 1951 Dat.
235 1919 327 1950 Sibill.
346 1920 463 1952 decimo
478 1920 543 1953 Kal.
554 1920 633 1960 Junii
646 1943 657 1959 ‚
680 1931 757 1952 anno
771 1923 866 1962 gratiae
881 1918 1029 1953 millesimo
1041 1922 1175 1954 ducente-

115 1960 190 1991 fimo
203 1958 405 1999 oetuagefimo.

151 2040 218 2080 Ego
233 2040 378 2079 johannes
390 2039 529 2079 Andreae,
547 2040 584 2071 de
596 2040 728 2072 mandato
743 2040 870 2073 Domini
884 2041 989 2081 Regis,
1006 2041 1104 2079 scripfi.

138 2189 302 2223 Trac‘latus
320 2189 412 2236 fhper
426 2189 568 2234 firmam
588 2192 706 2239 Treugae
725 2194 801 2224 inter
824 2193 955 2224 Francia
973 2193 1010 2229 ᾤ’
1029 2190 1153 2235 castella

594 2242 696 2288 Reges.

0 2341 42 2364 rm.
56 2331 97 2363 D,
118 2326 249 2389 HIC
265 2327 306 2360 est
318 2328 463 2367 trastatus,
480 2327 590 2361 habitus
605 2330 678 2360 inter
693 2328 875 2361 Consiliarios
883 2329 972 2370 Regis
985 2329 1130 2369 Franciae,
1144 2329 1178 2360 δε

4 2371 71 2402 280.
198 2367 331 2399 discretos
344 2378 377 2398 ac
392 2368 532 2407 religiosos
543 2368 636 2408 viros,
654 2369 938 2407 fratremJohannem
946 2369 998 2399 Ma
1020 2368 1119 2398 istrum
1131 2377 1178 2397 or-

0 2421 20 2438 ι.
45 2411 72 2438 8.
118 2405 189 2436 dinis
207 2407 441 2445 praedicatorum,
457 2407 490 2436 &
511 2406 622 2436 fratrem
641 2407 822 2444 Jeronimum
836 2407 992 2446 generalem
1047 2406 1178 2435 inistrum

20 2459 45 2476 ι.
117 2444 234 2475 fratrum
247 2444 420 2482 Minorum,
434 2443 512 2482 super
528 2444 654 2475 formam
665 2453 786 2483 treugae,
806 2446 877 2474 inter
890 2444 914 2474 F
916 2446 1056 2476 ranciae&
1070 2443 1179 2474 Castel-

9 2491 40 2515 Β.
48 2485 75 2524 f.
118 2482 153 2512 1ae
166 2481 259 2522 Reges
274 2482 411 2513 ineundae.

0 2535 15 2552 ·.
31 2526 56 2553 b.
155 2519 188 2550 In
202 2521 299 2558 primis
313 2520 460 2551 traetatum
475 2519 516 2550 est
529 2520 607 2559 quod
622 2520 671 2551 fiat
682 2529 776 2560 treuga
788 2521 860 2551 inter
877 2520 971 2561 Reges
986 2521 1073 2560 ipsos,
1092 2520 1127 2551 de
1140 2519 1182 2557 se,

1 2567 98 2591 nescu·
118 2558 151 2588 &
167 2559 235 2596 suiv,
252 2555 345 2597 Item,
362 2560 433 2588 inter
448 2559 582 2598 Regnum
597 2559 746 2598 Castellae,
761 2560 794 2590 &
811 2560 948 2603 Regnum
963 2559 1117 2601 Navarrze,
1135 2558 1182 2587 us-

0 2611 59 2629 mtr.
119 2606 174 2634 que
195 2597 229 2628 ad
253 2605 362 2627 certum
383 2605 516 2634 tempus‚·
538 2597 596 2627 hoc
617 2598 758 2637 expresso,
776 2597 853 2635 quod
867 2598 907 2627 illi
922 2597 1043 2628 Navarii
1056 2606 1105 2635 qui
1119 2597 1180 2627 sunt

0 2649 47 2668 an·
117 2643 190 2665 extra
203 2635 339 2673 Regnum
353 2634 492 2664 Navarrae
507 2635 646 2673 (scilicet,
665 2636 792 2672 Garcias
802 2636 976 2666 Almoraind.
992 2636 1025 2666 &
1040 2635 1080 2666 sui
1093 2643 1178 2664 com-

0 2679 50 2714 ipt.
118 2674 222 2712 plices,
240 2675 274 2704 &
289 2674 308 2703 si
322 2674 371 2713 qui
384 2673 436 2702 lint
450 2673 513 2709 alii)
532 2683 592 2703 non
608 2674 660 2705 sint
677 2675 704 2704 in
721 2672 771 2704 ista
785 2682 893 2713 treuga:

0 2724 76 2743 mar.
158 2712 291 2742 Attamen
307 2735 316 2750 ‚
341 2719 454 2749 propter
477 2711 586 2741 bonum
602 2720 706 2751 treugae
729 2713 762 2743 &
780 2713 856 2750 pacis
868 2736 877 2750 ,
894 2723 958 2750 quae
974 2713 1039 2743 inde
1053 2711 1178 2742 secutura

0 2755 55 2781 a.8.
71 2757 99 2781 Ε.
119 2749 252 2788 speratur,
270 2750 416 2780 trastatum
430 2748 471 2779 est
484 2750 556 2779 inter
569 2751 694 2788 personas
708 2750 866 2789 praedictas,
881 2752 958 2788 quod
974 2751 1068 2781 castris
1083 2751 1178 2781 &bo-

4 2801 40 2821 m.
52 2802 77 2830 3.
117 2790 160 2818 nis
174 2811 184 2826 ,
200 2798 264 2828 quae
284 2788 409 2827 praediffl
430 2787 538 2818 Garsias
557 2788 591 2818 &
607 2789 652 2819 alii
668 2811 678 2826 ,
695 2789 731 2818 de
745 2788 873 2819 Navarra
886 2789 988 2827 expulsi
1002 2812 1012 2827 ,
1036 2797 1131 2819 tenent
1143 2789 1176 2819 &

117 2825 252 2857 tenebunt
269 2827 299 2857 in
313 2825 460 2863 Navarra,
478 2833 607 2864 tempore
623 2835 727 2866 treugae
742 2828 820 2856 initae
833 2827 866 2857 δε
881 2828 1049 2866 publicatae,
1067 2828 1100 2858 &
1115 2836 1178 2865 per-

110 2865 202 2903 sonis,
221 2874 285 2903 quae
298 2866 328 2894 in
341 2864 379 2894 eis
394 2863 457 2895 sunt
471 2864 504 2894 &
517 2873 612 2895 tenent
626 2875 674 2903 ea,
691 2865 772 2895 detur
786 2874 880 2904 treuga
894 2867 939 2896 tali
952 2865 1062 2904 modo,

151 2904 268 2934 Scilicet
281 2927 292 2942 ,
307 2903 385 2941 quod
398 2925 408 2939 ,
425 2902 540 2934 durante
557 2911 650 2942 treuga
665 2927 674 2941 ‚
690 2914 750 2934 non
766 2904 862 2934 licebit
878 2905 917 2933 eis
937 2905 1047 2934 munire
1062 2903 1178 2942 Castra,

114 2946 178 2981 quae
191 2950 304 2978 tenent,
322 2941 503 2979 hominibus,
520 2942 619 2979 armis,
637 2942 680 2972 seu
699 2942 867 2980 quibussibet
879 2942 936 2972 aliis
951 2943 1175 2980 munitionibus,

116 2989 170 3010 nec
184 2981 270 3010 eiiam
286 2979 470 3016 vietualibus,
486 2979 563 3010 aliter
602 2991 668 3011 uam
682 2981 795 3011 inferius
807 2981 985 3011 continetur:

152 3017 256 3047 Statim
270 3018 348 3047 enim
362 3039 373 3054 ,
391 3024 484 3055 treuga
499 3018 567 3048 inita
630 3018 771 3059 publicata
789 3020 817 3049 in
836 3018 966 3050 Navarra
984 3026 1032 3057 per
1046 3016 1177 3050 Priorem

117 3056 235 3087 fratrum
260 3054 482 3086 praedicatorum
496 3077 506 3092 ‚
523 3056 557 3086 &
582 3056 758 3087 Gardianum
781 3056 942 3088 Minorum'
960 3057 1114 3096 Pampilan.
1134 3058 1179 3089 vel

117 3094 212 3124 Stellae
225 3116 234 3132 ,
253 3094 297 3124 vel
312 3103 361 3132 per
381 3101 484 3123 eorum
504 3092 634 3124 Vicarios
648 3117 658 3132 ,
675 3095 737 3132 ipsis
756 3095 913 3126 absentibus
927 3097 971 3127 vel
984 3096 1117 3135 infirmis,
1137 3107 1180 3127 re-

118 3133 250 3175 spicietur
262 3141 395 3161 numerus
407 3130 593 3169 bellatorum,
608 3134 658 3171 qui
671 3141 752 3164 erunt
772 3134 802 3164 in
817 3133 923 3164 Castris
935 3143 1063 3175 tempore
1076 3144 1180 3175 treugae

141 3170 287 3207 ubhcatae,
305 3170 354 3207 &‚
375 3168 532 3199 secundum
546 3180 699 3201 numerum
713 3171 897 3211 bellatorum,
913 3173 998 3204 faciet
1012 3174 1181 3212 gubernator

119 3180 261 3240 glavarrae
273 3207 324 3238 sibi
337 3207 431 3239 inferri
445 3207 573 3251 vitftualia
585 3207 620 3239 ad
634 3207 762 3246 expensas
773 3220 874 3242 eorum
890 3212 1060 3250 moderatas,
1079 3213 1113 3244 &
1127 3220 1180 3250 pro

120 3247 212 3314 pretip
226 3269 236 3284 ,
256 3256 315 3286 quo
336 3254 528 3277 communiter
548 3246 702 3278 vendentur
716 3248 746 3278 in
763 3250 850 3286 patria
868 3271 879 3288 ,
895 3250 934 3280 eis
947 3248 1112 3282 sufficientia
1132 3260 1181 3288 per

124 3295 191 3316 men
204 3294 266 3315 em:

157 3322 195 3353 Et
209 3322 308 3353 eadem
322 3321 431 3362 forma,
449 3322 527 3363 quod
541 3321 575 3353 ad
587 3322 790 3363 inspeffionem
811 3325 921 3356 numeri
935 3326 1104 3357 bellatorum
1118 3349 1128 3365 ,
1146 3327 1180 3357 &

121 3361 275 3392 illationem
293 3360 458 3392 victualium
473 3384 483 3400 ,
505 3362 655 3392 servabitur
678 3372 728 3400 per
746 3370 837 3394 toturn
862 3372 972 3402 tempus
997 3373 1101 3405 treugae
1117 3387 1126 3403 ,
1150 3367 1180 3395 in

122 3409 296 3439 unoquoque
314 3398 409 3429 mense
421 3421 432 3438 ,
458 3400 486 3429 in
508 3400 649 3438 principio
670 3401 786 3438 mensis3
804 3403 954 3433 initiabitur
965 3412 1058 3434 autem
1072 3405 1179 3444 primus

122 3438 225 3469 mensis
236 3437 329 3468 statim
342 3436 492 3477 postquam
505 3446 600 3506 treeuga
613 3438 753 3475 publicata
764 3439 846 3470 fuerit
861 3442 889 3470 in
903 3440 1046 3473 Navarrar

161 3476 268 3515 Quod,
288 3476 308 3506 fi
322 3475 351 3505 in
369 3475 468 3507 ultima
481 3474 540 3516 insp
586 3477 653 3506 ione
665 3486 726 3507 non
736 3478 844 3517 supersit
858 3479 956 3510 menfis
967 3481 1090 3520 integer,
1108 3479 1179 3510 infe-

123 3523 218 3546 rentur
232 3515 270 3545 eis
282 3513 412 3545 vietualia
446 3513 600 3545 secundum
614 3514 692 3554 quod
703 3514 814 3546 dietum
825 3516 883 3556 est,
902 3525 954 3556 pro
971 3525 1028 3550 rata
1042 3520 1177 3557 temporis

121 3552 305 3584 solummodo
337 3552 394 3582 uod
406 3537 442 3584 de
455 3561 552 3592 treuga
566 3548 716 3592 superesset.

156 3590 213 3630 Et,
229 3562 386 3623 secundum
399 3591 473 3623 hanc
485 3590 674 3629 provisionem
685 3590 720 3621 de
734 3591 1036 3632 vistualibus,evidens
1049 3594 1089 3626 est
1099 3594 1175 3634 quod

121 3635 232 3660 tannim
251 3629 407 3660 remanebit
427 3630 512 3660 eisde
526 3628 689 3660 victualibus
701 3651 712 3667 ‚
730 3629 760 3659 in
771 3628 826 3661 fine
840 3639 960 3672 treugae,
978 3643 1114 3672 quantum
1132 3633 1180 3664 ha-

122 3666 241 3699 buerunt
261 3677 390 3706 tempore
403 3667 602 3707 publicationis
616 3667 714 3705 ipsius:

158 3703 337 3748 Fennittetur
349 3706 435 3749 etiarn
447 3706 486 3736 eis
500 3705 593 3747 quod,
611 3706 653 3749 si,
670 3705 788 3749 durante
798 3712 893 3746 treuga
905 3730 915 3746 ,
933 3711 1082 3750 contigerit
1094 3709 1180 3740 dimi-

123 3751 172 3772 nui
185 3753 337 3776 numerum
349 3744 535 3783 bellatorum,
543 3746 589 3783 qui
604 3745 643 3774 ibi
657 3743 739 3774 fuerit
752 3752 882 3783 tempore
897 3743 1094 3783 publicationis
1107 3757 1182 3779 treu-

123 3783 411 3862 ffoaeriffigzsssleqteiod
422 3783 451 3813 in
463 3782 520 3813 fine
532 3790 636 3822 treugae
643 3780 748 3821 poffint
759 3782 850 3821 ipsum
863 3793 1012 3816 numerum
1024 3787 1080 3817 aliis
1094 3787 1182 3817 bella-

159 3855 233 3887 Item
245 3867 306 3901 non
318 3860 414 3891 licebit
430 3860 468 3890 eis
488 3861 517 3890 in
531 3858 612 3901 dietis
630 3856 736 3889 Castris
747 3855 885 3889 aedificare
898 3859 934 3889 de
946 3870 1026 3892 novo
1039 3885 1050 3901 ,
1073 3862 1117 3894 vel
1134 3872 1184 3894 ve-

124 3901 182 3925 tera
201 3893 320 3927 aedificia
335 3921 345 3935 ,
363 3898 409 3929 vel
423 3899 512 3929 ruinas
532 3901 646 3928 relicere
660 3920 670 3935 ,
686 3896 731 3927 seu
745 3906 883 3934 reparare;
901 3907 954 3927 nec
971 3900 1026 3937 ipsa
1037 3900 1136 3931 Castra
1153 3903 1183 3931 in

125 3931 221 3970 foinS,
238 3932 294 3963 five
307 3935 426 3975 fossatis,
444 3945 491 3968 aut
505 3938 535 3967 in
556 3935 614 3967 aliis
627 3933 793 3976 quibussibet
808 3935 1011 3968 munitionibus
1028 3938 1074 3969 seu
1096 3940 1115 3958 *
1135 3938 1184 3969 de-

125 3970 294 4041 {ffilsiprtgibus
304 3972 471 4015 fortificare,
485 3984 540 4008 nec
554 3974 629 4007 eirca
641 3983 674 4006 ea
689 3982 753 4006 toto
763 3980 891 4013 ternpore
904 3981 1008 4014 treugae
1018 3976 1122 4016 aliquid
1129 3978 1186 4008 im-

242 4032 252 4045 ,

162 4050 235 4078 Tom.
254 4049 280 4078 Ι.
317 4049 351 4078 Ρ.
367 4051 410 4081 ΙΙ.

18 3935 108 3970 1.=5i.

1229 148 1698 198 PUBLI'CA.
2165 156 2243 210 185

1231 235 1301 266 Nec
1317 237 1411 268 licebit
1422 240 1475 276 eis,
1495 240 1547 277 ipsa
1561 248 1652 280 treuga
1666 241 1796 280 durante,
1814 239 1850 272 de
1861 240 1939 272 dic‘lis
1956 241 2059 273 Castris
2074 243 2144 272 exire
2158 254 2176 278 ·,‡
2187 252 2241 272 nec
2263 243 2338 273 Ann.
2352 239 2396 274 Di

1196 273 1231 316 de
1247 274 1348 318 Castro
1362 276 1394 305 ad
1407 276 1553 320 Castrum,
1572 283 1615 308 teu
1630 281 1691 309 alias
1711 290 1757 317 pei·
1772 281 1946 319 Navarram,
1965 291 2037 312 exira
2052 281 2104 320 ipsa
2119 279 2217 310 Castra
2232 303 2241 318 ,
2289 284 2373 312 128&

1195 321 1223 340 in
1238 314 1337 356 quibus
1350 314 1488 356 habitant,
1507 316 1656 347 diicurrere
1671 319 1725 348 live
1737 320 1790 357 ire,
2262 324 2328 348 Ealv-
2353 329 2377 348 ιι

1208 382 1211 383 ⁷
1233 349 1302 393 Nec
1316 351 1408 381 licebit
1422 355 1523 382 eisdem
1538 353 1656 393 Castris,
1678 356 1769 393 Villis,
1787 354 1830 386 vel
1846 357 1913 387 locis
1924 356 2106 396 quibussibet,
2125 363 2171 386 aut
2183 365 2245 395 per-

1198 386 1268 417 sonis
1284 411 1293 425 ,
1319 400 1382 426 quae
1401 390 1428 434 se
1449 400 1541 421 tenent
1563 403 1628 422 cum
1649 394 1783 430 praediffis
1804 394 1884 433 Rege
1908 396 2028 425 Franciae
2047 397 2078 425 &
2098 395 2244 433 Johanna,

1197 425 1352 469 dampnum
1374 428 1482 468 aliquod
1504 429 1548 458 vel
1562 430 1697 461 offensam
1714 433 1828 470 inferre,
1848 436 1881 463 ὅς
1901 434 1976 472 ipsis,
1995 433 2043 462 ista
2062 434 2247 470 servantibus,

1198 474 1257 507 non
1272 467 1421 496 inserentur
1436 468 1472 496 eis
1485 489 1494 502 ,
1511 468 1624 497 durante
1639 478 1749 507 treuga,
1766 470 1920 507 dampnum
1937 472 1979 500 vel
1998 471 2122 501 molestia
2142 474 2170 502 in
2187 482 2247 511 per*

1199 502 1286 546 sonis,
1305 503 1424 541 Castris,
1443 504 1485 534 vel
1501 504 1598 542 bonis,
1615 517 1677 546 quae
1691 516 1801 545 tenent,
1814 518 1859 547 per
1875 510 2103 548 gubernatorem,
2123 510 2165 539 seu
2180 519 2248 549 gew

1199 548 1239 570 tes
1252 541 1394 571 dic‘torum
1411 543 1497 581 Regis
1512 543 1638 574 Franciae
1652 546 1684 575 &
1696 545 1849 583 Johannae:

1236 579 1266 622 Si
1279 590 1347 609 veio
1361 582 1501 618 venerint,
1520 583 1564 611 vel
1579 582 1693 613 fecerint
1703 592 1799 613 contra
1807 584 1957 623 praemissa,
1977 585 2019 614 vel
2028 584 2127 624 aliquid
2135 585 2169 614 de
2177 595 2249 623 prae-·

1201 617 1303 656 miffis,
1321 626 1423 648 extunc
1437 620 1501 658 ipsi,
1519 620 1551 649 &
1566 620 1668 659 castra,
1687 622 1720 651 &
1738 621 1811 651 bona
1826 644 1836 659 ,
1861 632 1923 659 quae
1943 632 2035 653 tenent
2050 625 2081 654 ὃ(
2097 626 2249 661 tenebunt,

1200 664 1367 700 eruntextra
1380 666 1501 696 treugam
1514 668 1549 687 eo
1563 659 1835 697 ipso,&,quantum
1850 661 1883 689 ad
1897 669 1958 697 ρος,
1973 662 2004 690 ὅ(
2020 660 2148 700 bona,ac
2162 662 2250 691 castra

1201 694 1332 730 praedieta
1341 717 1349 731 ,
1369 703 1461 734 treuga
1474 697 1524 725 erit
1538 697 1618 726 nulla.
1637 696 1711 726 Inter
1722 697 1813 736 Reges
1826 707 1919 727 tamen
1932 698 2095 737 prsedietos,
2114 701 2162 729 suo
2175 708 2250 729 teru-

1202 741 1271 775 pore
1283 733 1419 776 liquidem
1433 740 1534 772 treugae
1549 745 1607 763 non
1622 734 1717 765 licebit
1732 736 1869 774 praedietis
1877 736 2038 774 Garsiae,&
2053 737 2250 776 ejusCompli÷

1202 770 1280 799 cibus
1294 794 1303 808 ,
1327 772 1450 809 aliisque,
1468 772 1502 801 de
1518 772 1645 802 Navarra
1657 775 1769 812 expullis
1784 774 1827 803 seu
1843 775 1978 813 rugitivis,
2003 777 2100 805 intrare
2115 776 2251 814 Regnum

1202 807 1358 846 Navarrae;
1379 819 1430 839 nec
1438 810 1571 840 Navarris
1583 820 1627 840 aut
1640 811 1695 841 aliis
1708 810 1893 850 quibussibet,
1917 813 1964 850 qui
1977 813 2001 843 se
2016 822 2109 843 tenent
2124 815 2155 844 ὅ(
2173 823 2251 843 tene-

1202 845 1273 876 bunt
1285 857 1351 889 curn
1366 847 1503 883 praedic‘lis
1513 849 1590 887 Rege
1598 849 1621 878 F
1622 851 1721 879 ranciae
1735 850 1916 888 &johanna,
1927 851 2083 888 dampnum
2099 852 2142 880 vel
2157 860 2253 890 grava⁴

1204 893 1270 927 men
1284 886 1384 914 inferre
1393 895 1459 927 ,gaut
1474 887 1543 928 ipsos
1557 886 1600 917 vel
1613 897 1711 917 eorum
1725 889 1844 927 aliquem
1861 890 2077 926 quomodolibet
2090 889 2254 928 offendere,

1243 921 1297 960 ht,
1316 923 1334 952 si
1349 926 1436 952 forsan
1451 924 1538 954 essent
1554 925 1581 953 in
1597 925 1699 963 Regno
1707 925 1843 956 Navarra:
1855 931 1928 956 clam
1944 928 1987 956 vel
2004 929 2109 965 palam,
2125 937 2255 964 tempore

1205 961 1351 997 publicatae
1365 969 1484 1000 treugae,
1502 963 1667 993 tenebuntur
1683 965 1755 993 exire
1776 964 1846 994 infra
1862 965 1932 994 06ὶο
1947 965 2020 1002 dies,
2039 967 2071 996 ὅ(
2088 988 2098 1003 ,
2123 966 2140 995 si
2156 974 2254 996 contra

1206 997 1349 1037 venerint,
1367 1000 1410 1028 vel
1426 1001 1559 1037 iecerint,
1577 999 1667 1029 statim
1685 1011 1783 1030 eorum
1797 1001 1912 1040 Castra,
1930 1003 1961 1032 &
1982 1003 2056 1033 bona
2074 1005 2125 1033 alia
2138 1005 2254 1041 omnia,

1204 1046 1269 1076 quae
1283 1037 1407 1074 habent,
1433 1038 1465 1067 ὅ(
1482 1047 1550 1066 tunc
1573 1035 1715 1068 habebunt
1730 1040 1757 1068 in
1773 1039 1897 1069 Navarra
1911 1063 1920 1078 ,
1943 1042 1974 1070 ὅ(
1990 1040 2118 1070 homines
2136 1052 2166 1070 ea
2183 1042 2254 1070 deti-

1205 1084 1319 1113 nentes,
1337 1086 1372 1104 eo
1387 1075 1446 1114 ipso
1461 1084 1538 1104 erunt
1553 1084 1627 1105 extra
1648 1084 1790 1115 treugam,
1808 1078 1860 1115 ipsa
1877 1087 1970 1116 treuga
1985 1101 1994 1116 ,
2019 1089 2070 1115 pro
2083 1089 2207 1117 tempore
2219 1079 2254 1110 de

1207 1123 1265 1151 quo
1277 1122 1451 1144 conventum
1465 1114 1565 1152 suerat,
1582 1114 1696 1145 durante
1712 1114 1913 1145 nichilominus
1927 1117 1996 1145 inter
2011 1116 2111 1156 Reges.

1251 1242 1309 1276 Aa'
1329 1254 1426 1290 preces
1451 1246 1538 1291 Regis
1566 1245 1680 1291 Angliae
1696 1244 1839 1291 Alfo‘nfiaes
1857 1249 1921 1278 Rex
1941 1241 2063 1290 castella
2089 1240 2213 1287 conceffit

1533 1295 1682 1339 Treugam
1704 1297 1777 1340 Regi
1795 1297 1934 1328 Franciae.

1292 1379 1413 1411 Overint
1427 1382 1559 1420 universi,
1577 1382 1737 1422 praesentem
1751 1382 1869 1413 litteram
1888 1382 2051 1423 inspee‘turi,
2068 1381 2100 1414 ὃς
2114 1384 2196 1413 etiam
2211 1392 2261 1413 au·
2281 1369 2353 1406 ΑΠΠ·
2367 1371 2409 1405 D.

1293 1419 1391 1457 dituri,
1409 1421 1485 1457 quod
1500 1431 1568 1458 nos,
1586 1422 1735 1459 Alfonsus,
1755 1421 1811 1451 Dei
1831 1422 1932 1460 gratia,
1949 1422 2012 1450 Rex
2031 1421 2179 1459 Castellae,
2194 1422 2257 1452 Ἱο-
2298 1417 2380 1443 ¹2⁰0-

1207 1456 1270 1494 leti,
1290 1457 1439 1496 Legionis,
1456 1459 1591 1496 Galetiae,
1612 1459 1733 1496 Sibiliae,
1755 1456 1879 1498 Murcii,
1897 1459 2050 1496 Gihennii,
2067 1469 2148 1497 atque
2164 1460 2257 1499 iugar-
2343 1459 2349 1477 '³

1209 1492 1264 1532 bii,
1284 1505 1335 1532 pro
1348 1506 1384 1525 eo
1396 1497 1473 1534 quod
1489 1497 1651 1536 magnificus
1671 1497 1804 1537 Princeps
1816 1520 1825 1535 ,
1849 1498 2000 1527 Edwardus
2014 1520 2023 1535 ‚
2046 1498 2142 1528 eadem
2157 1500 2239 1537 gratia
2250 1523 2258 1535 ,
2282 1498 2293 1516 ³²
2334 1504 2337 1512 ³

1207 1533 1313 1563 illustris
1330 1533 1392 1564 Rex
1407 1531 1534 1573 Angliae,
1557 1536 1700 1565 Dominus
1713 1535 1875 1574 Hiberniae,
1892 1537 1924 1566 ὅ(
1942 1533 2010 1565 Dux
2025 1536 2197 1574 Aquitaniae,
2219 1550 2231 1565 :2
2242 1552 2258 1561 r-
2286 1546 2288 1550 ’
2340 1534 2396 1555 ‘³¹⁴⁴

1210 1572 1298 1613 torius
1311 1572 1405 1602 noster
1418 1573 1584 1612 cadffimus,
1599 1584 1646 1613 per
1661 1570 1795 1604 Nuiicios
1806 1574 1866 1604 suos
1881 1575 2034 1613 solempnes
2049 1577 2120 1604 viros
2137 1576 2242 1605 nordh„
2253 1600 2260 1613 ,
2280 1577 2345 1603 ·”,.*»

1210 1609 1386 1649 Gulielmum
1403 1611 1438 1640 de
1451 1611 1594 1651 Valentia,
1611 1614 1643 1642 δε
1659 1612 1819 1650 johannem
1836 1613 1870 1642 de
1886 1609 1993 1651 Greilly
2009 1635 2018 1650 ,
2042 1622 2109 1642 tunc
2133 1625 2175 1642 tesi·
2191 1625 2207 1650 p
2232 1627 2263 1643 iij

1212 1647 1399 1679 Senescallum
1414 1648 1575 1689 Vaseoniae,
1592 1661 1642 1680 nos
1656 1661 1686 1680 ro
1707 1652 1761 1681 avit
1775 1650 1905 1680 instanter
1920 1651 2011 1689 quod,
2029 1651 2078 1680 suis
2091 1654 2215 1689 preren„
2231 1670 2262 1682 „k

1212 1696 1307 1715 amore
1321 1709 1330 1725 ,
1352 1696 1476 1726 treugam
1493 1699 1560 1718 cum
1581 1688 1661 1728 Rege
1705 1691 1805 1719 tanciae
1826 1689 1989 1719 haberemus
2006 1689 2086 1728 usque
2099 1691 2131 1719 aci
2151 1691 2175 1718 l«
2224 1702 2263 1719 ιώ]

1212 1724 1377 1755 Nativitatis
1392 1725 1532 1764 Domini,
1550 1736 1699 1757 venturum
1714 1737 1789 1757 anno
1803 1727 2002 1757 incarnationis
2018 1728 2135 1765 ejusdem
2158 1740 2265 1757 iiiam„-

1212 1770 1263 1793 mo
1277 1762 1467 1794 ducentesimo
1480 1765 1663 1803 octogesimo.

1250 1801 1288 1832 Et
1328 1804 1442 1832 uoniam
1461 1802 1644 1841 postmodum
1657 1826 1667 1841 ,
1691 1813 1804 1842 propter
1821 1803 1894 1834 casus
1914 1804 1979 1834 alios
2000 1812 2164 1843 emergente⁴
2185 1829 2191 1841 ,Α
2220 1816 2265 1841 ptr

1212 1839 1280 1870 alios
1330 1842 1428 1870 uncios
1442 1840 1503 1871 suos
1516 1841 1687 1880 solempnes,
1705 1843 1829 1872 nobilem
1843 1843 1934 1872 virum
1948 1843 2114 1872 Talliferuni
2129 1843 2164 1872 <ie
2189 1855 2265 1871 vicli>-

1214 1886 1242 1908 te
1258 1878 1348 1908 Oserii
1364 1879 1489 1909 Militem
1503 1881 1579 1909 suum
1589 1903 1598 1918 ,
1618 1881 1651 1911 &
1664 1880 1799 1910 dilectum
1813 1881 1894 1910 nobis
1910 1879 2078 1920 Magistrum
2093 1880 2191 1910 Gatiiz·
2207 1887 2220 1908 ⁴.
2238 1892 2264 1911 m

1213 1917 1249 1947 de
1261 1916 1377 1955 Everley
1397 1917 1524 1947 nostrum
1544 1918 1654 1949 fidelem
1672 1918 1826 1949 Notarium
1842 1941 1851 1956 ,
1873 1919 1994 1957 pluribus
2012 1919 2187 1948 honestarum
2206 1930 2265 1957 γαπ

1212 1960 1280 1990 cum
1295 1954 1429 1985 instantiis
1441 1965 1492 1985 nos
1505 1966 1601 1996 rogare
1615 1959 1738 1995 curavit,
1752 1966 1782 1992 ut
1797 1958 1924 1987 daremus
1936 1966 2061 1996 treugam
2082 1958 2171 1986 eidem
2197 1959 2267 1995 Regi

1214 1993 1339 2023 Franciae
1354 2016 1363 2032 ‚
1387 1994 1530 2024 valituram
1551 1994 1634 2033 usque
1659 1995 1693 2025 ad
1711 1994 1814 2025 festum
1836 1995 2059 2025 Resurreetionis
2081 1995 2217 2025 Domini:
2230 2008 2243 2025 -,-,
2258 2020 2267 2033 ,

1214 2040 1363 2062 venturum
1378 2042 1454 2062 anno
1468 2033 1664 2063 incarnationis
1678 2033 1796 2071 ejusdem
1813 2033 1959 2063 millesimo
1980 2034 2169 2064 ducentelin·=0
2183 2049 2189 2062 t
2224 2039 2267 2063 ἠε

1214 2070 1319 2109 gesimo
1332 2070 1469 2109 secundo,
1488 2071 1532 2100 vel
1544 2070 1655 2101 ulterius
1667 2072 1750 2110 usque
1761 2071 1795 2102 ad
1809 2071 1910 2101 festum
1925 2073 2019 2101 Saniti
2036 2071 2151 2102 Martini
2167 2074 2193 2101 in
2209 2075 2268 2102 iiie--

1216 2118 1264 2138 me
1277 2133 1286 2147 ,
1309 2119 1384 2139 anno
1397 2108 1517 2147 ejusdem
1532 2120 1542 2146 ·,
1565 2110 1598 2140 &
1614 2109 1671 2140 hoc
1687 2119 1799 2150 propter
1813 2109 1910 2140 multas
1932 2108 2019 2139 bonas
2038 2111 2152 2140 rationes
2168 2133 2176 2147 ,
2206 2121 2269 2147 :stitis

1214 2147 1296 2176 nobis
1310 2148 1358 2187 ipsi
1369 2147 1515 2186 dixerunt,
1539 2156 1569 2178 ut
1583 2149 1694 2179 interius
1717 2148 1798 2186 poffit
1813 2149 1887 2178 idem
1908 2148 1972 2177 Rex
1990 2147 2098 2187 Angliae
2113 2149 2158 2185 qu
2206 2173 2213 2181 ,
2236 2154 2267 2179 e<

1214 2185 1332 2216 traetare
1344 2186 1379 2216 de
1396 2195 1464 2225 pace
1478 2195 1560 2224 atque
1581 2186 1735 2217 concordia
1749 2188 1818 2216 inter
1837 2197 1887 2215 nos
1904 2187 1937 2217 &
1955 2186 2064 2225 Regem
2085 2186 2209 2216 Frantite
2230 2199 2269 2216 itia

1214 2224 1388 2262 praditfftum:
1410 2225 1446 2255 ita
1461 2224 1537 2263 quod
1550 2225 1704 2255 voluntates
1719 2226 1851 2255 omnium
1876 2223 2006 2254 nostrum
2027 2224 2112 2254 essent
2129 2236 2152 2253 uz
2166 2234 2206 2254 an.
2226 2236 2271 2254 ¹:ei

1215 2263 1249 2293 δε
1263 2262 1437 2301 concordes,
1454 2262 1489 2292 ad
1504 2262 1561 2292 Dei
1574 2263 1714 2294 servitium
1729 2264 1762 2294 &
1775 2263 1913 2293 honorem
1930 2262 2042 2293 Sanetae
2059 2262 2159 2293 Matris
2168 2262 2209 2292 L
2241 2276 2254 2282 ν’

1215 2301 1278 2338 siae,
1296 2310 1330 2331 ac
1346 2302 1430 2331 etiam
1443 2300 1477 2331 ad
1493 2301 1637 2331 utilitatem
1653 2300 1865 2332 Christianitatis
1880 2301 1981 2339 totius,
2131 2334 2134 2336 Α

1254 2339 1338 2377 Nos,
1355 2339 1526 2370 attendentes
1548 2340 1654 2370 bonam
1675 2340 1850 2371 voluntatem
1871 2341 1904 2370 ὃς
1921 2340 2101 2370 affectionem
2120 2340 2192 2370 fluet
2208 2352 2218 2369 .·
2268 2368 2269 2371 ,

1215 2387 1301 2447 quam
1315 2379 1385 2417 gerit
1397 2378 1474 2408 idem
1488 2377 1554 2408 Rex
1568 2378 1679 2417 Angliae
1698 2379 1728 2408 in
1749 2378 1887 2417 praedietis
1902 2401 1912 2415 ,
1937 2380 2098 2408 consideran
2110 2388 2138 2407 es
2158 2388 2174 2415 q
2189 2389 2231 2407 ios,

1236 2417 1346 2446 ebitum
1359 2417 1392 2447 &
1406 2425 1547 2453 amorem,
1567 2427 1630 2456 quae
1644 2417 1726 2447 habet
1738 2426 1805 2446 cum
1820 2416 1901 2456 Rege
1916 2415 2040 2446 Franci-ae
2055 2426 2154 2453 pariter
2170 2419 2200 2446 ἅ
2220 2428 2270 2445 ιιι-Γ,

1218 2453 1346 2492 biscum,
1365 2464 1458 2492 preces
1474 2454 1532 2484 suas
1547 2455 1576 2484 in
1592 2455 1645 2485 hac
1661 2464 1736 2494 parte
1750 2455 1878 2485 duximus
1893 2453 2092 2492 admittendas,

1256 2493 1292 2523 Et
1307 2493 1370 2523 ideo
1387 2501 1484 2523 tenore
1498 2493 1583 2523 literae
1604 2493 1707 2523 nostrae
1722 2493 1859 2532 praesentis
1879 2492 1975 2522 damus
1990 2502 2073 2530 atque
2087 2497 2271 2522 conceditis<

1217 2541 1269 2571 pro
1282 2531 1381 2569 nobis,
1392 2531 1491 2560 nostris
1500 2554 1509 2568 ,
1524 2531 1677 2569 nostrisque
1687 2531 1792 2569 Regnis
1806 2529 1878 2569 Regi
1889 2530 2032 2568 Franciae,
2050 2540 2082 2560 ac
2092 2531 2196 2569 legno
2206 2533 2232 2560 {x
2242 2544 2266 2560 1.—

1217 2579 1323 2607 varrae,
1340 2577 1481 2607 treugam,
1497 2568 1654 2599 duraturam
1675 2570 1708 2600 &
1724 2569 1866 2599 valituram
1880 2569 1895 2597 a
1911 2568 1994 2598 Festo
2014 2570 2160 2598 nativitatis
2185 2581 2231 2597 *avr
2248 2572 2266 2596 ‘ri

1214 2607 1351 2647 Johannis
1367 2606 1512 2645 Baptistae,
1530 2609 1660 2647 proximo
1673 2606 1873 2646 subsequentis,
1890 2606 1973 2644 usque
1993 2607 2026 2637 ad
2047 2606 2158 2636 Festum
2174 2609 2270 2637 Strzti

1219 2645 1338 2677 Martini
1353 2647 1383 2675 in
1397 2646 1505 2684 hieme,
1524 2655 1598 2675 anno
1618 2645 1814 2676 incarnationis
1829 2644 1994 2674 Dominicae
2013 2645 2147 2675 millesimi
2164 2645 2270 2675 ducsu-

1216 2685 1305 2715 tesimi
1320 2683 1627 2722 octooefimisecundi3
1647 2685 1841 2724 promittentes
1862 2683 1937 2712 bona
1953 2683 2007 2712 fide
2019 2706 2027 2721 ,
2050 2685 2083 2714 ὃς
2104 2684 2157 2713 aine
2176 2684 2220 2714 frti·
2236 2685 2269 2713 :Ie

1217 2731 1311 2754 tenere
1325 2723 1357 2754 &
1371 2708 1533 2761 observare,
1550 2723 1583 2753 &
1597 2723 1686 2755 facere
1699 2722 1893 2754 inviolabiliter
1908 2721 2014 2753 <licitam
2030 2730 2153 2761 treugam
2169 2745 2179 2760 ,
2204 2723 2272 2753 litut

1217 2762 1353 2792 convenit
1367 2761 1399 2792 ὃς
1415 2760 1530 2799 debeat,
1547 2761 1695 2793 observari.

1255 2800 1307 2837 Et,
1326 2798 1362 2837 fi,
1376 2799 1491 2830 durante
1505 2808 1618 2840 treuga,
1634 2801 1721 2840 aliqua
1740 2806 1840 2831 contra
1853 2799 1955 2841 ipsam,
1973 2805 2006 2828 ex
2022 2806 2095 2838 parte
2109 2799 2218 2839 nosti-a,
2238 2802 2269 2830 {lm

1216 2838 1293 2869 licite
1306 2838 1406 2868 fuerint
1419 2846 1595 2877 attemptata,
1615 2847 1664 2869 nos
1681 2847 1713 2869 ea
1726 2839 1856 2869 faciemus
1868 2838 2033 2877 integraliter
2046 2838 2195 2867 emendari.

1252 2876 1339 2907 Hanc
1353 2884 1445 2907 autem
1460 2885 1584 2915 treugam
1598 2875 1693 2908 damus
1709 2886 1791 2916 atque
1811 2876 1993 2907 concedimus
2009 2899 2018 2913 ,
2044 2885 2072 2905 ut
2091 2876 2209 2916 lupetius
2229 2878 2269 2907 ei}

1217 2915 1390 2954 expreffum,
1406 2914 1568 2945 dummodo
1580 2914 1670 2945 dietus
1684 2915 1748 2946 Rex
1765 2915 1905 2953 Franci-ae,
1924 2924 1976 2954 pro
1989 2914 2030 2951 se,
2047 2914 2065 2932 ¹*
2082 2915 2114 2945 ὃς
2132 2924 2180 2950 piri
2203 2930 2206 2934 -
2224 2928 2255 2953 μ’·

1217 2965 1257 2984 no
1270 2953 1306 2984 N
1308 2963 1410 2983 avarrae
1423 2976 1432 2990 ,
1456 2953 1489 2983 &
1503 2961 1554 2990 pro
1572 2954 1703 2984 omnibus
1722 2953 1835 2984 subditis
1854 2953 1906 2983 suis
1921 2976 1929 2989 ,
1953 2961 2076 2991 treugam
2097 2961 2190 2982 con-n
2207 2966 2271 2984 stin

1218 2991 1316 3029 nobis,
1334 2993 1367 3022 &
1384 2991 1489 3030 Regnis
1501 2990 1599 3020 nostris
1613 2991 1721 3022 duxerit
1732 2991 1976 3027 concordandam,

1253 3030 1287 3061 In
1301 3030 1380 3066 cujus
1392 3029 1430 3059 rei
1444 3028 1637 3059 testimonium
1652 3030 1814 3067 praesentem
1828 3028 1945 3061 litteram
1961 3034 2038 3066 iuper
2057 3027 2112 3059 hoc
2130 3027 2184 3058 fier*
2203 3031 2269 3060 thei>

1217 3079 1279 3100 mus
1285 3091 1296 3107 ,
1315 3067 1457 3108 nostrique
1469 3067 1545 3107 sigilli
1563 3068 1719 3098 munimine
1732 3067 1865 3099 roborati.

2295 2918 2409 2951 'lliiyt

1252 3146 1321 3217 Par.
1335 3145 1412 3178 Sibil.
1428 3145 1492 3178 Kal.
1503 3146 1597 3186 Junii‚
1612 3157 1686 3179 anno
1700 3147 1794 3188 gratiae
1815 3148 1962 3180 millesimo
1982 3143 2173 3178 ducentesimo
2189 3150 2269 3179 esm-

1218 3197 1252 3228 ge
1264 3197 1333 3217 imo.

1222 3265 1322 3336 ⁸stqu
1335 3264 1478 3341 ,Ῑῖἓᾳηηεε
1499 3265 1621 3297 Andreae
1634 3288 1645 3305 ,
1671 3265 1707 3296 de
1726 3266 1860 3298 mandato
1882 3266 2003 3298 Domini
2021 3267 2107 3306 Regis
2120 3289 2129 3305 ,
2151 3268 2208 3297 litte
2226 3291 2228 3294 .

1219 3317 1230 3337 1
1254 3315 1300 3336 am
1324 3314 1356 3334 Cr
1398 3315 1415 3334 l.

1652 3372 1726 3411 Sigil.
1741 3384 1801 3404 cera
1815 3374 1924 3414 albida,
1942 3373 2051 3405 cordulis
2059 3372 2159 3412 serim⁴

1217 3508 1265 3541 De
1285 3515 1382 3537 annuo
1398 3502 1486 3548 feodo
1511 3499 1630 3550 Jacobo
1652 3501 1766 3535 Sabello
1787 3504 1897 3537 Sanc‘z‘ar
1916 3507 2028 3536 M'ariae
2052 3506 2083 3533 in
2103 3503 2267 3550 Coshacnl'm

1516 3553 1650 3584 Diacono
1669 3550 1826 3585 Cardinali
1843 3551 1970 3596 conceffi).

1287 3640 1312 3671 E
1322 3638 1352 3671 X
1366 3638 1548 3670 Thesaurarlo
1561 3638 1593 3669 &
1608 3636 1772 3669 Camerariis
1784 3638 1834 3669 suis
1848 3637 1967 3670 salutem.
2051 3673 2054 3674 V
2297 3650 2325 3679 ,χ
2334 3662 2356 3679 ,5¹
2383 3651 2391 3662 v·

1321 3678 1449 3709 Liberate
1461 3678 1498 3708 de
1511 3677 1654 3707 Thesauro
1668 3676 1764 3707 nostro
1781 3678 1928 3707 venerabili
1945 3675 2028 3715 patri,
2043 3676 2070 3715 J.
2085 3676 2195 3707 sanetae
2206 3674 2271 3707 Mi«
2293 3676 2300 3680 ⁴
2320 3692 2389 3717 ,230

1219 3719 1266 3748 riae
1282 3719 1309 3747 in
1322 3715 1493 3756 Cosmedyn.
1515 3715 1650 3745 Diacono
1665 3714 1824 3753 Cardinali,
1843 3725 1957 3745 centum
1972 3715 2083 3745 Marcus
2092 3738 2102 3753 ‚
2120 3717 2250 3746 videlieet
2263 3740 2270 3748 ,
2307 3733 2326 3753 ,ι-
2363 3739 2375 3754 0

1219 3754 1314 3796 viginti
1327 3755 1360 3786 ὅ(
1376 3755 1499 3793 quinque
1513 3753 1625 3783 Marcas
1635 3752 1671 3782 de
1684 3754 1807 3783 termino
1820 3751 1914 3789 Sanffl
1936 3753 2084 3783 Michaelis
2100 3763 2174 3784 anno
2194 3756 2212 3783 Κ
2224 3766 2253 3785 ,ςρ
2299 3772 2301 3774 -

1220 3793 1250 3825 ni
1264 3793 1352 3824 nostri
1365 3792 1496 3831 sexto,&
1510 3791 1706 3830 quinquaginta
1721 3789 1879 3821 Marcasde
1890 3792 2013 3821 terminis
2028 3791 2139 3821 Paschae
2154 3794 2185 3823 &
2200 3792 2226 3823 S
2238 3804 2253 3821 ii
2336 3814 2353 3825 ,.
2370 3812 2399 3827 „5

1221 3834 1261 3863 cti
1277 3831 1440 3868 Michaelis,
1458 3839 1533 3859 anno
1548 3828 1642 3867 Regni
1657 3828 1743 3858 nosti-i
1760 3829 1785 3858 se
1808 3829 1900 3865 timo,
1924 3830 1955 3858 ὃς
1977 3830 2075 3867 viginti
2097 3832 2129 3861 &
2148 3831 2271 3870 quinqui-
2296 3858 2308 3863 ,.
2340 3846 2347 3865 ζ
2383 3850 2403 3866 1(

1224 3871 1337 3902 Marcas
1351 3869 1387 3899 de
1399 3869 1522 3898 tei-mino
1538 3866 1666 3904 Paschae,
1683 3875 1758 3896 anno
1775 3839 1869 3905 {egui
1882 3866 1969 3897 nostri
1989 3867 2109 3906 oc‘tavo,
2127 3869 2162 3898 de
2177 3879 2272 3898 annuo
2346 3888 2358 3903 „r

1222 3909 1307 3940 feodo
1321 3908 1369 3938 suo
1385 3905 1581 3944 quinquaginta
1596 3904 1773 3943 Marcarum,
1789 3904 1865 3944 quod
1882 3905 1907 3934 ei
1921 3905 2107 3937 concessimus
2121 3908 2274 3948 percipien⁴
2295 3906 2358 3943 ,Ιώ-,ζ

1222 3949 1292 3978 dum
1305 3946 1338 3976 ad
1351 3945 1527 3975 Scaccarium
1541 3942 1717 3981 praedi&um.

1257 4014 1347 4047 Teste
1362 4012 1443 4053 Rege
1455 4011 1527 4053 apud
1540 4009 1666 4043 Westm.
1678 4010 1794 4042 decimo
1807 4010 1852 4041 die
1862 4010 1948 4050 Junii.

1748 4050 1776 4079 A
1783 4059 1800 4079 a
2195 4050 2277 4082 Lite-
