2570 4261
701 137 810 179 ET
895 137 1161 179 ACTA

0 220 70 258 Arm.
82 219 302 261 D·superiorem
324 223 357 254 ὃς
369 222 511 254 directum
527 221 693 253 Dominum
706 222 801 262 Regni
825 221 931 253 scotie
954 222 1067 260 publice
1092 232 1197 253 recon-

13 270 98 301 ¹292·
133 261 287 300 gnoscunt:
308 261 346 292 Et
360 271 452 299 aperte
466 261 629 292 concedunt
644 260 715 291 stare
725 262 779 298 juri
792 271 891 291 coram
906 262 1046 299 eo,super
1056 264 1118 300 jure
1126 263 1198 292 Suc-

0 303 58 331 cdv.
81 309 104 327 ι.
127 299 256 330 ceffionis
295 300 373 338 quod
387 302 424 330 eis
443 300 476 330 ad
495 300 642 338 praeratum
659 299 794 338 Regnum
808 299 912 330 Scotiaz
924 302 1062 337 competit
1075 309 1196 338 quoquo

126 338 234 368 modo:
255 323 292 368 ἐι
308 340 390 368 etiam
406 338 440 369 ad
476 338 640 374 terendum,
659 337 886 377 respondendum
901 340 933 368 &
949 339 1144 375 recipiendum
1158 338 1194 367 ab

134 386 188 414 eo,
207 378 241 407 δε
257 386 356 408 coram
370 387 407 406 eo
417 399 427 414 ,
458 385 515 407 icut
530 377 545 405 Ξ),
562 376 703 413 superiore
717 376 750 406 δε
765 376 874 405 directo
890 375 1024 406 Domino
1038 377 1106 407 dieti
1121 377 1202 416 Reg-

134 416 163 445 ni
177 415 302 453 Scotiae‚
322 424 352 444 ut
368 415 565 452 praemittitur,
581 414 828 452 complementum
841 413 955 452 justitiae
970 415 999 444 in
1011 415 1063 445 hac
1079 424 1164 452 parte.

0 506 120 548 Johannis
171 490 238 521 Hiis
259 492 269 520 i
289 490 343 534 itur
359 514 368 528 ,
396 489 433 520 sic
456 490 572 534 periistis
588 514 597 528 ,
615 489 735 533 Nobilis
751 489 803 519 Vir
818 488 963 532 Dominus
977 489 1108 533 Thomas
1125 490 1203 520 Ran-

0 546 26 575 ae
39 544 98 572 Bal,
137 520 246 573 dusqu,
274 567 279 572 .
305 528 354 571 iles
368 528 481 573 Egregii
495 528 557 573 §liri
569 528 705 566 johannis
720 526 756 557 de
771 527 887 571 Balliolo
897 552 906 566 ,
920 530 947 558 ie
959 537 1066 567 erigens
1080 553 1090 566 ,
1107 530 1138 559 δε
1153 529 1204 572 ab·

0 584 62 612 Μ,-
139 567 256 599 sentiam
272 570 354 605 ipsius
378 566 501 597 Domini
515 568 554 597 sui
569 566 716 604 excusam,
734 567 767 596 &
783 565 974 604 praefixionem
986 567 1031 596 seu
1045 567 1092 596 affi
1113 575 1203 597 natio—

141 615 209 637 nem
231 605 302 636 illius
321 605 379 635 diei
400 606 489 642 ipsum
508 605 592 635 latere
614 604 787 642 praetendens
802 628 811 642 ‚
835 604 947 635 dicebat
961 605 1083 635 eundem
1130 606 1205 635 omi-

142 653 215 674 num
229 644 328 681 suum,
348 645 418 673 inter
430 645 513 681 alios,
534 643 583 681 qui
600 643 628 672 in
641 642 813 672 successione
829 642 955 680 praedicti
978 643 1072 682 Regni
1098 644 1205 674 Scotiae

137 683 182 720 jus
202 682 252 712 sibi
269 681 438 719 vendicant,
458 683 585 721 pinguius
598 682 641 719 jus
655 681 776 718 habere,
795 690 906 718 petens,
924 680 958 710 ad
974 684 1143 719 crastinum,
1162 683 1205 719 ip-

140 720 205 751 sum
228 720 394 750 Dominum
416 720 495 750 suum
509 720 634 757 admitti,
652 719 733 757 super
749 720 883 757 petitione
895 719 1056 757 hujusmodi
1069 720 1109 750 sui
1121 721 1206 758 juris,

141 760 170 789 in
183 758 304 798 persons.
316 758 363 788 sua
377 759 490 796 propria
509 760 542 790 ὃ(
557 758 655 789 audiri.

181 835 292 865 Adtum
310 857 319 872 ,
341 842 372 864 ut
391 834 470 872 supra
484 858 492 871 ,
520 844 553 864 ex
577 834 709 874 opposito
725 833 819 864 Castri
834 833 869 863 de
882 833 1034 872 Norbam,
1052 843 1142 873 prope
1155 834 1209 864 flu-

146 883 215 903 men
231 873 267 902 de
282 871 411 910 Tweda,
431 875 459 902 in
476 873 615 903 Parochia
628 872 770 910 cujusdam
785 872 883 910 Villae,
902 883 966 910 quae
981 883 1099 903 vocatur
1116 872 1211 910 Upse-

144 912 281 942 telintone
295 935 305 949 ,
330 911 429 941 Saneti
454 912 576 942 Andreae
598 912 741 949 Diocaeii,
757 913 785 941 in
803 911 914 950 Scodfi,
933 912 961 941 in
977 911 1039 942 area
1052 910 1136 943 viridi
1159 911 1210 941 sub

141 950 230 989 divo,
248 949 368 980 secunda
381 949 443 988 die,
462 951 580 981 intrante
595 949 794 988 MenseJunio
804 974 814 987 ,

583 1027 767 1059 Praesentibus
775 1051 785 1064 ,

143 1102 347 1172 Venerabj'libus
362 1103 513 1143 Patribus,
532 1107 658 1136 Antonio
697 1103 833 1143 Johanne
847 1103 879 1133 de
894 1102 982 1142 Lafiy
989 1101 1155 1133 cancellario
1163 1106 1214 1142 Cy-

182 1145 264 1172 Dune
275 1154 334 1173 men
346 1153 355 1170 1
738 1154 764 1171 ce
787 1153 834 1171 ren
846 1152 864 1170 1.

147 1183 191 1211 W
188 1180 296 1211 illielmo
311 1141 436 1221 Eslyenfi‚
699 1184 745 1210 Ac
753 1141 826 1210 ssobi
838 1179 897 1209 ibus
910 1182 1003 1217 Viris,
1017 1181 1059 1208 W
1059 1178 1168 1208 illielmo
1184 1181 1216 1210 de

148 1222 192 1250 W
191 1218 299 1249 illielmo
313 1222 407 1250 Sanan*
421 1220 545 1251 Andreae
554 1244 563 1259 ,
735 1218 863 1248 Valentia
876 1222 977 1248 Comite
996 1218 1164 1258 Penbrokyae
1174 1240 1184 1255 ,

146 1258 262 1288 Roberto
278 1257 432 1299 Glafiuenfi
441 1282 452 1298 ,
471 1257 510 1292 ὠ
700 1259 818 1287 Henrico
830 1255 950 1296 deLafty
970 1260 1077 1285 Comite
1091 1255 1215 1286 Lincol-

142 1300 242 1327 Marco
265 1296 400 1337 Sodorenst
414 1320 425 1335 ,
462 1300 518 1327 Dei
540 1296 637 1334 gratis}
652 1320 662 1336 ,
738 1299 791 1325 niae
805 1318 814 1333 ,

183 1332 334 1374 Epiftopis:
700 1337 800 1370 Rogero
815 1337 841 1362 Β
838 1333 911 1372 ygod
922 1335 1024 1362 comite
1036 1332 1215 1372 Norfhkhiae,

146 1376 189 1403 Et
213 1371 428 1404 Honorabilibus
443 1376 538 1411 Viris,
557 1376 664 1411 Magis-
739 1369 777 1406 &¹
790 1370 955 1410 hlaresc'allo
972 1371 1083 1408 Angliae
1093 1394 1102 1409 ,

185 1415 237 1442 tris
250 1415 368 1441 Henrico
381 1410 556 1453 Eboracenfis
565 1434 575 1451 ,
702 1409 863 1440 Donenaldo
878 1413 980 1439 Comite
991 1410 1022 1438 de
1038 1413 1117 1439 Mar.

147 1450 283 1490 Johanne
297 1449 384 1480 Liche
398 1449 506 1491 eldenfis
516 1474 526 1487 ,
702 1449 825 1479 Gilberto
839 1451 940 1478 Comite
954 1448 986 1477 de
1000 1451 1140 1486 Aneguz,

3 1495 24 1530 ⁵·
33 1496 59 1523 n
66 1503 140 1531 ἄλῃ.
149 1487 466 1570 ἓνῧίἓῖαέἴῑζιῗιξζῇς,
485 1487 666 1568 Εἷςσάζβανιιω
702 1486 1095 1557 ξ’ἕξῑῖἶιῦάῖαῗὲεγεέὲῖἵννμ
1103 1509 1114 1524 ³

1035 1549 1044 1563 2

189 1568 328 1595 Decanis:
705 1565 807 1595 :thoma
823 1566 854 1595 de
868 1562 980 1605 Berkjele
988 1585 998 1601 ‚

152 1603 304 1636 Willielmo
327 1605 359 1635 de
376 1603 541 1636 Hameltone
558 1604 668 1635 Ebora·
706 1606 819 1640 Hugone
834 1603 858 1633 le
871 1602 1035 1642 Despenser,

190 1642 256 1683 cenfi
264 1665 274 1682 ,
296 1641 334 1678 ὠ
709 1642 831 1673 Walteru
848 1641 879 1671 de
893 1639 969 1670 Bello
985 1644 1100 1678 Campo,

151 1681 296 1722 Magistris
316 1680 439 1713 Waltero
455 1680 594 1722 Wllenfi,
709 1683 751 1710 W
753 1680 861 1710 illielmo
875 1681 906 1710 de
919 1683 1018 1709 Sancto
1034 1678 1131 1717 Claro,

152 1723 236 1750 Petro
251 1719 416 1760 Exonienfi‚
711 1721 832 1748 Patricio
846 1720 877 1748 de
893 1717 1037 1756 Gmhmu,

153 1758 257 1789 Thomu
263 1755 413 1796 Suffllchiae
427 1761 457 1787 in
470 1756 587 1799 Ecclefia
595 1759 671 1787 Nor·
711 1760 754 1787 W
754 1757 862 1787 illielmo
878 1757 909 1786 de
924 1760 1058 1786 Moravia
1067 1779 1077 1794 ,

191 1795 301 1837 wicenfi
309 1819 319 1834 ‚
710 1798 733 1825 R
731 1797 832 1834 ycardo
847 1795 980 1835 Syward,

146 1835 284 1866 Durando
301 1838 405 1866 Stowie
418 1838 447 1866 in
461 1833 579 1876 Ecclefia
599 1837 673 1865 Lin-
709 1834 837 1874 Galfrido
850 1835 882 1864 de
897 1833 1046 1874 Montbray
1055 1856 1065 1872 ,

191 1873 313 1914 colnienfi
323 1896 333 1912 ,
711 1873 847 1903 Michaele
861 1874 892 1904 de
908 1874 1011 1912 VVymes
1020 1895 1029 1911 ,

156 1912 272 1943 Roberto
296 1910 404 1952 Cestriae
426 1915 455 1941 in
474 1911 593 1953 Ecclefia
614 1914 642 1941 L
659 1930 673 1935 -
713 1911 835 1941 Waltero
849 1916 949 1951 Curcy,
968 1909 1006 1946 ὠ,

190 1950 350 1991 chefela'enfi
365 1951 590 1990 Archidiaconis,
613 1922 659 1985 d
713 1953 755 1980 W
756 1950 865 1981 illielmo
880 1951 912 1981 de
926 1953 1024 1980 Monte
1037 1945 1159 1986 Revelli,

195 2027 240 2059 Ac
254 2027 376 2059 aliorum
392 2026 602 2065 Episcoporum
615 2052 625 2066 ,
650 2027 854 2065 Praelatorum,
872 2026 1043 2063 Comitum,
1061 2025 1206 2068 Baronum
1216 2046 1226 2062 ‚

156 2060 329 2106 Magnarum
344 2090 354 2104 ,
370 2067 403 2097 δε
420 2065 595 2104 Nobilium,
611 2066 753 2105 utriusque
768 2066 884 2105 Regni,
905 2064 1086 2097 multitudine
1103 2063 1226 2104 copiosa.

15 2141 92 2178 Anii.
102 2142 143 2174 D.
160 2143 306 2205 ANno
320 2168 329 2181 ,
354 2142 516 2174 lndieiione
528 2165 537 2181 ‚
562 2143 595 2174 δε
619 2143 704 2182 loco,
722 2144 857 2181 proximo
874 2142 997 2180 superius
1010 2142 1181 2178 nominatis,
1196 2141 1227 2170 in

36 2192 121 2222 1292.
238 2181 381 2219 praesentia
396 2182 468 2219 mei⁷
488 2181 622 2220 Notarii,
640 2184 674 2213 ὃς
688 2182 718 2212 T
720 2182 822 2213 estium
838 2181 1057 2219 subscriptorum
1074 2203 1084 2218 ,
1102 2179 1228 2222 Venera-

16 2223 138 2261 3.Junii.
157 2220 220 2250 bilis
234 2219 317 2251 Pater
332 2221 359 2250 iu
382 2219 500 2250 Christo
513 2220 641 2257 praefatus
663 2220 702 2251 R.
721 2219 961 2262 Bathoniensis&
986 2218 1136 2262 Welleniis
1157 2217 1229 2255 Epi-

15 2261 132 2299 ⁸Quarta
162 2258 280 2299 scopus,
297 2258 486 2289 Cancellarius
498 2258 545 2289 An
566 2259 610 2289 liae
630 2260 671 2297 (in
686 2260 764 2297 cujus
779 2269 832 2289 ore
852 2261 982 2296 praeiatus
1003 2257 1150 2301 Dominus
1162 2256 1229 2286 Rex

13 2304 128 2327 Conven-
161 2297 273 2328 Anuliae
287 2322 297 2336 ,
322 2308 371 2327 me
396 2297 534 2335 praedhsto
587 2299 679 2328 orario
699 2297 874 2334 infrascripto
890 2296 1023 2335 prsesente
1035 2297 1069 2327 &
1083 2295 1230 2333 audiente,

14 2341 61 2366 tio.
160 2337 194 2367 &
209 2323 423 2367 venerabilibus
439 2336 583 2379 Patribus,
597 2336 730 2374 johanne
745 2336 970 2379 Archiepiscopo
986 2334 1160 2365 Eboracensi
1168 2334 1228 2377 A¹¹.'

182 2375 226 2405 lite
242 2375 380 2412 Primate,
406 2374 538 2405 Antonio
557 2374 747 2405 Dunelmensi
762 2398 772 2412 ,
797 2375 830 2405 &
850 2373 1012 2404 Willielmo
1025 2372 1139 2411 Elyensi
1160 2371 1232 2409 Epi-

161 2414 270 2482 scopis,
280 2415 314 2445 δε
328 2413 468 2480 ηοηηυᾏὲἰε
483 2413 539 2443 aliis
551 2413 734 2481 ῗῖεΐεὲῑὼυε
749 2412 977 2480 ὅεεῗᾳῇἰεηῑίὶόιε
985 2411 1164 2479 ᾈῖξὶῗξαὲῑέἓ
1176 2420 1232 2478 1131ἶῖ

162 2460 363 2559 ῐὲξῖιέεὖρὲἕῗ
377 2461 634 2558 ηὲξέὲεεῐίγιζρἷιηξέἑῗ
646 2461 817 2559 Γὲἓὲίαέἰὲἓῇ
827 2460 907 2557 1ἔῖῥὲ
923 2460 997 2558 νοὲἑ
1009 2487 1231 2556 ciffi-munim}

360 2537 377 2551 <7
513 2540 516 2544 ¹
551 2538 556 2544 ·
934 2538 939 2544 u

195 2530 302 2607 {egorith
313 2538 408 2604 ipsifrfrxil
417 2537 961 2609 exesiitclffeision{Cisgileditarigaiserffiit
982 2536 1028 2602 Ἐξ
1043 2536 1095 2594 fig?
1103 2536 1228 2601 'cdissspze-

162 2615 222 2636 tere
232 2606 294 2644 ,die
309 2605 472 2643 exposuerat
489 2605 677 2643 praecedenti,
696 2606 800 2636 scilicet
814 2604 936 2635 secunda
951 2603 997 2634 die
1010 2611 1129 2633 intrante
1144 2603 1233 2633 Men-

164 2644 193 2675 se
209 2644 300 2683 Junio
313 2668 322 2681 ,
338 2652 424 2682 prout
439 2645 572 2682 proximo
587 2644 710 2682 superius
725 2644 832 2682 plenius
845 2643 1017 2679 continetur)
1044 2651 1142 2672 coram
1163 2641 1234 2679 Epi-

166 2682 257 2720 scopis
274 2708 284 2721 ,
307 2682 429 2714 Praelatis
443 2705 452 2720 ‚
480 2682 681 2722 Magnatibus,
706 2683 878 2713 Proceribus
892 2705 902 2720 ,
922 2683 955 2713 &
972 2681 1148 2719 Nobilibus,
1166 2689 1235 2711 tunc

166 2722 275 2752 ibidem
294 2720 476 2752 existentibus
489 2744 499 2760 ,
522 2732 556 2753 ac
571 2722 712 2759 utriusque
729 2721 825 2760 Regni
840 2720 953 2759 Angliae
967 2720 1000 2751 &
1016 2719 1123 2764 Scotiae
1139 2718 1235 2763 multi7

166 2759 265 2792 tudine
285 2759 403 2797 copiosa
415 2784 425 2799 ,
450 2760 537 2791 verba
559 2769 624 2797 quoe
644 2760 815 2798 sequuntur,
831 2769 866 2790 ex
880 2768 957 2799 parte
970 2758 1098 2796 praedicti
1114 2757 1236 2788 Domini

167 2798 258 2837 Regis
277 2797 390 2838 Angliae
404 2820 413 2835 ,
434 2798 469 2829 &
490 2797 527 2828 de
544 2798 595 2830 suo
616 2798 726 2835 speciali
750 2797 884 2828 mandato
903 2799 944 2835 (in
959 2798 1039 2835 cujus
1053 2796 1171 2835 quidem
1184 2807 1236 2840 ore

168 2836 247 2868 idem
270 2836 417 2868 Dominus
436 2836 503 2867 Rex
517 2837 678 2875 hujusmodi
693 2837 778 2867 verba
793 2837 854 2875 sua,
873 2846 921 2866 me
934 2835 1073 2874 praedieto
1089 2834 1217 2865 Notario
1227 2860 1236 2873 ,

171 2876 206 2907 δι’
228 2875 369 2913 praedietis
390 2875 615 2913 Archiepiscopo
637 2876 671 2906 &
691 2875 838 2913 Episcopis
854 2899 864 2914 ,
889 2885 921 2905 ac
943 2875 1000 2904 aliis
1013 2874 1192 2918 praesentibus
1205 2875 1238 2905 &

172 2914 347 2944 audientibus
362 2915 501 2951 sposuit)
519 2914 635 2945 Gallico
649 2914 780 2945 sermone
792 2938 802 2952 ,
821 2914 912 2944 verbo
927 2921 1006 2944 tenus
1020 2912 1089 2943 dixit
1102 2914 1136 2944 &
1152 2921 1241 2950 expo—

173 2952 242 2991 suit,
259 2953 338 2984 hunc
351 2952 480 2984 habentia
493 2951 690 2988 sententialiter
712 2952 907 2990 intelledtum,

210 3028 295 3061 Ctim
314 3028 511 3060 Sereniffimus
531 3029 667 3068 Princeps
681 3053 692 3068 ,
717 3030 864 3061 Dominus
879 3028 976 3060 noster
988 3027 1162 3066 Edwardus,
1182 3028 1240 3059 Dei

172 3067 279 3107 gratia,
295 3067 406 3098 illustris
422 3067 488 3098 Rex
505 3067 633 3105 Angli-ae,
651 3070 804 3101 nonnullos
817 3068 993 3107 Episcopos,
1011 3067 1162 3103 Praeiatos,
1177 3066 1241 3097 Co-

174 3107 258 3136 mites
273 3129 283 3144 ,
307 3105 429 3137 Baiones
443 3129 453 3143 ‚
473 3106 507 3137 &
523 3105 648 3137 Nobiles
663 3106 759 3148 Regni
773 3108 879 3139 Scotiae
893 3117 982 3145 nuper
998 3106 1190 3144 requisiverit,
1205 3107 1239 3137 ὅτ

173 3145 280 3176 'eisdem
292 3154 342 3182 per
354 3143 457 3176 litteras
470 3144 528 3175 suas
543 3143 733 3185 mandaverit,
752 3155 783 3178 ut
800 3148 831 3177 in
848 3145 1005 3185 Quindena
1018 3144 1132 3176 Paschae
1146 3146 1241 3182 proxi-

173 3184 224 3214 me
239 3184 370 3221 praeteriti
380 3205 389 3221 ‚
407 3183 436 3213 in
449 3181 578 3213 confinio
593 3182 765 3222 Regnorum
779 3185 890 3225 Angliae
906 3186 938 3216 &
954 3184 1079 3221 scotiae,
1097 3184 1239 3214 conveni-

176 3230 240 3252 rent
259 3231 329 3252 cum
352 3223 361 3252 i
382 3222 412 3252 ib
433 3220 507 3259 apud
527 3220 679 3259 Norbam,
697 3221 884 3254 Dunelmensi
898 3222 1034 3260 Diocesi3
1050 3221 1085 3252 ad
1099 3231 1185 3260 quem
1198 3221 1242 3252 lo-

177 3269 248 3290 cum
268 3259 347 3291 idem
391 3260 505 3292 ominus
518 3259 585 3289 Rex
600 3260 629 3289 in
643 3259 703 3297 ipso
714 3263 838 3292 termino
852 3262 879 3294 se
890 3261 1064 3299 significabat
1079 3270 1241 3297 venturum,

176 3298 301 3328 locuturi
324 3299 358 3329 ὃς
377 3297 519 3328 traCtaturi
541 3298 620 3335 super
637 3299 719 3328 certis
740 3301 878 3340 neooiiis,
895 3300 1127 3340 contingentibus
1140 3299 1242 3329 statum

177 3336 276 3376 Regni
293 3336 402 3368 Scotiae
415 3336 552 3368 antedi&
562 3359 572 3375 ,
589 3336 658 3367 ficut
673 3336 802 3370 hesterna
816 3338 862 3369 die
880 3339 1004 3369 diximus
1016 3339 1049 3370 &
1066 3339 1245 3368 recitavimus

177 3385 278 3407 eoram
292 3375 394 3414 vobis3
411 3376 447 3406 &
461 3374 651 3412 postmodum
666 3376 804 3413 praedicto
821 3377 956 3408 Domino
979 3377 1079 3407 nostro
1094 3376 1166 3414 apud
1182 3376 1244 3406 dic-

177 3423 241 3444 tum
269 3413 370 3445 locum
393 3412 431 3444 de
457 3413 596 3444 Norbam
625 3415 656 3444 in
676 3413 780 3446 statuto
797 3417 920 3447 termino
942 3416 1120 3454 personaliter
1138 3414 1245 3445 consti-

178 3460 250 3484 tuto.

216 3490 278 3522 Vos
297 3489 323 3521 E
346 3489 432 3528 iscopi
445 3513 455 3528 ‚
480 3488 606 3529 Praelati,
624 3490 774 3529 Comites,
792 3490 931 3531 Baiones,
951 3491 1116 3532 Magnam,
1135 3490 1244 3522 Proce-

178 3540 239 3568 ωε,
258 3529 292 3560 δε
343 3528 433 3572 obiles
447 3527 516 3572 disti
528 3528 624 3566 Regni
638 3529 743 3561 Scotiae
765 3530 857 3567 (uitta
876 3531 1089 3569 requisitionem
1109 3532 1142 3561 &
1162 3530 1243 3569 affig-

165 3569 324 3612 ''nationem
343 3567 382 3598 hu
393 3566 511 3611 usmodi.
523 3567 735 3612 demandatam)
755 3539 905 3612 adlocum
917 3569 1084 3602 accedentes
1098 3569 1222 3600 eundem
1232 3592 1242 3607 ‚

178 3606 356 3639 Petitionem
409 3614 597 3645 ecognitionis
615 3605 813 3644 superioritatis
836 3608 870 3640 &c
884 3607 984 3639 direffl
999 3607 1134 3638 Dominii
1152 3608 1244 3646 (quod

182 3645 279 3676 eidem
293 3644 426 3675 Domino
439 3643 540 3675 nostro
555 3644 584 3674 R
624 3645 629 3650 '
646 3646 676 3675 in
689 3643 769 3676 diCto
781 3645 889 3683 Regno
902 3646 1009 3677 Scotiae
1024 3647 1174 3685 competit)
1191 3657 1245 3677 vo-

183 3684 227 3715 bis
240 3684 345 3715 fastam
362 3684 408 3720 (δε
423 3684 452 3713 in
466 3683 545 3721 cujus
560 3653 748 3721 maffeffione’
766 3683 813 3714 vel
825 3683 900 3721 quasi
914 3684 1112 3716 Anteceffores
1126 3687 1160 3717 &
1173 3685 1246 3715 Pro-

181 3724 322 3761 genitores
335 3721 390 3760 sui,
408 3721 521 3762 Angliae
534 3721 631 3759 Reges
644 3721 779 3759 illustres,
797 3722 813 3751 ὲ
827 3722 836 3752 l
896 3722 994 3754 issimis
1009 3725 1186 3762 temporibus
1199 3734 1243 3754 re-

182 3762 311 3799 imanis,
328 3761 460 3798 fuerunt,
479 3759 557 3798 quod
573 3770 623 3798 per
636 3760 785 3791 nonnullas
801 3761 878 3790 mani
892 3760 960 3791 estas
980 3762 1014 3793 &
1028 3762 1247 3794 evidentissimas

184 3797 322 3868 Ratiogices
338 3800 410 3869 ,ὀξὶς
419 3799 470 3829 alia
483 3799 659 3830 documenm
677 3797 850 3829 sufficienter
862 3800 985 3836 apparet)
1001 3801 1174 3832 intellexistis
1186 3802 1246 3840 ple-

185 3845 251 3868 nius
312 3848 348 3869 au
369 3849 378 3869 ι
405 3848 441 3868 is:

223 3873 262 3906 Et
281 3875 361 3914 quod
383 3876 494 3908 idcirco
513 3875 621 3914 ipsum,
639 3884 671 3907 ut
690 3875 864 3913 superiorem
882 3875 916 3906 &
928 3875 1069 3909 direstum
1083 3878 1250 3909 Dominum

185 3911 255 3944 dieti
269 3913 366 3950 Regni
377 3915 503 3954 Scotiae,
522 3924 556 3945 ex
567 3913 742 3945 habundanti
756 3915 981 3953 recongnoscere
993 3918 1124 3948 curaretis
1139 3918 1173 3948 &
1188 3917 1249 3954 sibi,

185 3959 219 3981 ut
239 3951 373 3988 superiori
395 3954 429 3985 &
450 3953 559 3985 directo
580 3953 661 3991 ipsius
677 3952 772 3991 Regni
785 3951 935 3990 Domino,
949 3956 1094 3990 pareretis:
1116 3955 1251 3986 Adiciens

186 3988 266 4031 idem
285 3989 431 4023 Dominus
452 3992 549 4024 noster
571 3992 638 4023 Rex
674 3990 753 4030 quod
768 3990 788 4021 si
800 3991 893 4029 aliqua
908 3989 1062 4031 haberetis,
1079 4003 1144 4032 quae
1157 3994 1250 4032 ipsum

185 4028 203 4056 a
214 4036 279 4068 jure
293 4027 488 4066 superioritatis
504 4031 552 4063 seu
572 4030 651 4063 direc
665 4031 674 4061 i
695 4029 829 4061 Dominii
843 4028 994 4068 mediati,
1011 4032 1045 4064 &
1058 4032 1095 4064 ab
1108 4033 1252 4065 executio-

1243 133 1721 183 PUssticA.
2248 158 2304 197 95

1238 231 1275 252 ne
1297 223 1342 253 seu
1366 226 1499 256 exercitio
1518 226 1536 245 *ὲ
1557 226 1626 257 dieti
1645 226 1721 264 Juris
1741 226 1854 265 possent
1873 228 2036 260 excludere:
2056 229 2093 260 Et
2108 231 2229 261 rationes
2263 232 2297 262 &
2316 227 2441 258 Arm-D-

1236 259 1319 303 Jura,
1339 263 1371 292 ὃ(
1390 262 1571 306 Documenta
1584 265 1629 294 sua
1643 266 1675 295 ὃς
1691 276 1742 302 pro
1754 266 1781 295 se
1793 266 1921 297 facientia
1936 278 1986 305 per
1999 268 2131 299 validiora
2146 270 2179 300 &
2200 254 2297 299 eflica-
2335 275 2419 305 1292.

1239 309 1315 329 eiora
1337 301 1398 343 ali-2³5
1419 305 1558 332 infirmare
1574 315 1584 339 3
1607 303 1650 332 illa
1664 312 1770 340 paratus
1783 304 1873 343 foret,
1892 305 1960 336 sicut
1970 305 2078 344 justum
2091 306 2177 345 esset,
2195 307 2296 338 admit-
2315 308 2377 332 Edu.
2403 315 2426 332 ¹·

1240 345 1298 367 tere
1314 339 1346 368 δε
1361 344 1451 369 tacere
1467 340 1544 377 quod
1558 341 1681 371 deberet.
2313 345 2328 360 ‘⁵
2340 342 2445 378 IIS-*3³

1278 375 1358 420 Cum
1379 378 1470 415 itaque
1484 401 1493 416 ,
1518 379 1569 408 hiis
1590 378 1689 409 auditis
1703 403 1712 417 ,
1738 380 1772 410 &
1792 380 1899 418 plenius
1913 381 2058 414 intellectis
2092 392 2161 414 tunc
2174 383 2298 414 inducias

1242 423 1370 450 peteretis
1391 415 1425 459 ad
1445 416 1649 459 consulendum
1670 416 1825 456 Episcopos
1841 443 1850 457 ,
1876 419 2008 450 Praelatos
2021 445 2030 459 ,
2049 407 2195 461 (inmites,
2213 422 2300 453 Baro-

1242 461 1291 494 nes
1304 477 1313 490 ,
1337 453 1371 483 &
1386 453 1451 483 alios
1466 453 1607 492 Nobiles,
1625 465 1658 485 ac
1673 454 1919 487 Communitatem
1936 458 2031 498 Regni
2045 460 2186 497 praedicti:
2207 461 2252 491 Ac
2269 471 2300 491 e-

1241 497 1310 520 tiam
1324 491 1357 521 ad
1372 491 1584 522 deliberandum
1599 495 1632 524 &
1648 493 1875 530 respondendum
1887 496 1965 533 super
1980 499 2084 534 petitis·
2102 499 2302 537 concessaeque

1242 529 1325 573 vobis
1348 530 1363 559 a
1386 530 1501 566 praefato
1524 530 1656 561 Domino
1675 530 1774 561 nostro
1797 532 1880 573 Rege
1903 534 2015 565 fuissent
2035 522 2160 567 Induciae
2175 562 2184 575 ,
2215 539 2302 569 trium

1242 566 1299 597 scil.
1318 567 1551 598 Ebdomadarum
1573 571 1688 607 praecise
1706 593 1715 607 ,
1738 571 1771 600 &
1793 581 1841 607 per
1861 582 1913 601 vos
1936 571 2054 604 demum
2068 575 2194 606 admissae
2209 576 2243 606 ad
2260 585 2305 605 re-

1244 605 1439 642 spondendum
1465 608 1577 644 petitis:
1603 607 1642 638 Et
1664 606 1698 637 ad
1719 608 1911 639 exhibendum
1931 611 1965 641 ὃς
1984 611 2192 644 ostendendum
2214 615 2302 652 siqua

1245 643 1428 674 Munimenta
1437 669 1446 682 ,
1465 645 1509 675 vel
1521 646 1688 683 scripta,seu
1704 648 1808 683 quevis
1824 647 1958 678 haberetis
1972 648 2022 678 alia
2036 649 2225 690 documenta,
2238 662 2302 690 quae

1245 682 1336 726 ipsum
1355 682 1519 726 Dominum
1541 683 1671 713 nostruin
1691 683 1738 714 Re
1758 694 1805 714 em
1826 685 1839 714 a
1853 686 1916 727 jure
1936 686 2129 723 superioritatis
2145 691 2190 721 seu
2203 691 2302 721 directi

1245 720 1378 764 Dominii
1393 721 1488 758 Regni
1505 721 1610 752 Scotiae
1624 721 1730 759 supradi
1749 724 1771 752 ti
1788 723 1899 762 possent
1919 725 2065 762 repellere:
2085 726 2123 758 Et
2139 730 2257 759 rationes
2271 730 2304 760 δε

1241 769 1304 797 Jura
1312 781 1322 797 ,
1337 769 1370 789 ac
1383 758 1556 790 documenta
1568 758 1631 797 sua,
1650 761 1683 790 δε
1700 770 1753 798 pro
1767 761 1793 791 se
1807 761 1935 792 facientia
1947 773 2096 802 enervare,

1282 797 1321 827 Et
1343 797 1429 827 nichil
1449 799 1572 829 omnino
1593 807 1693 829 contra
1714 799 1853 836 praemissa
1873 810 1921 838 per
1942 800 2100 841 Episcopos
2115 827 2125 841 ,
2149 803 2280 834 Praelatos
2295 828 2305 842 ,

1248 834 1379 866 Comites
1393 858 1403 873 ,
1425 835 1547 866 Barones
1561 861 1570 874 ,
1597 836 1763 876 Magnates,
1781 838 1813 868 ὃς
1827 838 1952 869 Nobiles
1966 841 2073 878 praefati
2090 841 2187 879 Regni
2201 842 2305 873 Scotiae

1245 874 1392 914 proposito
1408 897 1417 910 ‚
1442 875 1568 905 exhibito
1590 875 1636 906 vel
1654 874 1768 907 ostenso
1785 888 1789 893 ·
1816 877 1894 914 quod
1913 879 2034 909 rationes
2049 903 2058 918 ,
2073 881 2150 918 jura,
2169 882 2202 912 &
2215 880 2306 911 docu-

1248 920 1345 956 menta
1365 915 1514 956 memorati
1535 913 1658 943 Domini
1680 912 1770 943 nostri
1782 900 1889 953 Regis,
1905 917 1998 954 quoad
2009 920 2052 954 jus
2066 920 2259 955 superioritatis
2272 920 2306 949 δε

1248 950 1347 981 ἀιτεᾶὶι
1362 949 1511 988 Dominii,
1529 952 1700 982 executionis
1715 951 1759 982 seu
1774 954 1897 983 exercitii
1912 954 1980 984 dieti
1991 955 2081 994 Juris,
2097 956 2174 995 quod
2189 959 2217 986 in
2225 958 2307 994 Reg-

1248 998 1289 1020 no
1297 989 1403 1020 Scotiae
1410 988 1562 1026 saepedicto
1576 990 1626 1020 sibi
1638 991 1778 1027 competit
1788 990 1926 1028 ,infirmet
1940 992 2109 1030 aliquatenus
2123 996 2167 1025 vel
2182 1003 2305 1026 enervet.

1286 1027 1409 1064 Propter
1429 1027 1507 1064 quod
1528 1028 1610 1058 vobis
1624 1052 1633 1066 ,
1651 1027 1813 1066 Episcopis,
1831 1028 1974 1068 Praelatis,
1992 1031 2173 1072 Comitibus,
2191 1034 2308 1064 Baroni-

1250 1066 1302 1097 bus
1315 1089 1326 1104 ,
1348 1064 1530 1104 Magnatibus
1546 1088 1556 1104 ,
1580 1065 1737 1097 Nobilibus
1750 1089 1759 1104 ,
1785 1067 1819 1097 &
1840 1066 2051 1099 Communitati
2070 1071 2191 1106 eiusdem
2211 1072 2308 1112 Regni

1249 1104 1374 1141 Scotiae,
1392 1104 1426 1135 &
1441 1104 1550 1143 singulis
1565 1103 1600 1135 de
1610 1104 1827 1135 Communitate
1836 1104 1952 1143 eadem,
1964 1106 2012 1136 hic
2026 1105 2221 1148 existentibus,
2237 1121 2310 1148 prae-

1250 1142 1321 1174 fatus
1344 1141 1488 1172 Dominus
1508 1142 1604 1173 noster
1625 1142 1779 1174 Edwardus
1802 1142 1868 1173 Rex
1887 1143 2015 1183 Angliae,
2035 1156 2084 1183 per
2098 1156 2168 1185 nos,
2186 1148 2230 1178 die
2245 1149 2309 1178 insi-

1253 1182 1349 1212 nuavit
1361 1189 1445 1218 atque
1458 1180 1640 1212 denunciavit
1654 1181 1799 1219 hesternit,
1816 1183 1894 1220 quod
1910 1206 1919 1220 ,
1939 1183 2009 1212 cum
2025 1193 2059 1213 ex
2073 1193 2150 1221 parte
2161 1186 2254 1216 vestra
2268 1188 2311 1216 ni-

1252 1220 1309 1250 chil
1332 1219 1413 1250 fuerit
1435 1219 1611 1256 propositum
1625 1242 1635 1257 ,
1653 1219 1824 1258 exhibitum,
1841 1220 1886 1250 seu
1900 1220 2063 1260 ostensum,
2081 1222 2158 1260 quod
2168 1224 2228 1262 jus,
2246 1234 2311 1254 exe-

1251 1259 1400 1288 cutionem
1412 1280 1422 1295 ,
1446 1258 1492 1287 seu
1508 1259 1674 1288 exercitium
1684 1259 1768 1296 juris,
1789 1258 2000 1297 superioritatiS,
2019 1261 2053 1291 ὃς
2067 1260 2166 1290 direffi
2180 1261 2313 1293 Dominii

1251 1296 1290 1326 sui
1306 1296 1432 1334 praediffl
1444 1295 1544 1326 debeat
1556 1296 1726 1334 aliquatenus
1742 1297 1895 1336 impedire,
1913 1306 1960 1327 aut
1977 1299 2060 1328 etiam
2073 1299 2222 1338 retardare,

1289 1334 1456 1365 intentionis
1470 1334 1524 1365 suae
1540 1334 1582 1365 est
1594 1336 1623 1364 in
1638 1336 1754 1374 negotio
1767 1335 1826 1372 ipso
1838 1335 1995 1373 procedere
2003 1337 2065 1374 jure
2078 1339 2213 1377 proprio,
2230 1340 2313 1369 ratio-

1253 1383 1288 1403 ne
1303 1374 1513 1413 superioritatis,
1532 1374 1565 1405 ὃς
1578 1373 1677 1403 directi
1693 1372 1828 1404 Dominii
1839 1373 1894 1412 sui,
1913 1374 1962 1404 sibi
1976 1375 2005 1404 in
2023 1374 2053 1405 R
2091 1386 2130 1406 no
2145 1385 2315 1414 competen-

1253 1413 1286 1442 tis
1303 1411 1406 1442 eodem
1423 1435 1433 1450 ,
1457 1411 1490 1441 ad
1507 1410 1757 1451 cognoscendum,
1776 1411 1998 1451 discutiendum,
2016 1414 2049 1444 &
2083 1413 2263 1446 iffiniendum
2278 1416 2315 1446 de

1250 1451 1314 1488 jure
1336 1449 1530 1518 fingfflgdum’
1558 1451 1606 1488 qui
1627 1450 1662 1481 ad
1680 1449 1817 1490 Regnum
1840 1451 2007 1489 praedic‘tum
2025 1452 2070 1490 jus
2091 1452 2143 1483 fibi
2164 1454 2316 1486 vendicant

1276 1499 1312 1519 uo
1336 1499 1373 1519 uo
1388 1498 1418 1517 m
1459 1499 1488 1518 o.

1255 1499 1273 1527 q
1293 1499 1392 1566 &iare
1406 1550 1416 1564 ,
1440 1536 1474 1557 ex
1491 1534 1569 1564 parte
1587 1526 1666 1564 supra
1681 1528 1821 1558 nominati
1838 1526 1961 1558 Domini
1976 1527 2065 1559 nostri
2081 1529 2169 1569 Regis
2187 1527 2317 1569 Angliae‚

1256 1566 1289 1596 &
1303 1566 1340 1596 de
1354 1565 1403 1595 suo
1419 1564 1528 1603 speciali
1539 1565 1689 1604 mandato,
1708 1566 1723 1595 a
1737 1565 1892 1597 Nobilibus
1906 1566 1979 1598 Viris
1988 1590 1998 1605 ,

1256 1641 1372 1672 Roberto
1387 1641 1418 1671 de
1438 1645 1529 1681 Brus,
1550 1644 1666 1672 Domino
1687 1641 1771 1672 Vallis
1811 1645 1853 1672 W
1852 1642 1958 1674 illielmo
1970 1644 2002 1673 de
2016 1646 2085 1683 Ros,

1363 1681 1495 1711 Anandae
1505 1703 1514 1719 ‚
1812 1681 1934 1711 Waltero
1953 1683 1984 1712 de
1999 1683 2201 1713 Huntercumbe
2219 1686 2320 1714 Procu=

1257 1718 1391 1748 Florentio
1407 1722 1507 1748 Comite
1523 1718 1698 1758 HoHandiae,
1848 1728 1939 1750 ratore
1954 1720 2002 1759 stu
2016 1725 2176 1752 Attvrnato
2198 1725 2240 1752 W
2239 1722 2320 1753 illie!—

1257 1758 1391 1797 Johanne
1405 1758 1436 1787 de
1450 1757 1594 1797 Hastinges
1603 1781 1613 1796 ,
1845 1762 1881 1788 mi
1897 1761 1929 1788 de
1946 1758 2023 1798 Vescy
2033 1781 2042 1798 3

1259 1799 1380 1826 Patricio
1409 1797 1440 1826 de
1462 1796 1587 1826 Dombar
1618 1799 1720 1826 Comite
1739 1797 1771 1826 de
1808 1796 1925 1826 Roberto
1939 1798 1971 1827 de
1985 1797 2143 1838 Pynkeney,
2164 1796 2202 1834 &-

1297 1834 1444 1874 Marchia,
1810 1835 1923 1865 Nicolao
1941 1837 1972 1865 de
1987 1835 2093 1874 saules,

1297 1911 1360 1954 Qi
1380 1911 1409 1940 in
1428 1909 1601 1942 successione
1621 1910 1728 1948 praefati
1743 1910 1837 1950 Regni
1852 1911 1956 1942 Scotiae
1969 1913 1996 1943 se
2009 1912 2132 1944 afferunt
2143 1914 2187 1951 jus
2203 1913 2323 1952 habere,

1261 1950 1438 1987 quaeiivimus
1488 1950 1521 1980 &
1543 1959 1592 1980 eos
1608 1950 1712 1979 interro
1733 1950 1841 1980 avimus
1856 1951 2018 1990 separatim,
2035 1953 2065 1982 in
2088 1952 2232 1988 praesentia
2255 1952 2324 1990 Epi-

1262 1989 1416 2025 scoporum
1426 2010 1436 2026 ,
1454 1974 1643 2018 ’Praelatorum
1658 2012 1680 2032 ³.
1695 1959 1848 2031 Cgemitum
1860 2013 1869 2026 ,
1898 1989 2041 2020 Baronum
2056 2013 2065 2029 ,
2084 1989 2273 2028 Magnarum,
2291 1992 2325 2022 &

1262 2025 1422 2057 Procerum
1437 2049 1446 2064 ,
1470 2037 1505 2057 ac
1521 2025 1763 2065 CommunitatiS,
1780 2028 1919 2066 utriusque
1934 2028 2049 2067 Regni,
2069 2029 2115 2059 hic
2129 2029 2326 2068 existentium,

1262 2075 1297 2095 an
1318 2065 1397 2103 super
1418 2066 1553 2103 petitione
1574 2065 1619 2095 sua
1639 2064 1673 2094 ad
1694 2065 1904 2096 succedendum
1917 2067 1945 2096 in
1960 2066 2097 2106 Regnum
2113 2067 2218 2098 Scotiae
2233 2067 2325 2106 supra-

1262 2103 1374 2134 did’cum
1388 2128 1398 2142 ,
1423 2104 1527 2134 vellent
1546 2114 1643 2134 coram
1659 2113 1819 2134 memorato
1840 2104 1975 2135 Domino
1990 2105 2090 2136 nostro
2104 2105 2186 2145 Rege
2200 2105 2328 2145 Angliae,

1262 2151 1408 2181 tamquam
1423 2152 1523 2173 coram
1535 2142 1675 2181 superiore
1689 2143 1723 2173 &
1738 2141 1847 2173 dii-ceto
1861 2143 1995 2173 Domino
2010 2143 2106 2182 Regni
2120 2144 2243 2182 Scotiae,
2257 2145 2328 2174 stare

1260 2182 1337 2219 juri?
1356 2180 1394 2211 Et
1408 2182 1443 2211 ab
1458 2191 1511 2219 eo,
1530 2182 1563 2212 &
1577 2191 1677 2212 coram
1691 2190 1727 2211 eo
1741 2190 1851 2220 petere,
1870 2181 2038 2220 respondere
2053 2184 2085 2214 δε
2102 2183 2228 2220 recipere
2249 2183 2329 2220 super

1266 2220 1326 2250 hoc
1337 2219 1452 2257 justitiae
1468 2219 1735 2258 complementum?

1302 2257 1386 2288 Idem
1408 2257 1554 2289 Robertus
1576 2268 1629 2296 pro
1643 2258 1684 2297 se,
1706 2268 1740 2288 ac
1757 2258 1802 2288 alii
1816 2257 1942 2289 Nobiles
1955 2257 2089 2290 antedicffi
2102 2258 2331 2297 similitersingil·

1265 2296 1343 2327 latim
1353 2296 1447 2335 ,nullo
1462 2296 1673 2327 contradicente
1683 2296 1730 2327 seu
1744 2297 1914 2328 reclamante
1950 2297 2151 2334 responderunt
2164 2297 2280 2328 finaliter
2296 2299 2331 2330 δε

1267 2335 1415 2373 expresse,
1443 2335 1521 2373 quod
1537 2335 1705 2373 praediftum
1721 2334 1885 2366 Dominum
1899 2322 2074 2366 E'dwardum
2089 2334 2201 2374 Regem
2217 2335 2332 2375 Angliae

1267 2374 1297 2404 in
1321 2374 1492 2411 superiorem
1509 2375 1542 2404 &
1562 2373 1705 2404 direstum
1726 2373 1891 2404 Dominum
1915 2373 2009 2412 Regni
2028 2373 2133 2404 Scotiae
2151 2373 2266 2410 publice
2287 2384 2332 2404 re-

1267 2412 1477 2451 congnoscunt:
1496 2413 1529 2443 ὃ(
1545 2414 1640 2450 aperte
1654 2411 1816 2442 concedunt
1832 2412 1902 2441 stare
1911 2412 1967 2449 juri
1981 2421 2082 2442 coram
2099 2421 2136 2442 eo
2150 2434 2160 2449 ‚
2178 2413 2258 2450 super
2269 2413 2332 2450 jure

1267 2450 1459 2489 succeffioiiis,
1482 2450 1560 2488 quod
1577 2452 1614 2480 eis
1627 2450 1662 2480 ad
1678 2450 1824 2488 praefatum
1840 2450 1978 2492 Regnum
1993 2450 2098 2480 Scotiae
2109 2453 2250 2489 competit
2258 2461 2332 2488 quo-

1269 2499 1328 2526 quo
1342 2489 1449 2527 modo,
1467 2489 1501 2519 &
1515 2490 1599 2519 etiam
1613 2489 1648 2519 ad
1662 2489 1817 2526 petendum
1831 2513 1840 2526 ,
1866 2488 2093 2528 reipondendum
2107 2512 2118 2527 ,
2139 2490 2173 2520 ἃ·
2194 2490 2331 2527 recipien-
2352 2494 2392 2520 M.
2410 2496 2441 2527 45

1269 2527 1340 2557 dum
1360 2528 1396 2557 ab
1417 2537 1471 2565 eo,
1489 2529 1523 2558 &
1543 2537 1643 2558 coram
1664 2538 1718 2565 eo,
1741 2528 1810 2558 ficut
1831 2527 1847 2556 a
1870 2527 2010 2565 superiore
2025 2528 2058 2558 ὃς
2072 2527 2181 2558 directo
2196 2527 2333 2558 Domino

1271 2565 1368 2605 Regni
1389 2565 1496 2597 Scotiae
1509 2590 1519 2604 ,
1542 2576 1574 2598 ut
1594 2567 1773 2603 praemittitur
1789 2590 1799 2603 ,
1824 2566 2074 2603 complementum
2091 2564 2213 2603 Justitiae
2233 2567 2262 2596 in
2280 2566 2334 2597 hac

1293 2613 1358 2635 arte.

1273 2615 1291 2642 p
1309 2642 1337 2673 A
1351 2643 1433 2674 vobis
1450 2643 1584 2682 Johanne
1597 2643 1628 2672 de
1645 2641 1764 2672 Balliolo
1783 2642 1844 2680 (qui
1858 2652 1918 2673 non
1932 2643 2011 2672 eratis
2028 2649 2096 2673 tunc
2111 2642 2228 2680 praesens
2243 2667 2253 2682 ,
2270 2643 2336 2676 licet
2354 2642 2479 2681 Johannes

1273 2681 1402 2712 Thomas
1418 2681 1561 2720 Randulf,
1580 2681 1666 2712 Miles
1683 2680 1792 2718 vester,
1807 2681 1961 2711 absentiam
1972 2680 2092 2712 vestram
2107 2681 2335 2720 excusaverit,&
2356 2684 2383 2710 de
2401 2682 2460 2708 Ba!-

1273 2719 1468 2758 praefixionem
1483 2720 1528 2750 seu
1543 2719 1756 2757 assignationem
1770 2719 1841 2749 illius
1854 2720 1909 2749 diei
1923 2730 1975 2750 vos
1988 2720 2071 2750 latere
2083 2719 2196 2759 dixerit,
2214 2720 2338 2752 afferen-
2357 2720 2423 2748 liolo.

1273 2758 1313 2789 do
1327 2769 1380 2789 vos
1393 2760 1465 2789 inter
1479 2759 1564 2797 alios,
1583 2760 1671 2797 quiin
1684 2757 1856 2789 successione
1873 2758 1999 2796 praedicti
2014 2758 2109 2797 Regni
2123 2758 2228 2789 Scotiae
2238 2760 2283 2798 jus
2302 2759 2338 2789 si-

1274 2799 1304 2827 bi
1318 2797 1486 2836 vendicant,
1504 2799 1631 2837 pinguius
1641 2799 1685 2835 jus
1702 2797 1928 2835 habere,petens
1945 2807 1996 2827 vos
2011 2797 2046 2827 ad
2060 2798 2133 2828 hanc
2146 2797 2223 2827 diem
2234 2797 2338 2828 admit·

1276 2837 1297 2866 ti
1319 2837 1346 2865 in
1370 2835 1488 2874 person-sa
1509 2836 1621 2874 propria
1633 2860 1643 2873 ,
1662 2837 1695 2866 δε
1708 2835 1805 2873 audiri)
1823 2844 1857 2865 ex
1873 2843 1948 2872 parte
1961 2835 2080 2874 saepefati
2095 2835 2220 2866 Domini
2231 2835 2339 2874 nostri,

1278 2874 1409 2905 Edwardi
1432 2874 1520 2913 Regis
1539 2874 1650 2914 Angliae
1663 2897 1673 2913 ,
1690 2875 1724 2905 δε
1740 2874 1776 2904 de
1790 2874 1838 2904 suo
1851 2873 1959 2911 speciali
1973 2873 2106 2904 mandato
2119 2875 2286 2913 quaerimus,
2305 2876 2340 2906 &

1280 2923 1331 2943 vos
1351 2914 1556 2952 interrogamus
1570 2937 1580 2950 ,
1604 2915 1633 2942 in
1647 2912 1792 2953 praesentifi
1807 2912 2033 2950 Episcoporum,
2053 2912 2254 2950 Praelatorum,
2273 2911 2338 2943 Co-

1278 2953 1399 2989 mitum,
1417 2951 1579 2989 Baronum,
1598 2951 1786 2990 Magnarum,
1805 2952 1837 2982 &
1852 2950 2009 2981 Procerum
2023 2975 2033 2989 ,
2051 2961 2084 2982 ac
2099 2950 2322 2982 Communitatis

1279 2990 1419 3027 utriusque
1434 2990 1545 3028 Regni,
1564 2990 1611 3020 hic
1626 2989 1821 3028 existentium,
1839 2999 1874 3018 ari
1887 2989 1965 3027 super
1989 2990 2008 3009 *ὃ
2029 2990 2166 3029 petitione
2177 2989 2287 3028 vestta,
2304 2975 2339 3020 ad
2359 2993 2492 3029 *11.549.

1278 3028 1485 3059 succedendum
1509 3029 1537 3058 in
1561 3028 1698 3068 Regnum
1720 3028 1825 3058 Scotiae
1838 3027 2043 3066 supradictum,
2061 3038 2160 3059 coram
2177 3037 2339 3059 memorato

1279 3067 1415 3097 Domino
1436 3067 1535 3097 nostro
1557 3066 1639 3106 Rege
1659 3066 1771 3105 Angliae
1783 3089 1792 3105 ,
1816 3074 1960 3104 tamquam
1982 3076 2081 3097 coram
2093 3067 2234 3104 superiore
2247 3068 2281 3098 &
2297 3067 2339 3097 di-

1278 3106 1360 3137 ret‘to
1381 3105 1514 3136 Domino
1536 3104 1632 3144 Regni
1646 3104 1767 3142 Scotiae,
1781 3105 1837 3143 juri
1851 3104 1923 3135 stare
1936 3105 2044 3135 velitis?
2062 3103 2100 3135 Et
2114 3106 2149 3135 ab
2164 3116 2217 3143 eo,
2235 3107 2269 3137 ὃς
2287 3116 2339 3136 co-

1279 3155 1339 3174 ram
1353 3155 1389 3175 eo
1406 3153 1516 3183 petere,
1535 3143 1719 3182 respondere,
1734 3144 1767 3173 ἃ
1781 3144 1906 3180 recipere
1920 3143 1999 3181 super
2012 3140 2071 3174 hoc
2081 3143 2195 3182 justitiae
2210 3144 2339 3182 comple-

1279 3192 1429 3221 mentum,
1448 3183 1516 3213 sicut
1536 3182 1659 3212 Domini
1680 3182 1720 3212 R.
1734 3181 1770 3211 de
1784 3180 1853 3211 Brus
1983 3181 2094 3212 Comes
2107 3181 2287 3219 Hollandiae,
2305 3183 2339 3213 &

1279 3222 1324 3252 alii
1340 3221 1465 3252 Nobiles
1479 3220 1626 3259 amedffii,
1635 3221 1683 3258 qui
1693 3221 1738 3259 jus
1750 3219 1920 3251 succedendi
1933 3221 1963 3251 in
1977 3220 2054 3251 idem
2070 3220 2206 3259 Regnum
2218 3220 2340 3252 asserunt

1280 3261 1307 3291 se
1321 3260 1441 3299 habere,
1458 3259 1606 3290 fecerunt?

1317 3298 1366 3329 Ad
1380 3309 1444 3338 quae
1456 3298 1547 3328 dietus
1557 3297 1701 3335 Johannes
1717 3296 1753 3327 de
1766 3296 1885 3327 Balliolo
1921 3297 2048 3336 congrua
2062 3297 2260 3327 deliberatione
2269 3306 2341 3333 prae-

1280 3337 1374 3368 habita
1409 3338 1526 3368 finaliter
1544 3337 1576 3367 &
1598 3335 1742 3374 expresse,
1759 3345 1858 3366 coram
1880 3321 2040 3373 fipiscopis,
2057 3335 2194 3372 Praelatis,
2214 3334 2340 3364 Comiti⁴

1280 3377 1348 3414 bus,
1367 3360 1539 3412 fiarenibuz
1560 3373 1740 3413 lvi-agnatinus
1754 3396 1764 3412 ,
1788 3374 1958 3404 Proceribus
1972 3397 1981 3411 .,
2001 3374 2034 3403 ὃς
2049 3382 2107 3404 tora
2122 3373 2340 3403 Communitate

1281 3414 1437 3453 praedietis,
1456 3416 1489 3446 &
1506 3413 1584 3444 nullo
1597 3412 1811 3443 contradicente
1825 3412 1870 3442 seu
1884 3413 2068 3449 reclamante,
2087 3411 2244 3450 respondit,
2261 3410 2343 3448 quOd

1285 3453 1451 3484 Dominum
1475 3453 1586 3491 Regem
1609 3451 1719 3487 Angliae
1739 3452 1768 3480 in
1791 3451 1962 3488 superiorem
1976 3451 2009 3480 &
2021 3450 2161 3480 direetuin
2178 3448 2343 3479 Dominum

1284 3492 1389 3523 Scotiae
1411 3492 1524 3530 publice
1546 3489 1725 3527 recognoscit
1742 3500 1748 3518 :
1767 3490 1802 3520 ὅ(
1814 3491 1909 3526 aperte
1924 3488 2056 3519 concedit
2070 3488 2140 3518 stare
2153 3487 2224 3525 juri,
2243 3496 2343 3517 coram

1282 3541 1336 3570 eo,
1355 3531 1435 3572 super
1453 3531 1514 3569 jure
1534 3527 1712 3559 successionis
1724 3550 1733 3565 ‚
1750 3527 1830 3565 quod
1845 3528 1895 3557 sibi
1910 3527 1943 3557 ad
1947 3527 2103 3594 <praefatum
2118 3525 2256 3565 Regnum
2270 3525 2344 3556 Sco—

1282 3571 1328 3599 tiae
1349 3570 1488 3607 competit
1513 3577 1631 3605 quoquo
1654 3566 1762 3604 modo,
1781 3567 1814 3597 ὃς
1832 3566 1917 3596 etiam
1931 3575 1945 3595 a
1981 3564 2153 3606 petendum,
2172 3563 2343 3607 responden-

1282 3608 1351 3638 dum
1367 3631 1377 3646 ,
1402 3610 1435 3639 &
1459 3605 1651 3644 recipiendum
1670 3605 1706 3634 ab
1729 3615 1765 3635 eo
1780 3629 1789 3643 ,
1807 3605 1841 3635 &
1855 3614 1953 3634 coram
1970 3613 2023 3641 eo,
2043 3606 2111 3633 licut
2126 3603 2141 3631 {i
2154 3602 2294 3639 superiore
2309 3604 2342 3634 δε

1282 3646 1392 3677 directo
1403 3646 1534 3676 Domino
1542 3644 1637 3683 Regni
1650 3643 1809 3681 Scotiae,ut
1823 3641 2131 3680 praemittitui·,justitiae
2146 3641 2345 3678 complemen-

1283 3694 1345 3716 tum
1364 3686 1393 3715 in
1411 3684 1543 3716 omnibus
1563 3684 1597 3714 &
1633 3692 1662 3712 er
1673 3683 1788 3719 omnia,
1807 3682 1875 3711 sicut
1890 3681 1965 3718 prius
1979 3680 2101 3710 fecerant
2112 3679 2235 3710 Domini
2248 3678 2288 3710 R.
2307 3679 2343 3709 de

1284 3724 1354 3756 Brus
1459 3721 1569 3752 Comes
1617 3720 1764 3759 ollandiae,
1781 3722 1814 3751 &
1828 3720 1872 3749 alii
1887 3719 1920 3749 N
1923 3719 2011 3749 obiles
2025 3719 2181 3756 praenotati.

1323 3799 1430 3830 Αξὶυῐῃ
1447 3822 1456 3836 ,
1482 3806 1513 3828 ut
1534 3797 1613 3834 supra
1629 3820 1639 3835 ,
1661 3799 1742 3828 tertia
1756 3796 1802 3827 die
1821 3797 1940 3826 intrante
1962 3793 2064 3824 Mense
2081 3793 2172 3832 junio
2182 3795 2343 3832 antediCro,

1286 3838 1466 3877 praesentibus
1488 3835 1653 3876 EpiscopiS,
1673 3836 1812 3874 Praeiatis,
1829 3833 2013 3871 Comitum,
2031 3832 2203 3871 Batonibus,
2222 3834 2343 3873 Magna-

1286 3879 1375 3914 t'ibuS,
1393 3875 1577 3912 Proceribus,
1595 3875 1630 3906 ὃς
1643 3872 1716 3914 aliis,
1733 3872 1905 3913 praecedenti
1914 3872 1959 3902 die
1973 3871 2095 3909 superius
2105 3873 2267 3904 nominatis.
2367 3869 2443 3901 Ann.
2453 3870 2494 3900 D.

2394 3919 2427 3938 12
2447 3919 2475 3938 2.

1291 3952 1432 4017 ANno
1452 3952 1485 3983 &
1505 3950 1667 3981 Indiffione
1689 3949 1829 3989 praedistis
1843 3973 1852 3987 ,
1871 3951 1900 3980 in
1915 3949 2056 3988 praesentia
2070 3951 2144 3987 mei,
2162 3948 2294 3985 Notarii,
2313 3947 2346 3978 &
2371 3958 2395 3984 3.
2411 3920 2490 3985 Jiimii

1369 3991 1501 4022 Testium
1515 3989 1737 4027 subscriptorum
1771 3988 1944 4020 Venerabilis
1965 3987 2045 4020 Pater
2065 3990 2096 4019 in
2110 3985 2229 4018 Christo
2240 3985 2349 4029 Domi·
2366 3991 2478 4030 oonvea-

1290 4041 1343 4064 nus
1360 4031 1399 4062 R.
1419 4027 1608 4061 Bathonienfis
1621 4029 1655 4061 &
1669 4013 1820 4060 Weiienfis
1834 4026 1990 4067 Episcopus
2003 4050 2014 4067 ,
2031 4026 2221 4060 Cancenarius
2236 4023 2348 4066 Angliae
2366 4032 2400 4051 tm
2412 4032 2488 4061 qum-

2310 4062 2351 4098 (m
2364 4070 2401 4090 ta.
