2570 4261
91 225 168 261 Anii.
186 224 225 257 D.

114 272 199 305 1244.

93 307 158 332 Hm.
175 313 200 340 3.

80 1990 156 2021 Ann.
175 1989 212 2020 D.

78 2038 192 2099 KQ

79 2117 167 2182 ciani).

80 2183 115 2210 28
133 2188 167 2211 H.
184 2193 209 2220 3.

77 2230 114 2248 m.
130 2223 189 2256 7.d.

75 2643 90 2660 ⁶
107 2644 128 2672 1.
143 2653 209 2679 427.

78 3360 151 3389 Anii.
168 3360 209 3391 D.

98 3408 181 3437 1244.

77 3441 131 3464 Aa.
152 3438 195 3466 28.

83 3837 159 3869 Ann.
173 3837 215 3870 D.

104 3885 189 3914 1244.

83 3919 135 3941 An.
152 3917 195 3942 25.

83 3958 109 3979 ll
137 3962 162 3985 ζ.

83 3995 122 4017 fx
137 3985 196 4018 'Au-

82 4030 145 4064 121ng

187 3533 194 3540 .
233 3505 306 3544 strO,
324 3509 352 3537 in
365 3508 453 3538 modo
465 3509 497 3539 ὃς
512 3510 541 3538 in
556 3509 665 3546 sorma,
683 3517 753 3545 quos
767 3507 913 3544 praedietus
927 3508 1014 3538 fidelis
1035 3508 1129 3538 noster

246 156 322 195 150

240 238 287 266 pes
300 228 475 265 christianos,
492 226 636 264 personam
650 231 727 254 tuam
742 224 892 264 specialiter
910 233 1006 264 gerens
1018 225 1047 253 in
1066 221 1214 253 visceribus
1228 221 1297 251 cari-

241 268 318 305 tatis,
336 268 363 297 in
378 266 518 304 proposito
531 264 615 293 firmo
633 263 715 293 habet
735 263 769 294 &
789 265 860 293 votis
876 272 938 293 eam
952 286 961 300 ,
986 262 1124 300 quantum
1143 270 1211 303 curn
1225 259 1294 302 Deo

240 305 351 343 potest,
367 306 396 334 in
408 304 539 333 omnibus
551 302 707 340 honorare,
724 310 756 331 ac
772 301 866 340 Regni
881 302 923 332 tui
943 301 1079 331 libertates
1090 322 1100 337 ,
1125 299 1159 329 &
1175 307 1236 336 Jura
1251 307 1294 326 in-

240 344 403 374 violabiliter
415 338 606 371 conservando
626 339 677 369 hiis
690 363 699 377 ,
728 349 792 377 quae
806 340 840 370 ad
857 339 983 379 Regium
1003 339 1143 378 pertinent
1160 344 1297 366 commo-

239 382 312 412 dum
327 382 359 411 &
374 387 573 418 augmentum,
587 377 775 408 favorabiliter
790 378 939 408 imminere
953 388 962 414 ς
989 385 1103 415 propter
1117 374 1195 418 quod
1214 373 1296 403 decet

241 418 444 450 Celsitudinem
458 417 595 456 Regiam,
633 415 689 446 uod
704 426 734 446 tu
747 439 756 454 ,
779 425 910 456 tanquam
925 416 993 446 filius
1007 417 1038 445 in
1059 414 1193 444 Domino
1210 412 1298 441 bene-

238 457 344 494 dictus,
362 464 426 494 erga
438 454 601 485 Romanam
641 455 768 485 eclesiam
784 455 968 485 reverentiam
984 453 1084 484 habeas
1101 451 1212 482 filialem
1227 472 1237 487 ,
1261 449 1295 479 &

239 497 270 525 in
283 496 337 533 ejus
350 493 529 532 beneplacitis
545 493 712 532 exequendis
725 516 734 531 ,
758 502 786 524 te
801 492 982 524 favorabilem
1002 492 1130 522 exhibeas
1151 490 1184 519 &
1199 489 1298 526 beni„-

237 543 316 564 num.
650 554 653 557 .

275 571 345 601 Sane
359 571 488 609 cogimur
502 579 562 601 non
578 569 724 600 modicum
738 570 878 600 ammirari
891 568 987 608 quod,
1006 568 1074 598 ficut
1092 575 1181 610 nuper
1196 563 1297 595 nostris

237 609 279 640 'est
295 610 404 640 auribus
417 610 579 639 intimatum
593 632 602 646 ,
626 607 674 638 Re
695 609 718 638 ia
738 608 906 646 magnitudo
922 630 931 645 ,
951 607 984 637 ad
1000 605 1204 648 suggestionem
1224 612 1296 647 quo-

237 647 374 686 rundam,
392 648 424 678 &
441 647 590 685 specialiter
605 647 672 676 nobi
685 648 744 675 ium
759 646 853 685 Regni
871 647 910 676 tui
925 668 935 683 ,
960 645 1063 675 dile&o
1077 643 1135 673 silio
1154 640 1293 680 Magistro

235 685 379 724 Martino,
395 685 525 716 Camerae
540 684 643 715 nostrae
663 684 797 722 Clerico,
821 684 944 714 Nuncio
963 682 1062 713 nostro
1084 682 1224 717 inhibuit,
1246 689 1294 723 per

236 724 374 755 Nuncios
388 725 530 762 speciales,
547 724 583 752 ne
600 724 762 753 auctoritate
774 722 888 761 nostra,
905 723 934 752 in
946 721 1052 761 Regno
1067 728 1133 759 tuo,
1150 720 1184 750 ad
1198 728 1293 756 prow-

237 763 344 793 sionem
357 763 522 802 procederet
534 762 690 801 aliquorum
698 784 708 800 ,
724 760 835 799 donec,
853 761 932 799 super
948 760 1022 798 hoc,
1036 759 1088 790 tibi
1101 758 1230 790 nostrum
1244 758 1294 787 be-

233 801 406 839 neplacitum
423 801 620 836 scriberemus5
641 800 674 830 ὅ(
692 799 821 839 quasdam
841 799 1171 830 excommunicationum
1191 799 1224 830 ὅ(
1238 795 1294 826 sus-

233 840 399 880 pensionum
415 839 561 870 sententias
571 861 579 876 ,
598 848 646 877 per
660 848 725 868 eum
741 839 771 868 in
784 838 918 878 quosdam
929 837 1070 876 religiosos
1082 838 1116 868 &
1128 838 1213 877 alios,
1227 844 1293 874 pro-

235 879 375 909 visionum
389 878 536 909 occasione
549 877 720 915 quarundam
737 899 746 914 ,
770 877 933 907 auctoritate
948 876 1044 906 nostra
1062 876 1197 916 prolatas,
1216 872 1293 905 nulla

230 917 339 986 prorsus
353 917 536 948 satisfactione
552 915 702 955 praemissa,
720 915 811 946 fecisti
824 925 877 953 pro
890 924 948 946 tuae
960 915 1111 946 voluntatis
1121 915 1237 947 arbitrio
1250 922 1292 944 re-

242 966 320 986 axin.

272 995 380 1025 Verum
395 995 521 1033 quamvis
534 994 653 1024 libenter
666 1016 676 1031 ,
699 992 778 1033 super
791 992 848 1023 hoc
865 1016 874 1030 ,
887 992 1036 1024 -voluntati
1051 993 1155 1030 Regiae
1170 993 1292 1023 desierre-

235 1043 314 1072 muS,
333 1034 366 1064 &
381 1032 498 1063 firmiter
512 1032 687 1064 intendamus
701 1033 729 1061 in
744 1032 796 1061 hiis
810 1033 843 1062 &
859 1031 914 1062 aliis
929 1041 1024 1069 preces
1038 1031 1142 1071 Regias
1156 1031 1292 1071 imposte-

232 1082 297 1101 rum
311 1071 456 1110 exaudire,
474 1072 539 1101 licet
556 1072 639 1101 etiam
654 1094 663 1108 ,
689 1070 719 1100 in
732 1070 919 1100 Ecclesiarum
932 1072 1156 1110 gravaminibus,
1176 1080 1226 1100 nos
1242 1071 1291 1108 ipsi

232 1119 398 1149 gravemur,
415 1111 479 1148 quia
491 1118 586 1140 tamen
606 1109 673 1146 hiis,
691 1110 739 1147 qui
753 1108 904 1147 Ecclefiae,
923 1117 1052 1146 tempore
1070 1109 1235 1140 adversitatis
1250 1111 1258 1139 i

233 1149 301 1184 siim,
320 1148 436 1179 fideliter
447 1148 636 1185 adhzserunr,
654 1148 687 1178 δε
701 1147 757 1177 aliis
769 1171 779 1186 ,
822 1148 849 1177 ui
864 1146 963 1178 nostris
980 1148 1018 1178 δε
1029 1147 1204 1188 Apostolicae
1222 1148 1249 1178 se
1270 1150 1291 1179 is

230 1187 369 1225 obsequiis
384 1189 584 1224 immorantur,
602 1187 721 1225 quadarn
734 1190 813 1216 neces
826 1185 895 1216 itate
914 1186 1113 1226 compellimur
1125 1187 1290 1227 providere,

231 1226 405 1257 serenitatem
415 1225 552 1265 Regiam,
567 1225 604 1255 de
615 1234 668 1262 qua
682 1225 794 1262 plenam
807 1224 937 1255 fiduciam
950 1225 1127 1263 obtinemus,
1144 1235 1290 1264 rogamus,

231 1265 266 1295 δε
282 1265 428 1295 hortamur
438 1265 544 1295 attente
557 1263 686 1302 quatinus
699 1287 709 1300 ,
733 1263 881 1301 diligenter
897 1263 1040 1294 attendens
1058 1264 1137 1302 quod
1152 1264 1188 1294 de
1203 1265 1289 1295 bene-

230 1303 301 1333 ficiis
315 1304 379 1340 illis,
398 1304 427 1333 in
442 1303 542 1340 quibus
554 1303 615 1332 laici
634 1303 671 1331 'us
685 1303 819 1332 obtinent
835 1311 994 1339 patronatus
1007 1325 1017 1341 ,
1039 1312 1182 1342 nunquam
1198 1303 1288 1333 adhuc

233 1342 425 1372 mandavimus
437 1342 519 1372 alicui
538 1312 678 1379 provideri
701 1340 858 1375 (honorem
878 1340 1003 1379 Regium
1016 1364 1026 1377 ,
1051 1342 1083 1371 ὅ(
1102 1342 1214 1371 illorum
1233 1342 1290 1378 jura

230 1380 339 1411 servare
353 1381 479 1410 volentes
491 1381 599 1416 penitus
612 1378 722 1414 illibata)
739 1378 823 1408 filialis
836 1379 994 1409 devotionis
1009 1380 1119 1410 fervore
1131 1380 1271 1410 succensus
1280 1404 1289 1419 ,

231 1418 310 1457 quod
325 1418 415 1449 dietus
429 1418 563 1448 Nuncius
581 1416 676 1447 noster
697 1416 860 1447 mandatum
881 1417 1009 1447 nostrum
1024 1418 1109 1448 libere
1121 1441 1129 1454 ,
1155 1419 1182 1449 in
1198 1419 1291 1456 liujus-

231 1457 313 1488 modi
335 1457 554 1496 provisionibus,
571 1464 734 1494 exequatur,
753 1456 923 1494 benignitate
944 1456 1021 1486 solita
1040 1457 1168 1495 patiaris,
1194 1466 1290 1496 preces

232 1494 338 1525 nostras
355 1495 441 1525 taliter
455 1494 635 1534 impleturus,
653 1495 730 1533 quod
746 1504 798 1523 nos
813 1494 1027 1533 magnificentiae
1040 1495 1140 1535 Regiae
1161 1505 1234 1535 grata
1248 1497 1289 1526 vi-

230 1533 388 1564 cissitudine
402 1532 567 1573 respondere
581 1533 686 1563 merito
702 1532 862 1562 debeamus.

267 1609 335 1679 Diat.
357 1609 492 1648 Lugdun.
511 1617 610 1648 quarto
632 1608 671 1640 Id.
694 1608 796 1648 Aprilis
809 1632 819 1648 ,
845 1608 1029 1641 pontificatus
1047 1611 1137 1642 nostri
1155 1622 1230 1643 anno
1248 1612 1288 1643 se-

227 1658 284 1680 cun
304 1659 331 1679 0.

656 1718 781 1749 Plumbeo
795 1718 884 1757 sigillo
891 1719 1024 1758 pendente
1036 1731 1054 1748 a
1065 1718 1112 1759 filo
1127 1719 1249 1749 canabeo.

232 1846 352 1878 Littera
374 1844 533 1879 Donnaldo
551 1848 625 1893 Regi
649 1844 685 1877 de
703 1843 840 1878 Thrcher.
862 1856 916 1892 pro
933 1845 1079 1891 fizccurfh
1099 1847 1162 1891 ejus
1184 1855 1288 1879 contra

646 1897 753 1941 Regem
764 1897 874 1928 Scotiae.

236 1979 321 2035 RE
331 1979 362 2011 X
382 1980 538 2012 Donnaldo
552 1980 628 2020 Regi
641 1980 676 2011 de
689 1979 885 2011 Terchernull.
900 1980 1022 2011 salutem.

327 2019 421 2058 Cum,
440 2028 615 2058 provocante
631 2029 683 2049 nos
698 2019 794 2057 injuria
810 2017 895 2058 Regis
908 2020 1030 2057 Scotice,
1045 2019 1102 2057 jam
1116 2028 1168 2049 nos
1184 2027 1290 2058 praepa-

233 2059 381 2088 raverimus
395 2058 537 2094 insurgere
552 2059 580 2088 in
594 2058 700 2096 ipsum,
723 2067 776 2095 pro
790 2057 913 2096 pluribus
926 2057 1180 2097 transgressionibus
1194 2081 1203 2095 ,
1226 2067 1292 2096 quas

232 2097 312 2126 nobis
325 2097 393 2127 fecit
408 2120 417 2135 ,
444 2096 606 2126 ulciscendis
623 2119 632 2132 ,
655 2096 705 2126 nisi
718 2096 783 2136 ipsas
798 2097 878 2136 gratis
894 2097 975 2126 nobis
988 2095 1136 2126 emendare
1155 2097 1291 2134 voluerit,

230 2134 266 2165 de
283 2133 432 2165 dilectione
451 2134 540 2165 vestra
559 2134 733 2166 confidentes
748 2158 758 2173 ,
783 2134 859 2174 quod
879 2134 908 2164 in
932 2135 985 2166 hac
1006 2134 1184 2173 expeditione
1198 2134 1292 2165 nostra

230 2173 360 2204 auxilium
375 2173 497 2204 vestrum
512 2174 593 2204 nobis
607 2173 742 2213 denegare
757 2183 817 2203 nori
833 2172 937 2212 velitis,

268 2211 359 2241 Vobis
372 2211 533 2243 mandamus
546 2221 672 2251 rogantes
685 2235 695 2250 ,
717 2221 849 2250 quatenus
864 2213 920 2241 una
932 2222 1000 2243 cum
1007 2211 1170 2250 Justiciario
1189 2211 1289 2242 nostro

230 2249 399 2289 Hiberniae,
417 2252 450 2282 &
471 2250 527 2281 aliis
544 2250 669 2281 fidelibus
684 2249 784 2280 nostris
805 2249 952 2280 Hiberniae
967 2274 976 2289 ,
1002 2252 1049 2290 qui
1063 2252 1092 2280 in
1106 2251 1239 2291 proximo
1254 2251 1287 2281 ad

229 2296 321 2326 partes
332 2289 437 2319 Scotiae
453 2290 562 2319 venturi
576 2289 652 2327 sunt,
670 2289 703 2319 ad
719 2289 850 2319 inimicos
871 2288 980 2319 nostros
995 2290 1103 2320 ibidem
1118 2289 1288 2329 gravandos,

228 2327 311 2357 talem
325 2328 359 2358 &
374 2335 432 2358 tarn
442 2336 596 2396 ‘potentem
610 2327 769 2358 succursum
783 2328 866 2357 nobis
880 2328 1041 2365 impendere
1056 2328 1146 2359 velitis
1160 2351 1169 2366 ,
1194 2328 1288 2366 perso-

228 2366 326 2396 naliter
340 2367 441 2396 venien
462 2376 481 2396 ο
494 2376 562 2396 cum
577 2366 653 2406 ipsis,
673 2367 748 2396 bona
763 2375 846 2405 gente
859 2367 976 2406 muniti,
994 2367 1072 2407 quod
1084 2368 1114 2397 in
1128 2367 1287 2397 necessitate

228 2403 319 2435 vestra
333 2404 366 2434 ad
382 2414 434 2435 nos
448 2404 634 2435 confidentius
647 2405 800 2444 confugere
814 2404 942 2435 debeatis.

264 2442 402 2481 Nosque,
417 2453 470 2483 pro
483 2444 609 2474 succursu
625 2443 735 2481 vestro,
752 2442 786 2473 ad
800 2452 896 2480 preces
908 2443 1014 2474 nostras
1028 2444 1108 2474 nobis
1119 2444 1287 2482 impenden-

227 2481 280 2519 do,
301 2482 422 2518 gratiam
435 2505 446 2520 ,
471 2491 554 2519 quam
573 2493 587 2513 a
609 2482 691 2513 nobis
711 2483 843 2520 petieritis
857 2504 866 2520 ,
892 2481 1021 2513 libentius
1042 2484 1123 2514 vobis
1143 2491 1287 2513 teneamur

227 2521 267 2550 im
288 2520 361 2549 ertiri
395 2529 461 2550 curn
476 2520 585 2559 speciali
599 2521 746 2560 gratiarum
762 2520 882 2550 afflone.

294 2557 350 2599 este
365 2542 448 2598 Rege
462 2559 535 2597 apud
549 2558 700 2590 Stannford
708 2581 718 2598 ,
734 2558 853 2597 septimo
867 2558 912 2589 die
920 2557 995 2597 Julii.

574 2636 592 2656 '¹‘
611 2636 713 2666 Eodem
726 2637 799 2667 modo
803 2635 950 2676 firihitur,

226 2712 344 2744 Felmino
351 2712 413 2754 filio
425 2714 559 2754 quondam
573 2715 669 2752 Regis,
775 2716 844 2743 Mac
869 2716 903 2742 Ο,
920 2711 1041 2753 Calmery
1050 2735 1060 2752 ,

227 2751 313 2791 Oraly
324 2776 334 2790 ,
775 2751 892 2781 Conehor
905 2755 940 2781 Ο.
960 2753 1039 2780 Brin.
1048 2749 1094 2793 fil.
1114 2753 1263 2788 Dunecan]

227 2790 361 2820 Uhanlur.
775 2789 921 2820 Carhrach.
942 2790 972 2819 de
988 2789 1148 2819 Thoa'mend.
1246 2791 1264 2818 J

227 2831 303 2856 Bren
318 2827 391 2858 Onel
401 2831 465 2867 Regi
482 2829 512 2859 de
528 2829 656 2859 Kinelun.
774 2826 987 2858 cormaclethan.
996 2827 1165 2869 Marcardhy
1173 2828 1204 2857 de
1213 2831 1284 2858 Des-

226 2869 262 2895 0.
276 2866 393 2896 charan.
810 2866 904 2903 [emon.

226 2904 350 2942 Ohynery
359 2929 369 2942 ,
773 2907 824 2934 Ros
843 2904 979 2945 Ofalaner
993 2905 1024 2934 de
1036 2903 1128 2945 Deffia
1137 2929 1143 2934 .

227 2938 372 2971 Donemild
385 2943 561 2973 Markdaniel
566 2967 576 2983 ,

229 2983 306 3010 illac.
320 2985 429 3017 Anegus
439 3004 448 3019 ,

229 3023 307 3048 stlat.
326 3022 448 3048 Kartan.

227 3061 303 3086 Mas.
323 3056 472 3094 Git'emuri,

227 3095 318 3134 Gfflen
332 3098 397 3131 Regi
412 3096 442 3124 de
453 3099 578 3134 Turteri,

230 3137 305 3163 filas.
322 3134 488 3164 Machanen.

773 2945 888 2973 Ricardo
905 2942 1115 2973 Machermekan
1129 2943 1160 2972 de
1175 2942 1284 2983 Deffia,

778 2986 802 3012 C
802 2989 851 3011 ort.
866 2981 1004 3012 Othenuer
1018 2982 1049 3011 de
1063 2985 1189 3021 Fermuy,

777 3020 924 3050 Shonethor
942 3019 1074 3058 Olaffi’rcy
1088 3020 1120 3050 de
1133 3024 1246 3058 Carras,

774 3058 971 3089 MaHhulaner
983 3057 1085 3088 okellic
1101 3059 1132 3088 de
1148 3057 1282 3098 Ochonyl,

776 3097 918 3164 lllrltrchod.
942 3097 1081 3128 Macbrin.
1103 3098 1135 3127 de
1156 3098 1284 3127 Nather-

825 3136 868 3165 ak.

341 3272 391 3304 De
409 3271 533 3316 ‘Iiettgis
549 3281 617 3301 cum
637 3267 764 3301 Davide
773 3267 839 3313 filio
858 3271 1002 3302 Lemelini
1017 3269 1173 3316 capiendis.

328 3377 335 3384 .
374 3365 456 3385 omni
478 3366 522 3392 us,
577 3364 602 3384 c.
639 3362 715 3384 cratis
747 3365 764 3383 u
838 3362 884 3384 ote
909 3363 983 3385 atem
1015 3365 1030 3385 e
1051 3365 1123 3386 imus
1157 3357 1190 3384 'e
1221 3365 1241 3385 o

293 3354 370 3399 Ex·
449 3356 477 3385 ’b
541 3355 574 3385 ὅ(
617 3353 836 3398 S''qodp
887 3354 914 3398 st·
977 3355 1287 3400 stiffi—duct&

301 3393 373 3423 fideli
389 3394 488 3423 nostro
505 3393 628 3431 Johanni
645 3392 786 3435 Extraneo
801 3414 811 3430 ,
835 3393 868 3422 &
888 3393 995 3423 dilectis
1018 3395 1099 3424 nobis
1120 3404 1150 3423 m
1169 3392 1288 3423 Christo

235 3428 337 3460 Abbati
350 3432 386 3461 de
399 3432 569 3472 Hagheman
584 3454 593 3469 ,
617 3431 650 3462 ὃ(
670 3430 759 3460 Priori
777 3430 812 3460 de
824 3431 954 3461 Wenlac.
969 3432 1085 3462 ineundi
1097 3440 1205 3470 treugas
1219 3441 1287 3462 cum

234 3467 329 3498 David
350 3469 407 3499 filio
422 3470 556 3500 Lewelini
577 3469 719 3508 quondam
741 3467 877 3504 Principis
896 3469 1063 3500 Norwalliae
1076 3493 1085 3507 ,
1114 3478 1219 3545 nepote
1237 3480 1290 3500 no-

234 3544 382 3587 Extraneus
397 3546 493 3576 viderit
508 3546 634 3584 expedire
649 3558 658 3583 ς,
684 3555 773 3589 ratum
791 3547 824 3576 &
838 3555 947 3585 gratum
966 3547 1085 3577 habituri
1100 3508 1289 3585 quicgiiidntig

235 3591 335 3649 treIugis
348 3584 486 3652 praedigtis
499 3584 639 3624 capiendis
654 3583 760 3615 duxerit
774 3583 942 3615 faciendum.

288 3630 306 3648 n
321 3630 412 3659 culus,
460 3632 486 3652 c.

270 3694 359 3725 Teste
372 3695 452 3735 Rege
466 3699 536 3736 apud
550 3698 733 3738 Notingham
742 3722 752 3737 ,
774 3708 805 3736 15
822 3699 869 3729 die
879 3699 955 3738 Julii.

410 3819 498 3850 Bulla
514 3819 549 3851 de
570 3833 625 3852 non
644 3821 808 3867 derogando
819 3823 987 3869 privilegiis
1005 3826 1115 3870 Regiis.

233 3904 262 3964 I
272 3903 450 3970 {noc-entius
468 3901 634 3946 Episcopus,
651 3905 740 3949 servus
754 3906 895 3949 servorum
912 3906 986 3945 Dei,
1003 3907 1188 3951 cariffimojn
1202 3907 1289 3937 Chri-

232 3941 434 4010 neditgkfflirpem-
491 3939 586 3970 illustri
606 3941 679 3981 Regi
694 3944 805 3982 Angliae
819 3966 828 3982 ,
852 3944 964 3974 salutem
979 3947 1012 3976 &
1027 3945 1222 3986 Apostolicam
1239 3946 1288 3975 be-

268 4017 357 4056 Sunt,
371 4027 430 4048 non
444 4017 596 4063 inmerito,
613 4016 692 4048 laude
702 4017 797 4058 digffl’
816 4020 849 4050 &
862 4019 964 4051 favoris
977 4021 1104 4058 praefidio
1119 4020 1288 4060 cXtollendi,

678 133 1473 183 CONVENTIONES,

1530 135 1927 187 LrTERAE‚

1336 221 1384 258 qui
1400 220 1597 251 Domitiorum
1609 221 1724 252 suorum
1737 223 1856 261 negotiis
1870 220 1986 252 fideliter
1997 219 2031 251 &
2044 219 2147 251 utiliter
2160 219 2338 259 procurandis
2349 221 2393 252 in-

1335 259 1431 289 sistunt
1445 259 1537 289 studio
1548 259 1681 299 diligenti.

1374 297 1440 328 Tua
1453 299 1545 336 itaque
1560 299 1670 329 noverit
1682 298 1828 329 Celsitudo
1846 296 1984 327 dilectum
1999 296 2086 327 filium
2102 296 2274 338 Magistrum
2289 296 2396 328 Henri-

1337 345 1406 365 cum
1428 335 1464 366 de
1484 336 1594 374 Secusia
1614 336 1786 376 Antiplican.
1808 335 1992 374 Praepositum
2006 359 2016 374 ,
2039 335 2224 376 Capellanum
2246 335 2395 374 nostrum,

1335 373 1524 404 sollicitudinis
1546 374 1701 413 diligentia,
1720 385 1785 405 cura
1803 374 1880 413 vigili
1894 397 1904 413 ,
1929 384 1962 404 ac
1977 375 2192 413 importunitatis
2206 375 2332 405 instantia
2346 384 2395 414 pe-

1337 413 1387 442 nes
1400 422 1451 442 nos
1466 413 1499 443 &
1513 412 1605 443 fratres
1617 413 1743 452 nostros,
1758 414 1831 443 circa
1846 422 1891 443 tua
1906 435 1916 450 ,
1938 413 1971 443 &
1985 414 2106 443 maxime
2119 415 2195 444 circa
2209 413 2394 443 Wintonien—

1337 450 1385 487 sis,
1406 450 1617 489 Norwicensis,
1637 452 1670 482 &
1685 451 1889 489 BathoniensiS,
1905 451 2092 481 Ecclesiarum
2105 453 2218 490 negotia
2231 474 2241 490 ‚
2258 452 2335 489 juxta
2350 452 2392 482 tui

1337 489 1397 518 voti
1411 488 1592 527 desiderium,
1609 490 1804 527 promovenda
1819 512 1829 528 ,
1853 490 1889 520 sic
1910 489 1986 529 quod
2007 489 2093 520 nichil
2113 490 2149 520 de
2167 490 2395 529 contingentibus

1336 525 1477 565 omiserit,
1493 527 1629 558 institisse.

1376 563 1523 595 Caetertim
1537 568 1600 605 quia
1613 565 1710 606 Regni
1724 566 1764 596 tui
1782 565 1900 603 statum,
1918 566 2059 597 honorem
2079 567 2112 597 &
2123 567 2186 604 jura
2197 567 2347 606 quaerimus
2360 567 2395 596 il-

1336 602 1417 633 libata
1433 603 1553 642 servari,
1577 614 1644 634 cum
1665 613 1693 634 te
1709 627 1718 642 ,
1739 605 1825 634 veluti
1847 603 2009 645 Principem
2029 604 2164 636 Ecclesi'oe
2184 604 2395 644 praediledium,

1337 641 1495 672 sinceritatis
1516 652 1613 672 amore
1632 653 1664 673 ac
1683 643 1748 673 zelo
1766 642 1940 673 reffltudinis
1960 644 2175 682 prosequamur,
2193 643 2324 673 nolumus
2339 653 2394 674 nec

1336 680 1507 710 intendimus
1521 690 1569 720 per
1583 690 1615 710 ea
1628 703 1638 719 ,
1660 691 1725 718 quae
1740 682 1814 711 circa
1834 682 1965 720 praedieta
1980 683 2093 721 negotia
2106 681 2180 712 faeta
2199 691 2246 719 per
2261 691 2332 719 nOS,
2349 681 2395 711 vel

1334 717 1419 749 alium
1434 720 1584 749 extiterunt
1598 741 1608 757 ,
1632 720 1684 749 tuis
1705 720 1867 760 privileoiis,
1885 720 1930 750 vel
1952 720 2131 751 laudabilibus
2150 720 2396 750 consuetudinibus

1335 755 1433 796 Regni
1446 756 1566 795 ejusdem
1577 757 1702 796 generari
1714 744 1908 796 praejudicium
1916 782 1926 798 ,
1941 758 1988 790 vel
1998 759 2027 789 in
2041 759 2134 799 aliquo
2146 758 2283 799 derogari.

1333 833 1437 903 nODat.
1449 834 1560 904 Jgssuae,
1582 833 1739 865 undecimo
1752 834 1872 865 Kalend.
1890 834 2029 875 Augusti,
2043 834 2230 867 Pontificatfis
2244 833 2332 866 nostri
2345 844 2394 866 an·

1396 883 1469 904 ecun
1511 896 1517 902 .

1754 941 1844 980 Sigillo
1852 941 1974 982 plumbeo
1981 944 2113 982 pendente
2125 955 2144 972 a
2150 942 2204 983 filo
2216 943 2338 973 canaheo.

1495 1070 1584 1102 Bulla
1603 1068 1638 1101 de
1647 1066 1776 1114 sitbstdio
1795 1079 1815 1100 a
1835 1068 1919 1101 Clero
1934 1071 2007 1115 Regi
2025 1069 2224 1115 impendenda.

1331 1154 1554 1215 INnocentius
1568 1151 1734 1199 Episcopus,
1752 1153 1843 1184 servus
1864 1153 2008 1184 servorum
2026 1152 2102 1192 Dei,
2121 1155 2320 1186 venerabilibus
2335 1156 2383 1187 fra—

1369 1195 1456 1224 tribus
1586 1193 1825 1232 Archiepiscopis,
1840 1192 1982 1231 Episcopis
1997 1215 2006 1231 ,
2029 1193 2062 1223 &
2077 1193 2185 1223 dilectis
2198 1194 2259 1224 filiis
2271 1195 2389 1225 Abbati-

1332 1233 1398 1271 bus,
1415 1232 1571 1270 Prioribus,
1591 1232 1822 1270 Archidiaconis,
1839 1230 1977 1268 Decanis‚
1996 1240 2028 1261 ac
2043 1231 2099 1261 aliis
2112 1230 2299 1263 Ecclesiarum
2313 1232 2389 1263 Prae-

1330 1270 1406 1309 latis,
1424 1272 1457 1302 &
1472 1270 1591 1301 Clericis
1605 1280 1653 1308 per
1672 1270 1807 1310 Regnum
1827 1269 1938 1309 Angliae
1958 1269 2132 1308 constitutis,
2148 1270 2280 1310 salutern,
2298 1272 2330 1302 ὅτ,
2347 1271 2389 1302 Λ-

1329 1309 1502 1346 pc=stolicam
1517 1309 1754 1340 beneditf'tioriem.

1369 1347 1466 1379 Debet
1486 1357 1572 1378 mater
1588 1347 1708 1378 Ecclesia
1721 1348 1773 1377 hos
1789 1370 1798 1386 ‚
1822 1347 1869 1386 qui
1886 1346 1967 1386 regali
1990 1347 2158 1386 praeminent
2178 1347 2326 1387 dignitate,
2344 1348 2391 1381 illa

1331 1388 1513 1425 prterogativa
1527 1386 1627 1416 favoris
1643 1386 1767 1425 prosequi
1803 1385 1835 1415 &
1849 1395 1879 1415 ea
1894 1387 2014 1415 muneris
2027 1386 2110 1424 gratia
2124 1388 2292 1425 prevenire,
2309 1388 2389 1427 quod

1330 1435 1359 1454 in
1376 1427 1456 1464 ipsius
1471 1426 1626 1456 devotione
1639 1425 1755 1464 potestas
1771 1408 1861 1465 Regia
1878 1423 1982 1463 semper
2003 1424 2122 1462 ferveat,
2142 1426 2175 1456 ὃς
2189 1425 2222 1456 ad
2237 1427 2295 1465 ejus
2307 1449 2316 1464 ,
2339 1435 2390 1465 per

1330 1464 1519 1502 consequens,
1534 1464 1721 1501 subjectorum
1734 1463 1866 1500 obsequia
1878 1462 1993 1501 pervigil
2009 1461 2148 1493 habeatur.

1365 1502 1445 1532 Cum
1466 1505 1473 1533 i
1495 1504 1546 1532 itur
1560 1525 1570 1540 ,
1594 1503 1667 1531 inter
1689 1501 1783 1540 Reges
1805 1509 1921 1530 caeteros
1945 1501 2018 1530 orbis
2038 1510 2117 1531 terrae
2131 1524 2140 1539 ,
2163 1502 2337 1533 carissimum
2359 1503 2388 1534 iri

1331 1541 1448 1572 Christo
1488 1542 1557 1572 lium
1579 1539 1708 1570 nostrum
1721 1563 1729 1577 ,
1756 1538 1869 1576 Regem
1888 1538 2052 1577 Anglorum
2066 1539 2199 1570 illustrem
2213 1564 2223 1578 ,
2246 1541 2389 1578 singularis

1328 1580 1487 1612 diletftionis
1501 1579 1620 1610 brachiis
1634 1578 1835 1618 amp1eetamur
1847 1589 1859 1620 5
1886 1578 1935 1615 qui
1949 1601 1958 1616 ,
1980 1577 2065 1608 veluti
2079 1577 2213 1617 Princeps
2233 1579 2388 1611 catholicus

1331 1619 1349 1638 '¹‘
1365 1620 1398 1649 &
1412 1619 1546 1656 devotus,
1564 1617 1728 1647 Romanam
1747 1616 1903 1647 Ecclesiam
1919 1639 1929 1655 ,
1955 1625 2073 1646 matrem
2087 1616 2162 1647 suam
2178 1640 2188 1655 ,
2213 1617 2285 1648 filiali
2297 1618 2387 1657 subje-

1329 1657 1426 1687 &ione
1440 1658 1473 1688 ὅ(
1490 1656 1651 1694 obsequiosa
1667 1655 1820 1686 devotione
1841 1654 1878 1685 sic
1894 1653 2002 1692 semper
2014 1654 2118 1686 studuit
2138 1657 2260 1687 venerari
2273 1679 2284 1695 ,
2307 1657 2389 1696 quod

1328 1698 1504 1734 nequaquam
1517 1697 1552 1726 ab
1566 1695 1647 1735 ipsius
1658 1694 1837 1732 beneplacitis
1849 1692 2015 1731 declinaret,

1367 1734 1449 1773 Qun
1465 1736 1572 1771 immo,
1587 1743 1650 1773 quae
1663 1734 1711 1773 ipsi
1727 1741 1802 1772 grata
1817 1732 1898 1762 novit
1911 1732 1944 1762 &
1960 1732 2074 1770 placita,
2090 1730 2272 1764 sollicitudine
2287 1743 2388 1772 prom-

1328 1781 1374 1817 Pta
1392 1775 1511 1813 peregit,
1530 1782 1590 1803 non
1605 1771 1646 1802 est
1664 1773 1768 1802 mirum
1783 1794 1793 1810 ,
1815 1771 1906 1800 immo
1920 1769 2081 1801 condecens
2099 1769 2140 1800 est
2160 1771 2192 1802 δε
2212 1772 2350 1811 dignum,
2368 1774 2388 1805 si

1330 1812 1411 1850 ipsius
1423 1812 1602 1852 petitionibus
1616 1810 1722 1841 facilius
1732 1818 1904 1846 annuamus3
1917 1809 1937 1839 si
1951 1808 2065 1839 honoris
2076 1809 2156 1846 ipsius
2164 1810 2198 1840 δε
2213 1809 2296 1841 statiis
2308 1821 2387 1849 quae—

1329 1860 1420 1880 ramus
1435 1851 1552 1890 gloriam
1568 1851 1600 1880 δε
1615 1859 1649 1879 au
1669 1857 1800 1879 mentum
1815 1859 1829 1890 ’ἶ
1849 1847 1869 1877 fi
1881 1847 1915 1877 ad
1929 1847 2006 1887 quod
2021 1846 2136 1878 affectus
2150 1848 2230 1888 ipsius
2245 1848 2388 1890 dirigitur,

1329 1888 1433 1919 nostrae
1447 1889 1613 1919 liberalitatis
1625 1898 1640 1918 a
1666 1887 1742 1918 ec'ius
1753 1890 1890 1918 consonet
1902 1886 1931 1915 in
1945 1886 1975 1917 id
1988 1886 2086 1926 ipsum.

1365 1928 1454 1965 Sane,
1472 1938 1541 1958 cum
1555 1926 1633 1957 idem
1648 1925 1713 1956 Rex
1725 1949 1735 1965 ,
1758 1927 1828 1957 sicut
1844 1933 1878 1954 ex
1893 1932 1969 1962 parte
1983 1925 2060 1962 ipsius
2080 1925 2131 1956 fuit
2147 1926 2321 1964 propositum
2336 1936 2387 1958 co-

1330 1976 1390 1997 ram
1405 1967 1488 1996 nobis
1504 1990 1514 2005 ,
1538 1976 1591 2004 pro
1604 1963 1768 2002 quibusdam
1785 1963 1894 2000 magnis
1913 1963 1947 1993 &
1964 1963 2055 1993 arduis
2068 1986 2078 2002 ,
2092 1973 2167 2033 aquae
2187 1965 2237 1996 sibi
2254 1966 2386 1996 immine—

1330 2006 1416 2044 bant,
1434 2005 1572 2043 negotiis,
1589 2004 1662 2034 adeo
1676 2004 1786 2034 subierit
1800 2002 1895 2041 gravia
1906 2024 1916 2040 ‚
1941 2002 1975 2032 &
1989 2001 2079 2032 subire
2127 2002 2182 2033 huc
2198 2004 2287 2044 ipsum
2300 2014 2388 2042 opor-

1332 2052 1386 2074 teat
1400 2053 1485 2074 onera
1501 2042 1680 2082 expensarum
1693 2066 1703 2081 ,
1728 2042 1806 2082 quod
1820 2039 1920 2073 vestrae
1933 2040 2123 2072 subventionis
2135 2041 2258 2082 indigere
2271 2043 2390 2074 subsidio

1331 2082 1487 2122 plurimum
1501 2081 1692 2121 dignoscatur,

1367 2120 1590 2151 Universitatem
1604 2119 1724 2150 vestram
1743 2126 1875 2157 rogamus
1889 2141 1898 2156 ‚
1923 2127 2074 2149 monemus
2090 2119 2123 2150 &
2141 2118 2285 2150 hortamur
2299 2127 2389 2151 atten-

1331 2161 1377 2198 te,
1395 2170 1444 2198 per
1459 2158 1623 2199 Apostolica
1636 2158 1718 2188 vobis
1730 2157 1828 2194 scripta
1843 2156 2004 2187 mandantes
2018 2180 2028 2195 ,
2053 2158 2180 2197 quatinus
2191 2181 2200 2196 ,
2217 2158 2389 2190 attendentes

1332 2200 1498 2237 prudenter,
1535 2198 1594 2228 uod
1609 2207 1661 2228 vos
1675 2197 1756 2227 decet
1768 2197 1802 2227 &
1821 2196 1970 2234 convenit,
1991 2197 2029 2226 eo
2050 2196 2180 2226 libentius
2201 2197 2282 2235 ipsius
2299 2197 2388 2238 Regis

1331 2238 1379 2277 sup
1420 2246 1490 2267 rtare
1504 2208 1626 2274 kilmres,
1644 2236 1677 2266 &
1694 2234 1853 2273 gravamina
1866 2235 2003 2274 relevare,
2020 2244 2078 2274 quo
2095 2235 2187 2266 mimis
2205 2235 2311 2274 posset,
2330 2238 2388 2268 sine

1331 2286 1365 2306 ve
1391 2277 1413 2306 ri
1428 2275 1512 2306 status
1527 2276 1560 2306 δε
1575 2275 1690 2305 honoris
1702 2273 1846 2316 dispendio
1855 2296 1864 2312 ,
1883 2273 1994 2311 alicujus
2047 2275 2129 2304 entiae
2137 2297 2149 2313 ,
2163 2274 2207 2305 vel
2222 2276 2387 2306 incommo-

1330 2315 1419 2346 ditatis
1433 2324 1520 2344 onere
1537 2313 1702 2359 praegravari
1711 2335 1721 2351 ,
1737 2312 1804 2350 sibi,
1821 2311 1857 2342 de
1869 2311 1965 2343 vestris
1979 2312 2027 2342 ted
2048 2312 2129 2343 itibus
2134 2335 2145 2351 ,
2157 2313 2307 2344 honestum
2322 2313 2386 2344 sub-

1330 2354 1429 2384 fidium
1445 2352 1592 2383 liberaliter
1608 2351 1772 2389 conferatis,
1790 2358 1820 2381 ut
1840 2350 1916 2381 idern
1935 2350 2112 2390 expensarum
2131 2351 2267 2392 ipsarum,
2288 2353 2388 2384 vestrae

1330 2392 1519 2423 subventionis
1530 2391 1700 2431 propitiante
1714 2389 1840 2428 dextera,
1877 2389 1977 2420 erl-‘erre
1991 2389 2075 2419 levitis
2087 2399 2159 2420 onus
2173 2390 2274 2430 possit,

1367 2429 1480 2469 Vosque
1493 2429 1610 2467 proinde
1625 2429 1705 2459 vobis
1719 2427 1839 2466 ejusdem
1887 2429 1958 2467 egis,
1973 2428 2051 2466 cujus
2067 2428 2211 2459 bonorum
2227 2428 2290 2460 estis
2303 2429 2389 2467 parti-

1332 2471 1425 2508 cipes,
1443 2469 1558 2498 honoris
1571 2469 1604 2499 &
1618 2467 1716 2507 gloriae
1730 2476 1790 2497 non
1805 2475 1927 2504 expertes
1940 2490 1950 2505 ,
1975 2466 2100 2496 fitvorem
2115 2467 2148 2498 &
2163 2469 2277 2506 gratiam
2290 2468 2390 2508 quibus

1330 2507 1518 2547 proculdubio
1538 2506 1664 2546 indigetis
1680 2529 1689 2544 ,
1713 2505 1823 2536 valeatis
1846 2506 1943 2536 futuris
1966 2506 2140 2545 temporibus
2159 2506 2308 2536 vendicare
2321 2529 2331 2545 ,
2354 2507 2388 2537 δε

1330 2557 1398 2585 nos,
1415 2547 1463 2586 qui
1477 2545 1571 2575 haberi
1583 2545 1729 2582 volumus,
1747 2553 1781 2574 ex
1796 2543 1852 2574 hoc
1862 2567 1871 2582 ,
1886 2544 1919 2574 ad
1939 2543 2039 2574 vestrae
2054 2544 2088 2574 ὅ(
2108 2543 2264 2575 vestrarum
2284 2544 2389 2575 Eccle-

1330 2585 1427 2615 siarum
1441 2583 1597 2614 commoda
1612 2584 1798 2623 promptiores
1813 2605 1823 2621 ,
1847 2583 2004 2614 devotionis
2023 2582 2122 2614 vestrae
2139 2584 2390 2622 promptitudinem

1329 2633 1389 2653 non
1403 2623 1551 2653 immerito
1565 2621 1805 2652 commendemus.

1366 2698 1435 2729 Dat.
1447 2698 1547 2736 Januae
1557 2721 1566 2737 ,
1583 2708 1604 2738 4
1618 2697 1680 2728 Kal.
1695 2697 1827 2738 Augusti,
1845 2695 2031 2728 pontificatus
2041 2697 2129 2728 nostri
2145 2708 2220 2728 anno
2233 2698 2364 2729 secundo.

1689 2819 1805 2856 charta
1820 2824 1907 2868 Regis
1921 2823 2028 2854 Scotiae.

1327 2908 1531 2972 ALexander
1545 2932 1554 2947 ,
1578 2907 1637 2939 Dei
1650 2907 1751 2946 gratia,
1769 2905 1835 2937 Rex
1849 2906 1970 2945 Scotiae‚
1988 2906 2120 2937 omnibus
2134 2905 2244 2937 Christi
2259 2906 2384 2937 fidelibus

1394 2948 1450 2978 hoc
1464 2947 1595 2985 scriptum
1611 2947 1722 2984 visuris,
1739 2945 1785 2976 vel
1799 2944 1949 2983 audituris,
1967 2945 2088 2975 salutem.

1363 2985 1409 3016 Ad
1425 2985 1545 3016 vestram
1559 2985 1690 3015 volumus
1727 2985 1847 3014 ervenire
1867 2985 1995 3014 notitiam
2010 3006 2019 3018 ‚
2043 2994 2095 3014 nos
2113 2993 2166 3023 pro
2184 2984 2267 3014 nobis
2279 2984 2313 3015 &
2325 2982 2385 3013 hae-

1327 3024 1438 3054 redibus
1452 3024 1550 3054 nostris
1563 3022 1686 3053 concessi
1711 3032 1727 3052 e
1737 3044 1746 3059 ,
1759 3023 1793 3053 &
1808 3021 1921 3052 fideliter
1958 3022 2106 3060 romisisse,
2123 3022 2283 3053 chariffimo
2303 3023 2336 3052 &
2351 3022 2384 3052 li-

1327 3064 1376 3093 vio
1391 3062 1526 3093 Domino
1540 3061 1637 3092 nostro
1653 3060 1782 3091 Henrico
1795 3060 1912 3098 Tertio,
1962 3062 1986 3091 ei
2000 3062 2084 3100 gratia
2099 3084 2108 3100 ,
2133 3061 2206 3100 Regi
2224 3061 2333 3099 Angliae
2351 3061 2386 3090 il-

1327 3087 1424 3138 l'ustri,
1443 3101 1577 3131 Domino
1595 3100 1752 3139 Hyberniae
1765 3121 1775 3138 ,
1803 3098 1881 3129 Duci
1896 3098 2088 3130 Normanniae
2106 3099 2139 3130 δί
2160 3100 2334 3139 Aquitaniae,
2351 3100 2387 3130 &

1328 3139 1443 3170 Comiti
1453 3139 1638 3178 Andegaviae,
1658 3138 1691 3168 &
1706 3139 1761 3176 ejus
1775 3138 1945 3176 haeredibus,
1962 3138 2039 3178 quod
2055 3138 2084 3168 in
2098 3146 2264 3177 perpetuum
2278 3139 2387 3169 bonam

1330 3178 1416 3209 fidem
1431 3178 1456 3208 ei
1471 3177 1638 3207 servabimus
1653 3177 1750 3216 pariter
1763 3176 1796 3206 &
1810 3187 1951 3206 amorem:

1368 3216 1406 3247 Et
1439 3216 1494 3245 uod
1509 3225 1654 3253 nunquam
1675 3214 1785 3253 aliquod
1800 3215 1892 3245 foedus
1905 3215 2035 3245 inibimus
2052 3225 2099 3252 per
2114 3225 2166 3244 nos
2179 3237 2189 3252 ,
2212 3214 2256 3244 vel
2274 3224 2324 3252 per
2339 3212 2388 3244 ali-

1331 3264 1400 3295 quos
1413 3226 1493 3292 iiiios,
1512 3263 1546 3283 ex
1558 3262 1636 3292 parte
1656 3252 1752 3283 nostra
1767 3275 1776 3290 ,
1801 3263 1868 3284 curn
1884 3254 2005 3283 inimicis
2024 3252 2145 3283 Domini
2160 3252 2246 3292 Regis
2263 3252 2389 3291 Angliae,

1332 3294 1376 3323 vel
1391 3292 1534 3322 haeredum
1553 3294 1683 3329 suorum,
1698 3291 1732 3321 ad
1747 3291 1851 3322 bellum
1865 3291 2073 3332 procurandum
2085 3291 2131 3322 vel
2142 3290 2318 3327 faciendum,
2337 3300 2391 3320 un-

1332 3332 1368 3361 de
1383 3332 1518 3361 damnum
1532 3331 1568 3360 eis
1582 3330 1628 3360 vel
1643 3329 1747 3359 Reonis
1767 3330 1818 3361 suis
1833 3331 1961 3370 Angliae,
1978 3330 2011 3360 ὃς
2031 3329 2202 3369 Hyberniae,
2219 3338 2266 3359 aut
2283 3329 2391 3358 caeteris

1334 3371 1413 3400 terris
1426 3369 1476 3399 suis
1494 3370 1603 3398 eveniat
1617 3391 1627 3406 ,
1651 3353 1707 3398 ves’
1710 3368 1794 3406 possit
1809 3369 1978 3408 aliquatenus
1998 3369 2110 3399 evenire
2121 3390 2132 3406 ,
2157 3367 2207 3398 nisi
2223 3377 2274 3398 nos
2290 3366 2390 3405 injuste

1333 3416 1467 3446 gravent,

1367 3447 1507 3476 Stantibus
1520 3446 1549 3475 in
1562 3444 1612 3475 suo
1626 3446 1729 3476 robore
1742 3445 1978 3476 conventionibus
1993 3446 2065 3475 inter
2079 3453 2130 3473 nos
2149 3443 2183 3474 ὅτ
2195 3443 2306 3474 dietum
2320 3442 2386 3473 Do-

1332 3486 1443 3515 minum
1458 3484 1573 3520 Regem
1588 3484 1701 3520 Angli-ae
1719 3485 1792 3514 initis
1807 3484 1906 3513 ultimo
1917 3483 1987 3523 apud
2003 3484 2183 3520 Eboracum,
2201 3483 2231 3512 in
2246 3481 2387 3522 praesentia

1332 3522 1456 3553 Domini
1470 3521 1602 3559 OttoniS,
1618 3522 1689 3552 tituli
1705 3523 1799 3553 San&
1813 3522 1949 3552 Nicholai
1965 3523 1993 3551 in
2011 3520 2132 3551 Cat-cere
2145 3521 2296 3557 Tulliano,
2314 3518 2386 3548 Dia-

1330 3563 1397 3592 coni
1413 3560 1566 3590 Cardinalis
1579 3583 1589 3597 ,
1614 3569 1682 3591 tunc
1702 3561 1878 3598 Apostolicae
1890 3560 1957 3590 sedis
1971 3559 2066 3598 Legati
2081 3560 2111 3588 iu
2126 3558 2243 3597 Anglia3
2261 3558 2294 3588 &
2309 3556 2385 3599 salvis

1331 3598 1568 3630 conventionibus
1587 3599 1664 3629 faffis
1678 3600 1755 3636 super
1769 3599 1952 3629 matrimonio
1973 3596 2165 3627 contrahendo
2176 3620 2185 3635 ,
2209 3598 2280 3627 inter
2293 3594 2384 3625 filium

1330 3637 1458 3668 nostrum
1472 3637 1505 3666 ὅ(
1519 3636 1602 3666 filiam
1613 3637 1680 3667 dicti
1696 3637 1818 3667 Domini
1834 3636 1919 3676 Regis
1931 3636 2051 3673 Angliae.
2223 3633 2228 3640 “

1367 3675 1422 3713 Et,
1441 3684 1470 3704 ut
1484 3675 1546 3704 haec
1562 3675 1654 3705 nostra
1669 3675 1813 3706 concessio
1828 3676 1860 3706 δε
1876 3673 2039 3713 promissio,
2057 3683 2109 3710 pro
2122 3673 2204 3702 nobis
2216 3670 2384 3715 &lhaered'i-

1330 3715 1382 3744 bus
1396 3713 1513 3749 nostris,
1532 3722 1669 3752 perpetuae
1682 3713 1817 3744 firmitatis
1832 3713 1918 3743 robur
1930 3713 2074 3742 obtineant
2086 3736 2096 3750 ,
2120 3711 2244 3752 fecimus
2246 3718 2335 3746 jurare
2353 3720 2384 3740 in

1329 3754 1452 3783 animam
1468 3750 1591 3781 nostram
1606 3753 1727 3782 Alanum
1742 3752 1913 3788 Ostiarium,
1928 3750 2088 3780 Hernicum
2099 3748 2135 3778 de
2149 3747 2271 3791 Bailloss,
2287 3746 2383 3778 David

1329 3792 1365 3821 de
1380 3789 1541 3827 Lindeseie,
1558 3790 1745 3820 willielmum
1759 3789 1873 3820 Giffard
1887 3811 1898 3827 ,
1921 3789 1998 3828 quod
2017 3788 2112 3818 omnia
2126 3785 2260 3825 praedicta
2274 3808 2284 3823 ,
2308 3786 2383 3816 bona

1331 3828 1403 3866 fide,
1420 3827 1536 3857 firmiter
1550 3828 1582 3857 ὃς
1599 3828 1710 3858 fideliter
1723 3828 1938 3860 observabimus.
2123 3862 2129 3866 Ι
2254 3862 2258 3866 ¹

1369 3866 1407 3896 Et
1420 3866 1542 3895 similiter
1554 3867 1638 3902 jurare
1651 3867 1768 3897 fecimus
1779 3865 1948 3896 venerabiles
1960 3872 2046 3903 patres
2054 3859 2148 3892 David
2157 3883 2167 3898 ,
2177 3859 2384 3901 willielmum,

1332 3904 1510 3941 Galfridum,
1525 3904 1765 3940 &Clementem,
1783 3902 2027 3939 SanciiAndreae,
2045 3899 2282 3938 Glasconensern,
2299 3901 2385 3931 Dun-

1330 3942 1505 3980 keldensem,
1524 3942 1556 3972 &
1572 3942 1808 3979 Dublamensem,
1826 3941 1850 3972 E
1873 3941 1987 3979 iscopos.
2094 3976 2099 3981 Π

1366 3980 1402 4010 Et
1424 3990 1552 4018 praeterea
1572 3979 1664 4011 fideles
1686 3981 1793 4011 nostros
1807 4002 1817 4017 ,
1866 3980 1992 4008 atricium
2011 3974 2159 4005 Comitem
2179 3974 2214 4004 de
2236 3973 2385 4014 Dumbar,

1331 4018 1526 4052 Malcolmum
1541 4017 1692 4050 Comitem
1704 4018 1740 4050 de
1752 4017 1776 4048 F
1777 4017 1830 4055 ife,
1849 4015 1991 4048 Malifium
2004 4013 2151 4044 Comitem
2162 4013 2199 4044 de
2206 4013 2387 4084 δῑῐεὼείτθξῄ

2407 221 2485 253 Ann.
2501 216 2543 254 D.

2427 269 2513 300 1241..

2410 304 2473 328 Hen.
2491 310 2517 338 3.

2404 1140 2480 1172 Ann.
2498 1141 2539 1172 D.

2404 1189 2518 1246 X&

2403 1261 2439 1286 H.
2463 1266 2487 1294 3.

2402 1617 2419 1635 ⁴
2436 1617 2459 1646 1.
2470 1616 2536 1654 με.

2400 2909 2476 2939 Ann.
2492 2908 2534 2940 D.

2400 2956 2508 3014 ff&

2399 3030 2433 3054 H.
2456 3034 2480 3062 3-
