2570 4261
71 153 147 183 Arm.
162 151 204 182 D.

94 200 178 229 1291.

74 231 138 257 Edv.
163 239 186 255 i.

73 270 90 284 ³
101 270 207 303 II.523.

72 704 199 738 Ann.D.

97 753 180 784 1291.

71 789 123 812 An.
143 793 183 817 ¹9-

70 827 101 850 Ε.
123 832 146 849 r.

71 864 111 887 Et
124 863 182 888 Au-

70 906 134 935 togr.

79 2095 155 2129 Ann.
168 2096 209 2128 D.

106 2146 191 2175 1291.

78 2178 131 2204 An.
151 2185 191 2211 ¹9·

80 2218 112 2241 Ε.
133 2224 155 2241 r.

77 2256 109 2278 L.
124 2256 153 2280 Β.
163 2251 191 2289 f.

81 2291 126 2324 76.
141 2290 166 2318 b.

79 2331 149 2355 Penes

79 2369 212 2395 Camerar.

88 3144 222 3181 “II.524.

216 65 269 104 86

252 148 336 187 Siqua
350 155 418 177 vero
431 144 566 175 dubitatio
578 141 706 173 inciderit
724 142 754 184 in
773 137 934 182 praerniffis,
953 136 1213 174 interpretationem
1233 134 1267 165 δε

217 186 434 217 declarationem
447 182 545 219 ipfius,
562 180 684 219 ejusdem
698 179 766 209 sedis
780 178 894 208 arbitrio
909 175 1086 207 reservamus.

259 227 277 244 ²¹⁸
296 223 381 254 Nulli
395 230 483 258 ergo,
500 222 560 251 &c.

259 299 326 329 Dat.
341 295 413 334 apud
426 294 543 325 Urbem
557 292 692 324 Veterem
703 301 726 332 4
737 290 875 323 Kalendas
885 290 1004 330 Aprilis,
1026 287 1213 321 Pontificatsis
1220 297 1274 318 rio-

221 337 270 368 stri
285 345 359 366 anno
374 342 480 372 quarto.

959 404 1052 443 sigillo
1065 402 1168 442 avulsi).

216 535 306 569 Bulla
331 533 476 568 Nicholai
494 536 576 580 Papae
601 535 659 566 IV.
684 530 720 564 de
747 529 864 563 decima
882 529 1082 572 Ecclcfiarum
1114 530 1188 575 Regi
1206 537 1275 558 con-

261 583 330 628 ceffa
351 609 362 624 ,
395 593 451 629 per
476 585 640 615 terminum
671 580 728 625 fix
760 590 907 612 annorum
933 581 966 610 in
983 574 1152 622 fitbstdt'um
1179 576 1274 608 ‘Tbrrae

217 712 406 777 NIcolaus
420 711 593 755 Episcopus,
610 712 703 745 servus
717 711 863 744 servorum
878 710 952 749 Dei,
969 706 1185 741 venerabilibus
1208 707 1275 739 Fra-

309 757 396 787 tribus
526 752 717 783 Wintoniensi
731 752 765 783 &
780 748 973 782 Lincolniensi
994 748 1141 788 Episcopis
1160 748 1274 779 salutem

217 797 251 828 &
267 794 462 833 Apostolicam
476 791 717 823 benedictionem.
943 827 948 832 .
1044 827 1047 831 .

254 833 330 864 Inter
351 841 466 868 caetera,
484 831 521 861 de
566 829 645 860 uibus
665 827 808 859 carissimo
829 829 857 857 in
877 825 996 857 Christo
1017 825 1089 856 Filio
1102 824 1200 857 nostro
1213 823 1273 854 Ed-

216 871 312 904 wardo
326 871 399 911 Regi
413 869 524 909 Angliae
539 840 634 898 illustri
647 866 681 897 ad
696 867 941 904 prosecutionem,
959 864 1192 907 &c.·affumpfit,
1211 865 1271 894 &c.

216 909 419 946 numerandos,
439 909 530 939 eidem
546 906 622 946 Regi
637 905 673 936 de
687 906 813 937 Fratrum
823 928 832 943 ,
852 905 911 935 &c-
929 912 972 933 eas
986 903 1036 933 sibi
1050 902 1272 940 conceffit,&c.

216 959 281 987 quae
304 948 353 985 ipsi
372 948 448 986 Regi
469 946 640 985 diriguntur,
659 946 719 976 &c.
738 954 787 982 per
809 943 944 974 Nuncios
964 941 1085 980 ejusdem
1100 941 1189 979 Regis
1203 941 1274 978 peti-

215 988 299 1019 tionis
313 985 485 1024 instantiam,
505 986 565 1016 &c.
584 982 802 1022 praedietorum,
819 981 898 1012 dicto
913 980 942 1011 R
981 981 985 985 '
1001 990 1102 1011 omnes
1121 980 1274 1011 obventio-

215 1036 264 1056 nes
275 1024 479 1062 concessimuS,
498 1033 580 1062 quas,
598 1023 661 1054 δερ.
678 1021 885 1052 ordinationem
899 1028 949 1049 ean
971 1028 1018 1049 em
1041 1028 1089 1057 per
1111 1016 1272 1049 concessio-

215 1075 284 1095 nem
298 1061 457 1102 hujusmodi
473 1072 532 1092 non
568 1063 628 1093 &c.
647 1060 752 1091 nostrae
764 1058 912 1097 praedietus
928 1057 994 1087 Rex
1006 1057 1198 1087 commodum
1212 1055 1274 1087 effi-

217 1104 319 1134 caciter
331 1101 516 1139 consequatur
524 1084 715 1139 ‚Praternitati
729 1097 832 1129 vestrae
847 1106 896 1135 per
912 1095 1077 1140 Apostolica
1091 1095 1187 1134 scripta
1196 1105 1275 1126 man-

216 1141 332 1179 damus,
351 1141 477 1178 quatinus
491 1148 592 1169 omnes
604 1137 748 1175 praedic‘tas
763 1136 1038 1173 obventiones‚quae
1048 1144 1077 1165 in
1090 1132 1275 1165 Cantuarien-

218 1180 239 1210 si
252 1181 285 1211 &
302 1177 472 1210 Eboracenii
492 1176 648 1208 Provinciis
665 1176 682 1206 *a
701 1184 847 1213 tempore,
864 1174 924 1205 &c.
948 1172 1020 1212 apud
1042 1182 1114 1212 quos
1129 1174 1157 1202 in
1173 1172 1274 1203 eisdem

219 1218 378 1249 Provinciis
393 1227 452 1254 eas,
470 1217 530 1247 &c.
549 1223 595 1246 aut
609 1213 694 1246 statiis
707 1213 871 1244 auctoritate
886 1210 980 1242 nostra
989 1221 1042 1254 *per
1054 1221 1105 1242 vos
1118 1211 1163 1242 vel
1178 1222 1228 1250 per
1248 1221 1277 1241 a-

223 1257 276 1288 lios
294 1258 335 1287 exi
356 1257 418 1293 atis,
437 1256 497 1286 δῖε.
517 1254 599 1284 fuerit
619 1254 648 1283 in
667 1252 825 1283 Provinciis
847 1258 1007 1281 memoratis
1018 1250 1166 1288 exactum,
1184 1251 1212 1280 in
1227 1260 1278 1280 eo-

221 1295 289 1326 dem
297 1295 335 1325 Fe
361 1304 380 1324 ο
393 1293 473 1324 dieto
481 1292 555 1332 Regi
570 1292 615 1323 vel
628 1292 679 1322 suis
693 1290 727 1321 ad
739 1290 797 1321 hoc
813 1289 895 1321 certis
909 1289 1010 1319 nunriis
1024 1288 1167 1331 assignetis.

222 1343 352 1372 cunque,
367 1333 427 1363 &c.
441 1330 563 1361 similiter
574 1331 701 1370 exigatis,
718 1328 818 1367 illaque
832 1327 881 1366 ipsi
897 1327 972 1366 Regi
1008 1327 1052 1357 vel
1069 1327 1202 1358 iimilibus
1224 1327 1275 1357 suis

218 1371 361 1409 Nunciis,
377 1378 461 1409 prout
478 1370 663 1406 obvenerint,
680 1367 813 1407 assignare
832 1367 933 1396 curetis
947 1388 958 1408 ³.
975 1351 1207 1396 &ontradistoroe
1227 1375 1277 1404 per

219 1409 375 1440 Censuram
388 1407 610 1438 Ecclesiasticam
620 1430 629 1445 ,
640 1407 824 1445 appellatione
838 1404 1005 1442 postposita,
1021 1404 1238 1442 compescendo.

256 1448 332 1478 Non
346 1446 475 1478 obstante
489 1446 508 1476 si
521 1446 654 1484 aliquibus
669 1447 684 1475 a
697 1444 769 1476 Sede
783 1442 950 1482 Apostolica
962 1442 1011 1473 sub
1031 1453 1199 1481 quacunque
1218 1443 1277 1473 for-

219 1487 267 1518 ma
285 1487 440 1517 verborum
457 1484 598 1515 indultum
618 1484 731 1521 existat,
750 1482 826 1521 quod
847 1481 989 1520 interdici,
1007 1481 1145 1520 suspendi,
1164 1481 1208 1512 vel
1228 1491 1276 1512 ex-

220 1526 426 1556 communicari
448 1533 507 1553 non
530 1523 633 1560 poffiut
654 1531 702 1562 per
721 1522 821 1552 litteras
841 1519 1017 1558 Apostolicas
1031 1543 1040 1558 ,
1065 1530 1124 1550 non
1145 1520 1276 1551 facientes

240 1564 330 1594 lenam
352 1564 385 1594 &
404 1561 559 1600 expressam
579 1561 615 1591 de
630 1560 738 1591 indulto
753 1558 909 1598 hujusmodi
926 1559 1118 1596 mentionem,
1138 1560 1171 1588 δε
1187 1558 1277 1597 quali-

218 1575 268 1633 ξεῖ
283 1602 335 1632 alia
355 1601 436 1638 ipsius
454 1600 532 1630 Sedis
553 1598 724 1638 indulgentia
743 1596 864 1638 generali
883 1597 929 1628 vel
943 1597 1069 1635 speciali,
1087 1597 1277 1635 cujuscunque

218 1642 320 1672 tenoris
334 1638 447 1677 existat,
466 1648 513 1676 pei·
528 1648 612 1676 quam
626 1637 744 1668 effesstus
759 1636 935 1675 praesentium
951 1634 1078 1674 impediri
1097 1636 1185 1667 valeat
1205 1645 1279 1675 quo-

220 1678 376 1711 modolibet
394 1677 439 1708 vel
455 1676 570 1707 differri.

258 1717 407 1749 Caeterum
421 1715 460 1755 fi,
479 1717 540 1748 &e
557 1715 670 1747 arbitrio
686 1714 862 1745 reservamus.

1187 1289 1279 1327 Qae-

262 1794 330 1827 Dat.
344 1794 418 1834 apud
430 1793 547 1826 Urbem
558 1800 682 1824 veterem
690 1814 700 1831 ‚
719 1793 780 1824 &c.

223 1921 330 1953 Litera
349 1930 369 1950 a
391 1918 495 1950 Carolo
522 1919 598 1963 Rege
624 1916 730 1949 Siciliae
749 1914 786 1947 de
801 1914 936 1947 trullam
951 1918 1028 1946 inter
1047 1913 1212 1958 Alfonfitm
1233 1915 1283 1946 A-

270 1971 412 2014 ragom'ae‚
438 1970 474 2004 &⁶
503 1965 689 1999 avunculum
707 1963 801 2009 ficum
827 1966 935 2009 Regem
960 1963 1192 2007 Majoricarum
1209 1988 1219 2004 ‚
1243 1965 1281 2000 (ῤ’

270 2015 306 2049 de
323 2013 517 2061 compromiffii
532 2013 576 2046 ad
594 2016 708 2059 Papam
724 2015 760 2050 ej*
776 2009 849 2044 duos
869 2010 1054 2044 Cardinales.

228 2100 284 2162 E
294 2099 524 2132 Xcellentissimo
543 2099 668 2139 Principi
703 2098 836 2130 Domino
856 2098 890 2129 &
904 2096 1125 2137 consanguineo
1137 2095 1186 2127 suo
1198 2096 1282 2128 karis-

305 2139 376 2169 simo
410 2139 545 2170 Domino
559 2123 720 2176 Edwardo,
741 2136 799 2180 Dei
821 2135 923 2176 gratia,
942 2135 1037 2166 illustri
1057 2135 1133 2175 Regi
1154 2135 1282 2175 Angli-ae,

228 2165 529 2220 Dominohi-liberniae
545 2201 554 2215 ‚
573 2178 606 2208 &
628 2175 882 2219 DucirAquitaniae
897 2198 906 2212 ,
923 2174 1045 2205 Karolus
1065 2175 1216 2212 secundus,
1236 2175 1282 2205 ea-

227 2215 295 2246 dem
326 2216 408 2255 rariii,
429 2216 493 2246 Rex
501 2215 670 2255 Jerusalem,
688 2213 808 2252 Siciliae,
826 2212 956 2243 Ducatiis
971 2213 1082 2251 Apuliae
1095 2212 1282 2251 &Principa-

226 2253 272 2284 tfis
319 2265 412 2293 apuae,
431 2254 606 2292 Provinciae,
623 2254 657 2283 &
678 2251 904 2291 Forchalqueriae
923 2250 1033 2282 Comes
1046 2276 1055 2290 ,
1073 2251 1188 2282 salutern
1210 2261 1279 2282 cum

226 2293 344 2323 honoris
359 2295 391 2325 &
405 2293 503 2333 gloriae
515 2292 640 2323 felicibus
656 2292 844 2321 incrementis.

263 2331 446 2370 Tractatum,
463 2331 591 2361 habitum
610 2328 675 2369 post
695 2328 833 2359 recessum
857 2328 1055 2359 Dominorum
1069 2327 1280 2368 Cardinalium,

228 2370 261 2401 &
274 2369 461 2400 Nunciorum
472 2368 649 2405 vestrorum,
666 2368 736 2397 inter
749 2377 801 2397 nos
814 2369 847 2399 ὅ(
863 2366 1017 2412 Egregium
1030 2366 1207 2405 Principem,
1216 2366 1282 2398 Do-

228 2409 338 2439 minum
354 2408 518 2447 Alfonsum,
536 2406 671 2438 illustrem
686 2406 800 2445 Regem
821 2406 989 2445 Aragomae,
1006 2405 1085 2443 super
1103 2405 1180 2436 faeto
1202 2406 1282 2446 Reg-

226 2449 256 2478 ni
280 2446 483 2485 Majoricarum
498 2469 508 2485 ,
531 2444 695 2476 Celsitudini
716 2444 815 2475 vestrae
838 2444 962 2475 veridice
980 2444 1146 2475 nunciamus
1159 2468 1170 2482 ,
1195 2452 1281 2483 prout

226 2485 382 2517 verborum
396 2485 474 2517 series
488 2486 617 2516 continet
630 2482 819 2522 infrascripta,
837 2492 901 2521 quae
916 2483 974 2514 talis
988 2482 1038 2514 est.

226 2569 366 2631 NOS
409 2569 560 2607 Alfonsus,
578 2569 635 2600 Dei
653 2568 741 2609 gratia
753 2592 763 2606 ,
782 2568 848 2599 Rex
870 2567 1060 2611 Aragonum,
1079 2566 1282 2606 Majoricarum

321 2610 354 2640 ὃς
367 2594 501 2638 valenti-ie
537 2619 569 2639 ac
585 2607 695 2638 Comes
710 2607 921 2645 Barchinoniae,
936 2617 966 2638 re
987 2605 1056 2636 uisiti
1073 2606 1088 2635 ὲ
1099 2606 1196 2644 vobis,
1205 2615 1282 2645 mag-

226 2646 313 2678 nifico
335 2647 483 2685 Principe,
501 2632 635 2677 Domino
658 2645 768 2676 Karolo
791 2645 890 2685 Rege,
909 2647 975 2675 carii
988 2653 1050 2675 imo
1073 2644 1283 2682 consanguineo

225 2685 324 2716 nostro
339 2710 348 2723 ,
365 2685 392 2715 su
430 2695 443 2715 r
462 2684 617 2723 quaestione
637 2694 671 2715 ac
690 2683 848 2721 discordia,
886 2693 930 2714 uae
950 2683 989 2713 est
1009 2683 1079 2712 inter
1101 2691 1153 2713 nos
1173 2691 1208 2712 ex
1227 2681 1284 2712 una

225 2733 318 2763 parte,
337 2726 369 2754 &t
423 2725 555 2754 ominum
571 2723 732 2762 jacobum,
751 2722 874 2753 Avuncu
886 2731 935 2752 um
958 2720 1087 2752 nostrum
1103 2742 1112 2761 ,
1130 2728 1163 2751 ex
1182 2719 1282 2758 altera,

226 2763 304 2801 super
327 2763 355 2792 R
393 2772 433 2792 no
452 2761 673 2800 Majoricarum,
692 2769 722 2791 ut
742 2760 832 2798 ipsum
853 2760 989 2799 Regnum
1010 2758 1102 2788 eidem
1126 2757 1281 2789 Avunculo

229 2801 329 2831 nostro
345 2804 384 2831 rel
400 2801 487 2831 ituere
500 2800 685 2838 deberemus,
702 2800 735 2830 &
758 2808 811 2829 nos
830 2798 889 2829 hoc
900 2808 960 2830 non
978 2797 1080 2828 debere
1092 2796 1185 2827 facere
1197 2797 1285 2828 duce-

231 2850 338 2869 remus·

264 2864 412 2916 Tandem,
431 2877 465 2908 ad
481 2878 663 2909 reverentiam
672 2876 847 2914 Apostolicae
860 2873 1141 2915 Sedis,&vestram,
1156 2875 1287 2912 &prop-

231 2923 274 2946 ter
288 2916 518 2947 reformationem
541 2918 612 2954 pacis
626 2915 798 2953 obtulimus,
815 2915 849 2946 δε
861 2914 898 2944 de
913 2914 1038 2952 praesenti
1056 2912 1219 2950 offerimus,
1235 2922 1287 2943 nos

230 2953 288 2984 esse
304 2964 409 2992 paratos
424 2955 608 2992 quaestionem
621 2952 779 2992 hujusmodi
794 2963 900 2991 ponere
913 2955 941 2984 in
955 2952 1034 2994 posse
1053 2950 1213 2982 sanetiffimi
1234 2950 1288 2981 Pa-

233 2993 281 3022 tris
296 3016 305 3029 ,
322 2993 354 3023 δεῖ
377 2992 497 3023 Domini
541 2993 662 3023 Domini
684 2992 800 3023 Nicolai
815 3016 824 3028 ,
845 2991 955 3022 Divina
976 2990 1177 3028 Providentia,
1196 2989 1287 3020 sacro-

233 3030 333 3061 sanctie
356 3030 497 3061 Romanae
511 3017 649 3062 ‘Eccleliae
669 3030 771 3061 summi
793 3029 954 3060 Pontificis:
995 3030 1040 3060 Ac
1063 3027 1287 3059 reverendorum

234 3068 368 3107 Patrum,
387 3068 507 3098 Domini
522 3069 641 3100 Gerardi
655 3068 803 3099 Salariensis
817 3068 919 3107 Episco
941 3070 967 3106 i,
982 3069 1015 3099 &
1030 3068 1175 3099 Benedicti
1191 3066 1287 3098 Sancti

233 3107 353 3138 Nicolai
367 3108 395 3136 in
407 3105 528 3138 Carcere
542 3108 675 3138 Tulliano
692 3106 830 3145 Diaconi,
849 3106 906 3137 Car
930 3106 1059 3144 'nalium3

272 3147 290 3165 *²
314 3145 355 3176 Ita
395 3145 453 3176 uod
475 3145 609 3183 quicquid
632 3145 759 3183 praefatus
781 3145 925 3176 Dominus
947 3145 1037 3184 Papa,
1055 3153 1125 3176 cum
1147 3143 1287 3182 praedietis

235 3155 594 3221 Dominiquardinalibus,
612 3183 657 3213 vel
669 3183 790 3221 ipsorum
805 3184 912 3222 aliquo,
932 3183 993 3214 vilis
1007 3182 1197 3214 &intellectis
1220 3184 1290 3221 juri-

234 3222 285 3253 bus
299 3222 405 3260 nostri,
424 3221 533 3252 Alfonsi
547 3222 633 3261 Regis
647 3221 788 3259 praediCti,
806 3232 838 3252 ac
853 3222 957 3259 praefati
972 3222 1095 3253 Domini
1109 3221 1229 3260 jacobi,
1247 3222 1290 3252 su-

253 3271 282 3291 et
298 3260 454 3299 quaestione
470 3260 516 3290 Re
536 3261 566 3291 rii
583 3259 785 3297 Majoricarum
801 3260 951 3299 praedirstai,
969 3261 1064 3291 dicerit
1081 3259 1290 3298 sententiando,

245 3299 389 3337 audando,
408 3300 527 3329 amicabi
540 3300 589 3329 iter
604 3298 823 3337 componendo,
839 3299 883 3329 seu
898 3299 959 3329 alias
978 3297 1155 3334 ordinando,
1173 3298 1208 3328 de
1227 3300 1288 3336 jure

232 3338 279 3368 vel
295 3338 331 3368 de
345 3337 438 3375 faeto,
453 3339 530 3375 juxta
551 3337 758 3375 beneplacitum
778 3338 997 3375 praedictorum,
1017 3337 1120 3368 summi
1143 3335 1290 3368 Pontificis

234 3376 267 3406 δε
287 3375 495 3413 Cardinalium,
514 3384 544 3405 ut
564 3377 723 3406 continetur
745 3376 883 3414 superius,
901 3377 1127 3414 acceptabimnS,
1145 3375 1179 3405 &
1191 3375 1289 3406 obser-

234 3414 363 3444 vabimus
377 3414 589 3452 inviolabiliter,
608 3415 641 3445 &
662 3423 807 3452 nunquam
829 3416 1093 3452 contraveniernus‚
1110 3414 1219 3444 ratione
1241 3414 1290 3444 ali-

236 3460 308 3489 qua,
325 3453 380 3483 iine
395 3454 480 3484 causa.

274 3488 328 3531 Et,
346 3490 364 3519 fi
378 3495 474 3521 contra
489 3490 657 3528 faceremus,
676 3489 734 3527 ipso
749 3490 825 3521 fatto
841 3490 970 3521 cadamus
985 3491 1022 3521 ab
1035 3490 1117 3522 omni
1127 3490 1189 3528 jure
1232 3490 1290 3521 uod

237 3526 320 3568 nobis
342 3528 367 3557 in
388 3529 492 3568 Regno
513 3529 653 3566 competit
670 3528 843 3565 supradicto,
861 3539 893 3559 ac
915 3530 1116 3560 nichilominus
1135 3529 1151 3557 ”a
1171 3532 1230 3559 trac
1244 3538 1290 3559 atu

238 3573 326 3600 9³08,
346 3576 391 3608 pei·
412 3578 463 3597 nos
485 3577 574 3605 nuper
586 3567 659 3605 apud
676 3566 810 3597 Castrum
823 3567 1043 3598 Tarrasconense
1061 3567 1176 3604 habito,
1192 3567 1292 3597 redda-

240 3610 303 3631 mur
320 3606 425 3638 penitus
439 3606 528 3636 alieni.

258 3637 315 3683 ‚AEt
331 3641 405 3675 quod
419 3644 550 3685 proedista
564 3642 630 3673 fiant
646 3642 756 3682 statim,
773 3653 842 3673 cum
857 3653 908 3673 nos
922 3646 1025 3674 erimus
1039 3646 1067 3674 in
1081 3641 1215 3674 Romana
1228 3642 1291 3674 Cu-

242 3685 283 3718 ¹.¹²
304 3677 477 3721 personaliter
499 3681 657 3720 constituti,
677 3683 744 3712 citra
764 3681 880 3712 Festum
899 3682 1063 3714 Nativitatis
1076 3682 1216 3718 Domini,
1234 3681 1291 3711 line

239 3713 329 3758 libelli·
340 3715 521 3759 obligatione,
538 3730 571 3749 ac
585 3720 699 3750 testium
711 3720 916 3758 productione,
935 3722 968 3752 &
982 3721 1038 3751 sine
1061 3720 1175 3758 strepitu
1197 3729 1229 3750 ac
1257 3718 1291 3748 fi-

241 3760 311 3790 gura
321 3751 432 3793 judicu,
450 3759 528 3785 omni
541 3758 715 3788 cavillatione
728 3769 760 3788 ac
773 3758 903 3788 dilatione
917 3760 1041 3789 remotis.

280 3788 335 3831 Er,
354 3792 373 3833 ί)
392 3791 479 3829 forte,
497 3795 574 3831 quod
596 3796 674 3826 Deus
694 3805 815 3833 avertat,
835 3806 922 3826 unum
938 3798 983 3828 vel
997 3797 1069 3828 duos
1082 3796 1118 3827 de
1133 3794 1292 3836 praedic‘tis,

242 3826 378 3869 DQfflffiss
395 3827 472 3870 ‘Papq
493 3833 524 3861 δε
546 3832 738 3875 Cardinalibus
752 3858 762 3873 ,
787 3836 983 3874 contingeret,
1000 3844 1151 3873 antequam
1173 3833 1292 3872 quaestio

242 3863 401 3901 huiusmodl
424 3867 490 3897 estet
510 3869 596 3905 sopita
609 3895 618 3908 ,
642 3873 678 3902 ab
699 3873 751 3903 hac
772 3872 835 3902 luce
855 3874 972 3912 migrare
986 3898 996 3912 ‚
1021 3874 1100 3911 quod
1118 3873 1147 3903 su
1167 3871 1271 3915 'rstites
1283 3894 1293 3908 ,

244 3904 290 3932 vel
306 3902 452 3947 iupersteS,
470 3905 571 3947 possint
584 3908 628 3939 seu
648 3910 732 3948 poffit
748 3909 936 3949 quaestionem
958 3912 1124 3950 praedictam
1229 3918 1293 3948 Εἴθ’

244 3948 276 3970 ut
291 3941 411 3979 superius
426 3951 592 3974 continetur.

654 45 1444 98 CONVENTIONES,

1527 38 1925 97 LITERAE,

1350 130 1406 168 Et,
1424 130 1445 161 fi
1455 130 1532 161 forte
1543 132 1690 168 contingat
1726 129 1805 169 quod
1819 128 2134 167 nollemus,praefatum
2146 127 2311 161 Dominum
2319 122 2370 168 Ja-
2386 130 2461 162 Ann.
2476 123 2515 166 ὕ,
2543 152 2570 179 ··l

1307 170 1433 207 cobum,
1452 169 1638 199 Avunculum
1653 155 1798 207 nostrum,
1816 169 1894 200 viam
1915 167 2014 206 istam,
2028 168 2113 199 vobis
2130 167 2273 206 oblatam,
2290 169 2368 201 nolle
2404 179 2490 210 1291.

1307 216 1469 245 acceptare,
1487 217 1542 238 nec
1557 207 1591 237 ad
1604 208 1659 246 ipsa
1671 211 1700 239 ie
1712 206 1802 237 modo
1816 207 1897 237 fimili
1910 206 1970 236 obli
2021 215 2054 244 e,
2072 207 2266 243 promittimus
2283 205 2374 238 vobis=
2385 209 2452 241 Εᾶυ.
2471 221 2495 238 i.
2518 212 2522 215 ’

1309 247 1405 284 quod,
1422 255 1470 283 per
1492 245 1527 275 N
1529 247 1628 276 uncios
1649 256 1682 276 ac
1704 245 1902 276 Procuratores
1922 254 1962 275 no
1990 254 2052 282 ι-οε,
2090 253 2141 274 uos
2161 243 2254 275 statim
2268 244 2303 275 ad
2317 245 2369 276 Se-

1309 285 1376 314 dem
1399 283 1426 314 A
1447 283 1597 314 ostolicam
1617 283 1804 322 destinamus,
1822 282 1954 321 praedicta
1972 283 2072 313 omnia
2118 283 2220 313 omino
2233 282 2317 320 Papae
2331 285 2366 315 &

1311 294 1506 366 Cardinsfiibus
1527 321 1699 361 offeremus,
1716 323 1750 354 &
1770 332 1802 353 ea
1821 321 1997 352 firmabimus
2009 343 2020 360 ,
2035 322 2069 353 &
2091 319 2324 359 affecurabimus,
2339 330 2375 358 ut,

1311 360 1487 399 praedicitur,
1506 370 1559 389 nos
1570 360 1702 391 facturos.
2327 369 2331 374 ⁴

1349 398 1401 428 Est
1419 406 1514 428 autem
1535 398 1640 428 nostrae
1661 399 1826 429 intentionis
1847 397 2038 436 propositum,
2056 397 2135 436 quod
2149 396 2291 429 diree’tum
2304 396 2372 429 Do—

1312 437 1451 474 minium,
1470 436 1548 474 quod
1561 437 1698 467 habemus
1713 439 1742 467 in
1756 437 1863 476 Regno
1876 436 2098 475 Majoricarum,
2113 437 2141 466 in
2153 445 2275 467 omnem
2283 434 2371 468 even-

1311 482 1374 505 tum
1389 474 1421 505 fit
1436 484 1484 512 per
1499 475 1595 505 omnia
1609 476 1691 506 nobis
1705 475 1826 514 salvum3
1847 475 1881 506 &
1896 476 1974 513 quod
1990 483 2040 512 per
2054 473 2184 512 praesatos
2203 474 2369 514 Dominos,

1312 512 1418 550 Papam
1432 514 1465 543 δε
1478 512 1639 544 Cardinales
1648 537 1657 552 ,
1675 521 1706 544 ut
1718 514 1893 552 praedicitur,
1908 513 2059 551 specialiter
2079 512 2251 551 declaretur,
2266 513 2367 551 praefa-

1311 559 1375 582 tum
1390 551 1556 581 Dominum
1567 551 1711 590 Jacobum
1725 554 1757 583 &
1772 552 1834 582 suos
1846 559 1941 582 tenere
1953 551 1969 581 ὲ
1984 552 2084 590 nobis,
2099 552 2129 581 in
2143 550 2367 591 seudum,Reg-

1311 597 1382 620 num
1407 589 1613 628 Majoricarum
1631 590 1800 628 praedieium
1812 614 1821 628 ,
1839 590 1889 620 sub
1907 590 1958 619 illis
1979 590 2065 628 pactis
2086 590 2119 621 &
2139 589 2369 628 conditionibus,

1311 627 1362 658 sub
1385 629 1487 666 quibus
1508 627 1584 658 idem
1606 628 1751 659 Dominus
1762 628 1888 667 jacobus
1902 627 1977 658 idem
1992 628 2128 667 Regnum
2142 629 2247 666 recepit
2263 630 2292 658 in
2307 627 2370 663 feu!

1311 666 1400 704 dum,
1419 667 1435 696 a
1449 665 1582 696 Domino
1597 666 1701 705 Petro,
1719 667 1800 697 clarae
1822 668 1986 704 memoriae,
2005 666 2035 696 R
2072 676 2088 696 e
2112 666 2296 707 Aragonum,
2314 665 2370 697 Pa-

1310 713 1351 735 tre
1371 704 1471 735 nostro
1485 728 1495 742 ,
1512 713 1663 743 antequam
1681 704 1845 735 offendisset
1865 705 2030 735 Romanam
2076 704 2228 743 eclesiam,
2254 705 2273 735 si
2294 704 2370 736 forte

1310 742 2370 821 iffiffloffiz1¹3³ssrffiaffzs‘isfflffl‘l‘zzzi'ffi‘gffifflfflffs3513

1309 819 1451 851 restituere
1464 819 1662 858 supradictum.
2212 792 2223 822 J

1348 893 1456 928 Actum
1470 896 1511 927 est
1526 896 1584 927 hoc
1598 897 1628 927 in
1642 895 1762 936 Campis
1770 897 1848 936 juxta
1856 896 2045 937 Jenchinarn,
2063 898 2092 928 6.
2106 896 2174 929 Idus
2189 897 2309 937 Aprilis,
2321 907 2370 930 aii-

1310 945 1350 966 no
1366 935 1492 966 Domini
1510 944 1595 974 1291.

1309 1012 1492 1052 Praesenthus
1505 1013 1640 1049 predit‘lis
1655 1012 1769 1050 Regibus
1778 1024 1787 1042 .-

1309 1055 1357 1082 Αι·
1373 1051 1572 1081 Venerabilibus
1589 1054 1704 1081 Domino
1718 1054 1757 1081 H.
1779 1054 1821 1081 E-
1858 1051 1992 1090 Johanne
2004 1049 2112 1090 Efioti,

1343 1089 1442 1130 prfiopo
1456 1089 1711 1130 Cesaraugustano,
1860 1089 2013 1119 Guillielmo
2028 1089 2211 1130 Estancardi,

1311 1132 1411 1159 Fratre
1441 1132 1477 1159 G.
1505 1130 1538 1159 de
1568 1131 1610 1159 W
1608 1128 1700 1159 ilereto
1728 1130 1822 1159 Priore
1859 1131 1893 1158 R.
1909 1131 2031 1167 Rogerii,
2047 1131 2148 1157 Comite
2162 1127 2313 1158 Pallarien.

1348 1169 1442 1197 Sanai
1458 1168 1568 1205 Egidii:
1859 1169 2023 1204 BerengarIo
2035 1167 2067 1196 de
2082 1167 2164 1196 Podio
2178 1169 2206 1195 V
2207 1167 2285 1205 iridi,
2303 1163 2342 1202 ό·

1312 1210 1360 1236 Ac
1371 1205 1514 1236 Nobilibus
1530 1209 1623 1245 Viris,
1859 1206 2011 1236 Raimundo
2024 1206 2057 1236 de
2070 1203 2241 1243 Angularia.

1857 1011 1990 1051 Johanne
2000 1013 2033 1043 de
2046 1010 2226 1052 Monteforti,

1350 1282 1427 1314 Haec
1440 1292 1533 1314 autem
1550 1281 1772 1323 Magnificentiae
1785 1281 1885 1313 vestrae
1897 1281 2094 1321 describimus,
2113 1291 2143 1313 ut
2156 1281 2192 1312 de
2204 1282 2270 1321 hiis,
2290 1292 2374 1322 quae,

1315 1321 1380 1360 post
1394 1322 1534 1353 recessum
1550 1321 1754 1360 praedictorum
1766 1321 1954 1352 Nunciorum
1969 1321 2130 1352 vestrorum
2145 1321 2160 1351 a
2182 1322 2282 1360 nobis,
2301 1323 2375 1352 inter

1313 1371 1366 1405 rios
1381 1362 1415 1429 ‹Skc¹
1429 1361 1597 1430 &dietum
1614 1360 1730 1398 Regem
1746 1359 1929 1399 Aragonum,
1944 1359 2006 1391 sunt
2019 1360 2149 1399 tractata,
2163 1360 2277 1397 plenam
2296 1361 2374 1391 noti-

1314 1408 1382 1430 tiam
1416 1409 1431 1429 a
1484 1408 1526 1430 ns.

1353 1437 1503 1469 Caeterum
1515 1438 1584 1468 scire
1596 1447 1650 1468 vos
1665 1437 1855 1473 voluerimus,
1872 1436 1950 1475 quod
1965 1436 2030 1467 Rex
2046 1435 2248 1475 Majoricarum
2265 1437 2298 1468 &
2307 1436 2373 1467 Rex

1315 1475 1484 1514 Aragonum
1505 1476 1676 1514 supradictos
1695 1475 1757 1506 suos
1794 1475 1901 1513 nosque
1919 1474 2031 1506 nostros
2052 1475 2189 1505 Nuncios
2207 1474 2241 1505 ad
2261 1474 2374 1505 Roma-

1315 1525 1383 1546 nam
1404 1514 1522 1546 Curiam
1543 1514 1737 1552 destinamus3
1759 1499 1895 1552 sperantes
1916 1512 2032 1544 firmiter
2053 1514 2087 1544 &
2108 1512 2251 1544 credentes
2270 1513 2348 1551 quod
2363 1537 2374 1551 ,

1315 1562 1374 1584 tarn
1386 1554 1465 1592 super
1480 1553 1655 1584 restitutione
1669 1551 1740 1583 dicti
1751 1552 1848 1590 Regni
1860 1550 2080 1590 Majoricarum,
2089 1551 2176 1590 qu‘arn
2189 1551 2269 1590 super
2275 1552 2376 1590 damp-

1316 1595 1375 1632 nis,
1392 1593 1471 1623 illatis
1484 1593 1551 1623 hinc
1567 1591 1649 1630 inde,
1667 1591 1754 1622 taliter
1769 1590 1945 1622 ordinabitur
1958 1591 1987 1620 in
2003 1589 2094 1621 Curia
2106 1589 2281 1628 memorata,
2295 1589 2376 1628 quod

1316 1640 1432 1670 utraque
1443 1642 1503 1672 pars
1518 1631 1656 1668 reputabit
1670 1631 1774 1660 merito
1788 1630 1814 1660 se
1826 1637 2000 1660 contentam.

1352 1669 1484 1709 Insuper,
1502 1672 1566 1708 quia
1584 1669 1619 1699 de
1640 1668 1709 1699 (butu
1728 1668 1822 1699 vestro
1843 1667 1988 1706 prosperos
2008 1667 2117 1706 semper
2130 1668 2260 1705 cupimus
2274 1666 2372 1698 audire

1317 1719 1446 1740 rumores
1459 1734 1468 1747 ,
1493 1717 1625 1751 rogamus
1646 1708 1679 1738 &
1700 1708 1820 1745 petimus
1834 1730 1844 1744 ,
1862 1707 1991 1745 quotiens
2011 1706 2095 1736 vobis
2113 1706 2226 1737 faculms
2243 1704 2355 1736 affuerit

1318 1747 1414 1778 nostra
1435 1747 1472 1778 de
1495 1749 1555 1785 ipio
1577 1747 1666 1777 velitis
1678 1745 1809 1776 desideria
1822 1754 1974 1784 renovare,
1994 1744 2087 1775 scituri
2101 1744 2179 1783 quod
2192 1753 2261 1782 nos,
2278 1743 2376 1774 divina

1317 1786 1429 1817 favente
1448 1785 1626 1821 Clementia,
1644 1784 1725 1822 plena
1740 1786 1864 1822 potimur
1878 1784 2004 1821 corporis
2017 1782 2160 1821 sospitate,
2177 1782 2213 1813 de
2226 1782 2310 1814 vobis
2323 1791 2373 1813 ve-

1319 1824 1433 1863 strisque
1445 1825 1538 1855 liberis
1551 1823 1645 1855 audire
1656 1824 1759 1861 jugiter
1775 1822 1871 1853 similia
1884 1829 2070 1860 peroptantes.

1358 1900 1427 1933 Dat.
1441 1901 1515 1939 apud
1529 1900 1667 1932 Montem
1681 1898 1818 1931 Peffulan.
1836 1908 1880 1930 12.
1894 1897 1940 1929 die
1954 1896 2066 1937 Aprilis.
2080 1906 2109 1936 4.
2122 1895 2295 1928 indictionis.

1796 1978 1830 2007 P.
1868 1979 1895 2006 S.

1357 2055 1514 2095 Praedicta,
1530 2056 1550 2087 si
1564 2056 1673 2095 placet,
1690 2053 1870 2086 secretiffima
1882 2056 2046 2091 teneantur,
2064 2053 2128 2091 quia
2140 2052 2178 2083 fic
2191 2052 2322 2091 utrinque
2329 2061 2377 2083 ex-

1316 2096 1372 2127 titit
1383 2096 1555 2126 ordinatum.

1355 2172 1464 2204 Datum
1477 2182 1508 2203 ut
1521 2172 1608 2211 supra.

1449 2315 1478 2343 δι’
1503 2320 1552 2352 De
1572 2318 1827 2356 Summonitione‚
1850 2324 1906 2359 pro
1929 2314 2059 2347 Servitia
2081 2311 2233 2344 Militari.
2369 2294 2382 2313 ⁴²
2395 2306 2528 2343 *115250

1319 2411 1441 2475 REX
1477 2409 1585 2441 dileeto
1599 2409 1632 2441 δε
1647 2407 1721 2438 fideli
1735 2406 1801 2443 suo,
1818 2404 1953 2436 Roberto
1966 2404 2003 2435 de
2016 2403 2161 2441 Ssutevill,
2179 2403 2300 2433 salutem.
2357 2440 2363 2446 ⁶
2398 2391 2462 2421 ΑΠΠ
2487 2391 2527 2423 D·

1422 2436 1594 2481 Mandamus
1607 2447 1706 2485 vobis,
1724 2447 1751 2474 in
1767 2445 1822 2475 fide
1836 2444 1869 2474 &
1883 2444 2016 2483 homagio
2027 2468 2033 2479 ,
2046 2443 2147 2481 quibis
2161 2443 2243 2471 nobis
2258 2450 2379 2471 tenemi-
2425 2440 2509 2468 1291.

1320 2491 1367 2529 ni,
1385 2489 1503 2520 firmiter
1523 2488 1715 2526 injungentes,
1734 2482 1812 2522 quod
1833 2483 1902 2513 cum
1926 2484 2003 2520 equis
2024 2483 2056 2512 &
2077 2483 2160 2510 armis
2175 2482 2207 2511 ὃς
2222 2489 2285 2510 toto
2298 2480 2380 2509 servi·
2396 2473 2433 2495 ¹4³·
2468 2480 2510 2504 ¹9·

1490 2526 1573 2557 nobis
1586 2525 1709 2561 debetis,
1726 2523 1780 2553 sitis
1793 2521 1826 2551 ad
1842 2531 1893 2551 nos
1908 2522 1980 2558 apud
1996 2519 2150 2557 Norbani,
2169 2519 2183 2548 ὲ
2197 2519 2242 2548 die
2258 2518 2380 2555 Palcliae,
2399 2512 2415 2534 E
2447 2518 2453 2534 ¹
2468 2547 2479 2559 f

1319 2527 1585 2606 gpgxffigdffimm'
1604 2566 1631 2594 in
1651 2564 1695 2593 sex
1715 2562 1893 2599 lepiiuanas,
1910 2559 1943 2589 ad
1962 2559 2127 2602 faciendum·
2143 2558 2226 2601 nobis
2239 2556 2381 2587 servitium
2395 2550 2418 2574 C

1320 2605 1446 2637 vestrum
1464 2603 1649 2643 praedictum,
1668 2609 1753 2645 prout
1775 2600 1856 2630 vobis
1877 2608 1946 2629 tunc
1968 2597 2077 2638 plenius
2090 2596 2161 2628 scire
2174 2596 2329 2634 faciemus,
2348 2595 2381 2626 &
2399 2589 2417 2611 E
2447 2594 2453 2610 ¹
2487 2602 2491 2609 ‘

2494 2595 2513 2612 Ι.

1321 2644 1379 2674 hoc
1395 2644 1473 2674 nullo
1488 2642 1579 2673 modo
1593 2643 1736 2672 omittatis.
2396 2623 2495 2661 7.dors.

1359 2717 1449 2749 Teste
1460 2718 1545 2758 Rege
1558 2717 1631 2756 apud
1646 2717 1816 2756 Derlington
1826 2739 1836 2754 ,
1858 2715 1904 2745 16.
1922 2712 1969 2742 die
1983 2711 2095 2750 Aprilis.

2489 2551 2532 2581 ¹9ss

1361 2794 1475 2826 Eodem
1487 2794 1579 2826 modo
1593 2793 1758 2825 mandatum
1774 2791 1816 2823 est
1831 2790 1966 2821 omnibus
1979 2786 2154 2825 subscriptis,
2172 2785 2321 2824 videlicet,

1874 2868 1917 2896 W
1916 2864 2023 2895 illielmo
2036 2864 2068 2893 de
2089 2862 2149 2902 Vesc
2171 2885 2182 2902 ‚

1873 2907 1981 2942 Hugoni
1998 2903 2029 2932 de
2045 2873 2174 2940 Lavally‚

1873 2943 1988 2973 Roberto
2003 2942 2034 2971 de
2046 2940 2176 2981 Tybetot,

1873 2981 2002 3021 Johanm'
2015 2981 2047 3009 de
2059 2977 2217 3019 Greystoke,

1874 3024 2001 3058 ingramo
2016 3020 2048 3049 de
2062 3021 2169 3057 Gynes,

1873 3059 1980 3089 Thomae
1994 3059 2026 3087 de
2038 3057 2153 3087 eadm.

1874 3096 2040 3128 Alexandro
2056 3096 2088 3124 de
2101 3092 2236 3132 Balliolo,

1874 3135 1990 3166 Roberto
2005 3131 2123 3165 Latere!
2127 3155 2138 3171 ,

1873 3174 1990 3204 Ricardo
2004 3174 2035 3202 de
2050 3168 2209 3209 Malebiffi,

1874 3212 1982 3243 Thomae
1997 3212 2029 3241 de
2043 3209 2184 3248 Chauncy,

1875 3254 1917 3281 W
1918 3249 2025 3280 illielmo
2050 3248 2074 3278 le
2098 3246 2197 3277 Butler
2225 3246 2256 3276 de
2277 3247 2384 3276 {Verin-

1910 3297 1956 3319 ton
2383 3291 2387 3296 “

1873 3311 1982 3365 Hugoaeii
1988 3325 2051 3369 filio
2064 3327 2192 3363 Henrici,

1325 2871 1468 2902 Edmundo
1498 2875 1571 2901 ratri
1586 2873 1679 2909 Regis,

1325 2913 1443 2940 Henrico
1474 2921 1489 2939 e
1503 2913 1596 2950 Lacy,
1614 2911 1711 2940 Comiti
1725 2906 1835 2939 Lincol-

1326 2960 1455 3056 ζῗοῗςὶοιαῗῆιὶ
1476 2986 1508 3016 de
1538 2989 1679 3017 Warenna
1694 3009 1704 3025 ,
1737 2988 1835 3016 Comitt'

1384 3037 1454 3055 urrae

1327 3064 1449 3096 Gilberto
1462 3047 1496 3092 ²de
1511 3062 1705 3103 Umfremvill,

1326 3102 1445 3143 Radulfo
1452 3101 1514 3143 filio
1531 3104 1572 3131 W
1572 3101 1692 3141 illielmi,

1327 3142 1450 3174 Gilberto
1463 3141 1495 3170 de
1508 3144 1621 3179 Gaiam,

1328 3181 1450 3211 W'altero
1464 3179 1496 3208 de
1509 3177 1706 3208 Huntercombe
1713 3200 1725 3216 ,

1326 3220 1453 3259 Johanni
1467 3220 1613 3256 Marmyon

1327 3258 1456 3297 Johanm‘
1473 3256 1504 3285 de
1516 3240 1651 3292 Balliofo,

1327 3301 1427 3334 Rogero
1440 3296 1472 3325 de
1486 3293 1608 3333 Mubray

1327 3333 1469 3374 Ranulpho
1484 3333 1515 3362 de
1529 3317 1624 3361 Neuil
1632 3357 1641 3370 ,

1327 3374 1457 3412 Johanni
1468 3373 1501 3402 de
1516 3373 1645 3410 PVygeton
1653 3393 1663 3409 ‚

1327 3411 1476 3442 Hereberto
1488 3410 1520 3439 de
1532 3410 1631 3439 Sanflo
1647 3408 1799 3448 Quintino,

1329 3450 1451 3481 Waltero
1464 3449 1496 3478 de
1508 3447 1698 3486 Faucomberge
1705 3470 1715 3485 ,

1327 3489 1444 3519 Ricardo
1457 3488 1489 3517 de
1505 3488 1590 3526 Grey,

1327 3527 1458 3565 Johanni
1471 3526 1502 3556 de
1517 3528 1695 3564 steyngrene,

1328 3565 1445 3595 Roberto
1459 3563 1491 3593 de
1503 3562 1629 3592 Lathum
1637 3584 1648 3601 ,

1331 3606 1373 3633 W
1372 3602 1481 3632 illielmo
1495 3601 1527 3630 de
1540 3603 1595 3640 Rye
1602 3623 1613 3638 ,

1328 3641 1458 3680 Johanm'
1473 3638 1535 3681 filio
1556 3641 1652 3677 Rogeri
1666 3662 1678 3677 ,
1703 3639 1735 3669 de
1757 3641 1839 3670 Lan-

1327 3678 1464 3756 Joclglnrgtq
1470 3700 1591 3744 'Eburum
1605 3713 1805 3755 Archieptfiopo
1812 3737 1824 3753 ,

1329 3755 1458 3794 Johanni
1473 3754 1504 3783 de
1515 3753 1596 3782 Bella
1610 3758 1713 3794 Aqua,

1329 3792 1462 3823 Nicholao
1477 3792 1508 3820 de
1522 3792 1653 3832 Meym'll,

1329 3830 1446 3860 Roherto
1452 3829 1515 3871 filio
1531 3833 1641 3868 Rogeri,

1875 3407 2000 3435 Dominae
2015 3405 2047 3434 de
2061 3405 2113 3433 Ros
2121 3424 2132 3441 ‚

1875 3446 2002 3473 Dominae
2016 3443 2047 3472 de
2061 3437 2201 3477 Kendale,

1875 3485 2047 3519 Margaretae
2062 3480 2094 3508 de
2106 3481 2177 3515 Ros,

1873 3519 1998 3559 Ifizbellae
2013 3520 2044 3549 de
2059 3515 2191 3555 CEffind,

1875 3558 1977 3588 Idoniae
1990 3558 2022 3586 de
2036 3554 2162 3595 Leyburn
2169 3576 2180 3592 ,

1876 3598 1920 3627 W
1917 3594 2023 3626 illielmo
2039 3596 2071 3623 H
2071 3603 2152 3633 eyrun
2159 3614 2169 3629 ‚
2379 3598 2381 3601 ⁴

1875 3634 2004 3674 Johanm‘
2017 3635 2132 3673 Comyn,
2150 3630 2246 3659 Comiti
2260 3626 2292 3658 de
2311 3627 2381 3664 Bog-

1954 3684 1972 3701 n

1878 3673 2026 3742 Wlllllielmo
2041 3708 2066 3739 le
2079 3708 2225 3741 Lafimer,

1875 3748 1942 3779 Filio
1957 3745 2096 3786 Radulphi
2106 3746 2137 3775 de
2150 3738 2298 3772 crumwell
2303 3763 2314 3779 ‚

1875 3789 1958 3818 Petro
1971 3787 2003 3816 de
2018 3782 2098 3815 Malo
2111 3784 2189 3812 Lacu
2197 3801 2207 3817 ,

1875 3827 1919 3856 W
1918 3823 2024 3854 illielmo
2039 3823 2071 3851 de
2085 3823 2136 3849 Ros
2150 3819 2181 3847 de
2197 3815 2338 3858 Elmely7½

1329 3869 1436 3899 Thomae
1449 3871 1480 3899 de
1494 3868 1607 3898 Multon
1619 3873 1739 3908 Seruari,
1875 3862 2054 3895 Marmaduco
2069 3859 2100 3888 de
2187 3866 2263 3894 enge,

1329 3907 1437 3938 Thomae
1450 3908 1482 3938 de
1494 3906 1606 3938 Multon
1619 3907 1752 3946 Juniori,
1876 3901 1993 3933 Roberto
2004 3898 2036 3927 de
2050 3899 2140 3933 Brus,

1331 3945 1465 3978 Nicholao
1479 3945 1511 3976 de
1527 3948 1629 3987 Kyme,
1878 3936 2020 3970 Edaeundo
2034 3934 2067 3966 de
2077 3934 2216 3974 Eyemm,

2338 3970 2388 4004 80¹¹.
