2570 4261
238 124 316 175 148

92 202 168 234 Arm.
182 201 224 232 D.

92 250 206 318 Ηέηῗζῖ.

462 292 511 323 De
530 290 683 321 Dominico
706 285 802 330 castri
816 285 852 319 de
868 285 1088 320 Aere-Monte.

93 387 147 413 Λή,
161 384 204 412 23,
243 375 381 433 REX,
399 374 452 404 W.
468 372 502 403 de
517 372 680 412 Lungespec
695 395 705 410 ,
727 371 877 402 Nicholao
892 371 926 401 de
940 370 1030 401 Molis
1050 365 1205 399 Senescallo
1215 362 1303 396 Was—

95 428 129 450 H.
153 433 177 459 3.
307 415 415 449 conice,
434 414 467 442 δε
481 413 536 442 aliis
550 412 674 442 fidelibus
686 410 736 440 suis
747 420 814 440 cum
831 410 890 449 ipsis
903 409 1099 447 existentibus,
1114 405 1237 436 salutem.

95 460 180 495 claust
279 453 347 484 Satis
362 451 575 481 intellexerimus
588 460 622 480 ex
638 451 730 480 verbis
739 449 876 487 Joliannis
890 448 915 478 le
929 447 1017 485 Gras,
1033 447 1081 484 qui
1096 445 1129 476 ad
1143 453 1195 486 nos
1209 449 1302 471 rever-

87 499 156 537 far‘b.
169 499 194 524 in
242 492 283 522 sus
296 490 336 520 cst
350 490 386 519 de
398 490 480 528 Rege
495 489 645 520 Navarum
662 512 671 526 ,
697 487 774 526 quod
794 487 870 517 idern
885 486 950 517 Rex
971 484 1091 517 intendit
1106 491 1178 514 tueri
1192 480 1302 523 &·ma-

97 538 191 570 tasson.
243 538 378 560 nutenere
398 528 553 557 Arnaldum
576 527 724 557 willielmi
745 526 780 555 de
800 524 963 564 Egremund
983 531 1083 554 contra
1104 531 1155 551 nos
1170 542 1180 557 ,
1205 517 1302 548 dicens

98 572 183 607 aa&
245 567 376 598 Castrum
391 566 590 597 Acris-montis
605 566 660 596 esse
672 566 707 595 de
722 564 809 594 feodo
822 565 879 593 suo.
1175 596 1180 602 ι
1205 596 1211 601 1

98 612 182 639 wlff.
201 619 226 645 3.
282 605 349 636 Nos
363 615 449 644 vero,
465 606 529 635 licet
544 605 659 634 sciamus
675 602 754 642 quod
773 601 905 632 Castrum
919 600 986 630 illud
1007 599 1037 629 sit
1055 598 1091 628 de
1104 597 1251 628 dominico
1266 593 1299 624 ὃ(

94 659 131 677 m.
140 659 167 685 5.
177 649 203 676 d.
245 644 332 675 feodo
347 643 461 680 nostro,
477 645 607 674 nolumus
621 641 700 681 quod
713 650 840 680 guerram
855 639 947 670 eidem
968 637 1047 674 Regi
1064 635 1198 667 moveatis
1212 656 1223 672 ,
1245 631 1305 676 Ὀι-

244 683 332 713 strum
349 682 515 722 praediftum
530 681 684 710 obsidendo
698 702 708 718 ,
733 687 881 718 antequam
898 676 1048 708 vobiscum
1063 676 1095 706 ὅ(
1109 673 1166 704 aliis
1178 670 1305 703 fidelibus

243 722 344 751 nostiis
364 721 398 750 de
412 720 565 750 wasconia
578 742 587 756 ,
614 728 684 756 quos
699 718 794 747 vocari
815 718 934 747 fecimus
949 714 1027 759 quod
1042 714 1094 744 sint
1113 713 1148 743 ad
1163 721 1215 742 nos
1230 708 1305 747 apud

244 760 449 798 Burdegaliam,
468 759 514 788 die
528 757 629 786 Martis
645 757 674 786 in
690 755 763 786 festo
777 755 872 786 Sanc'ti
887 753 997 794 Egidii,
1015 752 1082 782 inde
1092 751 1243 782 traffitatum
1256 748 1306 778 ha-

243 800 399 830 buerimus:
421 796 465 827 Ad
483 806 566 835 quem
583 795 659 825 diem
675 795 806 825 volumus
820 793 897 832 quod
911 792 946 822 ad
960 802 1012 822 nos
1024 791 1149 822 veniatis.

281 837 502 876 Verumptamen
540 835 558 864 si
571 844 604 864 ex
619 833 663 864 res
678 833 749 863 onso
761 831 911 862 Vasateniis
926 830 1074 870 Episcopi,
1093 830 1125 860 δε
1141 825 1255 859 Ricardi
1267 825 1305 869 'de

243 875 383 913 Clifsord,
402 884 471 912 quos
486 859 521 904 ad
534 873 644 903 dietum
692 880 773 911 egem
794 870 946 901 Navarum
961 868 1160 899 destinavimus
1175 889 1185 905 ,
1210 864 1305 896 audie-

245 915 302 944 ritis
317 913 393 951 quod
413 912 593 942 amicabiliter
613 919 677 950 erga
698 920 750 940 nos
767 909 793 939 se
812 919 907 949 gerere
927 908 1046 939 voluerit
1059 930 1069 945 ,
1096 907 1129 938 &
1147 905 1183 936 de
1202 902 1306 934 Castro

245 953 384 991 prmdicto
403 950 592 981 commodum
615 950 646 980 &
669 949 810 978 honorem
825 948 953 978 nostrum
974 955 1091 986 quoquo
1106 943 1196 975 modo
1215 943 1307 972 facere

246 992 369 1030 possitis,
388 990 416 1020 id
433 999 527 1021 totum
541 988 699 1019 discretioni
712 986 812 1017 vestrae
826 1009 836 1025 ,
857 986 892 1016 de
910 985 965 1025 qua
983 986 1103 1015 multum
1118 981 1309 1018 confidimus,

246 1032 369 1060 omnino
385 1028 565 1067 relinquimus
580 1050 589 1065 ,
615 1035 645 1057 ut
659 1026 765 1056 faciatis
778 1024 856 1064 quod
875 1024 1000 1054 videritis
1015 1022 1168 1061 expeditius
1183 1020 1250 1051 inde
1267 1018 1308 1049 fa-

243 1068 392 1106 ciendum,
415 1076 472 1098 tam
487 1066 601 1104 nostro,
620 1074 704 1104 quam
717 1064 819 1100 honori
834 1062 930 1093 vestro
943 1064 1125 1093 conveniem-

97 1114 117 1133 ¹‘
133 1114 154 1142 1.
164 1122 233 1149 42¹·
284 1108 302 1127 ²*
318 1107 354 1137 Et
368 1107 446 1143 super
462 1116 497 1136 eo
509 1104 660 1136 consultius
673 1102 820 1133 vobiscum
836 1101 991 1132 deliberetis
1006 1124 1016 1138 ,
1039 1102 1072 1131 &
1091 1100 1202 1130 bonum
1222 1097 1255 1127 &
1269 1095 1307 1126 sa-

247 1156 318 1176 num
331 1145 478 1175 consilium
493 1144 612 1174 habeatis
621 1166 630 1181 ,
648 1150 796 1180 antequam
810 1140 913 1179 aliquid
924 1140 1108 1176 attemptetis,
1126 1137 1162 1167 de
1175 1145 1234 1173 quo
1247 1145 1309 1165 cer-

245 1186 267 1214 ti
283 1195 342 1214 non
358 1184 463 1213 fueritis
478 1183 553 1221 quod
571 1181 604 1211 ad
626 1182 736 1210 bonum
759 1179 845 1210 finem
869 1178 1021 1218 perducere
1042 1176 1164 1215 poffiris,
1181 1175 1214 1204 &
1229 1173 1308 1213 super

246 1233 282 1253 eo
298 1222 487 1262 prudentiores
502 1222 556 1251 effe
569 1220 677 1250 debetis
695 1242 704 1257 ,
725 1228 760 1249 eo
779 1217 857 1257 quod
873 1216 976 1248 statum
991 1217 1111 1256 partium
1127 1214 1235 1244 illarum
1248 1222 1310 1242 me-

247 1262 296 1292 lius
313 1271 396 1299 quam
413 1271 463 1290 nos
476 1259 600 1290 novistis.
1256 1275 1258 1278 ψ

282 1337 372 1368 Teste
388 1336 469 1376 Rege
480 1336 553 1374 apud
569 1334 687 1373 Eurdcg.
702 1344 749 1375 23.
764 1333 809 1364 die
823 1332 951 1372 Augusti.

251 1463 410 1494 Conventio
431 1463 508 1492 inita
534 1463 611 1492 inter
637 1461 745 1505 Regem
761 1484 770 1499 ‚
803 1459 839 1495 (ῥ’
862 1453 1032 1489 Ricardum
1060 1452 1206 1487 Comitem
1231 1455 1312 1486 Fra·-

686 1517 764 1539 trem
777 1505 882 1551 suum.

103 1600 178 1630 Ann.
195 1596 236 1627 D.
256 1593 396 1657 ANno
411 1593 505 1633 Regni
519 1592 638 1623 Henrici
653 1590 740 1630 Regis
776 1589 824 1620 filii
837 1589 923 1629 Regis
932 1587 1086 1628 Johannis,
1106 1586 1153 1617 28.
1166 1587 1196 1616 in
1209 1584 1315 1616 Crasti—

122 1645 206 1675 ιαμ.
288 1652 294 1656 -
322 1644 361 1663 no
380 1633 476 1664 Sancsti
498 1630 619 1662 Andreae
636 1613 766 1670 Apostoii
785 1628 858 1669 apud
880 1628 1005 1658 Westm.
1021 1626 1159 1656 convenit
1178 1626 1250 1655 inter
1270 1625 1313 1663 ip-

100 1680 152 1704 Λα.
171 1674 214 1702 18.
255 1671 315 1701 sum
330 1672 492 1702 Dominum
507 1670 620 1708 Regem
634 1677 667 1698 ex
683 1678 738 1698 una
754 1676 850 1706 parte,
870 1668 903 1697 δε
917 1666 1068 1696 Comitem
1087 1664 1244 1694 Ricardum
1260 1662 1314 1693 fra-

102 1719 137 1742 Η.
155 1725 179 1751 3.
254 1718 326 1739 trem
344 1710 423 1740 suum
441 1718 474 1739 ex
495 1707 577 1739 altera
592 1730 602 1746 ,
625 1706 704 1744 super
725 1706 858 1736 omnibus
875 1703 1021 1735 domandis
1043 1704 1076 1734 &
1097 1702 1201 1741 juribus
1214 1724 1224 1740 ,
1249 1710 1314 1742 quae

101 1757 160 1780 Par.
176 1751 220 1779 28.
253 1748 329 1778 idem
344 1748 451 1779 Comes
466 1747 576 1777 dicebat
592 1746 616 1776 se
631 1745 732 1775 habete
748 1746 777 1774 in
796 1745 930 1774 omnibus
944 1744 1020 1773 terris
1034 1765 1043 1780 ‚
1068 1739 1192 1778 Castris,
1209 1739 1315 1770 Comi-

103 1795 138 1818 Η.
151 1800 175 1826 3.
190 1801 217 1820 n.
254 1787 370 1824 tatibus,
388 1786 559 1822 honoribus,
576 1784 710 1816 &feodis
727 1782 857 1813 Militum
873 1806 883 1821 ,
904 1783 961 1812 tarn
976 1782 1006 1811 iri
1022 1779 1142 1818 Anglia,
1160 1779 1193 1810 &
1205 1778 1314 1809 Hiber-

106 1837 130 1856 ι.
145 1831 169 1858 d.

254 1826 317 1864 nia,
333 1827 416 1865 quam
430 1826 457 1854 in
472 1825 591 1861 partibus
604 1822 787 1853 transmarinis
823 1821 857 1851 &
871 1820 1029 1860 cysmarinis
1048 1817 1096 1849 ubi
1117 1828 1169 1856 ue,
1183 1827 1247 1857 quae
1261 1818 1314 1847 bo-

255 1874 302 1894 nae
316 1865 464 1894 memoriae
480 1862 624 1896 Dominus
635 1861 776 1900 johannes
789 1843 870 1896 Rex,
888 1868 965 1898 pater
976 1858 1100 1900 ipsorum
1148 1857 1241 1887 omini
1255 1855 1316 1886 Re-

256 1904 296 1941 gis
311 1904 342 1933 &
358 1901 497 1938 Comitis,
515 1910 640 1948 unquam
663 1902 768 1936 tenuit,
786 1899 919 1936 quamdiu
934 1897 987 1928 fuit
999 1896 1110 1928 Comes
1123 1918 1132 1934 ,
1155 1896 1187 1926 &
1203 1895 1240 1926 de
1252 1896 1316 1935 qui-

253 1942 305 1972 bus
318 1942 452 1971 omnibus
467 1940 543 1970 idem
556 1941 664 1970 (onmes
676 1937 816 1978 supposuit
838 1935 863 1967 se
883 1937 1021 1968 voluntati
1040 1936 1073 1966 &
1087 1934 1260 1972 dispositioni
1272 1934 1316 1974 ip-

254 1981 306 2010 sius
322 1980 444 2010 Domini
458 1978 544 2018 Regis
559 1979 646 2009 fratris
660 1977 713 2007 sui:
731 1976 888 2015 Videlicet,
902 1974 979 2015 quod
992 1973 1047 2012 ipse
1064 1972 1190 2011 ComeS,
1205 1982 1257 2013 pro
1270 1974 1314 2012 se,

254 2019 288 2049 δε
303 2018 457 2049 haeredibus
478 2018 529 2048 suis
542 2041 552 2055 ,
575 2017 677 2047 remisit
698 2017 732 2047 ἃ
751 2016 877 2059 quietum
899 2014 1030 2045 clamavit
1043 2012 1092 2050 ipfi
1112 2010 1247 2042 Domino
1266 2011 1316 2042 suo

253 2056 385 2088 Henrico
401 2056 478 2094 Regi
492 2056 603 2096 Angliae
622 2055 655 2086 &
669 2053 825 2084 haeredibus
843 2052 894 2082 suis
914 2061 1016 2083 omnes
1032 2050 1182 2082 demandas
1193 2073 1202 2089 ,
1224 2050 1313 2080 actio-

255 2107 302 2127 nes
315 2119 324 2135 ,
345 2104 439 2126 totum
455 2096 498 2133 jus
513 2096 545 2126 &
562 2095 695 2126 clamiurn
708 2116 718 2131 ,
745 2091 821 2131 quod
842 2091 938 2122 habuit
952 2113 962 2129 ,
985 2089 1068 2129 usque
1088 2089 1122 2119 ad
1143 2089 1313 2129 praedRstum

253 2135 330 2166 diem
347 2135 440 2165 Sanffl
456 2133 593 2171 Andreae,
612 2134 639 2163 in
656 2131 788 2162 omnibus
810 2131 902 2168 terris,
918 2130 1011 2161 castris
1047 2128 1243 2166 comitatibus,
1261 2127 1314 2158 ho-

256 2174 414 2204 noribus&
430 2172 518 2203 feodis
533 2172 682 2209 Missum,
699 2171 755 2201 nm
776 2170 806 2200 in
821 2168 922 2208 Angli&
943 2169 976 2200 &
999 2152 1161 2205 Hibernia,
1183 2167 1267 2205 qu‘am
1283 2168 1313 2197 in

276 2213 377 2242 artibus
395 2211 577 2242 transmarinis
597 2212 629 2242 δε
650 2209 800 2241 cismarinis
822 2208 869 2238 ubi
893 2217 926 2237 ue
942 2230 951 2246 ,
975 2216 1038 2246 quae
1060 2207 1148 2236 bonae
1166 2207 1314 2236 memoriae

256 2222 402 2282 Dominus
410 2250 552 2289 Johannes
568 2249 648 2287 Rex,
664 2257 740 2287 pater
754 2247 874 2288 ipsorum
916 2245 1008 2276 omini
1023 2243 1110 2285 Regis
1123 2244 1156 2276 ὃς
1172 2242 1315 2284 Comitis,

257 2300 383 2328 unquam
398 2291 486 2320 tenuit
499 2289 630 2328 quamdiu
644 2288 695 2318 suit
711 2286 828 2317 Comes.
1293 2294 1295 2296 ·

297 2329 382 2359 Salvis
395 2328 488 2358 eidem
505 2327 617 2359 Comiti
633 2326 759 2357 Ricardo
778 2325 811 2356 &
826 2323 984 2354 haeredibus
1005 2322 1054 2353 suis
1074 2321 1222 2353 Comitatu
1237 2321 1315 2352 Cor-

259 2369 371 2407 nubiae,
390 2367 512 2397 Honore
526 2365 730 2406 Walyngford,
748 2364 781 2395 ὃ(
796 2363 919 2394 Honore
937 2363 973 2393 de
992 2362 1054 2402 Eye
1067 2384 1076 2400 ‚
1100 2372 1167 2392 cum
1182 2362 1318 2392 omnibus

260 2406 382 2445 Castris,
399 2405 495 2443 Villis,
515 2404 755 2436 Advocationibus
769 2402 958 2433 Ecclesiarum
971 2425 981 2440 ‚
1006 2402 1039 2433 δε
1060 2401 1195 2430 omnibus
1215 2409 1315 2430 eorum

258 2446 315 2475 aliis
332 2445 519 2482 pertinentiis,
537 2445 570 2475 &
584 2443 715 2475 omnibus
729 2442 822 2480 tetris,
840 2451 906 2480 quas
919 2440 996 2470 idem
1011 2438 1118 2470 Comes
1132 2438 1243 2470 tenebat
1255 2438 1317 2478 die,

281 2494 313 2513 ua
327 2484 399 2514 fac'ta
414 2485 464 2514 fuit
479 2483 540 2513 haec
555 2482 710 2513 conventio
736 2481 888 2511 secundum
903 2488 1028 2509 tenorem
1038 2476 1232 2518 Cyrographi,
1246 2487 1318 2508 cori-

271 2522 325 2552 etti
341 2524 413 2552 inter
428 2519 516 2561 ipsum
538 2520 701 2551 Dominum
715 2504 846 2559 Regem,
865 2519 898 2549 &
912 2518 1002 2558 ipsum
1017 2515 1184 2555 Comitem,
1202 2525 1318 2547 ranven-

259 2562 292 2591 tis
306 2561 393 2600 ipsum
408 2560 573 2598 Comitem,
591 2558 788 2591 &Dominam
803 2557 954 2588 Senchiam
967 2565 1084 2586 uxorem
1097 2555 1192 2594 suam,
1209 2555 1242 2586 &
1277 2565 1317 2586 ae-

260 2599 338 2629 redes
353 2608 386 2630 ex
401 2609 499 2629 eorum
514 2598 679 2637 corporibus
693 2605 859 2634 procreatos

299 2637 336 2668 Et
352 2648 498 2675 praeterea,
516 2637 590 2667 idem
607 2636 717 2666 Comes
727 2645 780 2675 pro
795 2635 821 2665 se
834 2636 866 2665 ὃ(
886 2633 1041 2664 haeredibus
1058 2631 1123 2668 suis,
1146 2631 1267 2670 remisit,
1283 2631 1317 2662 &

259 2678 388 2715 quietum
405 2677 533 2707 clamavit
549 2675 595 2713 ipsi
611 2675 743 2705 Domino
759 2673 849 2712 Regi,
868 2674 900 2704 &
914 2671 1071 2702 haeredibus
1084 2670 1151 2708 suis,
1170 2677 1263 2700 totum
1278 2671 1318 2707 jus

260 2716 293 2746 δε
310 2715 442 2745 claniiuni
453 2738 461 2751 ,
479 2714 556 2753 quod
570 2714 667 2744 habuit
679 2715 708 2743 in
721 2712 891 2750 wasconia,
906 2710 1053 2741 occasione
1066 2709 1224 2739 donationis
1234 2718 1319 2747 quam

262 2754 336 2784 idcni
354 2753 498 2783 Dominus
513 2753 576 2783 Rex
593 2752 683 2782 eidem
698 2751 762 2781 inde
777 2751 843 2781 fecit
861 2749 934 2790 apud
949 2747 1094 2778 Xandion.
1108 2747 1153 2778 vel
1166 2747 1217 2777 alia
1236 2748 1320 2777 ratio-

262 2802 316 2827 ne,
337 2794 384 2822 nili
400 2794 424 2822 ei
438 2792 473 2822 de
488 2802 565 2821 novo
578 2790 776 2828 W'asconiani,
792 2799 826 2819 ex
843 2799 919 2819 mera
931 2787 1089 2818 liberalitate
1126 2786 1274 2816 conferret.

301 2830 354 2869 Et,
372 2841 423 2870 pio
436 2831 487 2861 hac
502 2829 660 2860 remissione
672 2830 704 2859 ὃ(
717 2829 807 2868 quieta
820 2828 981 2866 clamantia,
996 2825 1070 2855 idem
1085 2809 1230 2854 Dominus
1238 2824 1318 2862 Rex,

263 2879 297 2899 ex
318 2880 393 2899 mera
415 2871 447 2900 ἃ
471 2870 555 2899 libera
575 2868 718 2898 voluntate
740 2867 783 2897 sua
798 2890 807 2905 ,
833 2865 970 2897 concessit
983 2887 992 2902 ,
1015 2873 1067 2901 pro
1082 2863 1151 2893 se&
1165 2863 1320 2893 haeredibus

224 2917 227 2920 ’
264 2913 331 2945 iuis,
351 2909 425 2945 quod
440 2909 509 2945 ipse,
527 2908 570 2937 vel
586 2906 707 2936 haeredes
719 2908 758 2935 sui
779 2906 885 2936 dabunt
899 2903 1037 2943 praedicsto
1057 2900 1185 2940 Comiti,
1203 2904 1235 2933 ὃς
1251 2901 1321 2931 Sen-

265 2946 337 2976 chia:
347 2969 355 2982 ,
373 2948 451 2976 uxori
464 2947 516 2976 suze
530 2970 539 2983 ,
563 2946 595 2976 &
611 2945 766 2975 liaeredibus
780 2945 816 2974 de
832 2943 996 2982 corporibus
1008 2939 1133 3010 igsorum
1148 2939 1272 2970 Comitis
1287 2941 1321 2972 &

265 2984 395 3014 Sencliiae
414 2986 562 3024 procreatis
577 3007 586 3022 ,
610 2985 772 3023 quingentas
793 2983 898 3012 libratas
920 2989 1000 3011 terrae
1035 2989 1051 3009 e
1068 2980 1184 3009 excaetis
1198 2988 1261 3016 quae
1282 2980 1322 3009 ei-

266 3023 335 3053 dem
350 3022 482 3051 Domino
504 3023 576 3061 Regi
592 3022 719 3060 Angli-az,
737 3021 782 3052 vel
800 3020 955 3051 haeredibus
968 3019 1036 3057 suis,
1052 3018 1197 3056 accident,
1216 3017 1262 3048 vel
1275 3027 1323 3048 ac—

266 3060 360 3102 cidere
375 3069 505 3099 poterunt
520 3062 549 3090 iii
565 3061 673 3099 Anglia.

305 3099 341 3129 ht
355 3100 411 3128 hoc
427 3100 528 3129 facient
541 3100 684 3136 quamcito
697 3106 816 3128 excaetae
829 3097 883 3127 iliae
903 3096 1054 3127 acciderint
1075 3095 1084 3133 (
1093 3095 1215 3132 exceptis
1229 3094 1323 3125 castris

266 3139 300 3169 e<
314 3139 431 3176 antiquis
445 3137 624 3174 Dominicis,
643 3137 678 3167 ad
692 3137 840 3166 Coronam
856 3135 936 3173 ipsius
950 3135 1072 3165 Domini
1088 3133 1174 3174 Regis
1194 3133 1323 3172 spectan-

268 3177 352 3211 tibus)
376 3180 408 3206 δε
428 3176 485 3205 hoc
507 3185 555 3214 per
571 3176 759 3205 extensionem
775 3198 783 3212 ,
810 3174 967 3205 faciendam
983 3183 1032 3211 per
1046 3172 1258 3203 Sacramentum
1278 3181 1322 3202 12.

266 3216 325 3246 tftni
344 3214 491 3252 Militum,
510 3215 593 3252 qussim
615 3214 733 3243 aliorum
746 3213 917 3251 liberorum,
935 3211 1109 3250 &legalium
1122 3211 1275 3241 hominum
1289 3210 1325 3240 de

268 3254 402 3283 Vicincto
418 3254 466 3282 illo
479 3275 489 3291 ,
515 3254 562 3282 ubi
579 3261 699 3282 excaetae
713 3252 765 3280 illae
785 3252 938 3281 acciderint
955 3262 965 3288 3
988 3252 1025 3280 ita
1039 3257 1134 3280 tamen
1155 3249 1232 3286 quod
1250 3249 1325 3279 idem

270 3291 413 3321 ‚Dominus
428 3291 509 3329 ReX,
528 3292 572 3321 vel
588 3290 708 3321 ltteredes
723 3290 761 3318 sui
777 3290 879 3319 nullam
900 3297 1041 3319 excaetam
1061 3288 1166 3318 dabunt
1182 3310 1191 3324 ,
1217 3288 1263 3318 vel
1278 3288 1326 3317 ali-

272 3332 318 3360 cui
334 3330 506 3369 aliignabunt
519 3352 528 3368 ,
554 3330 598 3359 vel
613 3331 641 3358 in
654 3329 780 3358 manibus
795 3328 845 3357 suis
859 3328 1040 3363 retinebunt,
1063 3327 1220 3365 priusquam
1232 3325 1325 3356 eidem

272 3368 398 3406 Comiti,
413 3370 446 3399 &
461 3368 590 3399 Senchiae
605 3369 638 3398 &
653 3367 809 3397 hcet-edibus
822 3366 859 3395 de
872 3366 1038 3405 corporibus
1060 3366 1183 3405 ipsorum
1202 3364 1326 3394 Comitis

273 3406 305 3448 ὃς
322 3407 450 3448 Senchite
471 3407 623 3444 procreatis
634 3429 643 3442 ,
669 3404 814 3444 praedictae
828 3406 991 3444 quingentae
1010 3403 1116 3434 libratae
1137 3412 1218 3435 terrae
1233 3403 1327 3441 plena-

272 3454 327 3481 iie,
345 3445 495 3475 lecundum
510 3445 586 3483 quod
602 3444 769 3482 praeditftum
786 3442 826 3472 est
836 3465 845 3481 ,
861 3444 963 3473 fuerint
977 3442 1133 3480 affignatoeg

311 3482 461 3513 Habendas
474 3485 506 3514 &z
521 3484 650 3513 tenendas
670 3482 760 3512 eidem
775 3481 887 3511 Comiti
903 3482 936 3511 δε
951 3481 1099 3518 Senchiae,
1119 3481 1152 3511 ὃ(
1167 3479 1327 3510 haeredibus

275 3519 313 3562 de*
323 3523 484 3586 corfioribus
497 3522 621 3558 ipsorum
637 3520 762 3551 Comitis
773 3521 806 3551 ὃς
820 3519 949 3550 Senchiae
961 3521 1125 3559 procreatis,
1142 3518 1178 3548 de
1192 3518 1254 3556 ipso
1263 3518 1327 3548 Do-

276 3567 354 3587 mino
391 3568 449 3601 ‘ege
465 3561 497 3590 δε
511 3560 664 3590 haeredibus
678 3560 729 3589 suis
742 3582 752 3598 ,
777 3568 826 3599 per
840 3558 965 3595 servitia,
982 3567 1045 3597 qute
1063 3557 1097 3587 ad
1112 3557 1257 3597 praedictas
1272 3566 1328 3587 ter-

275 3605 314 3624 ras
328 3605 474 3633 pertinent.

314 3634 341 3661 Si
356 3642 447 3663 autem
461 3636 608 3674 prcedic‘tus
625 3635 735 3666 Comes
749 3635 784 3666 de
805 3644 926 3673 corpore
940 3635 1020 3672 ipsius
1035 3633 1167 3665 Senchiae
1187 3632 1328 3667 haeredcm

278 3680 337 3716 non
353 3671 493 3715 habuerit,
511 3675 567 3703 [iim
583 3674 658 3704 idem
672 3673 797 3709 Comes,
815 3675 898 3712 quarn
920 3674 1017 3703 eadem
1038 3672 1175 3709 Senchia,
1195 3679 1252 3701 tota
1271 3672 1328 3701 vita

278 3712 419 3752 uti‘iulque
432 3714 571 3749 iptorum,
588 3711 712 3741 Comitis
732 3712 765 3742 &
786 3711 915 3741 Senchiae
927 3736 936 3749 ,
960 3712 1067 3741 tenebit
1087 3709 1232 3749 praedictas
1247 3710 1330 3747 quin-

279 3755 374 3790 gentas
390 3747 496 3790 libratas
511 3757 588 3778 terrai
608 3750 642 3779 de
658 3751 716 3787 ipso
731 3749 828 3788 Rege,
846 3751 878 3780 δε
893 3750 1049 3780 haeredibus
1063 3749 1115 3779 suis
1130 3771 1139 3785 ,
1162 3757 1210 3785 per
1225 3748 1330 3778 servitia

281 3784 429 3830 ΡΥςςὼεἿ-«ὶςῪ
450 3795 484 3814 ita
498 3794 588 3828 tuamen
604 3788 679 3824 quod
728 3788 790 3824 post
807 3797 932 3817 mortem
946 3787 1083 3827 utriusque
1096 3786 1220 3824 ipsorum
1233 3808 1243 3823 ,
1267 3785 1329 3815 Co-

282 3831 355 3852 mitis
369 3823 401 3853 δε
411 3823 538 3852 benchiae
547 3847 554 3859 ,
572 3824 590 3852 si
604 3812 746 3855 hazredem
759 3826 794 3855 de
808 3825 831 3854 se
845 3835 906 3855 non
919 3826 1079 3864 habuerint,
1092 3823 1235 3865 praedietae
1248 3825 1330 3863 quin-

281 3870 372 3899 gentae
385 3861 491 3904 libratae
507 3871 585 3904 [6ιζῑι6
600 3862 695 3893 solutae
710 3886 718 3901 ,
744 3865 844 3901 quietae
859 3886 868 3900 ,
895 3864 927 3893 &
944 3866 1058 3903 integrae
1071 3886 1082 3902 ,
1108 3863 1164 3892 sine
1178 3863 1266 3899 aliqua
1284 3872 1331 3892 ca-

282 3900 407 3936 lumpnia
423 3900 454 3929 ὅ(
469 3898 572 3941 clamio
584 3900 699 3930 aliorum
713 3901 856 3931 haeredum
870 3901 992 3939 ipsorum
1006 3902 1130 3932 Comitis
1145 3900 1332 3940 &Senchiae,

135 3940 155 3959 ⁰
170 3941 266 3976 13422.
283 3938 301 3957 ὴὲ
320 3946 491 3967 revertentur
503 3936 537 3966 ad
551 3937 638 3974 ipsum
653 3938 814 3968 Dominum
829 3938 956 3977 Regem,
972 3941 1005 3970 δε
1021 3939 1144 3971 haeredes
1158 3938 1228 3968 suos.

320 3975 437 4004 lnterim
450 3984 542 4005 autem
556 3976 690 4005 concessit
707 3977 780 4005 idem
797 3977 943 4006 Dominus
955 3977 1020 4007 Rex
1034 4001 1043 4014 ,
1069 3988 1121 4015 pro
1136 3978 1180 4014 se,
1198 3977 1231 4007 &
1246 3977 1334 4007 haere-

286 4013 367 4043 dibus
380 4014 430 4043 iuis
439 4036 447 4051 ,
467 4012 607 4051 praediuitis
621 4011 730 4044 Comiti
744 4015 777 4044 ὃ(
791 4014 921 4046 Senchiae
934 4038 944 4053 ,
969 4016 1002 4046 &
1016 4015 1171 4046 haeredibus
1181 4013 1216 4045 de
1230 4024 1335 4053 corpo-

701 104 1503 158 CONVENTIONES,

1560 110 1955 161 LITERAE,

1345 192 1422 223 ribus
1434 194 1556 241 ipsorum
1571 197 1697 243 Comitis
1708 199 1742 229 &
1757 199 1888 230 Senchiae
1903 199 2070 238 procreatis,
2085 197 2162 230 mille
2177 208 2282 231 marcas
2290 201 2399 240 argenti
2416 194 2491 227 Ann-
2503 190 2542 236 fil}

1345 231 1456 275 singulis
1469 244 1547 265 annis
1552 258 1564 280 ,
1582 236 1771 275 percipiendas
1785 237 1819 268 ad
1831 237 2012 268 Scaccarium
2031 238 2112 268 suurn
2126 238 2260 269 London.
2282 240 2316 270 ad
2329 240 2400 270 duos
2433 239 2518 274 1243,
2534 258 2535 262 =

1345 277 1481 302 terminos
1493 283 1573 311 anni,
1592 276 1647 306 viz.
1662 277 1826 315 quingentas
1845 284 1951 306 marcas
1967 275 2002 306 ad
2020 275 2174 316 Pascham,
2193 278 2229 308 &
2241 279 2403 316 quinvenms
2415 278 2480 303 Hm.
2495 283 2522 312 3·
2535 270 2541 306 <³

1347 317 1454 339 marcas
1468 310 1501 340 ad
1517 311 1618 343 festum
1633 312 1728 344 Sanffi
1741 314 1905 353 Michaelis,
2309 304 2328 318 ο

1384 346 1426 377 Ita
1441 356 1540 394 tamen·
1549 351 1644 396 quod,
1663 353 1902 393 quandocumque
1915 352 1992 383 iderti
2007 351 2153 384 Dominus
2167 353 2233 385 Rex
2246 377 2255 392 ,
2279 352 2326 385 vel
2346 354 2405 386 hae-

1347 385 1425 415 redes
1436 386 1488 425 sui,
1505 389 1608 432 aliquid
1622 392 1778 429 inceperint
1790 391 1924 460 assignare
1935 391 2073 431 praedietis
2087 391 2199 423 Comiti
2211 393 2245 424 &
2259 392 2407 433 Senchiae‚

1348 423 1394 468 vel
1409 424 1563 472 haeredibus
1574 427 1608 458 de
1624 430 1790 467 corporibus
1804 430 1833 467 ip
1844 440 1927 460 orum
1947 429 2070 460 Comitis
2084 431 2118 461 &
2135 431 2265 462 Senchioe
2277 441 2407 469 procrea-

1347 471 1398 501 tis,
1416 463 1451 493 de
1465 465 1603 510 praeditsstis
1620 468 1778 507 quingentis
1790 468 1892 498 llbratis
1911 476 1992 499 terrae
2005 491 2014 506 ,
2041 475 2110 499 tunc
2123 493 2134 506 ,
2159 470 2312 501 secundum
2327 470 2407 500 valo—

1348 510 1409 531 rem
1428 502 1461 532 &
1475 513 1656 547 quantitatem
1679 507 1752 537 illius
1772 506 1960 544 assignationis
1980 516 2028 545 per
2050 507 2239 539 extensionem
2253 509 2407 539 secundum

1349 539 1426 583 quod
1448 541 1617 580 praednstum
1638 544 1679 575 est
1693 568 1703 583 ,
1726 545 1866 576 decrescet
1883 555 2016 576 numerus
2041 545 2186 576 solutionis
2207 547 2408 585 praedictarum

1348 578 1426 622 mille
1439 588 1598 623 marcarum
1611 583 1645 613 ad
1658 583 1840 614 scaccarium:

1388 615 1550 657 Videlicet,
1573 621 1593 651 fi
1609 630 1724 652 centum
1742 622 1850 653 libratae
1868 630 1949 653 terrae
1967 622 2014 653 affi
2034 630 2134 653 nentur
2150 624 2180 653 in
2198 621 2290 654 forma
2326 624 2409 655 raedi-

1351 653 1414 699 &²2
1432 663 1501 686 tunc
1517 657 1685 701 decresceret
1703 670 1835 692 numerus
1851 661 1994 692 solutionis
2035 671 2147 693 ucentas
2161 670 2266 692 marcas
2281 672 2297 692 a
2330 662 2409 694 scac-

1351 702 1472 738 carium:
1492 694 1528 725 Ei
1546 696 1564 726 fi
1578 697 1653 742 plus,
1670 698 1748 738 plus,
1762 700 1782 730 si
1797 700 1904 738 minus,
1923 701 2022 730 minus.
2061 700 2103 730 Ex
2119 709 2177 738 quo
2195 708 2290 730 autem
2304 700 2409 732 eisdem

1351 732 1461 763 Comiti
1469 755 1480 771 ,
1495 734 1529 765 &
1542 734 1688 781 Senchme,
1704 738 1738 768 &
1751 738 1906 769 haeredibus
1921 739 1957 769 de
1969 739 2134 776 corporibus
2147 737 2273 779 ipsorum
2287 738 2413 770 Comitis

1351 770 1385 801 &
1396 771 1526 816 Senchiae
1539 782 1704 813 procreatis,
1719 776 1863 814 praedietae
1881 778 2041 818 quingentae
2061 777 2165 808 libratae
2179 785 2262 808 terrae
2276 778 2412 817 plenarie,

1351 817 1383 839 ut
1397 810 1635 856 praedffistumest,
1651 814 1837 854 assignentur,
1854 823 1957 847 eittunc
1972 824 2054 846 erunt
2068 816 2142 846 idem
2163 816 2308 847 Dominus
2326 816 2411 856 Rex,

1352 848 1386 878 &
1401 849 1523 894 haeredes
1536 850 1575 880 sui
1587 853 1674 890 quieti
1695 854 1710 883 a
1720 853 1857 884 solutione
1872 854 2067 892 praedictarum
2087 854 2164 885 mille
2178 854 2344 886 Marcarum
2362 865 2413 896 per

1352 897 1458 918 annum
1470 898 1686 927 imperpetuum.

1389 926 1538 972 Concessit
1550 929 1633 959 etiam
1647 929 1724 960 idem
1738 929 1884 961 Dominus
1898 930 1981 970 Rex,
1997 941 2049 970 pro
2062 931 2106 971 se,
2121 932 2155 963 ὃς
2175 932 2332 963 haeredibus
2344 932 2414 971 suis,

1353 965 1431 1002 quod
1449 967 1651 1010 quotiescumq3
1671 968 1865 1008 affignaverint
1884 970 1976 1000 eidem
1996 969 2110 1001 Comiti
2125 994 2135 1009 ,
2159 971 2192 1002 &
2213 971 2362 1010 Senchiae,
2379 972 2414 1002 &
2567 973 2570 1000 l

1353 1002 1508 1048 haeredibus
1522 1005 1558 1036 de
1578 1008 1744 1044 corporibus
1763 1008 1886 1046 ipsorum
1907 1007 2029 1038 Comitis
2050 1010 2083 1040 &
2101 1009 2230 1040 Senchiae
2245 1012 2415 1048 procreatis,
2568 1003 2570 1042 l

1353 1042 1472 1080 aliquam
1488 1053 1647 1089 excaetam,
1664 1046 1742 1084 quod
1757 1046 1911 1077 conficient
1925 1047 1963 1076 eis
1974 1046 2039 1077 inde
2051 1055 2157 1078 cartam
2174 1047 2249 1079 suam
2263 1049 2299 1079 de
2313 1048 2336 1078 F
2337 1049 2414 1079 eofa—
2563 1051 2570 1057 '⁴

1354 1090 1470 1121 ment03
1486 1083 1519 1113 &
1534 1094 1563 1113 in
1577 1083 1634 1114 fine
1645 1086 1729 1116 totius
1742 1085 1885 1126 praedictae
1899 1083 2084 1124 affignationis
2103 1087 2169 1123 quin
2190 1095 2317 1117 entarum
2331 1087 2415 1117 libra-

1354 1127 1443 1150 tarum
1459 1129 1555 1161 terrae,
1572 1122 1725 1154 secundum
1739 1124 1815 1164 quod
1832 1123 1999 1162 praediCtum
2014 1123 2055 1153 est
2068 1146 2078 1162 ,
2102 1134 2159 1154 con
2179 1126 2253 1155 cient
2265 1127 2302 1155 eis
2319 1126 2415 1156 simili-

1354 1165 1396 1202 ter
1411 1169 1499 1205 unam
1509 1168 1614 1191 cartam
1627 1161 1662 1192 de
1673 1162 1864 1201 feofamento,
1880 1163 1909 1192 in
1928 1171 1983 1200 qua
2000 1161 2159 1193 summatim
2176 1171 2277 1194 omnes
2294 1172 2415 1196 excaetae

1354 1196 1408 1227 111ae
1421 1199 1650 1230 continebuntur.

1379 1235 1424 1280 'In
1436 1238 1514 1281 cu‘us
1527 1239 1566 1268 rei
1586 1238 1779 1270 testimonium
1794 1242 1853 1271 tam
1874 1238 1951 1269 idem
1969 1236 2114 1270 Dominus
2134 1238 2199 1270 Rex
2212 1263 2222 1279 ,
2243 1241 2329 1280 quam
2345 1251 2417 1282 prae-

1356 1274 1448 1318 didlus
1493 1277 1601 1308 icardus
1615 1277 1681 1308 huic
1694 1278 1813 1319 scripto,
1829 1280 1859 1309 in
1879 1278 2000 1308 modurn
2019 1277 2200 1318 Cyrographi
2215 1279 2365 1320 confecto,
2385 1280 2419 1311 st-

1357 1312 1420 1352 gilla
1432 1313 1477 1345 sua
1491 1314 1684 1354 apposuerunt.

1590 1390 1659 1423 Hiis
1669 1392 1803 1424 Testibus
1816 1393 2029 1426 Venerabilibus
2040 1393 2184 1433 Patribus,

1360 1469 1403 1498 W.
1418 1467 1538 1514 Eburum
1546 1468 1747 1509 Archiepisc'opo
1753 1469 1867 1508 Angliae
1907 1470 2028 1510 Philippo
2043 1470 2152 1510 Baffi’t,

1398 1509 1540 1546 Primate,
1905 1509 2023 1539 Roberto
2043 1509 2208 1548 Puffllme,

1360 1546 1394 1575 R.
1407 1545 1563 1591 Cycgllrenst
1576 1545 1742 1577 Cancellario
1756 1548 1869 1578 Domini
1905 1546 2039 1586 Johanne
2053 1546 2208 1587 Maunfi’ll,

1397 1586 1475 1621 Regis
1908 1585 2045 1627 Magrstro
2058 1587 2177 1615 Henrico
2191 1585 2224 1616 de
2235 1588 2328 1625 Suus,

1361 1624 1405 1652 W.
1418 1608 1584 1664 Karieolenfi
1907 1626 2041 1654 Gwidone
2058 1624 2090 1653 de
2103 1623 2247 1663 Ruffilum,

1362 1662 1395 1690 P.
1408 1646 1614 1707 Herfirdenst,
1633 1662 1661 1691 Ε
1681 1661 1779 1702 stupis.-
1909 1663 2040 1693 Arnaldo
2057 1663 2089 1692 de
2104 1663 2202 1693 Sancto
2217 1665 2351 1702 Romano,

1362 1701 1406 1729 W
1406 1698 1514 1730 ilhelmo
1529 1701 1561 1730 de
1574 1704 1659 1730 canti
1669 1710 1732 1740 upo,
1910 1703 1954 1732 W.
1972 1702 2004 1731 de
2019 1700 2140 1731 Eburum
2152 1701 2295 1742 Praepqfito
2311 1704 2418 1733 Rever-

1360 1737 1494 1775 Johanne
1505 1738 1568 1778 filio
1582 1738 1722 1777 Galsrisit,
1946 1739 2017 1778 laci,

1360 1775 1502 1816 Radulpho
1508 1776 1571 1818 filio
1585 1776 1731 1816 Nicholai,

1361 1816 1507 1845 Bertramo
1522 1816 1553 1845 de
1567 1815 1660 1856 Cryoyl
1665 1840 1676 1855 ‚
1944 1814 1982 1847 Et
1994 1816 2062 1848 aliis.

1360 1855 1474 1891 Hugone
1486 1855 1518 1884 de
1533 1857 1561 1884 V
1560 1858 1644 1894 ivon,

1564 1992 1614 2025 De
1631 1989 1784 2023 Candabia
1796 2001 1853 2037 pro
1868 1990 1947 2024 Filio
1966 1992 2055 2037 Regis
2074 1991 2225 2025 Conafliae.

1418 2075 1549 2107 Edlinius
1561 2075 1726 2106 Ocancanir
1740 2073 1810 2106 filius
1825 2074 1856 2105 R
1893 2076 1914 2106 is
1933 2075 2099 2113 Conafflae,
2115 2077 2164 2115 qui
2178 2084 2312 2108 venturus
2331 2076 2374 2108 est
2391 2078 2421 2109 in
2441 2063 2568 2096 Anum

1420 2115 1553 2155 Angliam
1567 2114 1601 2145 ad
1613 2114 1786 2152 loquendum
1799 2123 1867 2145 cum
1913 2123 1980 2154 ege,
1997 2113 2081 2144 habet
2094 2114 2196 2146 litteras
2208 2115 2247 2146 de
2260 2115 2423 2156 conductu,
2460 2111 2545 2143 1243·

1360 2152 1505 2232 dumtsslrisu
1513 2154 1528 2183 a
1541 2152 1577 2184 N
1578 2152 1647 2184 atale
1660 2151 1802 2191 Domini,
1819 2162 1911 2191 anno,
1928 2154 1990 2184 &c.
2003 2152 2051 2184 28.
2064 2152 2152 2191 usque
2164 2153 2195 2185 in
2210 2163 2300 2185 urium
2315 2164 2423 2187 annum
2436 2142 2555 2217 aqu-328.

1360 2202 1428 2223 com
1460 2202 1475 2223 e
1509 2202 1549 2222 In·

1398 2268 1488 2300 Teste
1501 2268 1586 2310 Rege
1598 2266 1677 2308 apud‘
1686 2267 1816 2300 Windes.
1835 2275 1868 2307 15
1884 2266 1930 2298 die
1943 2267 2067 2300 Decem.
2438 2217 2560 2333 {gg-²⁸²

1421 2415 1426 2421 ·
1446 2406 1506 2437 Pro
1524 2402 1690 2437 Barom'bns
1708 2402 1744 2437 de
1762 2401 1895 2436 London.
1915 2400 1954 2435 de
1962 2376 2091 2448 servitio
2108 2400 2146 2435 de
2162 2402 2336 2436 Butillaria.

2439 2474 2517 2506 Ann.
2530 2473 2570 2506 DJ

1364 2488 1418 2544 R
1426 2487 1451 2517 E
1459 2486 1491 2518 X
1505 2487 1640 2520 omnibus
1647 2513 1657 2529 ,
1675 2490 1735 2521 &o
1750 2489 1875 2520 salutem.

1408 2563 1413 2568 .
1456 2526 1552 2557 Sciatis
1566 2529 1644 2567 quod
1658 2527 1799 2559 servitium
1811 2527 1847 2557 de
1860 2525 1997 2557 Butillaria
2016 2525 2128 2565 nostra,
2146 2526 2224 2567 quod
2238 2525 2358 2557 Baiones
2372 2535 2428 2558 no-
2470 2523 2526 2553 ¹²4
2546 2536 2556 2544 “

1365 2561 1414 2608 stri
1427 2565 1463 2596 de
1478 2565 1604 2596 London
1619 2568 1700 2598 nobis
1713 2566 1842 2597 fecerunt
1857 2587 1868 2603 ,
1889 2565 1936 2596 die
1950 2563 2107 2596 Dominica
2120 2566 2149 2595 in
2163 2564 2235 2595 festo
2249 2564 2359 2596 Santstae
2374 2564 2427 2595 Ci-
2443 2556 2496 2580 An.
2511 2562 2526 2580 ²
2548 2572 2556 2580 ·

1366 2602 1456 2642 cilice,
1475 2614 1568 2642 anno,
1585 2606 1645 2636 &c.
1662 2605 1709 2635 28.
1721 2604 1794 2642 apud
1809 2602 1936 2634 Westm.
1955 2603 2070 2642 quando
2084 2602 2123 2633 R.
2141 2601 2229 2634 Com.
2243 2602 2379 2634 Pictaviae
2392 2604 2426 2635 &
2443 2596 2476 2619 H.
2499 2600 2525 2627 3·

1366 2640 1524 2685 Cornubiae
1538 2643 1710 2683 desponsavit
1723 2642 1874 2673 Senchiam
1896 2640 1980 2671 filiam
2000 2639 2123 2672 Comitis
2137 2641 2298 2673 Provinciae
2312 2665 2322 2680 ‚
2343 2642 2428 2673 nobis
2442 2633 2499 2657 Par.
2510 2627 2556 2656 ²8·

1364 2679 1399 2709 ad
1409 2679 1568 2710 instantiam
1582 2682 1709 2712 nostram
1721 2682 1800 2719 gratis
1812 2680 1955 2717 fecerunt,
1970 2679 2004 2709 &
2019 2689 2078 2708 non
2093 2688 2128 2708 ex
2140 2680 2234 2718 aliquo
2247 2680 2354 2711 debito.
2439 2672 2468 2696 H
2492 2676 2517 2703 3·

1401 2718 1455 2758 Et,
1474 2728 1511 2748 ne
1528 2720 1566 2749 eis
1584 2721 1618 2751 ὃ(
1632 2719 1787 2750 haeredibus
1807 2726 1907 2748 eorum
1923 2739 1933 2754 ,
1959 2717 2144 2753 imposterum
2164 2717 2200 2747 ali
2222 2717 2277 2748 uod
2296 2719 2426 2756 praejudi-
2440 2715 2478 2735 m·
2494 2714 2539 2735 ¹²·

1363 2756 1445 2825 gum
1456 2756 1539 2825 pogit
1552 2758 1618 2789 inde
1632 2759 1773 2799 generari,
1789 2756 1837 2788 has
1849 2755 1948 2787 litteras
1961 2753 2068 2786 nostras
2081 2755 2185 2786 eisdem
2222 2756 2354 2787 aronibus
2367 2756 2427 2788 fieri

1392 2805 1483 2825 ClmUS
1518 2803 1627 2827 atenteS·

1405 2871 1494 2903 Teste
1510 2880 1539 2903 ut
1552 2873 1639 2912 supra.

1647 3004 1675 3032 *ε
1697 3008 1756 3039 Pro
1775 3001 1958 3038 Marchione
1978 3006 2151 3038 Provinciis.
2447 3003 2570 3042 ‘14²3‘

1462 3133 1590 3164 Noverit
1604 3129 1761 3162 universitas
1773 3127 1864 3159 vestra
1876 3137 1930 3159 nos
1941 3134 2043 3158 mutuo
2061 3125 2226 3158 conceffisse
2239 3125 2345 3158 dilesto
2357 3127 2429 3165 patri
2443 3087 2570 3167 &441²

1370 3171 1469 3202 nostro
1490 3170 1529 3201 R.
1553 3170 1696 3208 Berengar.
1715 3166 1828 3197 Comiti
1846 3167 1878 3197 &
1899 3165 2064 3196 Marchioni
2079 3165 2241 3196 Provinciae
2260 3166 2294 3197 &
2315 3164 2429 3196 Comiti
2443 3169 2497 3194 An.
2512 3166 2557 3196 28.

1371 3210 1550 3241 Forkalcuier
1583 3216 1700 3247 quatuor
1713 3206 1798 3236 millia
1815 3214 1970 3236 marcarum
1986 3203 2185 3241 sterlingorum
2232 3213 2353 3244 quorum
2368 3203 2427 3234 duo
2444 3209 2479 3233 H.
2501 3214 2528 3241 3.

1373 3250 1460 3279 millia
1474 3248 1530 3278 sine
1545 3231 1677 3277 dilatione
1690 3246 1716 3274 ei
1737 3244 1837 3274 habere
1852 3244 1987 3274 faciemus
2002 3243 2032 3272 in
2050 3242 2188 3282 quindena
2200 3227 2316 3272 ’Paschae
2334 3251 2428 3281 anno,
2442 3246 2501 3271 Pae.
2515 3250 2560 3278 25.

1372 3288 1432 3319 &c.
1449 3285 1594 3317 28.&alia
1607 3285 1665 3314 duo
1679 3283 1763 3313 millia
1782 3283 1811 3312 in
1844 3281 1963 3312 uindena
1970 3281 2065 3311 Sanffi
2076 3280 2222 3312 Michaelis
2229 3290 2304 3311 antio
2311 3280 2423 3311 eodem.
2441 3285 2479 3309 H.
2496 3290 2522 3318 3.

1409 3325 1466 3355 Pro
1478 3334 1536 3364 quo
1550 3331 1670 3360 mutuo,
1688 3323 1714 3352 ei
1727 3292 1880 3359 conceii'o,
1898 3320 2019 3359 quinque
2033 3319 2120 3350 castra
2133 3319 2178 3350 sua
2189 3342 2200 3358 ‚
2223 3328 2287 3357 quae
2302 3327 2372 3350 tunc
2387 3329 2429 3350 as-
2443 3329 2481 3349 m.
2500 3328 2545 3346 io.

1371 3364 1465 3404 signati
1476 3362 1564 3393 nostri
1577 3361 1714 3392 voluerint
1728 3360 1828 3399 eligere
1844 3381 1854 3397 ,
1879 3359 1962 3389 nobis
1978 3358 2059 3389 titulo
2072 3358 2193 3397 pignoris
2205 3356 2341 3394 obligavit
2354 3381 2365 3396 ‚
2388 3357 2430 3388 se-

1370 3402 1496 3434 cundum
1510 3401 1631 3430 formam
1647 3401 1718 3430 inter
1731 3408 1802 3436 nos,
1816 3398 1849 3429 &
1862 3405 1973 3429 certum
1991 3396 2207 3428 Procuratorem
2227 3394 2349 3427 Comitis
2368 3404 2430 3434 me7

1371 3442 1471 3472 morati
1486 3438 1657 3469 confectam.

1410 3479 1443 3510 In
1457 3478 1548 3517 cujus,
1566 3478 1627 3508 &c-

1370 3094 1458 3153 RE
1469 3093 1498 3125 X
1518 3093 1667 3131 omnibus,
1685 3090 1746 3122 δῖε.
1759 3089 1881 3120 salutem.

1409 3554 1497 3587 Teste
1511 3553 1595 3593 Rege
1607 3551 1679 3594 apud
1692 3550 1819 3583 Westm.
1836 3561 1873 3582 10
1888 3551 1934 3582 die
1943 3549 2074 3590 Januarii.

1373 3688 1463 3722 Bulla
1493 3684 1657 3718 hortatoria
1683 3685 1727 3719 ad
1754 3688 1861 3732 Regem
1886 3683 1922 3716 de
1953 3693 2039 3715 cruce
2064 3678 2232 3727 affirmenda
2251 3689 2306 3724 pro
2331 3680 2429 3712 Terra

1436 3735 1547 3768 Santra
1557 3760 1567 3776 ‚
1593 3745 1660 3766 cum
1671 3734 1884 3781 pollicitatione
1892 3731 2031 3778 plenaria
2048 3733 2137 3762 veniae
2145 3730 2364 3774 peccaminum.

1377 3819 1597 3882 INnocentius
1610 3818 1781 3862 Episcopus,
1798 3817 1888 3862 servus
1897 3816 2044 3860 „servorum
2053 3813 2109 3843 Dei
2118 3834 2127 3849 ,
2142 3793 2282 3855 esriffimo
2297 3812 2327 3842 in
2342 3809 2430 3842 Chri·
2448 3822 2525 3854 Am,¹
2538 3820 2570 3852 D

1397 3899 1401 3903 ¹
1416 3858 1459 3901 sto
1474 3857 1530 3887 filio
1545 3856 1619 3896 Regi
1634 3858 1794 3897 Anglorum
1808 3854 1921 3893 illustri,
1939 3854 2061 3884 Salutem
2082 3851 2115 3881 &
2129 3849 2326 3890 Apostolicam
2344 3851 2431 3881 bene·
2476 3869 2560 3900 1244·

1374 3897 1629 3978 dlssssrrigrganRa,
1648 3933 1754 3978 Christi
1769 3931 1883 3977 respersa
1896 3930 2022 3973 (anguine
2035 3949 2045 3966 ,
2068 3925 2133 3966 post
2150 3927 2241 3970 gravia
2254 3926 2308 3958 suae
2325 3927 2433 3958 crebrae
2450 3899 2557 3974 2⁷¹2&

1377 3973 1549 4004 desolationis
1564 3973 1687 4012 excidia,
1704 3970 1769 4009 post
1783 3982 1792 4000 i
1813 3971 1864 4000 sius
1875 3976 2031 4009 continua,
2041 3965 2077 4008 de
2090 3964 2115 3993 fr
2151 3973 2227 3994 uenti
2240 3965 2352 3996 suorum
2366 3966 2433 3996 stra-
2447 3980 2487 4004 Ex
2500 3978 2559 4003 Α...

1378 4022 1430 4052 ge,
1447 4011 1580 4049 lamenta,
1597 4020 1676 4042 nunc
1687 4009 1781 4041 durius
1803 4008 1871 4038 entit
1885 4014 1982 4037 manus
1994 4005 2117 4034 inimicae
2149 4003 2286 4042 agellum,
2300 4014 2377 4036 nunc
2389 4004 2433 4034 lu-
2448 4021 2512 4051 ngr.
2554 4005 2560 4010 ⁴

2388 4048 2435 4081 get
