2570 4261
80 281 159 316 Anu.
174 281 218 314 D.

108 332 142 353 12
164 330 190 358 5.

79 365 145 389 Hm.
167 370 191 397 3.

82 398 215 435 *1.823.

80 487 133 513 An.
149 491 197 520 49.

81 526 117 550 Η.
137 531 161 556 3.

80 562 121 588 Ἐκ
134 562 192 587 Au·

76 603 143 634 togr.

228 183 311 212 ³00

703 147 1271 199 CONVENTIO

235 343 263 370 ᾖ
288 342 378 376 Bulla

234 478 291 540 C
300 477 422 507 Lemeris
437 475 609 516 Episcopus,
626 476 718 508 serviis
731 476 875 507 servorum
890 473 962 511 Dei,
979 471 1084 515 diledto
1097 469 1157 500 filio
1170 467 1209 498 O.
1226 466 1295 498 San-

310 516 349 546 <Sti
363 515 478 546 Adriani
492 516 630 547 Diacono
640 515 797 554 Cardinali,
815 512 989 551 Apostolicae
1001 509 1068 541 sedis
1087 508 1213 547 Legato,
1228 505 1295 536 salu-

233 562 290 585 tem
304 555 337 585 &
352 553 379 584 A
420 553 548 588 stolicarn
562 555 800 586 benedictionem.
991 588 996 593 Ι
1094 586 1099 592 ,
1226 583 1231 589 ,

269 592 323 622 Per
342 602 381 622 no
403 592 469 624 ilem
489 594 583 623 virum
602 593 622 624 S
642 602 759 623 moriem
773 592 810 622 de
824 588 998 619 Monteforti
1010 585 1160 630 Conutem
1180 583 1294 613 Leices-

231 631 305 670 triae,
324 630 358 661 &
373 631 526 663 nonnullos
538 632 603 662 alios
713 640 767 660 ates
780 629 872 668 Regni
890 627 1001 669 Anglia}
1036 634 1066 654 in
1079 623 1180 654 eodem
1186 621 1294 665 Regno

230 670 389 700 turbatione
407 670 494 700 valida
512 670 634 701 suscitata
650 693 660 708 ,
678 670 745 700 licut
758 678 827 699 acce
848 669 936 710 imus,
951 647 1066 704 quidam
1082 671 1116 706 ex
1130 660 1294 705 venerabili-

229 709 280 739 bus
296 707 422 738 fratribus
441 707 542 739 nostris
555 708 699 747 Episcopis
714 707 794 744 ipsius
840 715 922 744 egni,
937 713 970 733 ac
984 701 1112 746 nonnulll
1126 699 1244 738 rel¹g¹0s¹
1253 699 1291 742 ,δῖ

229 746 336 777 Clerici
349 746 479 777 seculares
501 756 558 778 tarn
579 747 719 784 exempti,
737 755 821 784 quam
836 754 896 774 non
909 751 989 773 exem
1003 750 1049 784 ti,
1067 750 1097 770 in
1108 738 1234 783 savorem
1250 747 1293 774 ip-

226 784 277 816 sius
291 784 423 826 Syirionis
436 786 469 817 ὃς
494 785 661 824 Magnatum
677 784 792 823 publice
808 785 837 814 in
858 782 909 812 suis
923 791 960 818 pr·
1002 778 1167 810 icationibus
1179 776 1293 821 asserere

226 834 261 862 ac
281 823 376 854 dicere
396 825 626 862 praesumpserunt
641 845 651 862 ,
670 822 755 862 'quod
778 822 863 852 iidem
878 844 888 859 ,
906 819 986 850 ducti
1002 819 1082 848 bono
1095 816 1174 854 zelo,
1188 814 1291 854 justam

228 862 364 894 fovebant
379 863 505 901 causam,
521 864 555 895 &
570 863 709 902 ipsorum,
727 862 755 891 in
776 861 829 890 hac
845 867 937 900 parte,
954 867 1041 897 opera
1055 853 1273 897 commendare,

266 900 364 940 Qare
378 903 520 939 petebatur
536 912 551 932 a
572 901 654 931 nobis
675 909 704 931 ut
725 899 880 939 Episcopos
891 921 901 936 ‚
917 897 984 927 Reli
1005 895 1074 926 iosos
1087 917 1098 934 ,
1114 894 1147 924 &
1162 891 1292 937 Clericos

227 939 376 980 praedictos
390 939 528 980 (quorum
543 939 654 971 assertio
662 939 779 977 reproba
791 939 824 969 &
837 938 978 974 dampnari
999 946 1014 965 a
1026 933 1207 977 praesumptio
1219 940 1291 970 prae·

227 977 324 1009 stitisse
335 979 457 1015 creditur
468 978 672 1016 praedicsstorum
686 977 817 1016 Synionis
831 977 864 1007 &
878 975 1048 1014 Magnatum
1064 972 1176 1014 malitiae
1190 979 1290 1014 incen-

227 1016 334 1053 tivum)
354 1017 434 1056 quod
455 1018 491 1048 ab
506 1017 660 1055 hujusmodi
675 1016 893 1056 praesumptione
912 1014 1035 1043 omnino
1047 1009 1192 1046 desistant,
1210 1009 1244 1040 ὅς
1259 1019 1290 1039 in

226 1055 313 1094 lociS,
329 1056 358 1085 in
371 1056 469 1095 quibus
482 1056 543 1087 talia
558 1056 702 1094 dixerunt,
719 1055 834 1093 publice
848 1053 1020 1084 contrarium
1036 1049 1205 1093 asseverent,
1231 1086 1236 1091 ι

263 1093 309 1123 Ac
323 1095 395 1133 ipsos
408 1095 556 1126 &omnes
571 1094 654 1133 alios,
671 1104 741 1134 quos
759 1095 788 1123 in
804 1092 907 1123 eodem
926 1091 952 1121 R
971 1099 1028 1134 vno
1041 1086 1150 1133 Christi
1164 1085 1290 1131 fidelibus

228 1131 779 1202 {ilispi’sscissesss‘ssssssgesssiblssnssmffiff
788 1125 1290 1200 ’nssssiffioffeiffifffflfiff

226 1219 275 1252 nes
289 1232 299 1248 ‚
317 1220 351 1240 ac
371 1181 749 1241 locorumpooommffitates
762 1193 902 1248 :necnon
920 1206 1099 1250 quoscunque
1113 1202 1236 1247 Nobiles
1256 1203 1289 1233 &

227 1247 295 1279 ²11OE
308 1249 435 1286 praediffi
454 1247 548 1287 Regni
570 1249 751 1280 moneant&
770 1247 903 1278 inducant
923 1245 1019 1277 sedulis
1034 1241 1290 1285 exhortationibus,

229 1294 261 1317 ut
281 1297 297 1317 a
315 1287 394 1317 dieto
408 1287 536 1325 Symone
547 1287 656 1326 ejusque
670 1287 822 1317 fautoribus
842 1286 965 1316 omnino
978 1281 1172 1325 recedantQac
1183 1280 1289 1309 dilecto

231 1324 290 1358 filio
303 1325 393 1356 nobili
406 1327 468 1356 viro
481 1326 638 1365 Edwardo,
655 1326 845 1365 primogenito
855 1324 923 1354 dieti
940 1323 1044 1362 Regis,
1061 1331 1094 1351 ac
1109 1330 1134 1364 ei
1146 1318 1289 1362 adhaeren-

231 1363 303 1394 tibus
316 1387 325 1401 ,
344 1364 436 1395 donec
457 1364 548 1396 dietus
570 1364 635 1395 Rex
655 1365 708 1396 l'uae
724 1365 845 1403 antiquae
863 1363 897 1393 &
910 1361 996 1392 solitae
1008 1362 1127 1392 libertati
1140 1368 1172 1388 ac
1187 1357 1288 1396 Regiae

229 1401 378 1441 Dignitatis
401 1404 548 1442 integritati
567 1404 648 1435 fuerit
668 1402 820 1439 restitutus,
837 1401 1011 1439 adhaereant,
1028 1400 1061 1429 &
1075 1396 1236 1433 intendant,
1254 1395 1288 1426 &

229 1439 360 1480 praestent
387 1442 534 1473 confilium
548 1462 558 1478 ,
580 1442 712 1472 auxilium
735 1442 769 1472 &
790 1440 915 1471 favorem
928 1462 939 1478 ‚
967 1438 1077 1470 moneri
1100 1446 1132 1467 ac
1154 1433 1289 1473 compelli

226 1479 388 1523 austeritate
403 1480 565 1520 Apostolica
579 1480 786 1511 mandaremus:

264 1517 412 1556 Quocirca
439 1518 610 1550 Discretioni
632 1528 688 1549 tuae
712 1529 761 1557 per
784 1516 947 1557 Apostolica
979 1515 1079 1553 scripta
1103 1512 1265 1544 mandamus
1277 1533 1288 1550 ,

226 1558 354 1594 quatinus
365 1557 392 1586 in
405 1557 545 1596 praediffis
558 1558 726 1588 'auffitoritate
745 1555 840 1587 nostra
853 1556 933 1586 facias
948 1553 1081 1598 quicquid
1095 1551 1226 1596 prospero
1238 1560 1288 1580 eo-

227 1594 345 1638 rundem
359 1594 464 1636 Regis,
481 1596 512 1626 R
529 1628 532 1632 ,
549 1597 594 1634 ni,
612 1597 646 1627 &
661 1596 842 1635 primogeniti
855 1593 935 1635 statui
946 1593 1045 1624 videris
1054 1591 1287 1635 expedirefficon-

228 1633 388 1664 tradiciones
406 1645 439 1665 ac
460 1605 573 1665 rebeeffes
596 1635 694 1666 eadem
713 1633 876 1666 auctoritate
889 1655 899 1672 ,
916 1633 1021 1662 sublato
1035 1630 1225 1671 appellationis
1236 1628 1291 1658 ob-

229 1671 351 1711 staculo,
368 1674 585 1712 compellend03
1146 1706 1150 1711 .
1174 1704 1183 1714 Α
1249 1706 1253 1710 Ι

265 1710 340 1742 Non
350 1711 525 1743 obstantibus
539 1712 557 1742 fi
573 1712 625 1748 eis,
643 1712 689 1742 vel
701 1720 800 1742 eorum
813 1710 894 1740 alicui
913 1719 929 1740 a
943 1707 1003 1738 sede
1022 1706 1049 1737 A
1066 1747 1069 1750 Ι
1090 1705 1187 1736 stolica
1202 1705 1233 1736 fit
1247 1715 1290 1734 in-

229 1749 340 1781 dultum
354 1774 364 1789 ,
382 1751 461 1789 qubd
477 1751 730 1789 excommunicari,
748 1749 872 1789 suspendi
888 1771 898 1786 ,
913 1747 957 1777 vel
973 1748 1042 1777 inter
1065 1746 1100 1775 ici
1114 1754 1172 1774 non
1186 1742 1290 1782 poffint

231 1798 279 1826 per
294 1789 391 1820 litteras
403 1789 579 1828 Apostolicas
592 1812 601 1826 ,
621 1798 680 1818 non
696 1789 825 1819 facientes
837 1787 947 1825 plenam
962 1786 995 1816 &
1015 1782 1166 1821 expressam
1175 1805 1185 1820 ,
1199 1793 1235 1826 'ac
1254 1782 1290 1826 de

230 1827 320 1857 verbo
333 1827 366 1857 ad
387 1830 521 1867 verbum,
538 1827 573 1857 de
592 1826 701 1857 indulto
716 1825 874 1863 huiusmodi
889 1833 1081 1859 mentionem,
1098 1829 1144 1853 aut
1158 1820 1291 1859 quibussi-

230 1865 277 1896 bet
292 1867 439 1905 privilegiis
452 1890 462 1905 ,
478 1867 522 1897 seu
538 1866 714 1903 indulgentiis
737 1864 921 1906 Apostolicis,
937 1862 973 1893 de
994 1862 1094 1904 quibus
1113 1869 1290 1900 quorumque

230 1905 294 1934 totis
314 1906 456 1936 tenoribus
470 1928 478 1942 ‚
503 1907 532 1935 in
555 1904 656 1934 nostris
673 1904 766 1934 litteris
782 1903 901 1940 specialis
920 1903 1029 1932 mentio
1050 1903 1081 1930 sit
1094 1898 1238 1937 habenda,
1256 1899 1290 1928 &

244 1952 279 1983 ,er
290 1952 357 1986 'quae
371 1943 547 1983 praeseiitium
561 1942 677 1973 effectus
694 1942 823 1982 impediri
843 1939 1059 1980 quomodolibet
1078 1937 1166 1968 valeat
1181 1937 1225 1968 vel
1239 1936 1293 1967 dif-

396 339 511 373 diaeeHa
527 342 658 373 Domino
678 340 809 385 Legum,
836 346 872 369 ut
888 334 1011 369 inducat
1037 336 1162 366 Barones
1180 327 1296 378 Angliae

490 398 525 421 ut
543 386 712 421 adhereant
731 389 862 421 Domino
880 382 1041 419 Edvardo.

246 1991 306 2011 etri.

227 2041 244 2110 ‘v
269 2059 338 2092 Dat.
358 2061 480 2101 Peiusii,
497 2061 540 2094 Id.
557 2062 745 2101 Septembn's,
762 2060 945 2092 Pontificatas
954 2058 1043 2091 n'ostri
1056 2068 1132 2089 anno
1146 2059 1248 2096 primo.

81 2478 160 2511 Ann.
175 2476 219 2508 D.

102 2517 185 2556 1265.

81 2560 135 2585 Aa.
150 2567 195 2592 49.

83 2617 124 2660 2³}
139 2616 195 2661 «du-

81 2678 147 2707 rogr.

83 2975 102 2993 ⁶
117 2977 140 3005 1.
154 2975 218 3012 824.

940 2139 1032 2179 sigillo
1046 2139 1151 2180 avuffii.

232 2280 323 2315 Bulla
347 2279 461 2314 direfla
485 2278 628 2315 ottoboni)
656 2282 766 2327 Legato
784 2307 793 2322 ‚
817 2289 851 2312 ut
867 2287 983 2311 moneat
1000 2280 1167 2323 Principem
1184 2276 1294 2310 Wlliae

277 2330 484 2372 Lcmelinum‚
509 2328 553 2362 ad
567 2326 778 2372 restituendum
799 2327 901 2371 Castra
915 2338 970 2374 per
986 2338 1055 2359 eum
1073 2335 1213 2372 occupata
1226 2351 1236 2367 ,
1254 2328 1290 2362 &-

279 2376 412 2411 recedere
425 2389 446 2410 a
463 2382 582 2410 Simone
598 2376 634 2410 de
654 2377 844 2422 Monteforti.

302 2467 422 2498 Lemens
434 2466 603 2507 Episcopus,
622 2466 712 2497 servus
727 2465 868 2497 l'eworum
882 2464 956 2503 Dei,
971 2464 1076 2506 diledio
1091 2463 1148 2495 filio
1166 2463 1206 2494 Ο.
1223 2463 1292 2495 San-

313 2506 350 2537 &i
366 2505 481 2537 Adriani
502 2506 639 2537 Diacono
658 2504 817 2543 Cardinali,
838 2503 1011 2545 Apostolicae
1032 2503 1098 2534 ledis
1113 2502 1237 2542 Legato,
1255 2503 1294 2533 sa—

236 2546 322 2578 lutem
335 2547 367 2578 &
383 2546 407 2576 A
429 2544 577 2576 ostolicam
593 2544 832 2574 benedictionem.

273 2584 328 2616 Pei·
342 2585 412 2615 nobi
422 2594 468 2614 em
488 2585 579 2613 virum
601 2582 620 2613 S
632 2592 758 2613 'monem
773 2583 808 2613 de
825 2581 996 2612 Monteforti
1015 2579 1165 2611 Comitem
1182 2579 1294 2610 Leices-

236 2624 314 2663 triae,
332 2624 365 2654 δε
380 2622 533 2654 nonnullos
545 2621 610 2651 alios
621 2592 769 2661 {dagones
784 2621 879 2660 Regni
896 2620 1007 2659 Aiigliae
1040 2619 1215 2649 ineodemR
1252 2629 1292 2649 no

235 2662 392 2693 turbatione
406 2661 493 2692 valida
508 2659 645 2697 suscitata,
661 2660 726 2690 licet
741 2670 810 2698 1108,
829 2661 858 2689 in
874 2657 984 2690 eosdem
998 2642 1147 2687 Comitem
1163 2658 1196 2687 &
1245 2667 1292 2696 ag-

233 2710 308 2731 nates
323 2724 334 2740 ,
351 2699 507 2739 hujusmodi
527 2698 690 2729 turbationis
710 2700 816 2728 actores
838 2708 871 2728 ac
892 2697 1011 2726 fautores
1025 2718 1034 2734 ,
1059 2696 1130 2725 olim
1145 2697 1174 2725 iri
1190 2695 1293 2725 minori

231 2739 330 2771 officio
351 2739 494 2772 constituti
509 2760 520 2776 ,
539 2736 609 2768 dum
630 2738 658 2766 in
680 2736 785 2776 Regno
799 2736 935 2774 praedicto
947 2758 956 2772 ,
975 2733 1095 2771 NVana,
1114 2734 1147 2764 δε
1164 2733 1293 2772 ibernia,

232 2777 393 2818 Legationis
406 2786 560 2817 gereremus
575 2774 706 2805 officium
741 2785 838 2805 eorum
853 2775 942 2812 culpis
956 2773 1127 2812 exigentibus
1141 2773 1225 2803 varias
1243 2781 1292 2802 ex-

232 2817 527 2847 communicationum
543 2814 687 2845 senteiitias
699 2798 857 2844 ‹suxerimus
869 2811 1094 2852 promulgandas3

269 2854 307 2886 Et
327 2853 511 2893 postmodum
525 2852 560 2883 ad
578 2854 690 2893 apicem
711 2852 812 2882 summi
832 2862 846 2881 a
867 2849 999 2881 ostolatsis
1019 2849 1149 2887 assumpti
1163 2873 1173 2887 ,
1189 2849 1291 2880 eisdem

236 2891 353 2924 Comite
373 2903 405 2923 ac
423 2892 618 2932 Magnatibus,
637 2891 670 2921 ad
685 2892 822 2930 gremium
866 2890 972 2921 cciei‘iae
988 2889 1076 2919 redire
1096 2898 1156 2918 non
1170 2889 1291 2919 curanti-

235 2932 303 2971 bus,
321 2932 365 2962 sed
385 2934 414 2962 in
434 2931 476 2962 sua
496 2931 597 2961 malitia
618 2930 776 2968 obstinatis,
798 2929 920 2969 praefatas
934 2929 962 2958 in
981 2927 1066 2967 ipsos,
1082 2935 1163 2957 terras
1177 2927 1209 2957 &
1230 2927 1291 2957 loca

235 2970 380 3010 praedidia,
399 2971 515 3008 prolatas
527 2968 669 2999 sententias
683 2969 710 2997 in
726 2968 771 2999 die
780 2977 875 2998 coenae
887 2967 1026 3004 Domini,
1045 2966 1064 2985 ³¹²
1080 2966 1108 2995 iii
1123 2966 1221 3004 majori
1235 2965 1292 2996 Ec-

235 3008 314 3039 clesia
328 3007 450 3038 Perusin.
465 3007 567 3038 astante
578 3007 683 3037 ibidem
705 3006 827 3037 fidelium
849 3005 1027 3036 multitudine
1041 3003 1170 3043 copiofii,
1187 3003 1223 3034 de
1238 3005 1292 3035 fra-

235 3056 310 3078 trum
328 3046 489 3077 nostrorum
508 3046 624 3076 consilio
638 3068 647 3084 ,
674 3045 898 3075 ratificaverimus
920 3046 952 3075 &
971 3043 1216 3082 approbaverimus
1231 3067 1240 3081 ,
1259 3053 1292 3073 ex

234 3094 308 3116 certa
319 3083 430 3114 scientia
443 3085 475 3114 &
490 3085 651 3114 auctoritate
664 3083 827 3121 Apostolica
839 3083 1098 3114 confirmaverimus
1110 3104 1121 3119 ,
1137 3082 1171 3112 ὃς
1186 3091 1292 3122 praece-

234 3125 355 3166 perimus
369 3122 425 3152 illas
440 3122 631 3153 inviolabiliter
647 3123 682 3152 ab
695 3123 827 3152 omnibus
840 3123 996 3158 observari3

271 3162 384 3192 Tamen
404 3161 506 3191 nobilis
525 3161 566 3190 vir
582 3160 730 3198 Leolinux,
748 3160 881 3199 Princeps
895 3160 1009 3191 Walliae
1044 3157 1156 3190 Comiti
1173 3159 1206 3189 δε
1221 3158 1294 3190 Fau·

235 3201 342 3232 toribus
360 3200 518 3234 memoratis
531 3199 671 3230 adhaerens
683 3221 691 3236 ,
708 3199 840 3230 nonnulla
859 3199 957 3229 Castra
971 3199 1004 3229 &
1017 3182 1103 3228 {linas
1117 3196 1246 3227 cariffimi
1266 3199 1295 3228 in

238 3238 355 3270 Christo
378 3237 425 3268 filii
448 3236 534 3267 nostri
639 3236 726 3275 Regis
747 3237 857 3276 Angliae
879 3237 1006 3276 illustris,
1025 3246 1059 3266 ac
1071 3235 1247 3275 Pupillorum
1267 3237 1295 3266 in

237 3278 357 3315 ejuidem
379 3276 466 3315 Regis
487 3274 613 3306 custodia
626 3275 800 3305 existentium
814 3299 824 3314 ,
849 3286 960 3306 necnon
974 3275 1115 3307 Baronum
1130 3275 1163 3303 δε
1178 3275 1296 3305 aliorum

239 3316 391 3349 hominum
410 3315 480 3345 dieti
502 3314 619 3353 Regni,
645 3314 794 3354 occupasse
816 3316 916 3345 dicitur
930 3339 939 3351 ,
962 3315 995 3344 &
1015 3314 1100 3343 etiarn
1121 3312 1298 3351 destruxisse.-¹

240 3355 300 3386 alias
320 3355 416 3393 Regi,
438 3353 546 3392 pupillis
560 3375 569 3390 ,
590 3351 741 3382 Bironibus
753 3375 763 3390 ,
782 3353 814 3383 &
835 3352 997 3383 hominibus
1012 3350 1152 3390 praedietis
1177 3351 1298 3390 dampna

239 3394 331 3432 gravia
342 3393 376 3424 &
391 3393 498 3430 injurias
511 3391 674 3430 irrogando:

279 3432 425 3470 Qiocirca
438 3430 608 3460 Discretioni
621 3439 676 3459 tuae
699 3439 747 3466 per
762 3428 925 3468 Apostolica
939 3429 1036 3468 scripta
1051 3427 1214 3459 mandamus
1230 3439 1299 3467 qua-

243 3468 314 3499 tinus
334 3470 455 3500 eundem
475 3468 637 3507 Principem
653 3491 662 3506 ,
682 3477 714 3496 ex
733 3476 807 3504 parte
821 3467 931 3506 nostra,
950 3477 998 3506 per
1013 3476 1059 3506 te,
1076 3467 1120 3497 vel
1134 3467 1218 3497 aliurn
1237 3477 1301 3498 mo-

244 3515 306 3536 neas
320 3507 351 3537 &
365 3507 478 3538 inducas
498 3514 542 3543 ut,
559 3506 630 3536 infra
648 3515 856 3548 competentem
876 3508 1027 3537 terminum
1040 3529 1049 3543 ,
1067 3515 1082 3534 a
1098 3513 1125 3535 te
1141 3515 1301 3544 perempto-

243 3544 283 3573 rie
298 3545 494 3584 praefigendum
510 3544 619 3581 eidem,
637 3544 795 3583 hujusmodi
807 3544 929 3581 dampna
944 3546 975 3575 &
990 3545 1098 3581 injurias
1113 3543 1192 3583 passis
1211 3544 1246 3574 de
1260 3545 1303 3582 ip-

244 3581 291 3649 ᾗῇ
295 3584 439 3620 plenariam
458 3584 669 3615 sarisfacstionem
690 3582 851 3620 impendat,
871 3583 904 3613 &
928 3593 944 3613 a
964 3582 1096 3614 similibus
1116 3584 1240 3613 omnino
1253 3582 1303 3613 de-

293 3628 331 3649 at:

286 3657 332 3687 Ab
347 3658 445 3700 eodem
464 3670 575 3698 quoque
595 3658 728 3697 Comite‚
747 3658 850 3698 suisque
865 3660 1034 3698 fautoribus,
1051 3660 1084 3690 &
1097 3658 1304 3696 complicibus,

248 3694 306 3739 sine
328 3696 444 3732 qualibet
463 3698 594 3729 dilatione
615 3698 745 3736 recedat,
766 3708 798 3728 ac
812 3708 859 3728 eos
873 3699 906 3728 &
920 3707 1027 3736 partem
1047 3697 1169 3735 ipsorum
1184 3698 1305 3728 omnino

248 3732 370 3776 abjuret,
388 3734 488 3765 dilefto
501 3736 558 3766 filio
572 3737 659 3766 nobili
672 3738 736 3770 viro
750 3735 893 3766 Edwardo
906 3738 1093 3774 primogenito
1107 3735 1187 3776 ipsius
1199 3734 1305 3774 Regis,

249 3780 288 3814 ac·
299 3780 323 3800 el
337 3771 551 3815 adhaerentiva,
567 3775 687 3805 favendo
705 3784 756 3812 pro
769 3775 889 3812 viribus,
906 3784 939 3805 ac
952 3775 1014 3814 ipsis
1029 3772 1221 3814 impendendo
1233 3783 1306 3804 con-

250 3807 357 3845 silium,
375 3810 503 3839 auxilium
519 3812 551 3841 ἃ
566 3813 699 3842 favorem.

290 3847 384 3891 Qiod
403 3847 422 3876 si
441 3846 571 3885 Princeps
592 3850 668 3880 idem
689 3861 703 3880 a
719 3850 857 3891 praediffis
871 3852 1071 3888 turbatoribus,
1089 3850 1257 3887 fautoribus,
1271 3849 1305 3880 &

250 3885 437 3928 complicibus
457 3888 710 3929 eorum-recedere,
729 3899 761 3920 ac
781 3889 815 3918 de
831 3889 988 3926 hujusmodi
1003 3889 1129 3928 dampnis
1142 3888 1175 3918 &
1187 3887 1307 3927 injuriis,

252 3930 475 3967 utsspraemittitur
489 3946 497 3958 ,
520 3923 665 3955 satisfacere
687 3936 745 3955 non
765 3928 922 3962 curaverit,
950 3935 980 3957 tu
1002 3935 1105 3959 extunc
1129 3927 1159 3956 in
1182 3925 1305 3956 eundem

252 3959 413 4003 Principem
430 3963 726 4002 excommunicationis
739 3964 806 3993 feras
819 3964 997 4001 sententiam,
1015 3965 1047 3994 &
1063 3973 1164 3995 terram
1180 3965 1235 4000 ejus
1243 3963 1306 4002 sup-

257 4008 341 4035 ponas
362 3997 552 4042 [aeclesiastico
573 4000 720 4030 interdic'lo
734 4013 744 4038 3
762 4001 863 4031 faciens
878 4003 983 4039 ipsum,
1002 4002 1085 4040 usque
1099 4002 1133 4032 ad
1148 4001 1306 4032 satisfaetio-

255 4046 324 4069 uem
344 4038 531 4077 condignam,
550 4045 598 4076 per
612 4039 708 4068 omnia
722 4038 803 4077 loca,
818 4041 848 4072 in
863 4040 962 4078 quibus
978 4040 1106 4079 expedire
1114 4039 1232 4080 videris,
1249 4039 1306 4071 fin-

1298 134 1916 195 NEs,L1TERAE‚

1330 229 1399 270 gulis
1418 229 1514 259 diebus
1532 227 1697 261 Dominicis
1718 230 1753 261 ὅτ.
1773 228 1796 262 F
1798 226 1888 258 estivis
1900 249 1910 265 ,
1930 223 2037 265 pulsatis
2050 224 2208 265 campane,
2225 224 2260 256 ὃς
2272 225 2392 258 candelis
2404 221 2482 254 Anii.
2497 224 2547 261 Dg-

1329 267 1470 312 accenlis,
1487 270 1764 300 excommunicatum
1777 267 1890 308 publice
1909 265 2029 295 nuntiari
2043 287 2053 302 ,
2068 264 2102 295 &
2116 264 2152 294 ab
2165 264 2298 295 omnibus
2310 267 2390 297 artius

1332 315 1443 337 evitari·

1367 344 1402 374 N
1404 329 1446 374 on,
1457 342 1632 374 obstantibus
1648 344 1668 375 fi
1689 345 1743 383 eis,
1761 342 1806 373 vel
1827 352 1928 372 eorum
1948 341 2047 380 alicui,
2064 352 2080 372 a
2102 340 2164 371 sede
2179 338 2345 381 Apostolica
2358 341 2392 374 fit

1329 383 1471 413 indultum
1493 382 1569 420 quod
1590 382 1828 413 excommunicari
1842 405 1851 418 ,
1870 380 1995 422 suspendi
2013 382 2059 412 vel
2071 380 2197 410 interdici
2213 390 2272 410 non
2286 379 2391 419 poffint

1330 428 1380 460 per
1396 421 1483 451 literas
1500 420 1676 457 Apostolicas
1688 444 1698 460 ,
1716 431 1777 452 non
1790 420 1920 450 facientes
1934 419 2046 456 plenam
2063 420 2096 450 &
2109 419 2280 457 expressam,
2299 428 2332 449 ac
2351 419 2389 450 de

1329 459 1420 489 verbo
1433 459 1467 489 ad
1490 459 1609 489 verbum
1629 460 1665 490 de
1684 459 1794 490 indulto
1814 457 1970 496 hujusmodi
1989 459 2182 495 mentionem,
2197 466 2244 488 aut
2256 457 2390 496 quibussi-

1329 497 1377 527 b:t
1389 497 1552 537 privilegiis,
1569 497 1614 528 seu
1627 498 1802 543 indulgentiis
1820 496 2007 536 Apostolicis,
2023 496 2060 526 de
2079 496 2179 534 quibus
2185 516 2196 532 ,
2212 505 2391 536 quorumque

1328 536 1394 566 totis
1408 537 1567 574 tenoribus,
1585 536 1614 565 in
1629 536 1728 567 nostris
1741 537 1822 566 literis
1835 535 1956 574 specialis
1968 535 2076 566 mentio
2092 535 2121 564 iit
2136 533 2272 565 habenda*
2292 535 2325 565 &
2339 545 2389 575 pei·

1329 583 1394 612 quae
1407 574 1584 617 praesentium
1599 573 1716 605 effeetus
1728 575 1855 615 impediri
1865 573 2082 614 quomodolibet
2095 572 2182 603 valeat
2194 572 2239 603 vei
2253 558 2369 605 d'ifferri.

1363 653 1431 686 Dat.
1446 653 1566 694 Perusii,
1581 653 1622 686 Id.
1639 654 1826 696 Septembris,
1840 652 2024 685 Pontificatfis
2038 652 2126 684 nostri
2137 663 2214 685 anno
2225 654 2335 694 primo,

2023 734 2078 765 Sub
2081 733 2135 777 filo
2150 734 2258 767 canabi.

1328 871 1376 902 De
1393 867 1595 914 Thqsliurario
1620 866 1712 901 Ebor.
1737 871 1774 906 &⁴
1794 867 1830 901 de
1849 869 1976 912 litteris,
1997 880 2051 916 per
2070 868 2221 916 quondam
2239 871 2391 903 Simonem

1525 915 1560 949 de
1577 917 1778 961 Monteforti,
1804 921 1900 950 invito
1919 921 2016 965 Rege,
2032 918 2186 964 figillasis.

2425 263 2508 303 1265.
2537 260 2548 273 ‘⁴

2406 306 2474 332 Hen.
2495 314 2523 342 3.
2547 337 2550 346 .

1397 1005 1423 1036 E
1432 1004 1463 1036 X
1482 1005 1587 1036 <ineas
1601 1007 1635 1038 sc
1647 1005 1772 1037 fidelibus
1782 1005 1833 1037 suis
1845 1006 2006 1038 wiiiieimo
2019 1005 2055 1038 de
2069 1005 2210 1045 clifford,
2228 1006 2262 1037 sc
2278 1005 2388 1047 Magis-
2402 994 2480 1025 Ann-
2494 995 2536 1032 D·-

1409 1052 1454 1075 tro
1465 1045 1628 1076 Willielmo
1641 1045 1678 1075 de
1691 1045 1833 1085 Wygorn.
1846 1045 1967 1076 salutem.

2426 1036 2509 1074 1265.

1362 1081 1441 1114 Cum
1454 1106 1464 1122 ,
1485 1084 1547 1124 post
1567 1083 1736 1115 conflicstum
1751 1107 1761 1122 ,
1780 1083 1906 1114 habitum
1925 1085 1999 1114 inter
2012 1093 2063 1113 nos
2076 1106 2086 1121 ,
2101 1084 2134 1114 &
2148 1083 2280 1121 quosdam
2294 1082 2387 1113 fideles
2402 1077 2454 1100 ΑΒ·
2465 1084 2513 1110 49·

1327 1120 1438 1164 nostros
1458 1132 1491 1152 ex
1511 1131 1586 1162 parte
1607 1133 1661 1153 una
1673 1146 1683 1161 ,
1702 1123 1735 1153 &
1749 1122 1900 1152 Simonem
1913 1122 1949 1152 de
1963 1121 2150 1158 Monteiiorti,
2165 1121 2308 1162 quondam
2321 1120 2386 1152 Co-
2404 1117 2470 1141 Hen.
2490 1123 2516 1150 3·

1327 1168 1427 1191 mitem
1444 1160 1628 1201 Leycestriae,
1648 1163 1681 1193 &
1696 1166 1814 1192 lautores
1826 1161 1888 1191 suos
1900 1170 1933 1190 ex
1947 1161 2044 1198 altera,
2061 1159 2134 1199 apud
2151 1160 2250 1191 Lewes
2265 1182 2274 1198 ,
2289 1162 2386 1191 extite-
2403 1154 2422 1177 P
2425 1159 2451 1177 Μ
2455 1161 2517 1187 ·49·

1327 1199 1414 1229 rimus
1428 1201 1456 1229 in
1470 1199 1595 1231 custodia
1608 1199 1714 1240 praefati
1729 1200 1850 1230 Simonis
1860 1200 1893 1230 Sc
1908 1199 2047 1230 fautorum
2062 1198 2189 1237 suorum,

2401 1192 2437 1217 H.
2454 1199 2479 1226 3.

1361 1237 1416 1268 Per
1429 1239 1521 1277 quod,
1540 1248 1668 1279 tempore
1689 1239 1768 1277 ipsius
1783 1238 1920 1269 custodiae
1933 1261 1944 1277 ,
1960 1247 2060 1268 contra
2074 1237 2249 1268 voluntatem
2263 1235 2389 1268 nostram
2405 1236 2440 1255 m·
2456 1236 2485 1263 7·

1325 1275 1412 1320 literas
1427 1277 1512 1316 sigillo
1525 1277 1639 1316 nostro,
1653 1287 1727 1318 quo,
1762 1286 1794 1307 ro
1808 1277 1862 1307 suae
1874 1277 1954 1307 libito
1967 1277 2132 1314 voluntatis,
2145 1281 2289 1314 utebatur,
2303 1276 2391 1315 ligna-

1328 1324 1349 1344 ri
1371 1316 1439 1346 fecit
1453 1338 1464 1354 ,
1482 1318 1657 1347 continentes
1676 1326 1714 1356 qu
1776 1325 1827 1346 nos
1839 1315 2050 1346 Thesaurariam
2068 1313 2156 1344 Ebor.
2173 1323 2319 1345 vacantem
2339 1314 2391 1345 Ai-

1326 1354 1433 1384 marico
1446 1354 1483 1384 de
1504 1354 1672 1386 Monteforti
1692 1353 1879 1385 concessimus
1892 1377 1902 1392 ,
1927 1354 1961 1385 &
1982 1352 2118 1390 Capitulo
2139 1352 2227 1383 Ebor.
2245 1352 2393 1384 mandavi-

1326 1401 1389 1460 {3le
1407 1393 1484 1462 qpsod
1498 1393 1588 1424 eidem
1601 1394 1763 1431 Alman'co,
1782 1392 1891 1423 stallum
1904 1393 1934 1423 in
1949 1391 2068 1429 Chore,
2087 1392 2120 1423 δε
2135 1392 2233 1422 locum
2255 1393 2285 1422 in
2302 1389 2391 1432 Capi-

1369 1441 1389 1461 0
1408 1442 1424 1462 a
1447 1440 1587 1462 ionarent:

1364 1468 1401 1500 Et
1420 1456 1493 1508 nos,
1512 1480 1559 1510 per
1580 1470 1638 1500 Dei
1657 1470 1827 1508 adjutorium
1842 1492 1852 1508 ,
1866 1470 1936 1499 vires
1955 1469 2062 1500 nostras
2082 1467 2322 1508 resumpserimiis,
2340 1477 2390 1509 pei·

1326 1507 1403 1546 quod
1419 1509 1629 1540 conceffionem
1642 1508 1717 1538 illam
1731 1509 1764 1539 &
1779 1508 1841 1538 alias
1854 1507 2064 1546 concessiones,
2082 1517 2146 1543 quae
2162 1516 2210 1544 per
2223 1507 2308 1537 literas
2325 1517 2390 1538 nos-

1326 1554 1379 1577 tras
1393 1570 1401 1586 ,
1426 1548 1507 1578 nobis
1525 1549 1620 1578 invitis
1635 1570 1644 1585 ,
1666 1547 1748 1577 fasstae
1769 1546 1878 1576 fuerunt
1892 1569 1902 1584 ,
1918 1545 1986 1576 dum
2003 1547 2031 1575 in
2046 1544 2172 1576 custodia
2189 1545 2320 1585 praedieh
2332 1556 2391 1576 era-

1327 1586 1695 1662 Pssuuffa’ava‘r'lulnffmffl‘s'pffl
1703 1586 1927 1654 ’ἑῖἒὲῃὲἓὰἒὲ
1934 1583 2154 1653 “dssfissgbffla
2165 1584 2391 1653 peei‘ssl'ffiffiff

1329 1662 1476 1702 cessimus,
1496 1635 1528 1694 gc
1545 1663 1686 1704 praedidko
1699 1661 1832 1702 Capitulo
1845 1661 2037 1692 mandavimus
2046 1684 2054 1698 ,
2071 1660 2149 1698 quod
2162 1644 2174 1699 Ξ
2187 1669 2287 1691 amoto
2302 1661 2395 1699 quoli-

1329 1701 1376 1732 bet
1397 1701 1558 1741 detentore,
1580 1704 1672 1733 eidem
1695 1700 1851 1732 Edmundo
1869 1700 1979 1731 stallum
1997 1701 2028 1730 in
2045 1698 2150 1730 Choro
2162 1721 2172 1737 ,
2189 1699 2224 1730 &
2248 1704 2346 1730 locum
2364 1701 2396 1733 in

1329 1738 1462 1778 Capitulo
1476 1740 1655 1780 assignarent:

1365 1779 1411 1810 Ac
1425 1781 1435 1810 i
1457 1780 1474 1810 {i
1488 1779 1649 1810 mandatum
1663 1777 1810 1816 nostrum,
1828 1779 1868 1809 eis
1878 1787 1931 1818 pro
1941 1775 2044 1808 eodem
2058 1774 2214 1820 Edmundo
2228 1775 2368 1807 direaum
2377 1799 2391 1816 ,

1327 1816 1419 1848 facere
1452 1817 1601 1856 istulerint,
1616 1818 1652 1849 de
1664 1827 1723 1856 quo
1736 1818 1869 1848 miramur
1885 1818 1918 1847 &
1934 1815 2174 1858 quamplurimum
2187 1824 2353 1846 movemur:

1366 1855 1434 1887 Nos
1449 1880 1458 1894 ,
1478 1857 1514 1887 de
1536 1856 1636 1887 vestrae
1658 1856 1792 1887 fidelitatis
1807 1854 1965 1886 constantia
1980 1853 2091 1891 plenam
2106 1861 2231 1892 gerentes
2246 1853 2403 1892 fiduciam,

1328 1894 1411 1925 vobis
1435 1896 1599 1926 mandamus
1643 1894 1759 1925 firmiter
1780 1895 1953 1933 injungentes
1967 1915 1977 1929 ,
1996 1891 2075 1930 quod
2091 1901 2142 1921 vos
2162 1891 2242 1928 duc,
2261 1891 2305 1922 vel
2322 1902 2393 1922 unus

1326 1931 1452 1963 vestrum
1462 1957 1471 1973 ,
1487 1934 1579 1965 eidem
1594 1919 1749 1965 E'dmundo
1764 1932 1873 1963 stallum
1887 1933 1915 1962 in
1926 1930 2053 1974 choro,
2071 1931 2104 1961 &
2120 1930 2217 1974 locum
2230 1931 2260 1959 in
2273 1929 2399 1973 Capitu-

1326 1971 1358 2002 lo
1369 1971 1520 2012 assignetis,
1540 1974 1573 2005 ὅ(
1593 1974 1628 2004 de
1645 1971 1826 2003 Thesauraria
1846 1969 1979 2008 praedic‘ta
1994 1969 2104 2006 plenam
2116 1968 2239 1999 seiiinam
2255 1978 2280 1998 ei
2295 1968 2398 1999 habere

1327 2009 1446 2080 facciatis,
1465 2012 1499 2056 ὃς
1514 2012 1587 2051 hoc,
1607 2012 1677 2043 sicut
1688 2011 1831 2041 honorem
1845 2008 1975 2040 nostrum
1988 2009 2022 2040 δε
2036 2006 2162 2040 vestrum
2176 2007 2288 2047 diligitis
2297 2030 2307 2045 ,
2317 2007 2397 2038 nullo

1329 2057 1360 2079 m
1401 2059 1420 2080 o
1437 2059 1583 2082 omittatis.

1365 2129 1473 2170 Teste,
1491 2132 1556 2163 &c.

1369 2211 1388 2230 ³¹²
1405 2213 1480 2241 Idem
1493 2212 1654 2241 mandatum
1666 2223 1680 2241 e
1712 2209 1846 2251 Magistro
1860 2211 1960 2240 Simoni
1975 2209 2007 2239 de
2024 2205 2162 2242 Evesham
2178 2207 2298 2238 Archid.
2313 2207 2398 2238 Rich-

1330 2251 1462 2288 mundiae,
1479 2250 1574 2289 quod,
1592 2252 1656 2290 quia
1701 2259 1735 2279 ex
1749 2250 1785 2280 de
1799 2249 1935 2279 fidelitatis
1947 2249 2002 2278 suae
2015 2246 2188 2285 constantia,
2208 2248 2397 2285 circumspec-

1330 2289 1408 2319 tione
1423 2312 1433 2328 ,
1452 2290 1485 2320 &
1508 2289 1638 2319 industria
1660 2289 1772 2328 plenam
1786 2289 1857 2326 gerit
1875 2287 2021 2325 fiduciam,
2039 2287 2116 2324 quod
2131 2286 2223 2315 eidem
2239 2285 2396 2316 Edmundo

1332 2326 1441 2357 stallum
1464 2329 1492 2356 in
1516 2326 1619 2358 Clioro
1635 2351 1644 2366 ,
1664 2329 1697 2358 &
1717 2327 1813 2357 locum
1834 2328 1862 2355 in
1885 2325 2018 2366 Capitulo
2035 2324 2166 2364 affiguer,
2186 2323 2221 2354 Et
2236 2325 2311 2362 hoc,
2328 2325 2397 2356 licut

1332 2365 1443 2405 Regem
1458 2367 1490 2396 δε
1504 2367 1644 2396 honorem
1657 2366 1734 2395 suuni
1747 2365 1850 2404 diligit,
1868 2366 1901 2396 &
1916 2365 2030 2404 gratiam
2044 2365 2074 2394 in
2088 2363 2241 2400 conspe&u
2256 2362 2341 2402 Regis
2348 2362 2399 2394 ha-

1332 2403 1398 2434 bere
1413 2405 1548 2442 voluerit,
1567 2405 1647 2434 nullo
1660 2404 1751 2434 modo
1763 2406 1882 2433 omittat.

1366 2446 1437 2472 Item
1452 2444 1610 2472 mandatum
1618 2443 1654 2483 est
1668 2445 1813 2471 Vireromiti
1829 2442 1948 2471 Eborum
1962 2440 2038 2480 quod
2047 2464 2057 2479 ,
2069 2438 2209 2478 assJmPto
2221 2439 2314 2470 secum
2329 2439 2398 2470 Ma-

1328 2481 1417 2521 gistro
1431 2481 1590 2512 Willielmo
1601 2482 1636 2512 de
1649 2482 1788 2522 Wygorii
1804 2480 1895 2511 eidem
1909 2479 2066 2510 Edmundo
2080 2478 2115 2509 de
2127 2478 2309 2509 Thesaurariii
2323 2488 2400 2517 prae-

1329 2521 1404 2552 dicta
1416 2521 1526 2558 plenam
1546 2521 1668 2552 seilinam
1685 2521 1787 2551 habere
1801 2519 1891 2550 faciat.

1366 2600 1452 2632 Teste
1466 2602 1548 2642 Rege
1559 2602 1632 2642 apud
1645 2602 1781 2633 NVinton.
1799 2609 1834 2640 17
1849 2600 1895 2632 die
1908 2599 2089 2639 Septembris.

1425 2746 1514 2780 Bulla
1532 2745 1684 2781 othoboni>
1708 2745 1843 2786 diretta,
1870 2754 1906 2776 ut
1928 2741 2066 2788 absblvat
2095 2745 2136 2783 G,
2159 2746 2305 2776 Comitem

1776 2794 1950 2826 Gloverniae.

1333 2882 1521 2945 CLemens
1534 2883 1705 2925 Episcopus,
1719 2883 1811 2914 servus
1826 2882 1969 2914 servorum
1989 2880 2065 2920 Dei,
2082 2879 2187 2911 dilecto
2200 2879 2260 2911 filio
2274 2880 2314 2911 O.
2329 2879 2399 2912 San-

1405 2922 1444 2952 ἂί
1461 2923 1574 2953 Adriani
1588 2923 1724 2954 Diacono
1738 2920 1897 2961 Cardinali,
1915 2920 2090 2961 Apostolicae
2103 2919 2172 2950 sedis
2184 2919 2312 2959 Legato,
2330 2919 2399 2950 salu-

1331 2971 1390 2993 tem
1405 2961 1439 2991 &
1454 2961 1650 3000 Apostolicam
1664 2960 1902 2991 benedictionem.

1365 3001 1445 3031 Sicut
1459 3009 1506 3030 tua
1520 3000 1660 3031 Dii‘cretio
1675 3010 1734 3030 non
1752 3000 1874 3038 ignorat,
1889 2998 1959 3029 ol'm
1974 2998 2005 3028 in
2017 2997 2122 3027 minori
2137 2995 2240 3027 officio
2254 2995 2395 3028 constitu-

2410 2209 2461 2238 ⁶1.
2474 2202 2561 2247 8:59³

2414 2883 2491 2916 Ann.
2504 2883 2548 2918 D.·

2438 2923 2523 2963 1265.

2412 2965 2465 2990 An.
2478 2971 2528 3000 49.

2414 3006 2448 3028 H.
2464 3011 2490 3037 3.

1328 3041 1367 3079 ti,
1382 3039 1452 3072 dum
1465 3040 1493 3068 in
1507 3038 1612 3079 Regno
1629 3038 1742 3078 Angliae
1755 3060 1766 3076 ,
1782 3037 1911 3076 Walliae,
1928 3037 1961 3068 &
1977 3036 2096 3066 Iberniae
2117 3035 2239 3076 partibus
2253 3035 2396 3075 legationis
2410 3043 2449 3066 Ex
2463 3041 2524 3074 Au-¹

1331 3076 1487 3109 ministerio
1501 3077 1680 3117 fungeremur

1332 3116 1442 3148 cestriae
1456 3139 1466 3154 ,
1485 3114 1649 3147 G'ilbertum
1670 3099 1837 3145 dloverniae
1851 3137 1861 3153 ,
1883 3124 1915 3144 ac
1962 3122 2080 3154 ogerum
2091 3111 2277 3143 Norfolchiae
2293 3111 2398 3143 Comi-

1333 3165 1390 3195 tes,
1408 3155 1441 3186 ὃς
1455 3155 1606 3185 nonnullos
1619 3155 1686 3185 alios
1707 3152 1852 3192 Magnates
1871 3152 1967 3193 Regni
1981 3152 2121 3190 ejusdem,
2134 3150 2292 3188 hujusmodi
2305 3151 2400 3182 turba-

1333 3194 1418 3225 tionis
1438 3193 1546 3223 ad'cores
1559 3216 1568 3230 ,
1583 3202 1652 3223 cum
1673 3193 1806 3222 omnibus
1825 3191 1891 3230 illis,
1910 3192 1958 3230 qui
1975 3192 2014 3221 eis
2024 3190 2121 3221 darent
2135 3189 2307 3228 consilium,
2323 3190 2400 3220 auxi-

1335 3233 1404 3263 lium
1421 3231 1466 3262 vel
1487 3231 1614 3262 favorem
1629 3254 1639 3269 ,
1657 3240 1756 3260 eorum
1777 3230 1863 3270 culpis
1879 3230 2055 3270 exigentibus
2067 3251 2079 3267 ,
2095 3229 2183 3259 varias
2195 3229 2395 3258 excommuni-

1334 3272 1481 3302 cationum
1503 3270 1644 3300 sententias
1663 3268 1790 3298 duximus
1809 3268 2022 3308 promulgandas
2035 3291 2045 3305 ,
2069 3268 2103 3299 &
2122 3275 2204 3298 terras
2225 3276 2344 3305 eorum,
2361 3276 2395 3297 ac

1334 3309 1431 3340 omnia
1445 3308 1508 3338 loca
1522 3308 1623 3338 eisdem
1641 3306 1792 3337 Baron'ibus
1807 3308 1990 3345 adhaerentia,
2008 3307 2041 3338 &
2055 3306 2224 3336 nominatim
2239 3304 2398 3336 Civitatem

1334 3347 1519 3416 Lonffiqgen'
1535 3347 1568 3377 ὅ(
1583 3346 1705 3385 quinque
1723 3345 1825 3376 Portus
1845 3346 1970 3386 Angliae,
1988 3344 2180 3386 supposuimus
2197 3342 2402 3375 Ecclesiastico

1337 3395 1409 3418 inter
1430 3395 1438 3414 i
1470 3395 1503 3414 o·

1376 3424 1412 3455 Et
1428 3408 1616 3461 postr’nodum
1631 3445 1641 3461 ,
1663 3432 1748 3461 prout
1771 3422 1905 3453 Domino
1924 3422 2050 3463 placuit,
2073 3422 2108 3453 ad
2126 3422 2238 3459 apicem
2255 3420 2398 3451 summum

1337 3461 1506 3501 apostolatus
1519 3460 1662 3500 assumpti,
1681 3461 1840 3492 memoratis
1855 3460 2032 3497 Comitibus,
2052 3459 2222 3497 Batonibus,
2240 3460 2274 3490 &
2294 3458 2351 3489 aliis
2362 3455 2399 3500 ad

1339 3501 1474 3533 Ecclesiae
1489 3501 1628 3539 gremium
1648 3500 1736 3530 redire
1755 3510 1814 3530 non
1829 3499 2004 3537 curantibuS,
2022 3497 2065 3528 sed
2087 3499 2117 3528 in
2136 3497 2182 3529 sua
2196 3495 2300 3528 malitia
2311 3493 2399 3525 obsti-

1338 3541 1424 3577 natis,
1441 3537 1600 3579 processum
1616 3548 1664 3575 per
1679 3548 1731 3568 nos
1741 3548 1839 3570 contra
1854 3539 1926 3579 ipsos
1939 3537 2085 3574 habitum,
2103 3536 2136 3567 &
2150 3536 2276 3577 praefatas
2286 3535 2314 3564 in
2325 3531 2402 3576 ipsos

1339 3588 1439 3616 terras,
1457 3578 1490 3608 &
1509 3577 1570 3606 loca
1592 3577 1722 3614 praedieta
1739 3579 1855 3617 prolatas
1875 3576 2017 3609 sententias
2057 3575 2086 3603 in
2099 3574 2146 3604 die
2158 3574 2263 3605 Coenae
2277 3571 2401 3602 Domini

1341 3619 1370 3648 in
1387 3617 1484 3653 majori
1504 3614 1626 3645 Eccleiiii
1645 3615 1766 3647 Perusin.
1785 3616 1888 3647 astante
1905 3615 2010 3645 ibidem
2022 3597 2146 3643 fidelium
2160 3609 2337 3643 multitudine
2349 3619 2403 3654 co-

1341 3655 1418 3694 piola
1434 3676 1444 3691 ,
1464 3653 1499 3683 de
1516 3653 1630 3683 fratrum
1649 3654 1810 3685 nostrorum
1831 3654 1949 3684 consilio
1967 3651 2162 3683 ratificavimus
2183 3651 2216 3682 δε
2233 3647 2399 3692 approbavi-

1342 3703 1421 3730 mus,
1440 3701 1474 3721 ex
1489 3691 1564 3722 certa
1577 3692 1687 3723 scientia
1704 3694 1737 3724 &
1752 3694 1920 3723 ευᾶοῑίωῐθ
1932 3689 2102 3731 Apostolica
2113 3686 2399 3724 confirmavimus,&

1343 3731 1528 3771 praecepimus
1544 3730 1599 3760 illas
1610 3731 1805 3762 inviolabiliter
1818 3732 1855 3761 ab
1868 3732 2002 3761 omnibus
2014 3728 2167 3760 observari:

1382 3768 1491 3798 Verum
1513 3769 1577 3806 quia
1594 3778 1764 3801 memoratus
1787 3769 1896 3800 Comes
1915 3768 2097 3804 Gloverniae,
2111 3765 2177 3795 sano
2193 3760 2293 3805 duetus
2307 3762 2402 3794 confi-

1340 3807 1381 3837 lio
1395 3829 1406 3845 ,
1428 3806 1467 3836 sui
1489 3808 1587 3837 erroris
1606 3807 1709 3848 lapsum
1723 3831 1733 3846 ,
1749 3816 1832 3846 prout
1850 3807 1945 3837 decuit
1987 3802 2205 3846 recognoscem,
2222 3799 2325 3844 dilecsto
2340 3801 2400 3845 filio

1342 3845 1485 3876 Edwardo
1497 3868 1507 3884 ,
1525 3846 1653 3877 cariffimi
1673 3849 1702 3877 in
1719 3845 1838 3877 Christo
1854 3845 1900 3875 filii
1913 3830 2002 3875 nos’tri
2021 3843 2106 3885 Regis
2119 3839 2277 3906 Αηῆὲῗωτη
2291 3839 2401 3870 illustris

1343 3884 1548 3922 primogenito,
1569 3883 1650 3924 Rege
1669 3885 1745 3926 ipso,
1765 3895 1813 3922 per
1830 3883 1960 3924 praefatos
1973 3881 2102 3911 Comites
2121 3878 2154 3907 &
2214 3886 2338 3917 agnates,
2352 3877 2403 3908 ad-

1342 3923 1399 3952 huc
1420 3931 1472 3961 pro
1491 3932 1590 3952 eorum
1610 3924 1754 3954 voluntate
1774 3923 1890 3953 detento
1902 3945 1912 3959 ,
1935 3927 2034 3952 contra
2054 3915 2167 3946 eosdem
2189 3915 2347 3955 symonem
2365 3916 2399 3947 δί

1344 3959 1491 3999 Magnates
1505 3984 1515 3998 ,
1534 3960 1648 4001 suosque
1687 3962 1717 3991 in
1735 3961 1788 3990 hac
1810 3967 1885 4000 parte
1897 3982 1907 3996 ,
1922 3967 1990 3989 corn
2011 3956 2075 3985 lices
2086 3952 2254 3997 'constanter
2274 3954 2403 3993 adhaesit²

1342 3999 1376 4030 &
1389 3998 1424 4028 ad
1438 3999 1632 4030 liberationem
1677 4000 1733 4039 egis
1747 3999 1829 4036 ipsius
1843 3997 1957 4028 viriliter
1971 3995 1996 4024 la
2037 4000 2123 4022 ravit:

1375 4035 1447 4068 Nos
1459 4059 1470 4076 ,
1486 4046 1598 4078 propter
1615 4038 1674 4070 hoc
1686 4060 1698 4076 ,
1715 4037 1804 4076 ipsum
1821 4033 1949 4074 prosequi
1962 4055 1974 4072 ,
1989 4039 2127 4071 quantum
2141 4040 2215 4075 cum
2224 4030 2295 4064 Deo
2308 4029 2405 4103 pzffu-

2365 4077 2414 4106 ⁰⁵1

1714 3077 1741 3106 in
1754 3075 1896 3119 quondam
1910 3075 1929 3106 S
1949 3084 2067 3105 moriem
2083 3073 2119 3104 de
2132 3073 2306 3104 Monteforti
2320 3073 2395 3118 Leyj
2405 3084 2471 3115 togr.
