2570 4261
2 245 4 258 1
18 276 95 308 'Anm
110 272 150 305 D.

1 330 4 347 i,
37 313 119 353 1265.

0 370 3 389 ³
15 358 78 384 Hen.
90 362 117 391 3.

0 490 2 522 l

0 546 1 578 l

0 612 1 635 l

0 1337 64 1367 ¹⁰1.
79 1337 148 1375 809.

49 2335 110 2369 Rege

12 2373 136 2439 XPtiwi.)

44 2418 92 2438 nn.
140 2429 146 2435 .

37 2447 123 2485 1265.

11 2489 66 2515 An.
80 2495 129 2522 49.

13 2529 50 2553 Η.
71 2533 96 2561 3.

15 2565 132 2602 Pat.49.

13 2605 50 2629 H.
66 2610 92 2638 3.
105 2611 132 2629 n.

16 2647 63 2675 7¹·

59 3481 121 3514 Rege

21 3517 123 3553 captivo
128 3535 134 3542 .

24 3553 103 3585 Ann.
118 3552 160 3584 D.

54 3600 66 3621 1
71 3593 125 3630 265
131 3615 138 3622 .

23 3634 76 3659 Aa.
91 3641 137 3666 49.

23 3673 129 3735 ᾗὲαῖἧι.

799 199 912 242 ΕΤ
992 200 1261 243 ACTA
1342 202 1822 250 PUBLICA.

169 284 190 322 ,3
206 282 265 314 silio
289 283 328 315 M
398 292 459 317 tum
482 284 671 325 nostrorum,
694 285 776 316 fuerit
795 284 938 325 provisum
957 288 1033 326 quod
1055 289 1070 318 Ξι
1091 286 1231 318 nonnullis

166 345 187 362 „
206 322 326 363 ejusdem
373 325 435 363 egni
449 325 661 355 Sacramentum
676 325 705 354 in
720 325 829 363 forma,
852 334 937 362 quam
953 325 1087 365 Magister
1100 325 1230 356 Thomas

166 384 187 404 „
204 360 240 391 de
252 361 426 394 Puvelesdon
437 364 520 393 vobis
531 372 653 401 exponet
668 373 701 393 ex
714 371 791 402 parte
805 363 897 393 nostra
911 387 920 401 ,
945 366 1026 395 nobis
1039 365 1229 404 praestaretur,

165 423 186 440 „
205 400 238 431 &
253 400 397 432 Robertus
407 401 531 440 Aguilun
547 402 759 432 Sacramentum
773 401 839 432 illud
854 403 937 432 nobis
951 403 1084 433 hastenus
1098 401 1227 442 praestare

163 462 185 478 „
202 437 337 470 distulerit
349 462 359 479 ,
385 449 419 469 ac
432 461 442 477 ‚
465 439 501 469 de
516 439 654 470 Concilio
673 439 772 470 nostro
793 440 928 479 praedieto
942 463 952 478 ‚
973 443 1053 472 vobis
1066 452 1115 480 per
1127 442 1228 471 litteras

163 500 182 517 ,.
198 477 306 508 nostras
320 486 459 515 patente-S,
477 487 543 516 quas
558 480 610 508 una
631 488 698 508 cum
718 478 895 518 praesentibus
910 481 989 509 vobis
1001 480 1228 517 transmittimus,

163 538 184 555 „
199 514 366 555 potestatem
378 515 506 546 dedimus
518 516 732 548 Sacramentum
742 517 809 547 illud
823 518 858 547 ab
871 527 906 547 eo
918 519 1070 556 recipiendi
1083 519 1147 550 vice
1160 527 1226 548 nos-

163 577 184 593 „
203 562 243 585 tra
277 562 361 591 prout
376 554 404 584 in
419 554 514 585 litteris
527 554 666 594 praedietis
681 555 787 594 plenius
801 557 979 595 continetur,

200 615 221 631 „
242 576 333 622 ilobis
351 592 515 623 mandamus
536 593 612 631 quod
627 617 636 632 ‚
659 594 678 623 si
697 593 825 632 praefatus
852 594 994 626 Robertus
1015 595 1233 626 Sacramentum

161 653 184 670 „
201 629 372 698 praeditfitum
386 641 484 671 coram
497 633 579 662 vobis
590 631 718 668 praestare
733 632 911 671 recusaverit,
929 634 974 664 vel
994 634 1128 664 malitiose
1140 634 1229 664 distu-

163 693 186 711 ,‚
213 668 282 708 erit,
298 677 367 700 tunc
379 670 469 710 ipsum
484 669 612 707 arestari,
631 670 664 701 δε
677 670 751 701 salvo
765 670 896 701 custodiri
910 672 1028 710 faciatis,
1047 672 1140 704 donec
1155 672 1228 703 aliud

162 731 183 748 „
201 707 216 737 a
236 709 321 753 nobis
341 708 407 739 inde
428 709 583 747 receperitis
603 709 633 739 in
655 708 791 740 mandatis
804 732 814 749 ,
837 711 871 741 &
891 709 948 741 hoc
971 711 1124 742 nullatenus
1142 712 1229 741 omit-

198 753 268 778 tatls.

159 770 183 787 υ
200 808 209 824 ,
236 785 282 816 Ad
297 784 362 816 haec
376 809 386 823 ,
410 786 475 824 quia
488 785 618 823 praefatus
636 784 782 817 Robertus
802 796 852 827 per
871 786 1033 818 dilationem
1047 787 1231 827 praestationis

165 846 185 863 υ
203 807 377 855 §aeramenti
390 824 520 862 praediffl
535 826 622 864 magis
635 825 662 854 se
677 826 760 855 nobis
777 824 895 856 reddidit
908 826 1064 866 suspetfftum
1074 849 1084 864 ‚
1099 827 1230 856 volumus

163 885 186 901 „
202 862 297 902 quod,
317 861 443 902 praestito
457 863 640 894 Sacramento
652 863 805 903 praediCm,
822 865 928 894 bonam
943 865 978 895 ab
989 875 1024 895 eo
1039 865 1177 904 recipiatis
1190 864 1230 894 se-

164 923 186 939 „
203 901 351 931 curitatem
365 901 443 941 super
455 901 651 932 observatione
659 902 831 933 Sacramenti
845 902 964 941 ejusdem
972 926 981 941 ‚
989 903 1023 934 &
1035 904 1120 932 etiam
1133 912 1231 933 emen-

164 961 184 978 „
201 938 244 969 dis
263 939 490 980 competentibus
503 963 513 978 ,
545 941 628 971 nobis
647 940 780 972 faciendis
800 951 852 980 pro
875 941 1085 981 transgressione
1105 941 1139 973 ὃ(
1159 950 1231 971 con-

163 1000 184 1017 „
202 985 328 1016 oempru,
343 978 425 1010 nobis
439 978 519 1010 facitis
533 979 564 1010 in
576 978 729 1020 praemiffis.

199 1077 221 1095 2,
235 1053 324 1086 Teste
337 1063 368 1087 ut
380 1054 467 1096 supra.

162 1135 187 1173 3,
199 1132 255 1189 R
264 1131 290 1162 E
298 1131 331 1163 X
347 1132 441 1163 eidem
452 1131 585 1165 Roberto
600 1134 722 1166 salutem.

294 1194 315 1210 „
333 1170 411 1202 Cum
447 1171 535 1203 sedata
550 1174 730 1211 turbatione,
747 1182 834 1211 nuper
846 1172 940 1204 habita
952 1173 981 1202 in
995 1171 1102 1212 Regno
1115 1170 1231 1209 nostro,

163 1233 184 1250 „
201 1207 237 1239 de
250 1209 368 1240 consilio
456 1218 552 1241 natum
567 1212 729 1242 nostrorum
742 1234 752 1250 ‚
778 1211 921 1252 provisum
935 1211 1017 1241 fuerit
1032 1210 1110 1251 quod
1124 1211 1139 1240 a
1156 1219 1232 1239 non-

162 1272 184 1288 „
202 1248 285 1279 nullis
296 1249 417 1286 ejusdem
463 1250 527 1288 egni
540 1249 754 1281 Sacramentum
763 1272 773 1288 ,
790 1249 868 1289 quod
881 1249 997 1280 fortaffis
1010 1259 1061 1280 vos
1075 1249 1156 1278 latere
1171 1257 1232 1277 non

162 1310 183 1327 „
202 1286 357 1326 credimus,
374 1288 457 1317 nobis
471 1286 644 1325 praestaretur
660 1311 670 1326 ,
694 1298 727 1318 ac
743 1298 794 1318 vos
814 1288 1028 1318 Sacramentum
1049 1287 1118 1317 illud
1139 1285 1234 1316 haite-

163 1349 184 1365 „
202 1335 253 1356 nus
264 1325 393 1366 praestare
405 1325 579 1364 distuleritis,
597 1334 710 1364 propter
724 1325 803 1365 quod
819 1324 927 1364 Majori
949 1327 965 1342 *
979 1324 1081 1355 nostro
1097 1324 1233 1355 London.

162 1388 184 1405 „
203 1364 397 1433 mffihVimus
415 1363 494 1403 quod
516 1364 731 1395 Sacramentum
750 1363 876 1396 vestrum
898 1366 914 1395 a
934 1364 1017 1395 vobis
1039 1364 1154 1402 recipiat
1168 1364 1233 1394 vice

202 1413 241 1433 no
279 1413 308 1433 a:

163 1426 184 1443 υ
199 1465 221 1481 ,,
238 1441 329 1472 Vobis
342 1440 507 1471 mandamus
518 1463 529 1479 ,
555 1439 673 1472 firmiter
688 1441 861 1480 injungentes
874 1463 884 1480 ,
909 1441 1035 1479 quatinus
1049 1441 1077 1470 in
1091 1440 1233 1485 praesentia

161 1503 184 1520 „
202 1480 271 1511 dieti
286 1479 406 1516 Maioris
424 1479 638 1510 Sacramentum
657 1479 724 1510 illud
746 1479 850 1518 absque
864 1479 1028 1510 difficultate
1047 1478 1182 1518 praestetis
1203 1489 1234 1509 m

162 1542 183 1560 ,‚
200 1520 311 1556 forma,
326 1528 413 1556 quam
429 1518 511 1548 vobis
530 1518 657 1558 injunget
671 1527 706 1547 ex
721 1526 797 1558 parte
817 1517 937 1557 nostra,
959 1518 993 1550 &
1007 1517 1082 1556 hoc,
1100 1518 1170 1549 sicut
1183 1527 1235 1549 vos

161 1581 183 1598 ‚‚
200 1559 234 1590 &
245 1555 335 1589 vestra
349 1556 477 1596 diligitis,
493 1556 648 1588 nullatenus
661 1557 803 1588 omittatis.

193 1630 218 1674 ,‚
232 1632 323 1666 Teste
335 1641 367 1666 ut
381 1633 467 1673 supra.

160 1715 185 1752 '„
199 1710 288 1768 RE
298 1709 330 1741 X
350 1709 493 1750 Magistro
502 1709 633 1741 Thomoe
646 1709 683 1741 de
696 1709 870 1741 Piwelesden
885 1709 1010 1742 salutem.

293 1772 314 1788 „
328 1749 545 1786 Transcriptum
560 1749 711 1779 litterarum
725 1748 884 1779 nostrarum
893 1772 903 1788 ,
920 1749 1023 1788 Maiori
1039 1748 1138 1780 nostro
1153 1747 1236 1779 Lon-

160 1808 185 1828 „
200 1786 269 1816 don.
284 1787 471 1826 direc'tarum,
488 1787 570 1817 vobis
584 1787 795 1819 transmittimus
808 1787 986 1828 praesentibus
999 1787 1169 1826 interclusas,

199 1847 222 1864 ‚,
236 1824 297 1856 Vos
310 1834 439 1866 rogantes
451 1826 598 1865 quatinus,
612 1836 710 1857 earum
723 1835 821 1857 tenore
835 1826 940 1864 plenius
952 1826 1111 1865 intellecsm,
1127 1827 1160 1856 ὃς
1174 1834 1236 1855 ves-

161 1886 187 1904 „
200 1872 242 1894 tra
256 1863 395 1896 mediante
409 1863 542 1895 industria
555 1887 565 1903 ,
586 1866 733 1904 negotium
749 1864 816 1895 illud
832 1865 888 1895 una
903 1875 971 1895 cum
986 1865 1105 1903 praefato
1123 1863 1234 1902 Majore

163 1925 184 1942 „
203 1903 368 1941 compleatis
401 1911 466 1933 tout
481 1904 567 1943 magis
587 1905 710 1935 videritis
729 1903 860 1942 expedire
872 1926 882 1942 ,
902 1904 936 1934 ὃς
955 1911 1039 1943 prout
1060 1904 1117 1933 aliis
1138 1902 1235 1933 Sacra-

163 1964 185 1981 „
204 1950 334 1972 mentum
357 1942 425 1972 ilud
447 1941 602 1979 iniunxistis
614 1965 625 1982 ,
650 1943 688 1973 ita
708 1943 786 1983 quod
806 1942 980 1983 diligentiam
998 1941 1121 1973 vestram
1133 1941 1234 1972 exinde

165 2002 186 2020 „
205 1981 309 2010 merito
323 1980 525 2012 commendare
537 1980 698 2012 debeamus.

197 2079 220 2097 ‚2
236 2056 327 2089 Teste
342 2066 373 2090 ut
386 2057 472 2098 supra.

162 2192 223 2225 Pro
239 2192 359 2224 Simone
379 2190 415 2225 de
430 2191 615 2237 Monteforti
632 2191 668 2225 de
688 2194 856 2225 Securitate
870 2189 1034 2238 prestanda
1051 2203 1072 2225 a
1092 2189 1238 2238 Johanne

590 2240 667 2285 filio
685 2240 796 2275 Alani.

162 2328 185 2365 ζ,
203 2326 265 2400 R
275 2324 301 2356 E
312 2324 344 2357 X
356 2325 462 2358 dilecto
474 2326 527 2358 Ne
568 2328 589 2359 ti
603 2325 654 2357 suo
668 2326 781 2358 Simoni
795 2326 832 2358 de
847 2325 1039 2365 Monteforti,
1057 2325 1116 2357 filio
1132 2325 1238 2358 Comi-

163 2387 185 2404 „
275 2366 310 2395 tis
327 2365 509 2404 Leicestriae,
537 2366 650 2396 alutem.

203 2425 225 2441 ,‚
242 2401 340 2443 Cum,
359 2403 395 2434 de
406 2403 543 2435 Concilio
558 2403 729 2444 Magnatum
741 2403 920 2441 nostrorum,
939 2403 1061 2442 quisunt
1074 2402 1110 2434 de
1125 2401 1238 2433 Conci-

165 2463 186 2481 „
205 2442 245 2471 lio
258 2441 360 2473 nostro
373 2466 382 2480 ,
406 2452 496 2480 nuper
512 2443 656 2480 provisum
669 2442 754 2473 fiierit
773 2441 852 2480 quod
872 2441 987 2479 quidam
1000 2442 1037 2472 de
1051 2442 1158 2480 Regno
1172 2451 1238 2472 nos-

165 2503 186 2519 „
204 2488 267 2519 tro,
285 2490 345 2511 non
359 2481 496 2510 inmerito
508 2480 624 2520 suspeeti
636 2505 646 2518 ,
672 2480 847 2511 securitatem
868 2479 1032 2520 praestarent
1053 2490 1106 2520 pro
1122 2489 1191 2518 pace
1206 2481 1236 2510 in

166 2541 187 2558 „
204 2518 312 2558 Regno
325 2518 424 2549 nostro
436 2518 613 2550 affecuranda
630 2520 664 2550 &
683 2517 818 2549 firmanda
832 2542 842 2557 ,
863 2527 897 2548 ac
910 2517 1054 2557 johannes
1068 2517 1139 2549 filius
1152 2518 1237 2549 Alani

165 2581 191 2597 „V
202 2557 275 2587 inter
288 2556 354 2588 tales
367 2557 552 2588 Securitatem
566 2557 726 2595 hujusmodi
742 2556 874 2587 nondum
886 2556 1058 2595 praestiterit3

207 2617 229 2634 „
244 2594 304 2626 Pro
324 2603 365 2627 ter
399 2595 458 2626 uod
473 2597 499 2626 ei
513 2596 696 2635 mandamus,
715 2595 831 2625 firmiter
851 2595 1042 2634 injungentes,
1060 2596 1186 2633 quatinus
1205 2593 1238 2624 fi-

165 2657 187 2675 „
205 2635 277 2664 lium
303 2643 372 2664 uum
433 2633 575 2665 haeredem
587 2635 670 2665 vobis
684 2635 740 2665 fine
753 2633 888 2664 dilatione
903 2634 1008 2671 tradat,
1027 2633 1188 2669 habendum
1204 2634 1238 2664 &

166 2696 188 2714 „
206 2672 382 2703 retinendum
407 2673 437 2703 in
460 2672 621 2712 hostagium
645 2673 741 2704 donec
766 2672 942 2704 securitatem
968 2672 1133 2712 praedi&am
1155 2673 1238 2703 nobis

165 2735 187 2752 ‚,
205 2709 380 2750 praestiterit,
399 2712 470 2742 ficut
481 2712 652 2749 praedictum
666 2711 723 2750 est3

201 2773 223 2790 „
239 2749 294 2780 Vel
307 2772 317 2789 ‚
342 2750 362 2779 fi
382 2749 457 2780 forte
478 2749 589 2781 dietum
611 2750 700 2780 filium
723 2749 804 2780 suum
825 2748 920 2780 secum
935 2760 995 2780 non
1007 2749 1107 2781 habeat
1116 2749 1151 2780 ad
1165 2759 1238 2789 prae-

165 2812 186 2830 „
204 2791 264 2820 sens
277 2810 287 2826 ‚
311 2796 380 2818 tunc
394 2787 528 2819 Castrum
541 2788 621 2819 suum
635 2788 671 2819 de
685 2788 819 2818 Arundell
839 2788 923 2818 vobis
941 2788 998 2818 sine
1017 2788 1152 2820 dilatione
1167 2789 1238 2818 libe-

166 2851 187 2868 „
205 2836 264 2866 ret,
280 2826 442 2858 habendum
456 2827 490 2858 &
504 2827 683 2858 retinendum
703 2827 732 2857 in
746 2826 906 2866 hostagium
927 2828 957 2857 in
975 2827 1067 2858 forma
1085 2827 1240 2865 praedie‘ta3

165 2890 188 2907 „
207 2867 241 2898 &z
255 2867 328 2904 hoc,
348 2865 416 2896 sicut
425 2865 459 2896 ad
474 2875 576 2903 pacem
587 2866 714 2897 nostram
726 2864 784 2896 esse
794 2866 932 2904 voluerit,
951 2866 1030 2896 nullo
1044 2866 1136 2898 modo
1150 2868 1239 2897 omit-

208 2913 261 2937 tat:

167 2929 190 2947 ’²
206 2969 227 2983 „
246 2943 337 2974 Vobis
353 2941 535 2981 mandamus,
555 2941 670 2973 firmiter
683 2943 875 2983 injungentes,
894 2950 925 2973 ut
938 2941 1027 2974 filium
1043 2945 1078 2976 &
1093 2944 1237 2975 haeredem

169 3005 190 3021 „
207 2980 500 3020 praedietiJohannis,
514 2981 560 3011 vel
581 2980 714 3012 Castrum
736 2981 816 3012 suum
836 2981 1023 3021 praedistum,
1041 2983 1077 3013 ab
1092 2984 1152 3024 ipso
1167 2984 1238 3014 reci·-

168 3043 190 3059 „
205 3021 299 3060 piatis,
317 3019 497 3049 retinendum
509 3020 540 3049 in
553 3019 713 3061 hostagium
725 3021 755 3051 in
771 3020 863 3051 forma
875 3020 1017 3060 praedidta.

207 3118 229 3136 „
242 3094 333 3128 Teste
347 3094 430 3136 Rege
441 3095 516 3137 apud
527 3095 763 3128 Winchecutnbe
771 3120 781 3137 ,
798 3096 837 3129 26
850 3096 897 3128 die
911 3096 1023 3138 Aprilis.

491 3194 512 3211 „
531 3174 585 3202 Per
600 3176 728 3203 Comitem
744 3173 915 3215 Leicestriae,
933 3174 1143 3215 Justiciarium,
1159 3177 1192 3204 R.
1210 3175 1241 3204 de

516 3233 536 3249 „
547 3213 646 3241 Sanc‘lo
657 3212 790 3251 Johanne
798 3236 808 3252 ,
826 3212 864 3248 &
879 3215 1007 3252 Egidium
1021 3215 1053 3244 de
1066 3218 1240 3251 Argentenn.

176 3344 226 3375 De
230 3340 317 3386 filio,
341 3350 397 3374 aut
417 3339 517 3384 Castro
535 3341 668 3387 ejusdem
683 3341 837 3389 Johannis
853 3344 1018 3388 tradendo,
1044 3349 1074 3379 in
1090 3346 1242 3391 sicurita-

580 3401 640 3423 tem
652 3390 837 3437 praedislam.

178 3499 198 3515 „
216 3473 483 3544 REXgohanni
497 3474 555 3504 filio
571 3474 652 3505 Alani
665 3475 788 3507 salutem.

309 3537 318 3553 ,
377 3523 427 3544 um
440 3536 450 3552 ,
475 3512 510 3543 de
521 3512 651 3544 Consilio
669 3513 838 3554 Magnatum
851 3516 1013 3549 nostrorum
1063 3519 1111 3556 qui
1128 3518 1190 3548 sunt
1206 3517 1242 3548 de

177 3577 198 3594 „
219 3552 315 3584 Conci
329 3554 356 3583 'o
371 3551 485 3590 nostro,
505 3561 593 3595 nuper
607 3553 751 3591 provisum
763 3554 846 3585 fuerit
860 3556 938 3594 quod
954 3541 1068 3595 quida⁷m
1088 3557 1123 3586 de
1137 3556 1243 3595 Regno

180 3615 200 3632 „
219 3591 333 3630 nostro,
354 3600 414 3622 non
429 3591 574 3621 immerito
586 3590 701 3628 suspee‘ti
715 3613 725 3629 ,
747 3591 921 3625 securitatem
935 3595 1095 3633 praestarent
1110 3604 1162 3634 pro
1175 3604 1243 3635 pace

218 3632 248 3662 in
264 3631 368 3671 Regno
382 3629 482 3660 nostro
493 3628 672 3660 assecuranda
683 3629 717 3659 &
735 3628 871 3662 firmanda
884 3655 895 3671 ‚
920 3643 953 3664 ac
966 3644 1020 3665 vos
1034 3635 1106 3663 inter
1121 3633 1187 3664 tales
1204 3634 1244 3664 se-

178 3655 200 3709 ἰ
218 3672 363 3702 curitatem
376 3667 534 3706 hujusmodi
549 3667 886 3712 nondump'raestiteritis3

214 3731 236 3748 ‚‚
250 3707 516 3778 zobiesdmangalmeqs
522 3729 533 3746 ,
551 3705 667 3750 firmiter
677 3714 852 3776 <ijrpktrmgenges
859 3731 869 3746 ,
880 3710 1112 3779 quaginuglfiliurr}
1119 3709 1243 3778 vestram

175 3770 198 3825 ζ
215 3748 533 3854 ξοωῖἔίεξὲἐεεέὶῗίεέ
540 3754 1245 3856 22:12⁰ssssssiqffi'ettiandiii'sgliidakbssnducrigfgc‘iretiiffiffi

534 3831 590 3852 one
669 3831 711 3852 un
723 3831 737 3851 a
837 3832 850 3852 r
1232 3844 1246 3850 -

174 3845 198 3900 :3
215 3834 287 3902 rittitsI:
299 3832 557 3904 ¹iicu‘3pffifftum
571 3831 621 3891 esi.
634 3831 667 3853 ec
817 3831 837 3861 p
938 3834 984 3855 am
1005 3835 1045 3855 no
1066 3836 1087 3855 ¹⁸
1109 3836 1168 3864 Ρη
1205 3835 1232 3857 te

214 3922 235 3938 ‚,
253 3900 308 3940 Et,
326 3902 345 3933 fi
358 3903 433 3933 forte
446 3900 557 3932 dietum
578 3899 667 3930 filium
690 3898 816 3930 vestrum
835 3899 985 3930 vobiscum
999 3912 1059 3932 non
1075 3901 1198 3934 habeatis
1208 3903 1242 3934 ad

177 3960 199 3977 2,
217 3939 335 4006 gfiaesens
346 3963 356 3978 ‚
373 3949 450 3984 *tunc
461 3937 735 4007 Casic‘rissrgingestrigi
748 3936 786 3981 de
805 3936 941 4006 Argndell
956 3939 1047 4008 eliadeirtn
1062 3940 1172 3986 Simoni
1188 3943 1244 3972 fine

177 3998 199 4053 33
217 3979 580 4056 „ziz‘s'ssiiiiffi’hoaa
605 3986 678 4046 iffi?
688 4014 722 4059 aa
737 3985 852 4059 ‘3533
866 3981 1246 4057 iffstssmzas‘z‘ssffissfissz

177 4074 198 4091 ‚,
217 4053 298 4084 nullo
311 4055 402 4086 modo
415 4056 565 4086 omittatis:
586 4052 786 4085 Mandavirnus
807 4062 884 4083 enim
899 4055 1016 4094 praefato
1031 4065 1050 4085 n
1107 4057 1127 4086 ti
1144 4057 1245 4088 nostro

175 4113 198 4131 ‚,
216 4100 267 4133 per
279 4091 382 4124 litteras
392 4093 499 4127 nostras
511 4101 647 4132 patentes,
668 4092 746 4132 quod
759 4092 909 4132 praefatum
923 4091 1015 4124 filium
1028 4103 1063 4126 ve
1165 4118 1177 4134 ,
1200 4095 1245 4127 vel

2278 227 2337 264 95

1271 309 1292 364 ζ
1311 286 1455 364 331}th
1458 288 1584 358 {gl-’trum
1596 293 1765 333 Ρτπάἰᾶωη
1778 296 1794 328 a
1805 294 1889 328 vobis
1900 296 2032 336 recipiat,
2047 297 2226 333 retinendum
2238 297 2269 330 in
2281 299 2338 331 for-
2352 305 2428 336 Ann,
2442 305 2476 337 D

2377 345 2460 383 1265.
2478 329 2487 345 q

1307 425 1328 441 2,
1347 402 1436 435 Teste
1449 404 1580 445 utsupra.
2349 387 2416 412 Hen.
2437 394 2463 422 3.

1293 524 1321 552 'k
1341 529 1451 564 Litera
1468 532 1542 577 Regi
1556 533 1688 565 Francia:
1703 532 1739 566 de
1755 540 1877 581 negotiis
1884 536 1950 581 fiais
1962 538 2094 572 celeriter
2110 539 2306 587 expediendis.
2354 539 2370 555 ⁴*
2385 538 2481 568 [81⁰-

1272 635 1294 652 ‚,
1313 613 1461 668 REGI
1481 614 1754 662 Franciae'salutem‚
1771 620 1806 652 ὅ(
1820 620 1934 652 smcerae
1947 621 2103 655 dilefflonis
2114 624 2259 656 arrestum.
2390 629 2451 661 Rege

1330 689 1335 695 ·
1411 676 1432 691 „
1450 652 1500 684 De
1514 664 1633 700 negotiis
1646 656 1746 701 nostris
1759 681 1769 695 ‚
1791 668 1845 696 pro
1861 660 1961 698 quibus
1975 661 2149 701 Henricum‚
2171 663 2258 695 filium
2273 663 2334 694 Re-
2352 665 2463 699 captivo.

1271 711 1290 728 ,‚
1308 699 1349 734 gis
1364 689 1565 722 Romanorum
1578 694 1705 734 illustris,
1723 706 1759 726 ne
1779 705 1857 727 otem
1876 698 2006 730 nostrum
2021 723 2031 739 ,
2055 711 2143 742 nuper
2161 702 2194 732 ad
2213 702 2332 743 praesen-
2354 701 2430 731 Αὓῐ]ι
2446 699 2487 730 D·

1270 750 1290 766 „
1307 737 1380 773 tiam·
1390 729 1509 760 vestram
1524 731 1734 772 destinavimus,
1773 737 1933 768 erenitatem
1953 738 2072 770 vestram
2092 750 2219 779 rogamus
2240 742 2273 772 &
2290 751 2332 771 re-
2375 738 2459 776 1265·

1271 788 1292 805 „
1310 777 1461 811 quirimus,
1481 778 1617 814 quantum
1629 772 1787 816 p'oli'umus,
1807 784 1940 812 quatenus
1954 777 2070 816 eadem,
2085 787 2219 819 quantum
2233 779 2267 810 ad
2281 789 2334 810 nos
2352 781 2392 804 An
2417 786 2465 812 49·

1271 828 1291 842 „
1310 814 1446 882 {gglrget'
1464 808 1563 838 nostris
1576 810 1705 847 precibus
1726 812 1760 842 ὃς
1778 822 1874 844 amore
1887 838 1897 854 ‚
1920 815 2003 846 celeri
2019 817 2106 847 velitis
2125 816 2239 848 effectui
2254 827 2334 848 man-
2355 821 2389 842 H·
2409 825 2434 852 3·

1272 865 1292 881 κ
1403 867 1409 873 ·
2358 858 2416 882 Pat-
2445 863 2471 887 9.

1309 904 1330 919 „
1347 882 1418 912 Nos
1429 885 1524 923 enim,
1539 886 1588 924 qui
1600 886 1767 919 eorumdem
1780 892 1960 930 negotiorum
1976 893 2182 930 expeditionem
2197 903 2232 924 ex
2249 894 2336 926 corde
2356 896 2390 919 H·
2400 863 2471 929 3-4m·

1272 942 1292 958 ‚,
1310 919 1492 964 desideramus
1543 923 1578 967 ad
1594 934 1625 955 ea
1643 927 1740 970 omnia
1755 950 1765 966 ,
1789 938 1852 967 quae
1867 932 1979 970 negotia
1999 932 2053 970 ipsa
2069 934 2261 971 contingunt,
2283 943 2337 973 pro
2358 932 2405 957 ⁶²·

1271 980 1293 997 „
1311 959 1394 988 nobis
1409 960 1442 990 &
1461 947 1563 991 noitns
1579 971 1705 1008 prompti
1720 965 1827 1004 semper
1847 969 1948 999 erimus
1970 969 2131 1013 &pamfli
2156 980 2240 1015 prout
2258 971 2334 1001 idem

1271 1021 1292 1035 „
1311 1006 1399 1037 nepos
1412 998 1522 1042 noster,
1540 1003 1587 1039 qui
1601 1001 1783 1046 affeetionem
1798 1004 1924 1037 nostram
1944 1007 2049 1045 plenius
2065 1017 2146 1041 novit
2161 1019 2191 1039 in
2208 1009 2260 1040 hac
2275 1019 2336 1049 par-

1272 1057 1293 1074 „
1311 1044 1355 1073 te,
1374 1035 1457 1067 vobis
1468 1037 1570 1067 referre
1580 1046 1683 1076 poterit
1696 1050 1760 1072 viva
1774 1053 1857 1073 voce.

1309 1111 1398 1144 Teste
1408 1111 1491 1153 Rege
1507 1113 1580 1154 apud
1592 1113 1746 1148 Hereford.
1762 1118 1796 1149 18
1810 1117 1856 1148 die
1871 1117 1954 1150 Maii.

1431 1214 1451 1229 ,.
1470 1192 1525 1221 Per
1536 1193 1634 1238 Regem
1641 1215 1651 1231 ,
1669 1196 1798 1224 Comitem
1819 1194 1988 1273 Leichr-iae,
2005 1198 2116 1227 Petrum
2137 1198 2168 1228 de
2188 1198 2341 1239 Montefhr-

1490 1251 1517 1306 ,ἑ
1527 1234 1717 1306 ἕέκέξέἴνιυη
1729 1233 1762 1263 de
1773 1235 1872 1264 Sanno
1908 1234 2013 1265 ohanne
2020 1257 2030 1273 ‚
2048 1234 2085 1269 ὠ·
2096 1236 2224 1274 Egia'ium
2236 1239 2269 1268 de
2276 1243 2340 1269 Ar-

1310 1344 1331 1381 „
1346 1344 1388 1372 Et
1402 1344 1564 1375 mandatum
1576 1344 1614 1386 est
1629 1347 1711 1376 eidem
1723 1349 1840 1378 Henrico
1853 1349 1927 1390 quod
1936 1347 2103 1386 diligentiam
2115 1353 2185 1379 circa
2199 1353 2345 1390 expeditio-

1273 1402 1294 1419 „
1313 1392 1373 1410 nem
1386 1383 1535 1413 eorumdem
1548 1388 1712 1422 negotiorum
1725 1394 1844 1425 apponat
1862 1399 1919 1418 cum
1933 1387 2045 1427 offella,
2061 1387 2099 1422 &
2114 1391 2174 1417 Rex
2184 1394 2344 1427 prorogavit

1275 1441 1294 1458 „
1314 1423 1338 1449 ei
1353 1424 1499 1451 terminum
1507 1421 1568 1461 fitae
1581 1424 1742 1466 reverfionis
1755 1425 1836 1466 usque
1851 1427 1892 1457 ad
1901 1430 2046 1457 terminum
2058 1425 2094 1456 ab
2109 1426 2161 1466 ipfh
2171 1431 2299 1466 petitum,

1313 1519 1333 1535 ,‚
1351 1496 1440 1528 Teste
1454 1505 1485 1529 ut
1500 1498 1589 1538 supra.

1950 1594 1971 1611 „
1987 1571 2042 1603 Per
2055 1572 2178 1605 eosdem.

1594 1704 1655 1736 Pro
1672 1705 1802 1736 Nunciis
1818 1706 1906 1751 Regis
1921 1707 2032 1739 Scotiae.

1278 1808 1299 1825 '³
1314 1785 1442 1864 RE?
1457 1787 1717 1859 ἓῗιὲἀλιῗέἒῌὲῗς
1731 1789 1908 1858 ωὸἕῗὸιιῑάο
1928 1827 1964 1873 ἀς
1977 1828 2051 1867 Bau,
2067 1828 2211 1874 walteria
2225 1829 2260 1861 de
2275 1829 2346 1874 Lin-
2364 1798 2476 1870 aiiii-2.

1277 1885 1298 1902 „
1315 1861 1415 1932 qlesst&
1423 1848 1567 1908 johannes
1578 1864 1613 1895 de
1628 1864 1699 1909 Duri
1719 1876 1799 1896 emor
1812 1889 1823 1904 ,
1847 1865 1962 1897 Nuncu
1976 1867 2127 1898 Alexandri
2138 1868 2225 1913 Regis
2239 1868 2344 1912 Scotiae
2366 1871 2441 1900 Ann.
2456 1870 2497 1901 D.

1277 1924 1298 1978 ΞΖ
1312 1911 1339 1969 211
1342 1912 1382 1970 ἓῇ
1389 1912 1428 1978 3ris
1442 1924 1453 1941 ‚
1477 1902 1529 1933 sint
1549 1912 1579 1934 m
1594 1904 1736 1986 veniendo
1749 1905 1840 1936 versus
1855 1915 1906 1935 nos
1925 1915 1960 1935 ex
1982 1914 2058 1988 parte
2077 1905 2204 1937 Domini
2216 1906 2255 1937 sui
2271 1917 2344 1945 prae-
2360 1910 2467 1983 Aiazig.

1279 2012 1301 2056 ,3
1315 1978 2346 2085 ξυὲῗὲἓῗζὲῗὲ,ᾇῗῗὲιώὲῐὲῗὲιὲῗίἓἒέηιῖῗὲςὲιὲἕέςέἑξῖῑῗξῗὶὲοᾶξ
2365 1991 2478 2058 {fita

1278 2077 1299 2093 „
1337 2066 1384 2100 arn
1397 2064 1519 2101 negotiis
1537 2056 1648 2094 nostris)
1665 2057 1739 2088 salvo
1754 2081 1764 2097 ‚
1787 2059 1829 2102 ὃς,
1840 2057 1940 2097 absque
1953 2059 2048 2097 aliquo
2070 2059 2277 2097 impedimento
2294 2071 2343 2091 ve·
2367 2068 2400 2090 Η.
2413 2071 2471 2099 3.n.

1277 2116 1298 2133 2,
1316 2104 1415 2138 mant,
1428 2095 1577 2126 nobistum
1593 2104 1757 2135 morentur,
1776 2097 1810 2128 δε
1822 2096 1887 2128 inde
1902 2098 2045 2128 recedant:

1316 2156 1326 2171 ,
1355 2132 1394 2164 Et
1408 2133 1476 2178 ideo
1489 2133 1574 2178 vobis
1590 2134 1754 2179 mandamus
1771 2134 1853 2179 'quod
1872 2135 1974 2166 eisdem
1990 2135 2115 2166 Nunciis
2136 2137 2166 2166 in
2187 2136 2346 2175 veniendo,

1351 2181 1387 2240 sn
1395 2172 1963 2249 {Quini-egat?’dfiigtuizisurlaffi'hffic'die
1977 2211 2158 2243 Pentecostes
2204 2213 2241 2244 us
2256 2223 2290 2245 ue
2310 2213 2345 2245 ad

1279 2270 1300 2287 2,
1316 2233 1505 2288 Qindenatr'i
1517 2249 1632 2282 SanCtae
1643 2236 1801 2289 Trinitat’is,
1818 2251 1949 2291 proximo
1964 2250 2131 2290 sequentem.
2169 2237 2180 2252 ²
2236 2224 2256 2253 q

1316 2347 1338 2365 ‚‚
1355 2324 1445 2356 Teste
1460 2324 1543 2367 Rege
1556 2325 1630 2368 apud
1644 2326 1797 2359 Hereford.
1810 2337 1850 2358 22
1862 2326 1908 2358 die
1922 2326 2005 2359 Maii.

2366 2104 2413 2129 60.

1277 2193 1299 2211 5>

1278 2457 1480 2492 Summonitio
1501 2463 1648 2493 exercitus
1676 2470 1779 2493 contra
1798 2457 1993 2492 Edwardum
2006 2458 2112 2503 filium
2132 2461 2241 2506 Regis,
2266 2462 2320 2506 qui
2336 2471 2352 2493 e

1579 2505 1721 2542 manibus
1741 2506 1894 2551 custodum
1913 2507 2064 2552 evaftrat.

1279 2611 1300 2630 2,
1318 2589 1585 2660 REXCJohanni
1600 2593 1637 2624 de
1649 2591 1761 2634 Eyvill‚
1778 2592 1901 2624 salutem.
2404 2594 2465 2628 Rege

1403 2653 1413 2669 ,
1472 2641 1521 2661 um
1535 2641 1604 2670 nos,
1622 2632 1657 2663 &
1670 2632 1784 2672 quidam
1800 2631 1967 2671 Magnates,
1984 2631 2018 2661 &
2031 2629 2123 2661 fideles
2138 2628 2229 2662 nostri
2239 2631 2268 2662 in
2284 2640 2347 2670 par—
2366 2631 2477 2666 captivo.

1281 2691 1301 2707 ,2
1318 2670 1392 2704 tibus
1411 2653 1572 2708 Hereford,
1589 2670 1664 2701 circa
1686 2670 1901 2710 tranquilitatem
1924 2669 1958 2701 &
1980 2678 2080 2712 pacem
2101 2671 2222 2708 partium
2237 2670 2345 2701 illarum
2367 2667 2444 2698 Ann-
2459 2666 2503 2697 D.

1280 2730 1301 2746 2,
1315 2709 1374 2747 jam
1394 2708 1503 2746 pridem
1516 2716 1644 2748 agentes,
1661 2718 1714 2749 pro
1727 2709 1831 2739 viribus
1845 2708 2061 2739 laboraverimus
2066 2730 2075 2746 ‚
2094 2716 2177 2745 prout
2190 2707 2272 2739 status
2286 2719 2348 2747 par-
2391 2707 2474 2745 1265.

1280 2768 1301 2784 ‚,
1319 2748 1392 2778 tium
1411 2746 1563 2777 earundem
1584 2748 1714 2788 requirit,
1731 2747 1869 2788 sperantes
1883 2746 2055 2779 Edwardum
2069 2745 2160 2776 filium
2172 2747 2302 2778 nostrum
2314 2747 2348 2778 ad
2369 2748 2420 2774 An.
2429 2754 2477 2781 49-

1280 2807 1301 2823 „
1318 2785 1380 2854 hos}
1406 2785 1564 2825 adjutorem
1590 2787 1767 2827 praecipuum
1788 2786 1822 2817 &
1842 2785 2043 2816 ferventiorem
2062 2794 2121 2823 prae
2140 2786 2250 2816 caereris
2266 2787 2347 2818 inve-
2369 2788 2402 2850 ΞΖ.
2415 2793 2454 2858 3-s

1317 2834 1348 2854 nl
1372 2835 1388 2855 e
2401 2831 2434 2849 au
2450 2841 2458 2849 0

1279 2845 1300 2862 υ
1319 2885 1339 2901 „
1357 2846 1437 2893 ldt'ffm
1457 2861 1625 2902 Edwardus,
1642 2863 1689 2894 die
1700 2863 1803 2932 lijvis,
1821 2864 1850 2894 in
1873 2861 2041 2893 Ebdomade
2055 2861 2252 2901 pentecostes,
2270 2864 2345 2895 circa
2369 2869 2418 2895 49·
2432 2864 2466 2887 H.
2477 2864 2504 2896 30'

1282 2925 1302 2941 ,‚
1323 2901 1423 2933 horam
1435 2901 1644 2940 vespertinam,
1667 2913 1683 2932 a
1739 2902 1830 2933 ilitum
1843 2899 2006 2939 Comitiva,
2030 2910 2101 2940 quos
2119 2900 2214 2931 secum
2234 2901 2268 2932 ad
2288 2902 2349 2943 spa·
2370 2897 2484 2934 m.4.d.

1281 2963 1301 2979 „
1320 2940 1447 2971 tiandum
1462 2948 1537 2970 extra
1548 2939 1701 2971 Hereford.
1718 2941 1850 2979 duxerat,
1869 2950 1937 2970 cum
1951 2940 2061 2970 duobus
2077 2938 2219 2970 Militibus
2232 2940 2266 2970 ὃς
2281 2950 2351 2980 qua-

1281 3001 1302 3018 „
1320 2986 1385 3009 tuor
1404 2979 1553 3016 scutiferis,
1570 2979 1705 3018 propositi
1725 2979 1765 3010 sui
1785 2978 1919 3016 consciis,
1937 2977 2028 3016 spreto
2045 2978 2163 3008 consilio
2179 2978 2296 3018 nostro,
2316 2980 2350 3011 &

1282 3040 1302 3056 „
1321 3016 1508 3057 Magnarum,
1525 3017 1559 3047 ὃς
1578 3015 1702 3048 fidelium
1722 3017 1886 3048 nostrorum
1904 3015 2123 3055 praedictorum,
2146 3016 2240 3048 subito
2262 3018 2296 3049 &
2315 3026 2351 3049 ex

1282 3078 1302 3094 ,‚
1320 3056 1368 3086 ino
1389 3057 1465 3086 inato
1479 3053 1601 3093 recessit,

1319 3116 1339 3132 „
1358 3065 1482 3132 solens,
1500 3101 1530 3124 ut
1545 3103 1598 3133 pro
1613 3101 1692 3124 certo
1705 3093 1860 3132 credimus,
1878 3093 1904 3123 se
1917 3093 1951 3124 ad
1961 3092 2124 3132 Johannem
2140 3094 2176 3124 de
2192 3093 2348 3133 Warenna,

1282 3156 1302 3172 „
1320 3133 1353 3163 &
1368 3132 1558 3163 Willielmum
1573 3131 1609 3161 de
1621 3131 1767 3171 Valentia,
1785 3133 1818 3162 ὃ(
1831 3132 1987 3170 complices
2002 3132 2079 3171 suos,
2096 3134 2146 3172 qui
2162 3142 2252 3170 nuper
2286 3134 2347 3164 abs-

1281 3194 1302 3210 „
1320 3181 1376 3209 que
1397 3171 1568 3201 conscientia
1590 3170 1685 3201 nostra
1705 3172 1738 3202 &
1752 3171 1913 3210 voluntate,
1931 3172 1964 3202 &
1977 3180 2077 3207 contra
2126 3181 2190 3202 cem
2205 3156 2347 3210 noiiram,

1281 3213 1301 3249 5,
1320 3209 1513 3247 applicuerunt
1532 3209 1561 3238 in
1581 3209 1703 3248 partibus
1725 3209 1878 3240 Pembroc.
1896 3219 1930 3240 ac
1957 3210 2041 3240 etiam
2059 3221 2075 3241 a
2115 3209 2248 3250 quosdam
2266 3209 2348 3240 Mar-

1282 3271 1302 3287 „
1321 3249 1439 3278 chiones
1453 3247 1567 3277 rebelles
1579 3246 1706 3285 nostros,
1724 3247 1758 3278 ὃς
1770 3249 1844 3288 pacis
1857 3247 1961 3278 nostrae
1976 3248 2208 3288 perturbatores*
2217 3248 2343 3278 transfer-

1282 3310 1302 3326 „
1321 3297 1350 3316 re
1365 3310 1374 3324 ‚
1399 3295 1430 3317 ut
1448 3285 1547 3316 exinde
1567 3293 1654 3323 partes
1674 3286 1752 3316 adeat
1773 3286 1962 3317 transmarinas
1978 3309 1988 3324 ‚
2015 3287 2059 3317 vel
2074 3287 2139 3317 alios
2154 3286 2219 3315 illuc
2235 3287 2343 3326 mittat,

1283 3349 1306 3365 2,
1344 3326 1370 3354 ui
1398 3325 1550 3354 adventum
1576 3324 1793 3363 alienigenarum
1820 3326 1850 3355 in
1875 3324 2011 3364 Regnum
2034 3324 2163 3355 nostrum
2187 3333 2236 3363 per
2255 3333 2346 3362 partes

1285 3387 1305 3403 „
1323 3335 1477 3393 {embron
1497 3372 1565 3392 cum
1587 3362 1652 3392 alibi
1665 3373 1724 3393 non
1737 3371 1826 3402 pateat
1841 3364 1879 3393 eis
1893 3364 1998 3401 aditus,
2014 3363 2048 3393 ad
2064 3362 2189 3393 nostram
2203 3362 2237 3392 &
2250 3363 2347 3403 Regni

1285 3425 1306 3443 „
1324 3401 1413 3432 nostri
1424 3401 1617 3432 confusionem
1639 3410 1800 3439 procurent.

1324 3463 1345 3479 „
1365 3440 1420 3479 Et,
1439 3440 1501 3479 quia
1519 3439 1626 3476 praefiiti
1643 3439 1758 3470 rebelles
1774 3439 1885 3478 nostri,
1912 3440 1978 3470 licet
1998 3439 2092 3470 adhuc
2111 3439 2192 3477 pauci
2214 3438 2349 3478 existant,

1287 3503 1308 3518 „
1347 3489 1375 3508 er
1390 3479 1448 3509 hoc
1463 3477 1627 3516 potestatem
1643 3479 1676 3508 &
1691 3480 1763 3509 vires
1774 3479 1832 3510 suas
1846 3488 1945 3518 augere
1956 3479 2082 3519 possent,
2099 3478 2148 3507 nisi
2162 3486 2260 3508 eorem
2274 3479 2351 3510 inso-

1286 3540 1306 3556 „
1334 3518 1423 3555 entia,
1441 3525 1589 3555 antequam
1603 3516 1713 3547 ulterius
1727 3517 1888 3554 invalescat,
1906 3518 1987 3546 citius
1998 3526 2027 3546 re
2049 3517 2162 3546 rimatur

1324 3579 1343 3594 ‚‚
1360 3556 1445 3593 Nos,
1470 3555 1505 3585 de
1524 3554 1615 3585 vestra
1636 3556 1670 3585 ὃς
1690 3555 1810 3586 aliorum
1830 3554 1954 3585 fidelium
1976 3557 2026 3585 noi
2042 3563 2137 3584 rorum
2160 3538 2292 3586 fidelitate
2310 3556 2345 3593 ὅς

1285 3617 1306 3633 ,,
1324 3594 1480 3625 constantia
1500 3593 1649 3636 specialiter
1661 3593 1949 3636 confidentecffobis
1965 3592 2144 3636 mandamus,
2159 3593 2189 3622 in
2203 3591 2275 3632 side,
2294 3593 2350 3625 ho-

1286 3656 1305 3671 „
1323 3634 1417 3677 magio
1440 3634 1473 3663 &
1493 3631 1658 3671 dileffione,
1676 3633 1775 3671 quibus
1794 3632 1875 3662 nobis
1897 3630 1961 3661 estis
1972 3630 2092 3669 astricti,
2110 3631 2144 3661 &
2163 3629 2214 3661 sub
2224 3633 2352 3669 periculo

1287 3695 1307 3710 „
1323 3671 1476 3702 amissionis
1489 3670 1638 3708 omnium,
1656 3680 1721 3708 quae
1736 3671 1766 3700 in
1781 3669 1886 3709 Regno
1900 3669 1999 3700 nostro
2011 3670 2110 3699 tenetis
2140 3679 2174 3700 ac
2186 3669 2236 3700 sub
2250 3670 2350 3702 debito

1288 3733 1308 3749 ,‚
1325 3709 1503 3746 sacramenti,
1541 3718 1579 3738 uo
1598 3718 1699 3738 omnes
1718 3709 1752 3739 &
1774 3708 1871 3747 singuli
1885 3707 1922 3739 de
1935 3706 2043 3746 Regno
2057 3691 2158 3738 noffio
2170 3707 2232 3739 sunt
2244 3710 2278 3740 ad
2291 3709 2350 3741 hoc

1287 3771 1306 3787 ,‚
1320 3748 1471 3793 specialiter
1491 3747 1531 3777 ob
1542 3747 1624 3786 igati,
1640 3748 1674 3778 δε
1695 3745 1772 3784 quod
1788 3748 1917 3776 volumus
1932 3744 2047 3776 firmiter
2059 3745 2214 3785 observari,
2233 3747 2352 3778 firmiter

1288 3810 1309 3825 „
1327 3789 1502 3825 injungentes
1517 3808 1526 3823 ‚
1549 3787 1677 3825 quatinus
1704 3784 1799 3815 statim
1813 3806 1824 3823 ,
1845 3784 1906 3814 visis
1925 3784 2020 3814 litteris
2038 3782 2095 3815 istis
2109 3807 2118 3823 ,
2141 3787 2276 3817 omnibus
2295 3787 2351 3817 aliis

1288 3848 1308 3864 ‚⁷
1323 3823 1525 3863 praetermissis,
1542 3833 1610 3854 cum
1628 3823 1721 3863 equis,
1740 3823 1773 3854 δί
1794 3823 1893 3860 armis,
1911 3822 1945 3853 &
1963 3831 2027 3853 toto
2046 3822 2156 3855 servitio
2169 3824 2281 3863 vestro,
2300 3824 2351 3861 sub

1288 3887 1309 3903 „
1328 3864 1409 3894 omni
1430 3861 1606 3893 festinatione
1621 3861 1658 3891 de
1674 3861 1719 3892 die
1740 3862 1774 3892 &
1789 3861 1991 3903 nodiexulque
2013 3861 2204 3902 Wygorniam
2217 3864 2351 3901 veniam,

1287 3925 1308 3941 „
1323 3902 1408 3942 parati
1427 3900 1526 3931 exinde
1546 3901 1575 3930 in
1597 3909 1682 3930 manu
1699 3899 1765 3930 forti
1783 3900 1823 3929 ire
1837 3898 1985 3930 nobiscum
1999 3899 2078 3938 super
2090 3902 2224 3932 inimicos
2236 3900 2350 3936 nostros

1289 3964 1310 3980 „
1327 3940 1491 3978 praedietoe3
1517 3939 1551 3969 &
1572 3937 1648 3977 hoc,
1662 3938 1731 3968 sicut
1753 3937 2010 3969 exhaeredationem
2029 3938 2156 3970 nostram
2178 3940 2211 3970 &
2227 3938 2349 3970 vestram

1290 4002 1310 4019 „
1327 3980 1360 4010 ὃς
1379 3984 1541 4019 perpetuam
1555 3975 1651 4016 Regni
1665 3976 1752 4007 nostri
1767 3977 1965 4008 confulionem
1977 3978 2066 4009 vitare
2079 3978 2237 4016 volueritis,
2258 3978 2291 4012 δε
2306 3978 2350 4009 vi-

1289 4041 1311 4057 „
1328 4026 1386 4048 tam
1400 4026 1452 4054 pro
1472 4016 1540 4045 riam
1553 4016 1682 4055 diligitis,
1701 4015 1779 4046 nullo
1794 4015 1884 4046 modo
1898 4016 2040 4047 omittatis.

1326 4079 1346 4095 ‚,
1366 4053 1434 4086 Nec
1466 4064 1482 4084 e
1494 4053 1715 4085 summonitione
1730 4053 1867 4085 exercith
1881 4054 2047 4086 brevitatem
2058 4055 2190 4094 temporis
2204 4053 2325 4093 allegetis
2335 4075 2348 4092 ,

1290 4117 1312 4135 „
1331 4095 1395 4135 quia
1411 4091 1598 4133 urgentiffima
1607 4092 1751 4126 necessitas
1766 4101 1876 4131 tempus
1885 4103 1948 4128 non
1955 4095 2056 4135 patitur
2068 4093 2180 4125 ulterius
2192 4092 2346 4131 prorogati,

2275 4151 2297 4169 7>
2314 4138 2350 4162 11⁸

2368 3253 2506 3288 1**Ῑ.8ιι.
