2570 4261
28 256 102 296 Ann.
118 261 161 292 D.

47 300 134 338 1278.

25 341 92 370 Ἐάν.
114 348 140 369 1·

29 551 80 579 An.
96 548 124 574 6.

27 592 58 616 Ε.
84 596 107 613 1.

27 623 159 654 immin.

27 666 64 692 A.
84 664 111 690 6.

28 706 58 728 Ε.
78 710 102 727 i.

27 748 67 769 m.
86 747 129 765 11.

39 1996 117 2032 Arm.
133 1994 173 2026 D.

68 2035 153 2073 1278.

38 2078 92 2104 An.
111 2076 138 2102 6.

39 2117 72 2141 ΣΕ.
95 2123 118 2141 ι.

38 2156 71 2181 1..
88 2155 124 2178 A.
136 2150 165 2189 f

43 2200 104 2223 ¹¹7·
119 2200 145 2216 a.

38 2231 168 2257 26711106-

42 2275 137 2297 meras.

39 2419 108 2450 511.
122 2418 170 2458 98.

49 3083 130 3116 'Ann.
143 3081 185 3113 D.

52 3122 158 3191 Alam}

53 3222 94 3266 Eic
109 3222 166 3265 ailu-

51 3282 118 3314 togr.

765 177 874 228 ET
930 186 1198 230 ACTA

178 362 227 394 De
250 365 447 395 Sacramento
471 374 493 394 a
521 360 696 406 Wlenstbus
721 364 900 410 recipiendo,
929 365 965 399 de
989 365 1130 411 obsidibus
1157 371 1232 401 reci-

217 409 333 456 piendis
351 424 362 442 .·
411 412 458 442 De
483 415 609 456 captivis
636 408 795 443 liberandis
802 425 811 450 ,-
836 417 871 450 (ῥ’
903 413 939 446 de
963 415 1027 448 dote
1042 428 1096 463 per
1114 420 1233 450 Princi-

218 469 288 504 pem
306 457 415 492 Wlliae
431 458 583 490 Alianorae
601 457 637 491 de
657 460 839 504 flaonttfortc
856 460 1037 509 affignanda.

238 545 303 576 EX
321 545 428 577 dilectis
442 547 475 577 &
490 546 614 577 fidelibus
626 547 692 586 suis,
712 548 877 580 Guncelino
892 550 927 580 de
942 551 1235 592 Batelesmere,Justi-

249 585 335 615 ciario
356 585 405 615 suo
425 584 558 623 Cestriae,
577 586 695 625 Rogero
719 586 859 618 Extraneo
890 589 965 619 fratri
980 590 1126 622 Lewelino
1145 592 1235 622 Priori

176 624 213 695 lde
226 623 381 664 Bangoria,
398 623 474 654 fratri
487 623 577 654 Priori
591 624 627 654 de
640 624 792 656 Rothelan.
808 627 841 657 &

187 671 272 693 utem.

216 701 313 732 Sciatis
331 700 408 739 quod
428 699 622 739 assignavimus
642 711 710 739 vos,
728 701 795 732 loco
817 703 921 741 nostri,
939 704 973 734 ad
993 704 1185 744 recipiendum
1198 705 1236 736 sa-

179 748 355 771 cramentum
377 740 414 769 ab
433 739 484 768 illis
503 740 602 777 viginti
625 739 803 779 hominibus,
819 742 855 772 de
875 743 984 781 singulis
1003 743 1154 782 cantredis,
1172 754 1236 783 quse

177 779 240 809 sunt
261 780 291 808 in
313 788 398 808 manu
412 775 507 806 dilecti
520 777 553 808 &
570 777 654 808 fidelis
669 778 770 815 nostri,
790 780 926 810 Lewelini
940 780 988 810 filii
1003 780 1136 819 Griffini,
1155 780 1237 811 Prin-

176 818 245 855 cipis
258 816 389 852 Wasstae,
403 814 439 844 de
451 815 642 858 observatione
657 817 745 856 pacis,
758 819 831 848 inter
842 828 894 848 nos
907 820 940 849 ὃ(
954 819 1045 859 ipsum
1058 819 1236 850 Lewelinum

176 856 270 892 initae,
286 856 363 892 juxta
377 854 501 883 formam
515 854 637 891 eiusdem
652 865 658 884 :

206 893 255 962 ξε
277 893 311 924 ad
331 892 524 932 recipiendum
543 893 668 933 obfides,
692 904 761 935 quos
780 895 856 926 idem
880 894 1038 927 Lewelinus
1063 896 1146 926 nobis
1167 897 1237 927 libe-

176 942 205 963 ra
227 940 248 962 it
267 941 273 960 :

214 970 252 1001 Et
269 970 352 1000 etiam
371 969 406 1000 ad
427 969 637 1001 deliberandum
659 980 758 1001 omnes
772 972 894 1010 prisones
908 973 1056 1004 occasione
1069 971 1157 1002 nostri
1171 982 1237 1011 cap-

215 1047 254 1078 Et
273 1046 307 1077 ad
330 1045 490 1078 faciendum
503 1046 570 1085 illis,
589 1048 637 1086 qui
652 1057 788 1080 venerunt
802 1049 836 1079 ad
851 1058 950 1089 pacem
964 1048 1109 1088 nostram,
1127 1049 1237 1081 restitu-

178 1086 288 1118 tionem
304 1093 437 1116 terrarum
452 1086 577 1125 suarum,
592 1088 669 1125 juxta
681 1088 803 1118 formam
838 1090 892 1119 acis
906 1087 1049 1128 praediftae
1067 1097 1074 1116 τ

214 1124 254 1156 Et
275 1125 359 1154 etiam
380 1123 414 1154 ad
435 1125 612 1163 faciendum,
632 1127 664 1156 &
688 1098 878 1164 recipiencium
898 1125 1029 1156 emendas
1041 1125 1077 1156 de
1089 1126 1190 1162 injuriis
1203 1126 1237 1156 ὃς

175 1164 322 1201 dampnis,
341 1163 419 1193 faecis
433 1163 597 1194 hominibus
610 1164 709 1194 nostris
724 1165 753 1194 in
770 1165 930 1205 Angleseia,
948 1163 1011 1204 post
1025 1164 1239 1194 confectionem

176 1203 250 1243 pacis
272 1201 410 1239 ejusdem,
425 1203 462 1231 ita
482 1202 576 1242 quod,
595 1213 644 1240 per
664 1203 807 1233 arbitrium
820 1202 945 1234 vestrum
960 1202 1040 1241 plene
1057 1202 1123 1232 fiant
1141 1212 1238 1232 ernen-

179 1240 224 1271 dae
236 1241 272 1271 de
284 1240 410 1278 dampnis
423 1241 488 1270 illis:

217 1279 256 1309 Et
275 1280 359 1309 etiam
382 1279 416 1308 ad
439 1277 592 1310 videndum
634 1289 679 1308 uas
699 1287 781 1310 terras
796 1279 921 1317 praefatus
936 1278 1094 1309 Lewelinus
1108 1277 1240 1317 affignare

181 1318 302 1349 voluerit
322 1318 351 1347 in
371 1317 436 1347 dote
457 1316 598 1346 Alianorae
638 1327 653 1346 e
676 1316 878 1354 Monte-forti,
897 1317 1107 1357 consanguineae
1121 1317 1242 1356 nostrae,

177 1366 262 1426 quam
275 1355 329 1393 ipse
340 1354 417 1386 duxit
426 1356 456 1384 in
470 1364 606 1393 uxorem,
623 1355 656 1386 &
669 1355 703 1385 ad
718 1356 926 1386 certiorandum
939 1365 990 1384 nos
1005 1355 1041 1385 de
1055 1355 1237 1394 affigiiatione

199 1396 252 1425 otis
263 1394 334 1424 illius
353 1404 358 1423 :

215 1434 253 1464 Et
272 1431 338 1463 ideo
359 1432 441 1462 vobis
463 1431 626 1462 mandamus
664 1431 721 1462 uod
740 1431 878 1470 praemissa
900 1431 1004 1462 faciatis
1019 1431 1047 1461 in
1064 1431 1156 1462 forma
1171 1442 1242 1472 prae-

179 1472 270 1509 dieta,
289 1471 323 1501 &
346 1470 498 1500 secundum
517 1470 593 1509 quod
613 1481 649 1500 ve
677 1481 703 1501 ra
722 1470 850 1501 discretio
871 1471 957 1509 magis
979 1469 1077 1500 viderit
1097 1472 1243 1510 expedire,

181 1513 215 1543 ὅ(
227 1511 262 1541 de
274 1509 347 1546 hoc,
366 1509 443 1548 quod
459 1511 488 1540 in
503 1509 648 1548 praemiffis
662 1509 795 1547 feceritis,
814 1519 865 1540 nos
878 1508 1012 1540 distinete
1025 1509 1059 1540 &
1073 1511 1166 1550 aperte
1181 1509 1242 1541 red-

181 1550 249 1580 datis
263 1549 402 1579 certiores.

179 1609 183 1612 ⁴
218 1587 254 1619 In
268 1588 362 1626 cujus,
378 1586 438 1617 &c.

857 611 969 658 [eonio
984 628 1042 659 filio
1058 629 1159 660 Leonii
1168 653 1178 669 ,
1195 631 1236 661 sa-

221 1667 312 1700 Teste
326 1667 408 1707 Rege
422 1665 496 1705 apud
508 1666 636 1697 Westm.
651 1673 749 1707 quarto
760 1665 804 1696 die
815 1666 944 1705 Januarii.

183 1807 292 1839 Litera
316 1801 470 1850 Johannis
499 1804 593 1836 Ducis
621 1802 806 1846 Brabantiae‚
832 1803 867 1837 de
890 1802 1040 1836 credentia
1065 1807 1101 1842 ώ-
1120 1803 1157 1836 de
1166 1814 1245 1850 pote-

222 1851 304 1897 state
329 1851 483 1885 tratiandi
509 1851 546 1885 de
570 1854 745 1900 Maritagio
770 1856 846 1885 inter
857 1852 963 1897 filium
980 1852 1075 1898 situm
1095 1855 1131 1891 ῥ’
1142 1853 1246 1898 filiam

231 1904 329 1949 Regis.

260 1990 401 2035 Treshaut
412 1990 446 2022 &
460 1989 655 2036 trespeuffiiunt
667 1981 801 2031 Seignor,
820 2000 892 2021 mon
905 1990 1022 2032 Seignor
1037 1990 1072 2021 E.
1074 2000 1134 2060 spai·
1147 1990 1171 2021 la
1187 1999 1248 2030 gra-

265 2040 299 2061 ce
312 2030 348 2060 de
362 2029 457 2068 Dieu,
476 2029 537 2060 Roi
551 2030 756 2070 d’Engleterre,
770 2029 872 2068 Jolian.
888 2039 934 2067 par
948 2030 1009 2060 cele
1025 2040 1072 2060 me
1084 2040 1142 2060 mes
1155 2039 1249 2069 grace,

191 2068 311 2139 &Dcuffisgse
319 2068 490 2137 ὲῗὲἓῧὲἀιῖ
503 2068 641 2101 Braibant.
656 2069 770 2108 saluz,e
784 2068 822 2098 liu
835 2067 870 2098 de
883 2077 925 2098 tot
939 2069 1049 2109 aparille
1064 2080 1079 2100 a
1092 2069 1118 2099 sa
1133 2069 1249 2100 volunte

224 2147 301 2184 Sire,
315 2146 345 2190 je
365 2155 458 2182 envoy
481 2156 496 2175 a
519 2153 601 2176 votre
614 2145 742 2176 hautesce
756 2154 815 2175 rnes
828 2144 960 2183 messages
975 2145 1144 2184 solempnes,
1162 2145 1249 2175 hom-

164 2216 168 2222 ,
188 2194 236 2216 me
257 2186 381 2223 religieus
404 2183 429 2213 le
451 2184 535 2214 Abbe
554 2184 589 2214 de
608 2183 685 2214 Seint
706 2183 826 2214 Bernard
847 2193 883 2213 en
902 2183 1048 2222 Braibant,
1066 2185 1152 2214 noble
1164 2184 1250 2214 home

187 2223 292 2255 Henris
312 2223 428 2263 Seignor
447 2221 482 2252 de
503 2221 648 2253 Bautersen
668 2222 837 2260 Chevalier,
855 2231 925 2252 mon
942 2222 1060 2263 Seignor
1071 2223 1164 2260 Johan
1179 2232 1250 2253 mori

187 2263 280 2293 Secrei
301 2261 474 2300 Chapelain,
499 2261 570 2291 frere
589 2260 694 2291 Henris
715 2271 785 2291 mon
807 2260 933 2291 Aumon.
952 2261 985 2292 &
1008 2260 1107 2292 Frank.
1132 2260 1168 2291 de
1190 2261 1252 2291 Lo-

187 2303 271 2342 vaing
284 2299 424 2331 Chevaler
439 2300 474 2330 de
489 2309 559 2330 mon
576 2299 689 2331 Hostel.
704 2308 833 2340 portours
845 2298 881 2329 de
895 2309 941 2330 ces
954 2300 1061 2338 lettres,

224 2340 253 2371 Si
273 2340 331 2379 pri,
351 2339 416 2377 sire,
432 2338 521 2369 vestre
541 2338 668 2370 hautesce
687 2349 742 2378 que
761 2348 832 2369 vous
847 2338 885 2369 les
903 2348 986 2369 creez
999 2348 1035 2368 en
1051 2338 1125 2368 civois:
1137 2338 1176 2368 du
1190 2347 1252 2369 ma-

187 2379 263 2419 riage
281 2378 316 2409 de
335 2377 427 2408 vestre
441 2377 514 2415 fille,
532 2378 566 2409 &
580 2377 616 2408 de
631 2387 702 2408 mon
717 2377 771 2415 fiz,
791 2379 824 2408 ὃ(
836 2377 873 2406 (16
888 2385 959 2407 totes
973 2385 1061 2407 autres
1074 2377 1186 2413 choses,
1204 2387 1253 2407 au-

188 2426 267 2448 taunt
282 2426 350 2447 com
364 2425 435 2447 vous
447 2416 535 2446 feriez
548 2417 608 2446 moi
623 2416 642 2436 ’¹‘
657 2416 788 2452 mesines5
809 2425 844 2456 qe
857 2424 911 2446 ceo
921 2438 930 2452 ,
945 2414 990 2455 q'il
1004 2415 1114 2454 feront,
1129 2415 1159 2453 je
1175 2417 1252 2454 tieng

189 2467 208 2487 a
217 2457 290 2487 ferm
305 2456 338 2486 &
351 2465 366 2484 a
380 2453 493 2484 estable.

228 2494 253 2524 E
274 2494 293 2523 si
312 2492 369 2523 ensi
389 2491 471 2523 estoit
490 2502 561 2532 que,
579 2501 626 2530 par
644 2491 753 2522 desaute
766 2490 801 2521 de
817 2489 951 2528 maladie,
968 2500 1007 2520 ou
1021 2489 1056 2520 de
1070 2500 1161 2521 aucun
1177 2499 1254 2521 autre

189 2531 338 2568 neceffite,
355 2540 449 2561 aucun
467 2531 514 2560 des
532 2530 670 2570 Meisages
689 2529 857 2559 devauntdiz
879 2539 914 2559 ne
933 2529 1060 2566 peuffent
1080 2530 1158 2559 venir
1177 2530 1200 2559 la
1215 2539 1254 2560 ou

189 2581 260 2602 vous
280 2569 385 2607 serrez,
400 2570 428 2606 je
449 2571 506 2599 νοΐ-1
526 2579 561 2609 qe
580 2569 610 2599 til
629 2579 664 2608 qe
677 2578 695 2607 y
709 2568 847 2599 vendront
858 2591 867 2606 ,
885 2569 934 2607 qui
948 2577 993 2597 ees
1009 2567 1144 2605 presentes
1163 2568 1254 2597 lettres

189 2615 369 2647 aporteront,
386 2608 460 2637 eient
479 2615 592 2637 autaunt
607 2607 643 2637 de
663 2616 731 2647 poet
745 2606 781 2638 de
795 2605 926 2636 sommeir
939 2605 976 2636 les
990 2605 1153 2645 bosoignes,
1168 2616 1255 2637 come

191 2648 224 2679 ils
238 2647 369 2678 effoirent
381 2653 464 2677 toutz
480 2645 626 2676 ensemble.

228 2728 271 2766 E,
290 2737 342 2766 por
365 2736 419 2757 ceo
439 2736 474 2767 qe
496 2735 550 2756 ceo
569 2726 620 2756 soit
639 2728 728 2757 ferme
747 2725 830 2756 chose
853 2725 886 2756 &
902 2725 1020 2764 estable,
1038 2735 1110 2756 vous
1122 2735 1216 2766 envoy
1228 2727 1259 2764 je

194 2777 254 2798 mes
275 2766 365 2796 lettres
385 2773 510 2802 overteS,
528 2764 623 2795 sealees
643 2765 679 2795 de
699 2774 771 2795 mon
792 2763 859 2802 seal,
877 2764 953 2794 faites
976 2766 1009 2795 ὃ(
1026 2764 1131 2795 donees
1152 2775 1188 2795 en
1204 2765 1256 2795 l'au

194 2805 249 2836 del'
264 2805 440 2835 incarnation
453 2803 547 2834 nostre
559 2803 669 2844 seignor
686 2803 772 2842 1278,
788 2804 814 2834 le
822 2802 894 2841 Jour
910 2802 945 2833 de
958 2802 982 2833 la
992 2803 1151 2844 Tipheyne.

240 2937 332 2970 Bulla
353 2937 394 2968 N
395 2933 505 2968 icholai
521 2937 618 2970 Tertii
630 2963 639 2978 ‚
663 2947 717 2983 per
734 2949 827 2984 quam
835 2935 986 2983 fignificat
1008 2938 1082 2983 Regi
1093 2946 1214 2983 promo-

608 2988 718 3018 tionem
740 2986 845 3032 fimm.

203 3072 389 3135 NIcolaus
403 3072 574 3113 EpiscopuS,
593 3073 683 3104 servus
696 3073 839 3105 servorum
854 3074 928 3113 Dei,
945 3074 1085 3106 carissimo
1098 3075 1127 3105 in
1145 3072 1262 3103 Christo

299 3110 358 3141 filio
517 3111 593 3151 Regi
612 3111 723 3152 Angiiae
744 3113 858 3153 illustri,
877 3113 988 3144 salutem
1009 3114 1043 3144 &
1063 3112 1262 3154 Apostolicam

204 3149 438 3180 beneditstionem.

239 3187 391 3219 Immensae
411 3189 492 3219 Deus
513 3189 663 3227 potentiae,
678 3191 726 3230 qui
749 3191 887 3222 mundum
904 3201 953 3232 per
968 3190 993 3220 se
1009 3191 1153 3229 condidit,
1176 3199 1223 3228 per
1238 3189 1263 3218 se

202 3228 287 3266 regit,
306 3238 359 3258 nec
377 3236 440 3266 eget
460 3227 624 3258 extrinsecus
645 3228 763 3268 quaesitis
777 3230 881 3261 auxiliis
899 3231 935 3261 ad
948 3231 1118 3269 regendum,
1135 3231 1183 3269 qui
1204 3238 1264 3259 non

202 3267 278 3306 eguit
289 3266 325 3297 ad
339 3266 521 3297 condendum
536 3276 541 3295 :

241 3304 340 3342 Qiem
358 3305 453 3343 enim,
471 3304 545 3334 sacra
567 3304 702 3345 scriptura
715 3305 848 3345 testante,
864 3308 948 3338 aliurn
960 3307 1108 3338 constituit
1122 3307 1198 3344 super
1211 3313 1265 3336 ter-

202 3344 284 3373 ram?
323 3343 381 3373 Aut
399 3353 484 3382 quem
505 3342 590 3372 alium
612 3343 702 3381 posuit
715 3344 792 3384 super
803 3356 884 3385 eum,
901 3357 987 3385 quem
1005 3347 1152 3377 fabricatus
1165 3345 1204 3375 est
1217 3355 1264 3375 or-

204 3381 293 3411 bem?
330 3381 467 3412 Profecto
488 3381 615 3419 nullum,
631 3381 676 3412 sed
696 3383 752 3420 ipse
771 3383 842 3414 solus
857 3386 997 3423 regiminis
1013 3386 1045 3416 &
1060 3384 1265 3425 gubernationis

207 3419 249 3451 est
264 3419 414 3459 Princeps,
433 3420 481 3460 qui
499 3420 643 3450 creationis
656 3422 745 3451 eXtitit
760 3421 830 3452 solus
845 3423 952 3461 Actor,

245 3457 305 3496 Ipse
326 3458 441 3498 quidem
460 3457 593 3488 Ecclesiae
613 3457 787 3498 Catholicae,
806 3461 948 3500 peculiarii
961 3462 1148 3499 proculdubio
1166 3459 1267 3491 domus

208 3497 281 3536 suae,
297 3497 440 3535 peculiaris
462 3497 547 3526 etiam
566 3494 713 3535 Civitatis,
728 3497 800 3528 solus
818 3499 970 3530 aedificator
993 3501 1027 3532 &
1042 3500 1152 3537 custos,
1169 3500 1202 3529 ad
1216 3509 1266 3528 cu-

205 3536 267 3575 jus,
287 3537 342 3566 sine
357 3535 432 3577 ipso,
448 3534 607 3565 custodiam
621 3535 665 3564 seu
680 3535 862 3576 structuram,
879 3538 978 3569 frustra
991 3538 1158 3570 aedificantes
1173 3539 1216 3569 alii
1230 3539 1268 3568 la-

209 3575 310 3605 borem
327 3574 510 3612 assumerent,
529 3572 626 3603 frustra
642 3572 774 3604 custodiis
789 3577 881 3606 caeteri
891 3577 1053 3616 vigilarent,

245 3613 344 3643 Tanto
365 3613 452 3652 magis
471 3622 535 3642 eam
554 3611 674 3649 specialis
694 3613 834 3651 regiminis
848 3615 881 3645 &
899 3615 1036 3647 custodi-x
1049 3626 1113 3646 cura
1128 3616 1269 3655 prosequi-

208 3659 269 3691 tur,
287 3660 390 3692 quanto
404 3651 502 3687 maiori
514 3650 695 3690 singularitate
703 3650 878 3692 ι601111111111115
896 3653 1032 3693 fiquidem
1047 3664 1158 3691 caetera,
1180 3655 1270 3685 verbo

209 3700 321 3729 creans,
338 3690 421 3727 dixit,
439 3690 473 3721 &
494 3689 564 3720 faeta
587 3689 667 3726 sunt,
689 3688 840 3719 Ecclesiam
858 3700 926 3722 vero
947 3703 1006 3723 non
1026 3693 1116 3723 solum
1132 3694 1210 3724 verbi
1223 3703 1270 3723 ex-

210 3728 369 3768 pressione,
388 3728 432 3758 sed
448 3728 482 3759 &
496 3727 535 3758 sui
570 3728 660 3757 retiosi
675 3727 811 3766 sanguinis
823 3727 958 3760 effiisione
972 3731 1106 3763 fundavit.

250 3767 297 3798 Ad
322 3767 402 3805 hujus
421 3774 514 3796 autem
546 3766 706 3810 pecialitatis
728 3765 896 3796 evidentiam
910 3790 920 3806 ,
946 3768 1084 3809 discipulis
1104 3770 1154 3801 suis
1168 3794 1177 3809 ,
1203 3780 1272 3808 quos

211 3804 331 3842 ejusdem
356 3805 488 3835 Ecclesiae
495 3806 564 3846 jecit
580 3804 663 3834 velud
677 3804 815 3846 praecipua
830 3803 1023 3845 fundamenta,
1042 3817 1111 3848 ego,
1131 3810 1273 3847 inquienS,

212 3843 360 3874 vobiscum
383 3843 442 3874 sum
466 3846 550 3881 usque
571 3843 603 3873 ad
626 3843 869 3873 contumationem
891 3843 1000 3883 saeculi,
1015 3846 1068 3876 suae
1094 3849 1200 3878 virtutis
1212 3847 1274 3877 aili-

213 3879 339 3912 stentiam
359 3882 531 3923 repromiiit3
557 3882 589 3912 &
609 3882 657 3918 ipsi
678 3880 828 3923 Ecclesiae,
854 3880 882 3910 111
902 3880 1107 3919 Apostolorum
1127 3885 1274 3925 Principe,

213 3919 277 3957 cui,
296 3921 426 3959 cujusque
448 3919 645 3950 successoribus
662 3920 804 3949 commisit
817 3919 938 3957 ejusdem
955 3923 1096 3960 regiminis
1111 3923 1253 3955 Vicariam
1265 3947 1274 3963 ,

213 3957 251 3986 ait
284 3966 338 3996 ego
353 3968 405 3995 pro
419 3969 447 3990 te
462 3959 575 3997 rogavi,
596 3957 694 3994 Petre,
713 3967 748 3987 ne
763 3957 875 3988 deficiat
890 3957 956 3988 fides
972 3967 1018 3991 tua
1031 3971 1038 3990 t

252 3979 380 4026 Eandem
401 3998 511 4034 insuper
523 3996 661 4028 Vicatiam
677 3996 712 4026 sic
725 3995 781 4027 esse
794 3997 900 4034 voluit,
919 3997 1153 4030 viciffitudinariae
1169 4001 1275 4032 succes—

214 4032 298 4069 fi0n'5
317 4036 547 4079 continuatione,
570 4043 757 4076 perpetuam,
783 4043 829 4074 ut,
848 4044 1018 4076 quamquain
1037 4038 1087 4077 ipsi
1104 4038 1225 4078 Vicani,
1242 4049 1276 4071 ex

1281 179 1744 234 PUBLI'CA.
2254 199 2333 251 '165

1276 273 1407 317 humanae
1426 275 1571 320 fragilitatis
1590 277 1772 322 conditione,
1788 278 1842 319 legi
1862 276 2033 311 mortalitatis
2043 281 2162 321 addicti,
2180 284 2245 313 vitae
2260 293 2330 328 prae-
2345 283 2420 313 Anii.
2437 281 2480 313 D.

1275 312 1355 341 sentis
1372 315 1501 343 occasum
1518 324 1636 354 imperio
1650 325 1746 346 mortis
1758 327 1944 356 incurrerent,
1964 320 2051 356 ipsum
2067 329 2160 351 tamen
2177 321 2332 352 Vicatiatfis
2364 322 2449 359 1278,

1276 396 1316 418 ret
1319 411 1325 416 .

1292 464 1297 469 θ
1314 425 1438 470 Proinde
1455 426 1581 471 saepefata
1600 436 1687 459 mater
1709 429 1849 470 Ecclesia,
1867 432 2006 464 interdum
2019 435 2076 465 utili
2091 434 2247 474 desponsata
2259 433 2338 466 Pon-

1278 463 1362 502 tifici,
1379 466 1546 508 nuptialibus
1565 476 1661 510 ornata
1676 470 1840 506 monilibus,
1860 471 1909 501 sub
1923 472 2011 509 sponsi
2026 474 2064 503 sui
2079 473 2196 510 ducatu,
2211 473 2334 512 ejusdem

1280 503 1397 533 16610113
1417 513 1553 534 omniurn
1566 507 1701 543 dirigente
1716 508 1856 546 potentia,
1874 509 1936 539 lazi-a
1950 511 2114 547 deducitur,

1318 540 1464 572 Interdum
1482 552 1567 586 vero,
1587 543 1617 572 in
1636 544 1752 586 pastoris
1773 545 1974 585 subtractione,
1989 549 2130 579 viduitatis
2149 551 2256 580 ainictu
2278 551 2333 581 cir-

1279 579 1426 623 cumdata,
1444 581 1533 610 oculis
1553 581 1676 611 resolutis
1701 583 1730 612 iii
1751 583 1895 622 lacrimas,
1918 586 1973 623 ejus
1995 587 2044 616 11111
2065 589 2187 627 queritur
2205 589 2335 628 adempta

1280 617 1390 661 solatia,
1409 618 1529 661 lamenta
1542 619 1576 648 de
1589 620 1659 649 illius
1674 619 1861 651 subtractione
1876 624 2057 662 multiplicat,
2076 628 2109 656 <St
2121 628 2216 656 ancxia
2233 636 2284 666 pro
2297 627 2336 657 al-

1280 656 1568 700 terius-substitutione
1581 658 1703 695 laborat,-
1720 669 1756 689 eo
1769 660 1936 700 quandoque
1951 663 2095 701 prolixius,
2110 675 2167 702 quo
2182 666 2252 702 hiis,
2265 675 2337 704 quo-

1281 704 1345 724 rum
1363 694 1492 737 interest,
1508 706 1578 726 611111
1599 698 1683 726 omni
1704 697 1847 738 diligentia
1866 699 1985 730 sollerter
2006 711 2038 730 ac
2062 701 2192 732 instanter
2214 704 2335 740 ejusdem

1281 731 1414 775 Eccleiiae
1429 734 1583 776 provisioni
1595 736 1985 775 vacantibus,nichilominus
1997 747 2090 770 tamen
2106 742 2257 771 vacationis
2271 751 2338 781 pro-

1280 771 1557 814 lixitatemtingerit,
1574 776 1788 805 occurrentium
1812 775 1926 807 casuum
1943 777 2072 817 qualitas,
2093 778 2263 817 aliaruziique
2282 781 2338 810 cir-

1282 808 1515 840 cumstantiarum
1534 810 1689 850 neceffitaS,
1708 823 1768 844 non
1788 813 1955 846 instantium
1969 815 2156 857 negligentia,
2175 819 2221 848 vel
2238 818 2339 849 volun-

1281 855 1328 877 tas.

1320 883 1358 928 Et
1377 885 1454 929 licet..
1468 886 1580 918 interim
1602 887 1702 918 eadem
1723 887 1866 928 Ecclesia,
1885 891 1956 921 dum
1978 891 2012 922 ad
2026 892 2183 924 editionem
2196 893 2341 932 spiritualis

1281 931 1383 966 patris,
1406 923 1474 961 filii,
1497 925 1642 966 sponsique
1663 928 1792 957 votivam
1814 929 1938 967 inititur,
1956 932 2128 970 parturientis
2148 941 2234 972 partes
2258 942 2340 972 expe-

1282 971 1373 1005 tiens,
1391 971 1508 1006 conatus
1526 963 1705 1006 prosequens,
1721 966 1754 995 &
1780 966 1920 997 molestias
1931 969 2083 1007 perferens,
2102 972 2217 1000 acerbos
2230 970 2341 1000 dolores

1282 1000 1379 1030 sentiat
1399 1000 1484 1030 instar
1499 1001 1586 1039 illius,
1602 1011 1698 1032 tamen
1711 1004 1861 1034 consultius
1875 1006 2020 1044 ydoneum
2034 1009 2159 1038 pariendi
2172 1017 2283 1052 tempus
2296 1017 2343 1038 ex-

1283 1038 1398 1107 pgd'mt,
1424 1039 1462 1068 ne
1482 1039 1648 1070 inconsuitae
1671 1040 1840 1072 festinantiae
1865 1043 1974 1080 impetu
1993 1040 2104 1082 paftum
2130 1047 2287 1084 praecipitet
2310 1048 2342 1076 in

1282 1087 1298 1107 a
1319 1084 1425 1106 ortum.

1322 1114 1366 1144 O!
1383 1115 1467 1154 igitur
1488 1116 1688 1154 praesumtuosa
1708 1116 1810 1154 judicia
1827 1120 2065 1150 murmurantium
2081 1122 2110 1150 in
2127 1121 2260 1154 Ecclesiae
2276 1132 2343 1161 pro-

1285 1153 1410 1190 visione,
1426 1163 1510 1193 quam
1524 1153 1595 1198 saepe
1608 1155 1669 1184 indi
1689 1157 1726 1185 ne
1740 1164 1857 1194 arguunt
1872 1156 2044 1186 tarditatem!
2065 1168 2150 1197 nani,
2168 1163 2215 1191 etsi
2229 1163 2264 1191 de
2278 1171 2349 1198 pr0⁴

1286 1191 1413 1222 videndo
1429 1192 1530 1222 utiliter
1545 1193 1640 1223 eidem
1683 1193 1790 1224 eclesiae
1804 1194 1836 1223 in
1849 1195 2024 1233 generalitate
2037 1197 2158 1234 quadam
2171 1199 2221 1229 sint
2237 1201 2342 1238 eligen—

1285 1231 1360 1260 tium
1382 1237 1448 1260 vota
1468 1230 1641 1270 concordia,
1659 1240 1772 1269 tamen,
1790 1231 1860 1262 dum
1873 1233 2042 1271 singulariter
2055 1235 2088 1264 ad
2103 1235 2130 1264 id
2144 1238 2258 1274 persona
2273 1239 2344 1278 ydo-

1286 1269 1506 1337 neadquaeritur,
1524 1270 1554 1300 in
1568 1269 1626 1301 hoc
1641 1271 1781 1300 nimirum
1795 1273 1973 1310 querentium
1984 1271 2089 1310 judicia
2104 1273 2184 1304 facile
2198 1285 2259 1304 non
2274 1285 2346 1306 con-

1285 1317 1337 1337 cor
1357 1316 1405 1338 ant
1420 1317 1425 1336 :

1326 1345 1381 1376 Sed
1403 1346 1437 1377 δε
1456 1353 1664 1386 nonnunquam
1698 1346 1811 1377 occulta
1831 1345 1923 1377 forsan
1946 1346 2005 1378 Dei
2018 1348 2215 1390 dispositione,
2231 1351 2349 1392 postpo-

1288 1383 1398 1414 nendus
1420 1384 1598 1423 eligitur,¹&
1617 1395 1657 1426 po
1683 1385 1798 1425 ponitur
1820 1386 2029 1425 praeferendus,
2055 1389 2124 1418 116111
2145 1389 2198 1418 biis
2219 1391 2348 1421 accidisse

1288 1422 1384 1453 diebus
1398 1431 1434 1452 ex
1447 1422 1612 1452 nostrorum
1627 1424 1791 1454 defectuum
1803 1424 2027 1456 consideratione
2041 1426 2280 1467 supponimus,&
2296 1430 2348 1460 liu-

1290 1461 1394 1491 militer
1409 1460 1590 1491 confitemur.

1324 1499 1429 1540 Nuper
1451 1500 1550 1538 enim,
1566 1498 1663 1530 faelicis
1681 1499 1897 1540 recordationis,
1913 1501 2046 1540 Johanne
2062 1502 2134 1542 Papa
2149 1504 2348 1542 praedeceffore

1290 1537 1389 1568 nostro
1401 1538 1474 1576 apud
1488 1537 1651 1568 Viterbium
1660 1562 1670 1577 ,
1688 1539 1739 1569 ubi
1754 1547 1823 1570 tunc
1837 1549 1906 1570 cum
1919 1540 1963 1571 sua
1977 1541 2066 1572 Curia
2080 1543 2226 1583 residebat,
2244 1546 2280 1574 ab
2295 1544 2348 1580 hac

1291 1576 1355 1606 luce
1378 1576 1535 1615 subtrasio,
1552 1578 1585 1607 ὅ(
1608 1577 1689 1615 ipsius
1702 1587 1824 1616 corpore
1837 1579 1866 1607 in
1881 1577 2048 1610 Viterbienfi
2062 1579 2186 1612 Ecclesii
2201 1593 2270 1613 cum
2284 1593 2348 1613 exe-

1293 1616 1425 1654 quiarum
1444 1615 1650 1653 sollempnitate
1669 1615 1762 1646 debita
1782 1617 1939 1655 tumulato,
1959 1617 1978 1637 *
2003 1619 2116 1648 tandem
2136 1629 2189 1650 nos
2209 1622 2243 1652 &
2255 1622 2349 1654 fratres

1292 1653 1402 1692 nostri,
1422 1654 1523 1697 quibus
1542 1664 1594 1684 nos
1613 1663 1682 1685 tunc
1704 1654 1797 1685 officii
1816 1656 1907 1694 quoad
1921 1656 1977 1686 hoc
1992 1659 2193 1689 annumerabat
2207 1661 2354 1700 equalitas,

1292 1693 1324 1722 in
1346 1692 1446 1732 palatio
1466 1691 1626 1730 Episcopali
1649 1694 1855 1732 convenimus,
1873 1695 2084 1734 propensiorem
2097 1697 2273 1737 diligentiam
2286 1700 2355 1730 desi-

1293 1731 1395 1762 deratae
1410 1731 1565 1771 proviiioni
1580 1731 1702 1768 ejusdem
1715 1731 1847 1762 Eccleliae
1862 1733 2029 1773 impensuri,

1330 1769 1368 1801 Et
1381 1779 1544 1810 quanquam
1556 1769 1603 1800 ille
1612 1792 1622 1808 ,
1636 1771 1685 1809 qui
1699 1770 1803 1800 caelesti
1817 1771 1863 1800 dat
1877 1773 2033 1803 concentui
2047 1775 2223 1813 armoniam,
2239 1785 2292 1805 nos
2304 1775 2353 1806 sub

1293 1807 1413 1838 clausura
1433 1807 1532 1838 eadem
1552 1808 1708 1839 habitantes
1729 1809 1758 1838 in
1776 1818 1883 1848 unum,
1901 1809 1934 1839 ad
1949 1811 2048 1840 utilem
2062 1812 2255 1850 provisionem
2271 1815 2353 1852 ipsius

1293 1846 1427 1880 Ecclesiae
1444 1846 1649 1885 obtinendam,
1670 1855 1754 1886 prout
1774 1848 1948 1886 singulorum
1968 1848 2086 1880 habebat
2106 1849 2233 1890 alsertio,
2251 1854 2353 1883 unani-

1295 1895 1356 1916 mes
1369 1885 1431 1915 fore
1444 1885 1488 1915 su&
1504 1885 1604 1924 pietate
1617 1885 1842 1924 concefferit,ad
1857 1888 2106 1918 consumationem
2114 1897 2209 1919 tamen
2234 1891 2352 1921 roviiio-

1295 1925 1337 1968 nis
1359 1924 1553 1967 ejusdemalto
1565 1924 1614 1954 suo
1628 1925 1661 1955 ὃ(
1675 1924 1780 1954 secreto
1793 1925 1913 1955 consilio
1926 1925 1989 1956 dare
2003 1926 2162 1965 aliquandiu
2177 1928 2205 1958 d'
2235 1929 2285 1960 ulit
2299 1929 2353 1969 spi—

1295 1971 1384 1993 ritum
1397 1971 1517 1992 unitatis.

1333 2001 1389 2032 Sed
1409 1999 1529 2031 demum
1551 2000 1581 2030 in
1602 2000 1650 2030 die
1672 2001 1760 2031 beatae
1780 2000 1923 2032 Katerinae
1945 2002 2090 2034 missarum
2111 2004 2264 2035 sollemniis
2283 2014 2352 2037 curn

1296 2040 1481 2070 invocatione
1499 2039 1587 2069 saneti
1608 2039 1719 2077 spiritus
1733 2039 1892 2078 celebratis,
1910 2041 1999 2071 iidem
2012 2042 2104 2073 fratres
2118 2044 2148 2073 in
2165 2044 2354 2074 humilitatem

1295 2077 1439 2116 nostram,
1454 2077 1578 2108 utinam!
1592 2087 1654 2108 non
1668 2079 1841 2109 exorbitante
1852 2079 1979 2118 judicio,
1991 2090 2040 2117 per
2053 2082 2130 2112 viam
2142 2082 2269 2113 scrutinii
2284 2092 2357 2113 con-

1296 2117 1458 2154 cordantes,
1473 2125 1542 2154 nos,
1560 2124 1629 2147 tunc
1650 2116 1737 2147 sanffl
1760 2116 1793 2146 N
1797 2117 1881 2147 icolai
1900 2119 1930 2147 in
1955 2128 2067 2149 carcere
2087 2120 2225 2151 Tulliano
2246 2121 2357 2151 Diaco-

1297 2165 1368 2186 num
1387 2154 1586 2194 Cardinalern,
1601 2154 1635 2185 ad
1650 2155 1898 2185 conscendendam
1912 2156 2090 2194 Apostolicae
2105 2159 2244 2198 dignitatis
2258 2160 2356 2198 specu-

1297 2195 1354 2224 lam
1368 2195 1539 2224 unanimiter
1551 2193 1711 2233 elegerunt,
1724 2193 1808 2223 nobis
1822 2194 1929 2224 vestem
1945 2196 2093 2235 ponderis,
2106 2198 2265 2228 universum
2279 2198 2359 2229 orbis

1297 2232 1438 2262 ambitum
1461 2233 1660 2263 continentem
1674 2255 1683 2270 ,
1709 2241 1769 2262 non
1789 2231 1939 2263 offerentes
1961 2236 2183 2275 tantummodo,
2207 2237 2251 2268 sed
2270 2237 2356 2267 etiam

1298 2280 1368 2302 curn
1382 2271 1546 2308 importuna
1561 2271 1691 2301 instantia
1707 2271 1869 2309 ingerentes.

1337 2309 1466 2346 Verum,
1489 2318 1519 2340 ut
1539 2310 1578 2339 rei
1599 2309 1684 2349 gestae
1703 2309 1802 2339 seriem
1820 2309 1981 2341 succinctus
2000 2310 2093 2342 sermo
2113 2312 2292 2352 pertranseat,
2309 2323 2359 2344 ne-

1298 2347 1369 2378 dum
1382 2347 1507 2378 defectus
1519 2346 1633 2378 eosdem
1647 2348 1679 2378 ad
1694 2347 1923 2379 humiliationem
1937 2349 2063 2380 nostram
2075 2351 2208 2390 gestimus
2219 2353 2359 2390 exprime-

1297 2396 1344 2425 re,
1361 2386 1411 2416 sub
1433 2386 1597 2416 humilitatis
1615 2386 1722 2424 specie,
1740 2394 1839 2417 notam
1857 2387 2001 2426 elationis,
2019 2388 2063 2418 seu
2080 2389 2290 2429 qualiscumque
2304 2391 2360 2428 jac-

1299 2426 1396 2455 tantiae
1416 2426 1521 2464 ingerat
1541 2425 1638 2455 scriosa
1659 2425 1788 2462 repetitio
1810 2426 1946 2463 veritatis,-
1968 2436 2020 2456 nos
2043 2426 2142 2464 gradus
2163 2428 2359 2468 altitudinem,

1300 2464 1333 2493 ὅ(
1357 2464 1468 2501 oneris,
1485 2463 1664 2493 imminentis
1684 2471 1767 2493 tantae
1786 2463 1938 2493 altitudinis
1955 2465 2111 2503 ascensori,
2129 2467 2239 2497 molem
2259 2467 2361 2507 nobis,

1299 2502 1329 2531 in
1353 2500 1538 2533 cardinalatus
1557 2501 1676 2540 officio,
1696 2502 1876 2539 experientiae
1896 2501 1990 2542 longae
2011 2505 2161 2542 participio
2198 2514 2258 2535 non
2278 2506 2362 2544 igno-

1300 2548 1375 2578 tam,
1392 2548 1495 2570 attenta
1518 2540 1701 2570 meditatione
1722 2539 1880 2578 pensantes,
1894 2541 2059 2579 eligentium
2073 2543 2106 2571 &
2121 2552 2141 2572 o
2165 2544 2305 2573 erentium
2318 2545 2363 2574 in-

1303 2578 1410 2609 stantiae
1431 2577 1636 2608 insufficientiae
1653 2577 1756 2607 nostrae
1780 2578 1969 2617 imparitatem
1991 2579 2168 2619 objecimus,
2185 2581 2363 2614 debilitatem

1304 2616 1432 2648 nostram
1445 2640 1454 2654 ,
1479 2617 1602 2646 dictante
1628 2617 1800 2646 conscientia
1813 2639 1823 2654 ,
1845 2617 1946 2647 oblatis
1966 2619 2107 2657 imparem
2120 2642 2131 2658 ,
2156 2630 2226 2651 cum
2247 2622 2363 2660 repetita

1304 2656 1467 2686 multotiens
1480 2655 1653 2685 relaxationis
1667 2654 1870 2693 supplicatione
1884 2655 2002 2694 humili,
2017 2657 2161 2697 allegantes
2180 2668 2186 2688 z

1340 2693 1477 2732 Cumque
1492 2703 1546 2723 nec
1561 2694 1597 2723 sic
1610 2693 1723 2725 ceffaret
1739 2692 1841 2723 instans
1854 2695 1972 2725 fratrum
1984 2695 2180 2733 importunitas
2194 2697 2366 2737 eorundem,

1303 2732 1348 2763 sed
1370 2733 1433 2763 vim
1454 2733 1574 2762 inferens
1588 2732 1686 2762 nostro
1700 2732 1847 2770 proposito
1866 2733 2076 2772 vehementius,
2095 2735 2207 2780 collegii
2217 2736 2304 2774 jussus
2319 2747 2365 2767 ur-

1304 2780 1399 2811 geret,
1417 2770 1522 2810 nosque
1538 2771 1706 2801 violentiam
1721 2771 1855 2808 patientes
1870 2772 2054 2802 clamaremus
2067 2774 2207 2812 lacrimis,
2225 2785 2278 2805 nec
2295 2775 2364 2806 esset

1307 2811 1356 2848 qui
1376 2809 1470 2840 auditu
1491 2809 1672 2839 exauditionis
1692 2809 1813 2845 audiret3
1837 2811 2056 2841 vociferaremur
2076 2812 2200 2850 gemitu,
2216 2820 2271 2843 nec
2293 2813 2366 2844 foret

1310 2849 1359 2888 qui
1381 2847 1573 2879 remissionem
1595 2848 1715 2887 injuncti
1728 2849 1820 2879 oneris
1835 2849 1962 2888 benigno
1976 2848 2082 2886 judicio
2096 2850 2265 2891 indulgeret,
2284 2852 2318 2882 ad
2334 2853 2368 2883 ii-

1305 2888 1365 2918 lum
1386 2887 1486 2918 oculos
1508 2886 1609 2917 mentis
1629 2887 1784 2925 ereximus,
1809 2889 1873 2926 qui,
1890 2889 1959 2918 ficut
1978 2888 2176 2927 praemittitur,
2193 2889 2368 2929 Ecclefiam,

1305 2936 1391 2965 quam
1411 2936 1461 2963 per
1481 2925 1507 2955 se
1529 2924 1674 2963 fundavit,
1694 2935 1753 2956 non
1772 2927 1889 2966 negligit
1903 2935 1996 2966 regere
2010 2936 2060 2964 per
2072 2926 2206 2965 seipsiim3
2225 2928 2269 2958 sed
2281 2939 2368 2969 quam

1307 2965 1354 3003 pie
1375 2963 1521 3001 condidit,
1540 2964 1586 3001 pie
1608 2964 1697 3032 regit,
1713 2965 1746 2996 &
1768 2973 1941 3010 quamquam
1963 2964 1998 2994 de
2014 2964 2212 2996 insufficientia
2224 2966 2319 2997 nostrii
2333 2969 2369 2998 ti-

1308 3010 1416 3033 mentes
1431 3026 1441 3042 ,
1467 3003 1502 3032 de
1526 3002 1640 3040 superha
1663 3002 1795 3033 undantia
1818 3012 1914 3033 tamen
1933 3003 2154 3041 omnipotentiae
2174 3005 2229 3034 suae
2252 3005 2369 3045 confisi,

1306 3041 1442 3072 humeros
1462 3041 1577 3070 summo
1600 3040 1818 3078 superhumerali
1837 3042 2022 3081 subjecimus,
2046 3041 2080 3072 &
2101 3042 2247 3074 humiliter
2264 3044 2367 3084 jugum

1309 3080 1467 3110 subivimus
1484 3077 1663 3117 Apostolieae
1680 3079 1835 3117 servitutis,

1344 3118 1488 3158 Sperantes
1531 3117 1587 3147 uod
1608 3117 1683 3155 ipse,
1698 3118 1747 3156 qui
1761 3116 1840 3148 Petri
1851 3117 1969 3156 pedibus
1986 3118 2109 3149 marii-ios
2120 3120 2239 3150 vertices
2252 3122 2370 3152 inclina*

1308 3157 1368 3195 vit,
1395 3165 1424 3187 ut
1445 3158 1498 3187 iter
1510 3128 1659 3195 tiiquidum
1677 3156 1807 3186 humanis
1826 3156 1959 3195 gressibus
1978 3156 2101 3188 solidum
2120 3158 2271 3197 praeberet,
2288 3160 2370 3190 obse-

1308 3196 1410 3235 quium
1423 3195 1523 3232 nobis,
1538 3203 1625 3233 quos,
1649 3194 1716 3225 licet
1732 3194 1880 3235 indignos,
1897 3195 1938 3225 illi
1950 3195 1995 3225 sua
2008 3196 2156 3227 constituit
2170 3197 2296 3236 dignatio
2309 3199 2370 3229 suc-

1311 3233 1452 3264 cefforem
1466 3257 1476 3272 ,
1500 3234 1529 3262 in
1551 3231 1640 3262 nostri
1660 3233 1827 3263 executione
1851 3234 2016 3272 ministerii,
2041 3234 2221 3272 humiliabit,
2245 3245 2293 3273 per
2315 3237 2369 3266 suae

1310 3273 1420 3303 virtutis
1435 3272 1608 3310 potentiam,
1627 3271 1699 3302 colla
1713 3273 1850 3304 tumentia
1862 3273 2049 3311 superborum
2081 3274 2118 3303 ·&
2133 3273 2218 3311 lapsus
2235 3274 2263 3303 in
2279 3273 2371 3304 delic-

1309 3310 1512 3379 {pgabentium
1533 3309 1719 3350 cohibendo,
1737 3319 1785 3340 eos
1803 3310 1835 3340 in
1849 3310 1997 3342 bonorum
2010 3310 2049 3340 sta
2072 3311 2158 3342 ilitate
2169 3320 2291 3350 operum
2307 3311 2371 3343 solia

1331 3360 1346 3379 a
1369 3358 1398 3379 it.
1568 3359 1584 3364 ··
1633 3371 1635 3374 Α

1350 3387 1446 3418 Adicit
1470 3396 1583 3426 quoque
1603 3386 1666 3426 spei·
1676 3386 1780 3417 nostrae
1793 3386 1958 3426 suffragium
1973 3395 2019 3418 tua
2032 3388 2065 3418 &
2079 3388 2198 3418 aliorum
2214 3387 2372 3418 catholico-

1314 3435 1378 3457 rum
1392 3426 1578 3457 consideratio
1593 3424 1778 3464 Principum,
1794 3436 1864 3464 quos
1881 3427 1914 3457 ὃ(
1929 3426 2110 3456 defideramus
2123 3426 2251 3456 attentius
2265 3428 2298 3457 &
2311 3426 2372 3464 spe-

1314 3474 1404 3495 ramus
1422 3464 1567 3501 fidentius,
1583 3463 1620 3493 sic
1642 3463 1678 3493 ab
1700 3464 1767 3503 illo,
1785 3475 1834 3502 per
1856 3475 1941 3502 quem
1962 3465 2054 3504 Reges
2072 3465 2229 3503 regnant&
2243 3472 2372 3503 potentes

1313 3503 1438 3533 scribunt
1456 3502 1593 3541 justitiam
1614 3502 1643 3530 in
1665 3501 1717 3531 suis
1738 3503 1923 3542 regiminibus
1942 3503 2043 3542 dirigi,
2062 3502 2137 3540 quod
2160 3502 2236 3542 ipsis,
2252 3513 2302 3541 per
2315 3505 2373 3535 vias

1314 3542 1418 3580 restas,
1435 3540 1462 3570 se
1483 3551 1516 3571 ac
1530 3540 1580 3570 sibi
1593 3539 1764 3571 commissos
1777 3541 1943 3571 ducentibus
1956 3541 2093 3579 populos,
2112 3549 2178 3579 grex
2190 3541 2372 3581 dominicus,

1315 3590 1391 3610 curae
1409 3579 1512 3609 nostrae
1533 3578 1717 3617 commiffus,
1736 3580 1944 3609 committentis
1958 3580 2060 3610 virtute
2070 3579 2261 3619 praeambula,
2277 3581 2307 3610 in
2328 3581 2372 3611 di-

1314 3619 1382 3648 16613
1406 3617 1532 3648 Domini
1552 3617 1725 3647 tabernacula
1737 3617 1891 3648 inducatur.

1351 3656 1474 3695 Ideoque
1492 3655 1674 3686 Serenitatem
1698 3655 1819 3694 Regiani
1839 3665 2006 3692 monemuS,
2025 3664 2154 3694 rogamus
2172 3656 2206 3687 &
2227 3656 2374 3688 hortamur

1316 3696 1345 3725 in
1369 3693 1503 3724 Domino
1513 3715 1522 3731 ,
1536 3694 1564 3723 111
1578 3692 1771 3727 remiffionern
1785 3694 1838 3723 tibi
1854 3695 2052 3731 peccaminum
2067 3693 2226 3733 suadentes,
2245 3698 2373 3733 quatinus

1317 3733 1465 3771 prudenter
1487 3732 1629 3761 attendens
1643 3733 1658 3761 a
1671 3731 1752 3771 Rege
1776 3731 1892 3772 Regum
1904 3740 1932 3761 te
1947 3731 2059 3771 Regem
2073 3732 2171 3763 datum
2186 3734 2216 3763 in
2229 3736 2375 3774 gentibus,

1317 3781 1347 3801 ut
1367 3782 1409 3801 eas
1434 3780 1507 3809 regas
1528 3772 1559 3801 &
1581 3770 1697 3837 dirdgaS,
1716 3771 1783 3800 vitia
1796 3771 1825 3800 in
1839 3771 1891 3800 illis
1906 3770 2056 3808 cohibeas,
2072 3770 2222 3811 inserasque
2242 3774 2374 3812 virtutes,

1318 3811 1355 3840 sic
1377 3808 1540 3839 comittissas
1563 3809 1592 3838 in
1616 3808 1620 3814 ‘
1644 3818 1670 3837 as
1689 3809 1742 3838 tibi
1769 3818 1856 3846 partes
1876 3807 2004 3847 prosequi
2026 3808 2145 3848 studeas,
2164 3810 2240 3849 quod
2262 3820 2304 3848 te,
2323 3821 2376 3849 pro

1318 3849 1420 3879 viribus
1441 3846 1578 3884 implente
1589 3846 1666 3886 quod
1682 3847 1816 3877 imminet
1830 3849 1859 3878 in
1876 3846 2031 3877 universalis
2046 3848 2164 3887 injunffl
2176 3849 2259 3881 nobis
2273 3858 2374 3880 execu—

1320 3888 1397 3917 tione
1417 3886 1579 3924 regiminis,
1593 3884 1685 3924 quoad
1701 3892 1756 3914 tuae
1773 3885 1878 3916 ditioni
1890 3885 2044 3924 subjectos,
2062 3884 2144 3917 nobis
2158 3897 2242 3918 onere
2257 3888 2376 3925 partito,

1320 3926 1351 3956 sit
1374 3925 1475 3961 levius,
1493 3923 1525 3954 ὃ(
1564 3923 1721 3953 ministerio
1742 3932 1796 3953 tuae
1816 3925 1843 3953 in
1865 3923 1923 3954 hoc
1940 3926 2150 3961 cooperationis
2161 3926 2261 3963 adjuti,
2279 3924 2376 3955 effica-

1321 3965 1392 3995 citer
1412 3963 1486 3992 circa
1509 3947 1621 3992 saiutem
1641 3962 1794 4001 omnium,
1812 3963 1898 3994 salutis
1918 3962 2038 3993 auctoris
2053 3963 2263 4002 beneplacitum
2277 3963 2313 3993 de
2327 3963 2377 3993 suo

1320 4012 1436 4034 munere
1451 4000 1654 4041 prosequamur.

1357 4040 1438 4072 1113111
1457 4049 1525 4071 vero
1545 4039 1582 4071 de
1602 4038 1687 4070 nobis
1707 4047 1814 4071 certam
1828 4047 1857 4071 te
1871 4039 2003 4071 volumus
2015 4039 2117 4072 habere
2131 4039 2281 4078 fiduciam,
2299 4038 2376 4078 quod

1913 4076 1945 4110 X
1967 4087 1982 4119 3
2299 4086 2376 4110 tuam

1276 349 1422 389 officium,
1440 351 1692 383 substituendorum
1713 356 1839 394 vicibus,
1856 358 2015 388 immortale
2029 367 2193 397 perpetuum
2209 370 2334 391 161113116κ
2350 362 2414 389 Edv.
2437 366 2463 395 x,

2365 1614 2385 1636 ²*
2400 1617 2438 1645 11.
2453 1612 2504 1654 9§9
