2570 4261
0 272 78 305 Ann.
89 268 131 301 D.

22 317 106 348 1219.

0 353 64 379 Hm.
84 357 110 385 3.

4 542 55 571 *L
69 549 135 578 229.

11 931 116 963 uidem.

713 180 826 222 ET
908 178 1176 222 ACTA

148 278 228 302 trum
240 269 392 302 Thomam
405 268 442 300 de
464 266 616 306 Lichfeld,
635 267 669 299 &
693 265 878 309 Stephanum,
888 264 925 294 de
944 264 1066 305 Segraue
1086 263 1214 294 Militem

149 309 184 340 ad
198 309 401 341 controversias
415 308 449 338 &
464 307 570 344 causas,
589 316 654 344 quae
668 306 739 336 verti
752 304 858 334 debent
871 313 943 334 inter
957 314 1026 348 nos,
1044 305 1078 347 &c
1092 302 1214 346 Alexan-

149 348 235 378 drum
250 347 281 378 R
317 358 364 378 em
378 346 484 377 Scotiae
499 354 597 374 coram
610 344 692 374 vobis
706 345 736 373 in
752 342 874 373 crastino
887 342 983 373 saneti
998 341 1076 372 Petn
1096 340 1131 371 ad
1152 350 1216 370 vin-

148 387 211 418 cula
231 357 316 424 aput}
324 384 474 416 Norham:
494 382 558 421 Ut,
576 383 596 412 si
617 392 676 412 non
697 381 898 418 admittantur,
916 389 1050 424 tanquam
1063 380 1129 424 'veri
1143 389 1212 416 pro-

152 432 312 462 curatores,
330 423 366 454 de
383 422 550 453 auctoritate
569 421 678 452 consilii
700 419 804 458 nostri,
822 418 939 450 eosdem
959 418 1070 449 admitti
1083 418 1217 449 volumus

197 464 315 494 adtores.

151 473 184 496 Ut
190 502 232 534 Ita
245 499 338 540 quod,
357 498 377 529 si
390 507 492 529 omnes
506 496 703 528 controversiis
717 497 751 528 ὃ(
766 495 852 527 causis
864 495 914 526 illis
929 493 1059 539 interesse
1071 503 1131 538 non
1152 503 1218 537 pos-

153 534 206 573 siii‘t
220 564 230 578 ,
262 539 321 569 duo
342 537 390 569 vel
409 538 428 557 *
450 546 522 567 unus
542 545 646 567 eorum
668 535 899 574 procurationem
918 534 997 564 illam
1017 533 1219 564 nichilominus

245 585 315 608 atur.

154 588 308 648 exeffatum
328 616 363 647 &
383 622 495 655 gratum
516 612 635 643 habituri
659 610 794 651 quicquid
815 620 865 649 per
887 621 935 641 eos
952 635 960 647 ,
984 611 1030 641 vel
1052 609 1123 641 duos
1137 634 1147 648 ,
1166 616 1221 654 'aut

152 665 245 688 unum
259 664 378 692 eorum,
395 653 446 684 sub
458 652 622 683 auctoritate
635 650 727 681 vestra
740 651 819 688 super
839 648 986 687 praemiffis
1008 649 1089 679 fuerit
1109 647 1222 692 ordma-

154 703 237 739 turn,
254 693 290 724 ad
304 693 381 724 diem
393 691 492 729 illum,
507 689 665 728 judicatum
680 690 764 720 etiam
780 688 868 732 solvi,
882 688 902 718 si
918 687 1030 718 necesse
1045 687 1221 725 fuerit,pro-

157 735 317 772 mittimu3,
334 733 368 764 &
381 731 440 762 hoc
453 729 530 760 idem
544 729 615 767 parti
629 727 751 759 adversae
765 726 961 767 significamus.

155 848 174 889 J
194 810 237 879 {111⁹
256 808 393 841 Huberto
413 806 450 838 de
472 805 569 845 Burgo
586 805 748 846 Justiciario
770 803 871 836 nostro
885 802 959 843 apud
975 802 1101 835 Westtn.
1121 812 1158 833 21
1178 801 1224 832 die

177 861 195 880 u
227 873 234 878 .

159 924 284 988 REX
300 924 393 955 eidem
408 923 543 955 Domino
557 922 668 963 Legato
682 922 816 954 Salutem.
1112 957 1117 963 .
1152 956 1157 962 .

263 963 392 994 Noverit
414 963 560 1000 paternitas
580 961 671 992 vestra
691 961 770 1000 quod
790 967 1004 999 procuratorem
1025 955 1225 988 constituimus

161 1003 340 1041 Stephanum
361 1001 398 1031 de
416 1000 538 1041 Segrave
561 999 688 1030 Militem
711 999 745 1030 ad
770 998 974 1030 controversias
987 996 1021 1028 &
1034 996 1142 1032 causas,
1161 1003 1227 1032 quae

162 1043 235 1073 verti
246 1040 353 1071 debent
365 1040 438 1070 inter
452 1050 523 1077 nos,
539 1039 572 1070 &
596 1038 788 1069 Alexandrum
801 1038 915 1077 Regem
930 1035 1035 1066 Scotiae
1049 1043 1148 1064 coram
1171 1042 1226 1063 vo-

162 1080 206 1111 bis
227 1081 258 1110 in
279 1078 402 1110 crastino
425 1077 521 1109 Saneti
544 1077 621 1108 Petri
634 1077 668 1108 ad
683 1077 797 1108 vincula
812 1075 886 1114 apud
897 1073 1043 1118 Norham.
1063 1080 1112 1116 ut,
1128 1071 1151 1116 si
1166 1080 1228 1101 non

160 1118 340 1157 admittatur,
356 1125 491 1155 tanquam
504 1126 586 1147 verus
599 1125 766 1155 procurator
775 1141 784 1154 ,
802 1114 838 1145 de
850 1113 1016 1144 auctoritate
1037 1110 1145 1142 consilii
1160 1119 1229 1141 nos·

162 1159 200 1190 tri
233 1156 358 1187 eundem
369 1155 478 1187 admitti
492 1155 624 1186 volumus
640 1163 671 1186 ut
685 1156 823 1185 atrorem.
1166 1188 1172 1194 ,

200 1182 310 1226 Rarum
330 1196 364 1227 δε
384 1202 494 1235 gratum
513 1194 634 1224 habituri
655 1191 791 1231 quicquid
813 1200 863 1230 per
883 1199 968 1235 eum,
992 1189 1043 1234 sub
1063 1188 1230 1232 audtoritate

160 1234 272 1272 vestra,
291 1234 371 1272 super
390 1231 535 1271 praemiffis
556 1232 638 1262 fuerit
661 1231 838 1268 ordinatum,
857 1229 892 1259 ad
913 1228 1109 1273 diem-illum,
1121 1226 1230 1271 judica-

162 1282 228 1305 tum
242 1274 326 1304 etiam
339 1272 425 1311 solvi,
443 1272 464 1302 si
477 1270 588 1302 necesse
603 1270 705 1308 fuerit,
724 1269 935 1308 promittimus,
951 1268 985 1299 &
999 1266 1077 1297 idern
1091 1275 1163 1305 parti
1182 1265 1231 1295 ad-

165 1312 255 1345 versae
270 1311 467 1349 significamus.

201 1387 293 1420 Teste
304 1396 335 1419 ut
352 1386 439 1425 supra.

205 1464 308 1494 Eodem
325 1462 399 1493 modo
411 1459 542 1500 stribitur
565 1458 612 1502 ipfi
633 1462 740 1499 Legata
760 1459 793 1490 de
815 1458 950 1500 Magistro
970 1456 1073 1490 mama
1095 1457 1127 1489 de
1141 1455 1237 1497 Lichf.

169 1502 305 1543 Magistro
318 1498 416 1531 Alano
429 1499 462 1529 de
480 1502 571 1530 Lenn.
871 1533 873 1535 ι

170 1646 294 1679 Littera
311 1645 425 1690 Legata
441 1638 613 1688 Apostolicae
625 1638 708 1685 sbdis
719 1667 729 1683 ‚
748 1641 840 1689 fitper
858 1639 1066 1689 Albigenszbus
1093 1641 1242 1688 Crucqfig-

655 1693 746 1723 natis.

149 1797 157 1804 ·
174 1775 290 1837 REX
311 1775 343 1808 B.
361 1774 454 1807 Titul.
474 1774 647 1809 Sanctorum
666 1775 805 1814 Johannis
822 1775 856 1807 &
870 1775 950 1808 Pauli
962 1775 1132 1816 Presbytero
1143 1773 1247 1806 Cardi-

246 1815 319 1854 nali,
337 1814 515 1853 Apostolicae
530 1817 598 1848 sedis
614 1816 724 1855 Legato
737 1814 862 1845 salutem.
1185 1853 1190 1858 ·

214 1853 330 1894 Quanta
344 1854 427 1885 nobis
441 1855 600 1887 exhibuerit
613 1852 769 1892 beneficia,
787 1863 803 1883 a
819 1855 927 1891 quantis
943 1863 996 1884 nos
1011 1853 1144 1892 eripuerit
1157 1852 1248 1883 tribu-

175 1891 326 1924 lationibus
338 1893 373 1924 δί
387 1893 517 1933 angustiis
526 1919 537 1933 ,
555 1902 643 1932 quam
657 1893 725 1923 forti
739 1892 859 1922 brachio
873 1894 906 1924 &
921 1894 1032 1930 potenti
1045 1902 1098 1922 nos
1113 1890 1248 1922 sustenta-

151 1950 157 1956 ·
176 1933 251 1963 verit
269 1931 373 1962 Santra
395 1932 428 1963 &
449 1932 610 1963 veneranda
624 1930 714 1963 Sedes
726 1929 771 1960 illa
782 1929 952 1975 apostolica,
970 1930 1072 1961 vestrae
1085 1930 1250 1970 benignitati

177 1980 238 2001 non
256 1970 405 2008 possumus
427 1972 524 2009 paucis
545 1970 679 2008 reserare,
698 1969 779 2008 quia,
798 1970 934 2008 qiucquid
955 1969 1049 2007 potest
1071 1969 1249 1999 humanitatis

152 2025 160 2033 ·
177 2010 213 2041 &
236 2009 414 2053 benignitatis
435 2010 452 2039 a
472 2010 522 2048 pio
544 2017 622 2047 pater
644 2007 703 2038 filio
723 2015 824 2039 tenero
846 2009 879 2038 ὃς
892 2009 1016 2039 nutricio
1031 2007 1174 2045 exhiberi,
1188 2017 1249 2037 non

177 2056 293 2086 negaVit
312 2048 395 2078 nobis
416 2046 481 2078 fons
502 2047 549 2078 ille
571 2048 678 2086 paterni
699 2046 823 2084 pectoris
845 2046 1040 2084 inexhaustus,
1060 2045 1251 2076 misericordia

178 2086 299 2124 repletus
319 2087 354 2118 &
374 2086 494 2124 pietate,
520 2087 586 2125 qui,
611 2095 684 2125 quos
700 2084 786 2114 semel
807 2085 879 2115 intra
898 2085 992 2115 sinum
1009 2084 1066 2115 suae
1089 2083 1249 2115 dulcedinis

178 2124 326 2163 susceperit
340 2124 494 2162 amandos,
509 2125 611 2156 fovere
625 2134 686 2155 non
699 2122 818 2153 lassatur.

217 2161 426 2194 Attendentesi
447 2164 503 2194 itur
518 2163 598 2201 quod
611 2162 680 2194 velit
694 2161 800 2199 palmes
824 2162 888 2192 vitis
907 2162 953 2192 via
971 2160 1144 2206 procedere,
1169 2161 1249 2200 quod

179 2201 271 2233 velint
286 2200 400 2232 frondes
441 2202 522 2232 ustus
536 2212 552 2231 a
568 2202 641 2233 flore
653 2201 765 2238 facere,
780 2200 859 2238 quod
874 2200 941 2232 velit
956 2210 1027 2231 cum
1041 2209 1135 2238 capite
1153 2210 1251 2230 mem-

179 2240 269 2271 brum
288 2241 400 2278 incepta
421 2250 572 2280 peragere,
588 2242 659 2272 item
678 2239 842 2270 Paternitati
861 2238 961 2269 vestrae
983 2238 1117 2270 duximus
1141 2237 1254 2270 devotis

180 2279 312 2318 precibus
333 2279 565 2318 supplicandum,
590 2287 720 2316 rogantes
742 2279 772 2308 in
792 2276 928 2308 Domino
947 2279 1094 2316 quatinus,
1113 2287 1200 2316 cum,
1218 2277 1255 2308 de

181 2317 324 2348 immensa
337 2317 384 2348 sua
397 2319 588 2359 benignitate,
604 2319 665 2356 pius
679 2316 764 2348 Pater
775 2317 809 2348 &
827 2316 974 2360 Dominus
999 2316 1111 2361 noster,
1129 2316 1256 2347 summus

182 2356 336 2395 Pontifex,
354 2357 455 2395 vobis,
473 2367 524 2396 per
538 2357 642 2388 litteras
655 2356 731 2394 suas,
748 2354 856 2386 dederit
871 2356 901 2385 in
915 2355 1066 2393 mandam,
1084 2364 1130 2393 ut,
1150 2355 1170 2385 fi
1185 2366 1258 2394 quos

183 2396 346 2426 inveneritis
368 2395 502 2434 illorum,
542 2396 571 2426 ui
593 2395 674 2433 super
695 2394 761 2424 Alb'
784 2394 894 2424 ensibus
909 2393 972 2424 sunt
987 2394 1102 2434 signati,
1117 2395 1168 2432 qui
1180 2396 1258 2433 genti

183 2433 307 2472 nostrae,
326 2433 372 2465 vel
387 2442 469 2464 terrae
484 2445 525 2465 no
552 2444 586 2465 ro
600 2433 745 2464 Dominio
771 2432 876 2463 ubditae
890 2432 979 2462 velint
999 2433 1139 2471 injuriari,
1157 2432 1259 2471 damp-

186 2481 224 2504 na
237 2473 328 2511 aliqua
341 2473 378 2502 eis
389 2472 557 2510 inferendo,
574 2471 622 2503 vel
637 2481 682 2502 eas
697 2472 714 2501 a
727 2470 926 2501 dominatione
940 2470 1037 2501 nostra
1049 2470 1241 2502 subtrahendo
1249 2496 1260 2510 ,

187 2511 247 2549 ejus
266 2509 373 2541 suffulti
392 2511 576 2549 auetoritatffi
601 2508 805 2547 compescatis,
830 2509 939 2546 velius,
955 2508 976 2538 fi
996 2509 1104 2548 placet,
1119 2510 1198 2548 quta
1217 2511 1262 2540 in-

183 2549 320 2589 junffitum
333 2549 416 2580 vobis
429 2549 596 2579 mandatum
632 2548 721 2579 taliter
736 2548 770 2578 &
784 2555 843 2578 tam
858 2555 989 2585 potenter
1002 2557 1067 2588 erga
1081 2558 1134 2578 nos
1155 2549 1186 2579 in
1207 2549 1262 2580 hac

191 2595 268 2626 parte
283 2587 385 2617 vestrae
403 2587 562 2618 dileetionis
584 2572 791 2624 pienitudinem
811 2586 960 2624 exhibere,
980 2596 1011 2617 ut
1031 2587 1132 2625 ipsius,
1149 2586 1186 2617 de
1208 2587 1264 2626 qua

191 2624 441 2694 nofnsgiffidimus,
458 2625 608 2656 sentiamus
628 2634 662 2655 ex
682 2625 775 2662 operis
798 2624 972 2655 exhibitione
991 2625 1193 2663 probationem
1205 2636 1266 2656 ma-

193 2675 226 2695 ni
239 2674 255 2694 e
297 2673 337 2693 m.

234 2701 274 2733 Et
287 2701 381 2732 sanita
394 2701 470 2732 sedes
483 2702 529 2732 illa
543 2701 698 2739 apostolica
707 2724 717 2740 ,
735 2710 800 2739 quae
814 2710 866 2731 nos
879 2701 914 2732 &
926 2700 1023 2732 nostra
1046 2701 1097 2733 sub
1115 2701 1162 2733 sua
1179 2702 1270 2734 susce-

196 2741 240 2779 pit
259 2741 457 2779 protee‘tione,
475 2739 592 2780 gaudeat
614 2739 642 2770 se
656 2749 691 2770 ex
703 2740 796 2772 vestra
806 2739 949 2778 diligentia
963 2739 1092 2772 frustum
1103 2741 1270 2772 uberiorem

197 2779 352 2818 recepisse,
372 2789 458 2817 quarn
474 2778 592 2817 quidem
606 2778 703 2810 sedem
719 2787 754 2809 ex
766 2777 863 2809 nostra
875 2779 1116 2811 incommoditate
1127 2789 1190 2811 non
1208 2791 1272 2812 cre-

198 2817 291 2849 dimus
306 2817 504 2849 commodum
518 2825 672 2856 reportare.

235 2894 328 2925 Teste
342 2894 479 2925 Huberto
492 2894 530 2926 de
542 2894 656 2936 Burgo,
671 2893 834 2935 Justiciario
853 2893 954 2927 nostro
974 2894 1050 2934 apud
1070 2895 1274 2929 Westmonas-

200 2934 322 2973 terium,
342 2942 380 2972 24
393 2933 440 2963 die
447 2933 526 2973 Julii.

206 3075 330 3107 Littera
345 3076 448 3120 Papa,
473 3073 509 3107 de
515 3073 604 3119 statu
624 3079 712 3124 Regis
729 3079 766 3116 (ῥ’
780 3077 909 3124 perfidia
934 3079 1070 3127 Epiftopi
1098 3080 1223 3126 Elieiqsis
1245 3084 1277 3113 in

576 3126 606 3158 F
604 3129 742 3158 ranciam
751 3125 910 3173 fugientis.

60 3226 109 3260 An
151 3224 184 3256 D
213 3207 434 3270 SAnffiffimo
448 3209 535 3248 patri,
552 3219 585 3240 ac
599 3209 710 3248 speciali
722 3209 858 3243 Domino
878 3212 944 3252 suo,
962 3213 1121 3254 Honorio,
1139 3215 1198 3246 Dei
1218 3225 1281 3246 ora-

110 3236 138 3257 ¹⁷·
190 3247 197 3254 ⁴
271 3246 325 3291 tia,
342 3247 456 3278 summo
476 3247 627 3292 Pontifici,
645 3248 765 3293 devotus
786 3250 857 3281 filius
878 3253 934 3290 ejus
955 3252 1116 3292 Henricus,
1133 3255 1196 3292 sua,
1215 3241 1280 3293 {2⁹0st

62 3275 169 3334 ἐξω·
213 3284 398 3324 Dominum,
419 3294 504 3325 gratia
524 3286 590 3317 Rex
615 3286 744 3356 Ankfiliae,
771 3290 832 3321 δίς.
857 3290 991 3330 fiilutem,
1017 3293 1281 3325 recommendatio-

62 3348 92 3372 H
111 3326 118 3332 '
133 3314 145 3341 3
214 3334 299 3361 nem,
319 3325 352 3355 δε
367 3323 471 3354 devota
483 3325 590 3363 pedum
604 3325 653 3356 osc
684 3336 707 3357 a.

61 3365 100 3410 cl·
114 3352 150 3418 ,ᾖ
252 3362 394 3405 Incipiens
414 3362 559 3402 respirare,
574 3365 631 3395 una
651 3374 721 3395 cum
739 3365 847 3406 Regno
868 3367 986 3407 nostro,
1006 3369 1163 3409 Majestatis
1178 3370 1281 3401 vestrae

64 3392 112 3449 Ha
143 3390 196 3446 ᾖ·
215 3402 250 3433 &
262 3401 443 3433 sacrosan&ae
459 3401 604 3433 Romanae
617 3402 752 3434 Ecclefiae
767 3407 926 3442 patrocinio
940 3408 1005 3445 post
1026 3417 1070 3439 tot
1086 3409 1224 3449 angustias
1247 3411 1281 3441 δε

70 3468 81 3486 ¹
89 3467 101 3494 3
110 3429 151 3486 32,
173 3441 179 3447 ⁶
215 3440 370 3484 pressuras,
388 3449 453 3478 quae
466 3440 548 3471 clarae
561 3443 711 3472 memoriae
723 3451 831 3481 patrem
846 3454 962 3484 meum,
981 3448 1015 3478 ὃς
1029 3457 1078 3478 me
1092 3448 1281 3486 postmodum

66 3481 117 3526 '1'-
133 3479 197 3536 2'30·
216 3487 404 3517 invenerunt,
422 3480 455 3510 δε
474 3487 583 3517 ereptus
617 3490 667 3518 per
687 3480 746 3512 Dei
766 3483 882 3522 gratiam
900 3485 934 3515 &
958 3486 977 3505 ²*
999 3485 1100 3517 vestrae
1115 3489 1282 3526 paternitatis

215 3517 440 3564 solicitudinem,
457 3518 493 3547 ab
512 3517 572 3556 ipso
589 3503 694 3556 iaqueo
711 3521 876 3552 venantium
898 3524 986 3554 vitam
1002 3535 1114 3564 meam,
1133 3536 1202 3557 cum
1221 3526 1282 3556 tam

215 3565 282 3587 aetas
306 3566 370 3587 mea
391 3566 477 3595 quam
497 3555 598 3595 status,
616 3557 651 3586 &
671 3559 840 3597 tranquilitas
859 3560 956 3601 Regni
974 3564 1064 3594 nostri
1084 3565 1114 3594 in
1136 3565 1283 3595 teneritate

216 3595 416 3634 concordent,
434 3605 508 3634 nec,
524 3605 555 3626 ut
568 3596 605 3626 ita
617 3594 727 3635 dicam,
746 3597 799 3628 sint
812 3599 841 3629 in
856 3608 939 3631 aetate
952 3602 1084 3640 perfeeti,
1104 3603 1155 3634 sub
1177 3604 1281 3642 tegmi-

216 3644 255 3664 ne
270 3634 378 3664 alarum
400 3633 572 3673 vestrarum,
590 3634 752 3665 inenarabili
772 3636 842 3667 mihi
856 3638 1008 3671 clementia
1020 3640 1170 3680 assistenti,
1186 3641 1223 3672 de
1237 3641 1284 3672 die

219 3673 250 3702 in
267 3673 345 3704 diem
382 3674 468 3712 gratia
486 3673 561 3712 Dei,
579 3674 612 3704 ὃς
632 3672 717 3703 vestri
733 3675 833 3713 gratia,
850 3678 958 3715 recipio
975 3679 1200 3711 incrementum:
1227 3679 1284 3719 Et,

217 3720 256 3741 ne
275 3697 409 3743 tenelsarn
428 3713 487 3742 mei
504 3712 706 3750 plantationem
721 3722 819 3742 manus
833 3715 948 3746 inimica
962 3718 1076 3756 avellet,
1094 3727 1174 3749 tanto
1189 3716 1283 3749 confi-

217 3749 329 3781 dentius
343 3760 391 3788 m,
410 3760 474 3788 quae
487 3753 564 3782 circa
577 3752 635 3782 hoc
649 3750 834 3790 pertimesce,
850 3753 952 3785 vestrae
972 3755 1101 3793 significo
1122 3757 1266 3788 Sanffitati
1274 3781 1285 3797 ,

218 3797 328 3827 quanto
341 3789 483 3827 specialius
497 3789 621 3820 subditus
634 3789 725 3820 vester
739 3790 773 3820 &
786 3799 910 3821 creatura
921 3793 1020 3824 existo.

259 3826 295 3857 N
297 3829 411 3858 overitis
425 3827 613 3872 igitur,Pater
625 3828 717 3859 santiie
741 3828 821 3866 quod
835 3839 924 3867 nuper
934 3831 1016 3867 (cum
1030 3833 1062 3864 sit
1077 3834 1188 3871 puerilis
1199 3836 1286 3865 aetatis

222 3873 254 3895 ut
267 3866 332 3896 tales
345 3866 382 3896 de
395 3866 470 3896 facili
482 3866 671 3905 infirmentur)
687 3877 703 3897 e
727 3877 775 3897 em
784 3891 793 3905 ,
812 3876 897 3904 prout
911 3867 981 3900 Deo
995 3871 1116 3911 placuit,
1127 3872 1287 3904 infirmitate

221 3904 386 3943 oppressus,
405 3904 568 3943 Robertus,
587 3907 634 3943 qui
656 3906 682 3936 se
696 3907 767 3943 gerit
783 3915 836 3943 pro
852 3904 956 3938 Elienfi
968 3908 1089 3948 ΕΙεᾶο,
1107 3920 1169 3941 non
1182 3912 1287 3942 oblitus

220 3943 366 3979 antiquam
384 3942 441 3974 suae
460 3946 562 3974 mentis
585 3946 618 3975 &
640 3944 756 3975 fellitam
777 3943 928 3984 malitiam,
947 3957 1032 3985 quarn
1052 3957 1152 3979 contra
1172 3948 1287 3981 Patrem

223 3987 340 4022 meum,
357 3981 391 4012 ὅς
408 3992 471 4021 me,
489 3992 522 4012 ac
535 3982 773 4013 Dominationem
787 3981 926 4021 vestram,
941 3993 972 4016 ut
986 3985 1081 4017 dicam
1095 3988 1289 4027 verius‚exer-

224 4025 299 4054 cuit,
317 4019 465 4050 manifeste
477 4023 730 4052 excommunicatis
744 4021 842 4052 vestris
854 4022 888 4052 <Sc
909 4025 978 4054 meis
998 4025 1222 4063 persecutoribus
1240 4026 1289 4057 ad-

224 4053 378 4097 haerendo,
395 4057 507 4098 statim,
525 4060 709 4099 quoscunque
722 4061 814 4098 potuit
827 4069 927 4093 contra
941 4072 991 4093 me
1008 4063 1147 4103 excitans,
1165 4066 1290 4096 cucurrit

222 4102 254 4124 m
275 4093 445 4136 Fra-nciam,
467 4097 526 4136 ibi,
543 4099 600 4130 una
616 4109 688 4132 cum
704 4098 883 4138 sequentibus
898 4100 951 4132 suis
957 4123 970 4142 ‚
987 4111 1036 4133 me
1050 4110 1199 4141 mortuum
1217 4113 1290 4142 prae-

1257 173 1737 222 PUBLICA.
2269 190 2331 234 77·

1261 261 1399 292 dicando·
1420 261 1496 292 unde
1510 263 1591 294 multi
1604 274 1704 296 contra
1717 275 1764 297 me
1779 265 1915 304 superbiae
1929 272 2036 298 cornua
2051 267 2086 299 &
2098 267 2222 298 nocendi
2236 267 2319 298 audss-
2338 263 2415 293 Arm·
2430 262 2470 295 Dss

1259 302 1334 331 ciam
1351 286 1569 338 assiimpserunt:
1590 301 1649 333 Dei
1667 304 1783 341 quidem
1804 307 1838 336 ὃς
1859 304 1942 336 vestri
1957 306 2041 345 gratia
2053 305 2194 336 restitutus
2207 306 2267 336 sum
2282 307 2320 338 sa-
2361 311 2445 340 1219.

1257 347 1342 369 nitati.

1298 377 1375 408 Haec
1387 385 1484 408 tamen
1500 377 1644 408 Sanetitati
1657 379 1757 411 vestrae
1773 381 1916 421 signif-co,
1928 382 2110 421 supplicando
2119 406 2128 422 ,
2147 394 2184 414 ne
2197 393 2245 414 me
2258 394 2322 422 per-

1261 417 1373 485 rnittaitis
1397 416 1488 446 redire
1507 415 1542 446 ad
1559 416 1649 447 leonis
1668 418 1776 457 fauces,
1795 430 1848 451 nec
1868 422 2021 452 reincidere
2042 423 2114 454 inter
2134 423 2268 453 malleum
2286 424 2321 454 &

1259 464 1326 485 incu
1348 462 1404 485 em.

1297 492 1421 524 Certum
1436 491 1478 523 est
1492 493 1570 523 enim
1586 493 1664 532 quod
1679 494 1787 525 Civitas
1801 495 1925 534 Elyensis
1938 498 1979 528 est
1992 500 2101 536 optima
2108 501 2231 530 munitio
2241 499 2321 539 Reg-

1260 533 1290 561 ni
1303 531 1409 570 nostri;
1427 533 1461 563 ὃς
1475 531 1554 571 quod
1567 531 1657 562 dietus
1675 532 1821 564 Robertus
1832 536 1870 564 ibi
1885 537 1974 566 extitit
1986 539 2161 574 praeiirruliis
2170 563 2180 576 ,
2192 547 2241 578 ut,
2252 538 2324 569 sicut

1261 580 1303 601 res
1318 570 1345 601 se
1357 570 1471 608 habuit,
1489 572 1660 608 reciperetur
1672 571 1712 601 ibi
1725 570 1871 602 Dominus
1886 573 2061 605 Lodovicus.

1300 608 1471 646 Dignemini
1493 610 1590 649 igitur,
1609 617 1684 647 pater
1698 609 1808 649 fauete,
1828 611 1915 641 michi
1932 613 1965 643 ὃς
1982 612 2087 650 Remo
2104 615 2203 646 nostro
2218 615 2323 645 miseri-

1262 647 1386 678 corditer
1406 657 1581 685 praecavere,
1599 658 1636 678 ne
1656 649 1714 679 talis
1734 658 1861 687 unquam
1880 659 1976 688 occup
1986 660 2004 676 ›r
2020 652 2102 681 rilem
2119 653 2230 684 locum·
2253 663 2324 691 prae·

1262 686 1357 716 sertim
1371 696 1440 716 cum
1457 688 1490 717 &
1505 685 1625 724 infideli,
1641 688 1718 725 juxta
1733 689 1857 720 verbum
1872 687 2098 728 Evcmgoe'ricuin,
2112 691 2140 720 id
2155 678 2234 729 quoti
2246 691 2326 723 vide*

1264 732 1310 756 tur
1324 724 1443 763 habere,
1462 725 1562 755 auferri
1576 725 1685 756 debeat.

1301 763 1339 793 Et
1362 763 1494 800 Majestas
1513 763 1605 795 vestra
1628 764 1721 795 multo
1740 767 1947 804 competentius
1967 766 2051 805 possit
2072 765 2210 798 Ecclefiae
2230 768 2270 797 illi
2291 767 2328 799 de

1265 801 1382 832 Pastore
1396 801 1502 833 idoneo
1516 802 1674 841 providere.
1713 803 1812 835 Valeat
1827 806 1857 835 in
1873 804 2008 836 Domino
2022 806 2146 837 sanctitas
2162 805 2262 837 vestra.

1303 878 1406 908 Eodem
1417 880 1491 909 modo
1496 878 1630 918 stribitur
1645 880 1844 914 Cardinalibus.

1380 1010 1502 1041 Littera
1522 1011 1648 1055 Majori
1663 1015 1699 1049 ὠ·
1719 1014 1877 1045 Communi
1894 1016 2012 1057 Consilio
2029 1015 2222 1064 Burdegaliae.

1270 1091 1386 1152 REX
1403 1091 1512 1132 Majori
1525 1094 1559 1124 &
1572 1093 1735 1126 Communi
1748 1095 1878 1127 Consilio
1892 1097 2061 1140 Burdegaliae
2078 1101 2201 1132 salutem.

2344 346 2407 369 Hm.
2428 350 2455 377 3.

2357 1099 2434 1130 Ann.
2449 1097 2493 1128 D,

1364 1131 1415 1162 De
1431 1133 1655 1163 commendabili
1676 1133 1788 1165 servitio
1807 1135 1921 1174 vestro,
1939 1141 2059 1177 genitori
2079 1140 2178 1171 nostro
2201 1141 2235 1172 ὃς
2254 1141 2338 1171 nobis
2382 1146 2466 1175 1219.

1273 1169 1384 1208 semper
1399 1171 1546 1209 exhibito,
1564 1173 1599 1203 &
1613 1171 1650 1202 de
1664 1182 1748 1210 cura,
1767 1175 1801 1205 ὃς
1816 1175 1957 1214 expensis,
1975 1178 2009 1207 &
2025 1177 2183 1217 laboribus,
2202 1190 2274 1217 quos
2296 1179 2339 1210 su-
2361 1181 2415 1205 An.
2435 1187 2458 1205 ¹·

1274 1209 1336 1239 bire
1350 1219 1411 1240 non
1422 1210 1561 1249 negligitis
1574 1209 1609 1241 ad
1624 1211 1719 1242 villam
1734 1211 1857 1243 vestram
1879 1213 2065 1245 claudendam
2084 1217 2116 1247 &
2140 1218 2341 1257 muniendam,
2363 1220 2390 1243 H

2391 1238 2396 1243 -
2420 1224 2433 1251 3

1266 1247 1337 1289 ficut
1350 1247 1526 1292 prjaefintium
1547 1248 1683 1288 latorum,
1696 1249 1741 1289 fit
1763 1249 1801 1286 ῤ’
1819 1250 1935 1281 aliorum
1954 1251 2043 1282 relatu
2064 1253 2214 1293 didiscimus·
2226 1279 2235 1293 ,
2253 1266 2343 1295 grates
2364 1254 2451 1290 Claus.
2469 1257 2496 1289 32·

1276 1285 1430 1317 strenuitati
1446 1287 1548 1318 vestra:
1561 1288 1688 1325 copiosas
1703 1289 1868 1329 referimus,
1887 1300 2017 1328 rogantes
2033 1293 2066 1323 &
2089 1301 2237 1323 monentes
2259 1301 2289 1324 ut
2309 1294 2345 1325 de
2367 1297 2401 1320 H·
2412 1300 2481 1328 3-m·

1276 1326 1331 1356 hac
1345 1324 1507 1356 strenuitate
1521 1327 1555 1357 ὃς
1570 1326 1702 1358 fidelitate
1716 1328 1877 1359 constantes
1891 1330 1924 1360 &
1937 1329 1984 1360 fixi
1998 1332 2190 1368 permaneatis.

1314 1363 1466 1404 Rogamus
1483 1365 1569 1395 etiam
1588 1366 1797 1396 universitatem
1815 1367 1938 1398 vestram
1953 1393 1963 1406 ,
1995 1368 2033 1399 de
2057 1379 2112 1407 qua
2134 1369 2265 1400 fiduciam
2289 1371 2349 1408 spe-

1277 1403 1381 1433 cialem
1399 1404 1538 1443 gerimus,
1566 1405 1695 1442 quatinus
1710 1406 1740 1434 in
1759 1414 1862 1437 mutuo
1882 1407 1960 1437 mille
1978 1417 2153 1447 marcarum,
2177 1407 2212 1438 ad
2230 1418 2296 1446 quas
2316 1409 2349 1439 fi-

1278 1441 1356 1472 deles
1372 1441 1462 1472 nostri
1480 1443 1571 1480 maJ'or
1587 1444 1622 1474 ὃς
1638 1444 1799 1474 universitas
1818 1444 1947 1476 London
1964 1445 1990 1475 se
2009 1446 2206 1486 obligaverunt
2225 1470 2235 1485 ,
2261 1448 2281 1477 si
2300 1458 2349 1478 ne-

1280 1479 1406 1524 cessitate
1422 1480 1543 1511 instante
1562 1491 1605 1512 eas
1624 1482 1895 1522 commodaverins,
1912 1483 1996 1514 nobis
2014 1484 2162 1516 subvenire
2178 1496 2241 1517 non
2261 1487 2350 1517 ornit-

1281 1527 1353 1550 tatis

1322 1558 1404 1596 Quas
1421 1559 1606 1589 committatis
1626 1558 1704 1590 fratri
1724 1559 1766 1590 G.
1784 1559 1926 1598 Brokard,
1952 1562 1987 1593 &
2008 1561 2114 1593 Abbati
2133 1561 2170 1594 de
2190 1562 2282 1601 Silva,
2308 1562 2356 1595 vel

1283 1606 1388 1627 eorum
1398 1597 1493 1636 alteri,
1512 1597 1532 1627 fi
1544 1598 1634 1628 ambo
1647 1599 1793 1636 praesentes
1813 1610 1874 1631 non
1896 1600 2015 1638 fuerint,
2034 1601 2188 1632 liberandas
2210 1601 2260 1632 ubi
2282 1613 2355 1640 prce-

1284 1636 1413 1673 cepimus
1425 1636 1460 1666 ad
1473 1636 1670 1667 defensionem
1683 1637 1758 1668 villae
1771 1637 1887 1678 vestrae,
1905 1640 1939 1670 ὅτ
1953 1640 2076 1677 partium
2092 1640 2250 1670 vestrarum
2265 1641 2285 1671 si
2303 1651 2354 1671 ne·-

1285 1674 1362 1705 cesse
1382 1674 1482 1712 fuerit,
1508 1684 1609 1706 contra
1630 1685 1731 1706 eorum
1749 1677 1911 1716 incursum,
1940 1687 2012 1715 quos
2034 1679 2154 1717 timetis,
2180 1679 2249 1710 licut
2269 1680 2354 1710 n0b1s

1286 1723 1381 1750 nunc,
1395 1714 1429 1744 δε
1443 1713 1507 1743 alias
1520 1713 1707 1753 significastis,
1727 1716 1776 1753 qui
1792 1725 1903 1755 tamen,
1922 1726 1972 1753 per
1988 1715 2046 1746 Dei
2062 1719 2192 1756 gratiam,
2212 1717 2294 1748 nobis
2317 1719 2354 1749 ti-

1287 1751 1385 1782 mendi
1397 1761 1459 1782 non
1473 1752 1550 1790 sunt,
1567 1762 1637 1782 curn
1651 1751 1784 1783 dominus
1796 1754 1870 1793 Papa
1882 1765 1951 1793 nOS,
1970 1755 2004 1785 &
2015 1763 2116 1794 terras,
2134 1757 2168 1787 &
2183 1756 2266 1786 feoda
2286 1767 2355 1787 nos-

1288 1799 1330 1859 tsra
1348 1790 1399 1858 sug>
1417 1790 1525 1829 speciali
1547 1790 1732 1828 protectionis
1753 1792 1808 1823 suae
1832 1793 1952 1824 brachio
1965 1793 2141 1825 defendenda
2159 1794 2307 1833 susceperit
2321 1796 2356 1829 ὃς

1303 1839 1374 1860 aven
1395 1838 1419 1858 a.

1327 1867 1554 1905 Verumptamen
1575 1876 1609 1897 ex
1628 1867 1678 1897 alia
1695 1877 1774 1906 parte
1789 1869 1872 1899 vobis
1886 1869 2081 1908 providimus,
2098 1872 2133 1902 &
2148 1881 2247 1902 curam
2261 1871 2361 1903 defen-

1291 1906 1376 1936 sionis
1397 1907 1518 1944 partium
1537 1905 1693 1937 vestrarum
1713 1906 1812 1937 talibus
1826 1907 2041 1946 commisimus,
2060 1910 2109 1947 qui
2123 1909 2289 1947 indempnes
2307 1916 2362 1942 vos

1290 1945 1515 1983 conservabunt,
1534 1954 1605 1975 cum
1625 1945 1730 1975 auxilio
1749 1944 1890 1984 Domini,
1910 1946 1930 1976 fi
1954 1946 2029 1978 forte
2042 1947 2187 1979 necessitas
2200 1949 2362 1989 emerserit,

1292 1993 1380 2023 quam
1393 1993 1454 2013 non
1469 1992 1607 2021 putamus.

1332 2021 1372 2052 Et
1392 2021 1482 2052 securi
1500 2022 1555 2052 fitis
1577 2021 1655 2060 quod
1678 2021 1714 2052 de
1735 2022 1875 2061 praedirsto
1887 2032 1989 2055 mutuo
2003 2024 2081 2056 mille
2096 2033 2273 2065 marcarum,
2292 2036 2361 2057 cum

1292 2060 1417 2092 liberatae
1435 2060 1540 2091 fuerint
1560 2060 1595 2090 &
1615 2061 1715 2098 positte
1727 2063 1756 2091 in
1770 2061 1965 2093 defensionem
1981 2071 2063 2094 terrae
2078 2063 2199 2102 nostrae,
2217 2064 2237 2094 si
2252 2065 2365 2096 necesse

1294 2100 1395 2137 fuerit,
1413 2099 1497 2129 vobis
1513 2099 1677 2129 satisfacient
1692 2099 1820 2137 praedieti
1841 2100 1935 2131 fideles
1956 2101 2046 2132 nostri
2069 2101 2197 2132 London
2217 2102 2251 2133 ad
2271 2103 2366 2143 diem,

1293 2147 1383 2177 quem
1404 2138 1441 2168 eis
1460 2136 1495 2168 ad
1518 2137 1576 2167 hoc
1600 2137 1723 2168 statuetis
1744 2149 1795 2176 per
1816 2138 1916 2170 litteras
1938 2140 2042 2170 vestras
2060 2140 2190 2171 Parentes
2207 2152 2276 2172 cum
2291 2142 2369 2172 testi-³

1295 2177 1398 2207 monio
1421 2175 1627 2214 praedie’corum
1645 2177 1735 2207 fratris
1756 2177 1797 2208 G.
1822 2177 1856 2208 &
1878 2177 1996 2210 Abbatis
2015 2178 2052 2209 de
2074 2178 2166 2217 Silva,
2191 2180 2237 2211 vel
2261 2180 2371 2212 alterius

1296 2224 1417 2253 eorum,
1435 2213 1472 2245 de
1486 2216 1649 2252 receptione
1663 2215 1717 2245 sua.

1336 2253 1453 2292 Qibus
1472 2254 1668 2284 mandavimus
1690 2254 1790 2294 quod,
1807 2265 1861 2294 pro
1885 2255 1989 2287 eisdem
2009 2256 2131 2288 millibus
2154 2266 2314 2289 marcarum
2328 2268 2372 2289 re-

1298 2294 1403 2332 ceptis,
1418 2293 1453 2324 &
1476 2292 1571 2330 positis
1592 2294 1623 2323 in
1642 2292 1838 2324 defensionem
1861 2301 1943 2325 terrae
1965 2295 2086 2334 nostrae,
2103 2295 2123 2326 fi
2144 2297 2258 2327 necesse
2271 2297 2372 2336 fuerit,

1299 2333 1402 2363 litteras
1422 2331 1480 2362 suas
1497 2331 1627 2362 Patentes
1651 2334 1849 2370 receptionem
1870 2333 1948 2364 suam
1970 2333 2167 2373 testificantes,
2192 2335 2273 2366 vobis
2295 2336 2374 2366 exhi-

1301 2372 1402 2409 beant,
1422 2369 1530 2409 Majori
1551 2371 1585 2402 &
1604 2370 1790 2402 Universitati
1811 2371 1939 2403 London
1959 2373 2193 2411 transmittendas,
2212 2384 2277 2412 erga
2300 2383 2373 2412 quos

1301 2420 1355 2440 nos
1375 2408 1564 2448 obligavimus
1583 2419 1633 2447 per
1652 2409 1755 2441 litteras
1775 2410 1882 2441 nostras
1908 2411 2055 2449 Patente53
2074 2413 2108 2444 δε
2129 2411 2210 2443 simili
2233 2412 2325 2443 modo
2345 2413 2377 2444 se⁴

1302 2448 1361 2479 obli
1381 2455 1499 2478 averunt
1517 2448 1683 2479 venerabilis
1704 2457 1781 2486 pater
1801 2448 1900 2480 Petrus
1918 2449 2143 2488 Wintoniensis,
2170 2452 2205 2483 δε
2223 2450 2374 2482 Hubertus

1303 2487 1340 2517 de
1377 2496 1446 2526 urgo
1454 2486 1629 2524 Justiciai·ius
1641 2486 1754 2526 noster,
1775 2487 1854 2526 quod
1867 2488 1948 2526 super
1968 2490 2141 2529 obligatione
2159 2489 2222 2528 sua,
2241 2499 2327 2528 quam
2346 2489 2375 2520 se

1304 2526 1388 2557 vobis
1401 2525 1616 2565 obligaverunt,
1634 2525 1669 2555 ad
1683 2526 1899 2556 satisfactionem
1912 2526 1990 2557 mille
2007 2537 2166 2558 marcarum
2185 2528 2378 2566 expendarum

1306 2565 1336 2594 in
1349 2564 1462 2594 servitio
1477 2563 1596 2603 nostro,
1614 2564 1635 2594 si
1648 2564 1762 2597 necesse
1777 2564 1877 2603 fuen't,
1893 2575 1943 2596 eos
1963 2565 2130 2604 indempnes
2148 2567 2380 2599 conservabimus

1307 2603 1342 2634 &
1355 2603 1584 2640 acquietabimus.

1349 2640 1523 2671 Mandamus
1539 2648 1654 2680 autem,
1679 2640 1714 2671 ad
1734 2641 1892 2672 instantiam
1911 2641 2103 2674 Nunciorum
2124 2643 2306 2684 vestrorum,
2331 2654 2382 2683 pei·

1308 2679 1410 2710 litteras
1431 2679 1554 2718 nostras,
1578 2690 1645 2718 quas
1665 2680 1748 2711 vobis
1768 2681 1923 2720 mittimus,
1950 2681 2019 2721 illis,
2047 2683 2095 2721 qui
2116 2690 2205 2713 turres
2227 2683 2246 2703 *³
2269 2683 2382 2715 firmare

1311 2718 1417 2749 debent
1430 2719 1460 2748 in
1474 2718 1548 2748 Villa
1562 2717 1752 2759 Burdegaliae,
1771 2720 1805 2751 ὃς
1821 2719 1914 2759 Kayas
1930 2719 2023 2752 facere
2037 2721 2094 2752 sive
2109 2721 2278 2761 clausturas,
2298 2722 2379 2762 quod

1313 2767 1357 2787 eas
1370 2756 1464 2788 facere
1479 2767 1540 2787 nori
1553 2756 1702 2795 differant,
1719 2758 1790 2789 sicut
1803 2766 1948 2789 tenentur:
1967 2769 2019 2798 ne,
2037 2759 2057 2790 si
2072 2759 2108 2790 ad
2121 2760 2185 2791 haec
2209 2763 2302 2791 minus
2317 2771 2382 2800 per-

1313 2796 1391 2826 fecffie
1404 2805 1503 2826 manus
1519 2797 1711 2835 apposuerint,
1729 2796 1888 2836 dampnum
1903 2797 1967 2827 inde
1981 2800 2157 2829 incurramus
2177 2800 2211 2830 &
2224 2800 2383 2839 jacituram3

1315 2836 1350 2866 &
1364 2835 1405 2865 ob
1418 2834 1477 2865 hoc
1490 2837 1594 2866 merito
1608 2835 1643 2866 ad
1656 2844 1739 2866 terras
1752 2837 1786 2868 δε
1800 2836 1896 2868 catalla
1911 2846 2014 2868 eorum
2027 2846 2146 2869 manum
2169 2848 2313 2876 apponere
2330 2838 2382 2870 de-

1315 2874 1432 2904 beamus
1445 2875 1613 2913 graviorem.

1353 2912 1527 2943 Mandamus
1540 2912 1663 2943 similiter
1677 2912 1835 2945 Senescallo
1850 2913 1966 2952 nostro,
1983 2914 2018 2945 ad
2033 2914 2194 2946 instantiam
2206 2917 2382 2948 nunciorum

1317 2950 1496 2989 vestrorum,
1516 2950 1595 2989 quod
1610 2961 1671 2982 non
1683 2953 1825 2990 permittat
1841 2954 1959 2991 milites,
1977 2955 2025 2991 qui
2040 2955 2128 2984 vicini
2140 2953 2202 2986 sunt
2225 2954 2300 2986 villae
2323 2965 2386 2986 ves-

1316 2998 1384 3028 trae,
1401 2998 1485 3020 terras
1508 2990 1554 3020 vel
1574 2990 1697 3021 redditus
1717 2991 1779 3021 suos
1798 2991 1940 3030 vendere,
1969 2992 2026 3021 sive
2048 2992 2207 3031 invadiare,
2232 2995 2387 3032 quominus

1318 3028 1457 3060 sufficiant
1470 3027 1504 3058 ad
1518 3028 1660 3059 servitium
1675 3029 1757 3059 nobis
1777 3028 1907 3059 debitum
1922 3030 2113 3070 reddendum,
2129 3032 2164 3063 &
2189 3031 2224 3062 ad
2245 3031 2387 3063 defensio-

1319 3078 1386 3098 nem
1402 3068 1522 3105 partium
1536 3066 1694 3098 vestrarum
1703 3091 1711 3105 ,
1725 3077 1793 3098 cum
1807 3067 1950 3099 neceffitas
1966 3070 2115 3100 emerserit.

1358 3106 1396 3137 Et
1419 3106 1496 3145 quod
1518 3106 1632 3136 clamari
1653 3107 1734 3137 faciat
1755 3108 1788 3137 &
1811 3107 1952 3138 observari
1971 3119 2006 3139 ne
2024 3108 2135 3147 Judaei,
2153 3108 2190 3139 de
2211 3109 2272 3147 die,
2290 3116 2386 3140 emant

1320 3145 1366 3177 vel
1388 3144 1510 3176 vendant
1530 3155 1572 3175 res
1591 3145 1711 3175 mobiles
1726 3145 1928 3184 (praeterquam
1940 3146 2071 3177 vidtualia
2082 3147 2129 3178 vel
2144 3147 2224 3179 vadia
2237 3148 2386 3184 recipiant)

1320 3184 1425 3222 absque
1445 3184 1612 3214 testimonio
1633 3184 1762 3214 virorum
1780 3183 1907 3215 fidelium
1927 3185 2162 3224 christianorum,
2183 3188 2217 3217 ὃς
2239 3197 2256 3223 q
2271 3185 2316 3215 iod
2337 3185 2387 3223 ipfi

1320 3232 1468 3261 nunquam
1483 3223 1616 3260 recipiant
1630 3232 1738 3259 pannos
1752 3222 1809 3254 sive
1823 3233 1990 3255 ornamenta
2010 3224 2204 3255 Ecclesiastica
2213 3248 2221 3261 ‚
2242 3225 2297 3254 live

1322 3272 1375 3292 nos
1392 3261 1536 3299 madidos,
1554 3261 1600 3292 vel
1620 3261 1752 3301 sanguine
1773 3262 1951 3302 conspersos,
1970 3264 2016 3293 vel
2034 3264 2083 3293 alia
2105 3263 2180 3293 unde
2195 3261 2261 3292 mali
2276 3261 2388 3298 suspitio

1322 3301 1418 3330 haberi
1432 3299 1532 3338 possit,
1547 3300 1702 3331 secundum
1720 3301 1797 3338 quod
1817 3302 1959 3332 observari
1979 3302 2047 3332 solet
2070 3300 2244 3338 temporibus
2264 3298 2388 3332 Henrici

1323 3338 1372 3369 Re
1392 3340 1411 3368 is
1425 3340 1470 3369 avi
1484 3338 1589 3377 nostri,
1608 3340 1643 3370 &
1657 3338 1774 3370 Ricardi
1791 3339 1879 3380 Regis
1891 3340 2023 3370 avunculi
2037 3339 2131 3369 nostri.

1386 3378 1445 3408 lura
1462 3378 1513 3408 alia
1532 3377 1628 3408 dicent
1647 3377 1745 3409 latores
1768 3380 1946 3418 praesentium
1959 3378 1996 3409 de
2007 3377 2078 3408 statu
2092 3378 2125 3408 δε
2139 3375 2251 3417 agendis
2265 3376 2390 3417 nostris,

1324 3426 1389 3455 quae
1404 3417 1511 3455 scriptis
1527 3427 1587 3447 non
1597 3416 1726 3456 jussimus
1740 3417 1945 3448 commendari.

1360 3493 1452 3524 Teste
1464 3493 1506 3524 H.
1525 3493 1560 3525 de
1577 3494 1690 3534 Burgo,
1706 3494 1866 3533 Justiciario
1879 3492 1997 3531 nostro,
2015 3492 2089 3531 apud
2106 3491 2234 3524 Westm.
2252 3493 2391 3525 vicesimo

1323 3540 1424 3572 quarto
1437 3533 1483 3563 die
1491 3532 1569 3572 Julii.

1325 3667 1447 3698 Littera
1459 3662 1624 3699 Willielmo
1638 3665 1793 3742 Mayngz,
1805 3661 1900 3744 guod
1915 3661 2070 3697 auxilium
2084 3661 2238 3712 impendat
2264 3666 2392 3713 Hugont‘

1777 3723 1791 3743 e
1832 3724 1974 3745 ezimnan.

1327 3797 1441 3857 REX
1456 3795 1616 3827 willielmo
1630 3794 1701 3835 May
1742 3807 1761 3827 o
1772 3797 1893 3835 juniori,
1911 3796 2037 3829 salutem·

2368 1331 2396 1358 6.

2417 1330 2442 1359 dt

2401 2685 2452 2715 ¹⁸1.
2465 2693 2533 2725 ²3¹·

2409 3803 2483 3835 Ann.
2497 3801 2540 3833 D,

1420 3835 1610 3866 Constantem
1622 3833 1709 3865 fidem
1745 3845 1756 3853 ⁷
1776 3835 1889 3866 fidelem
1901 3836 2088 3869 constantiam
2108 3836 2247 3876 vestram,
2265 3838 2389 3876 praeteri·
2436 3850 2521 3879 1219.

1327 3875 1362 3905 tis
1376 3874 1473 3905 diebus
1485 3876 1519 3906 δε
1534 3873 1712 3911 praesentibus
1725 3874 1914 3913 multipliciter
1928 3875 2092 3915 probatam,
2110 3877 2198 3917 digno
2213 3877 2309 3907 favore
2321 3887 2388 3917 pro-
2404 3885 2455 3909 An.
2474 3891 2499 3917 3.

1329 3913 1489 3950 sequentes,
1508 3920 1586 3942 tanto
1600 3911 1718 3953 amplius
1734 3912 1843 3944 devotis
1855 3913 1993 3952 obsequiis
2006 3915 2104 3946 vestris
2124 3916 2316 3956 promittimus
2336 3925 2388 3944 nos
2408 3925 2440 3948 H.
2460 3929 2484 3955 3.

1329 3950 1412 3991 digna
1430 3950 1562 3981 mercede
1582 3950 1766 3990 respondere,
1786 3960 1892 3995 quanto
1913 3954 2001 3997 magis
2020 3953 2040 3984 fi
2053 3952 2123 3992 hiis,
2139 3962 2202 3992 quae
2215 3953 2333 3984 feliciter
2347 3954 2393 3982 in<
2408 3956 2494 3993 Claus.
2512 3963 2537 3991 3.

1330 3988 1458 4027 cepistis,
1474 3987 1562 4019 finem
1574 3988 1741 4020 laudabilem
1754 3992 1914 4021 curaveritis
1926 4001 2083 4030 imponere.

2411 4000 2444 4024 Η.
2462 4005 2486 4030 3.
2503 4003 2541 4025 m,-

1370 4027 1448 4066 Qiia
1468 4036 1557 4065 vero,
1596 4026 1655 4058 uod
1674 4027 1767 4058 fideles
1789 4026 1892 4067 nostri,
1908 4032 2029 4068 partium
2050 4030 2228 4068 vestrarum,
2246 4029 2296 4060 sibi
2310 4029 2393 4060 time-
2412 4043 2439 4070 7.
2460 4033 2485 4062 ΑΒ

1331 4065 1398 4096 bant
1411 4065 1448 4096 de
1463 4064 1576 4096 multitu
1599 4067 1604 4071 ”
1626 4075 1644 4096 e
1677 4068 1746 4097 entis
1761 4076 1824 4105 quae
1837 4068 1963 4105 profecta
1977 4068 2107 4108 estsuper
2127 4069 2221 4108 Albig.
2242 4069 2320 4106 (licet
2342 4077 2396 4097 nos

1331 4103 1397 4135 inde
1417 4104 1536 4136 minime
1547 4128 1559 4143 ‚
1591 4114 1642 4143 per
1657 4074 1720 4137 ῗῦεί
1737 4108 1882 4183 ,‹,1‚rati'alr<n3
1901 4108 2050 4140 timeamus
2064 4130 2075 4148 2
2099 4107 2169 4141 sicut
2188 4116 2245 4139 nec
2265 4114 2394 4147 oportet,

2328 4152 2398 4181 curn
