2570 4261
57 263 134 294 Anu.
149 263 189 293 D.

81 303 163 341 1298.

58 346 124 369 Eu'v.
146 351 168 369 1.

54 717 131 748 Arm.
143 714 187 746 ¹).

75 756 158 793 Izjt‘i.

50 799 103 823 Aa.
122 798 164 820 26.

51 837 82 860 ,Ε-
108 842 114 857 r

52 875 92 897 Ex
108 873 164 898 Aia-

50 916 116 945 togr.

45 2320 178 2351 ⁰11.820.

208 192 290 218 200

243 262 310 293 Dat.
329 260 437 291 Romae
457 257 530 295 apud
551 255 690 287 simitum
709 251 830 283 Petrum
851 259 880 279 2.
908 246 1030 278 Kalend.
1051 245 1135 286 Julii,
1159 245 1269 277 Pontif.

205 302 293 331 nostri
307 309 383 330 anno
397 306 507 336 quarto.

901 361 958 393 Sub
968 354 1028 403 filis
1035 361 1137 400 firicir.

203 521 292 554 Bulla
314 517 460 560 Bonifacii
479 515 573 561 fitper
589 514 682 559 finali
708 514 948 560 pronuntiatione
965 512 1001 547 ὠ·
1018 507 1192 551 arbitratu,
1210 508 1268 552 fa-

247 570 300 601 {lis
316 567 351 600 de
368 563 544 598 omnimodis
555 566 676 611 guerris
691 567 728 601 ὠ·
747 560 950 602 controverfiis
976 561 1053 590 inter
1078 558 1168 603 Reges
1197 559 1268 590 An-

245 617 312 663 gliae
327 620 363 653 (θ’
380 616 521 647 franca.

256 708 404 739 Onifacius
417 707 443 738 E
465 708 588 745 iscopus,
607 706 698 737 servus
712 704 858 734 servorum
874 701 949 740 Dei,
967 699 1111 732 carissimis
1130 701 1158 731 in
1178 699 1267 730 Chri-

274 747 319 777 sto
337 748 411 778 Filiis
471 747 587 786 hylippo
610 745 632 774 F
636 743 754 780 ranciae,
773 742 806 773 &
828 741 961 771 Edvardo
983 740 1112 779 Angliae,
1141 737 1267 778 Regibus

202 786 371 824 illustribus,
388 769 502 816 salutem
519 786 551 815 δε
566 781 764 820 Apostolicam
776 780 1016 810 benedictionem.

240 824 507 855 pronuntiationem
521 820 660 860 quandam
673 821 751 858 super
772 818 951 848 reformanda
971 819 1043 848 inter
1063 825 1117 846 vos
1141 825 1210 854 pace
1233 815 1266 846 &

200 863 373 900 concordia,
393 864 427 892 &
449 862 528 898 super
548 860 597 889 hiis
619 868 683 897 quae
705 858 740 888 ad
752 867 852 894 pacem
867 858 1023 894 pertinent,
1041 865 1074 885 ac
1094 854 1174 892 super
1193 854 1266 891 aliis,

202 903 280 940 super
302 903 402 940 quibus
424 910 472 938 per
496 897 622 928 Nuntios
640 898 673 928 δι’,
692 896 893 927 Procuratores
913 894 1020 925 vestros
1043 895 1073 923 in
1094 903 1146 923 nos
1161 915 1171 931 ,
1193 901 1266 922 tam-

203 951 288 979 quim
308 941 335 969 in
361 940 495 977 privatam
519 937 682 975 personam,
708 935 742 965 ἃ
764 934 948 964 Βεηεάίᾶυῐῃ
970 932 1152 971 Gaytanum,
1171 932 1267 961 nomi—

202 989 240 1009 ne
261 978 373 1014 vestro,
392 978 425 1008 δε
450 986 503 1014 pro
525 976 608 1005 vobis
621 975 708 1004 extitit
730 972 967 1010 compromissum
981 995 991 1010 ,
1017 970 1195 1006 arbitrando,
1210 970 1267 999 lau-

202 1017 314 1055 dando,
332 1014 517 1051 diffiniendo,
534 1013 696 1044 arbitraliter
709 1010 917 1048 sententiando,
937 1009 1116 1046 mandando,
1135 1008 1267 1039 ordinan-

201 1056 259 1094 do,
277 1055 470 1092 disponendo,
489 1055 523 1084 &3
540 1050 749 1090 pronuntiando
762 1049 796 1080 ea
809 1051 890 1086 vice,
907 1059 996 1086 nuper
1010 1048 1140 1078 duximus
1163 1047 1267 1077 facien-

203 1094 287 1132 dam,
305 1102 387 1132 prout
400 1094 429 1123 in
445 1091 634 1122 instrumento
647 1090 783 1128 publico,
800 1089 865 1118 inde
880 1086 1030 1125 confessio,
1050 1086 1158 1125 plenius
1173 1085 1267 1116 conti-

202 1143 284 1163 netur

275 1156 337 1200 uim
360 1169 638 1208 pronuntiationem,
657 1166 690 1197 &
712 1174 776 1204 quse
796 1166 825 1195 in
840 1164 872 1195 eii
887 1164 1087 1201 continentur,
1103 1162 1267 1204 audioritate

201 1209 386 1247 Apoitolica,
404 1208 494 1240 valere
513 1207 643 1239 volumus
663 1206 696 1237 ὃς
716 1205 828 1242 plenam
849 1204 951 1234 habere
963 1201 1140 1233 decernimus
1156 1201 1265 1231 roboris

200 1248 361 1285 firmitatem
372 1257 378 1276 :

201 1332 327 1360 Tenerem
341 1331 417 1372 ipsus
432 1329 625 1369 Instrumenti,
643 1327 674 1356 de
687 1324 771 1356 verbo
785 1326 826 1355 ad
839 1324 971 1363 verbum,
990 1335 1024 1353 ex
1044 1322 1117 1353 tertii
1127 1320 1262 1362 fiientia,

382 1368 561 1408 praesentibus
578 1369 706 1397 annotari
716 1363 871 1406 facientes,
886 1367 932 1404 qui
946 1362 1011 1392 talis
1026 1361 1072 1401 est.

198 1454 265 1517 IN
277 1454 410 1485 Nomine
425 1453 548 1484 Domini
563 1452 667 1482 Amen.

269 1493 354 1522 Anno
372 1493 493 1523 Domini
510 1490 658 1521 millesimo
671 1487 866 1520 ducentesimo
882 1487 1068 1524 nonagesimo
1081 1485 1206 1522 ostavo,
1216 1483 1263 1514 ln-

201 1531 328 1562 dic‘tione
347 1530 515 1568 undecima,
534 1527 720 1560 pontificatus
744 1527 867 1558 Domini
890 1526 1026 1557 Bonifacii
1046 1525 1131 1562 Papae
1149 1523 1262 1561 oetavi,

198 1580 274 1600 anno
289 1579 404 1608 quarto,
422 1570 470 1600 die
484 1569 616 1599 vicesima
631 1567 745 1604 septima
760 1564 958 1602 mensisJiinii.
1028 1603 1033 1607 ¹
1084 1602 1089 1607 ο
1188 1602 1192 1606 ¹
1218 1601 1223 1606 ⁶

236 1608 429 1639 Sanffiffimus
450 1607 532 1639 Pater
555 1607 588 1637 &
610 1606 768 1642 Dominus,
795 1603 941 1634 Dominus
963 1601 1141 1638 Bonifacius,
1165 1600 1263 1631 divini}⁴

200 1647 377 1684 providentia
400 1646 474 1685 Papa
496 1646 629 1682 oistavuS,
655 1644 815 1680 arbitrium,
834 1641 965 1679 laudum,
982 1639 1202 1677 diffinitionem,
1220 1649 1264 1668 ar-

199 1686 327 1716 bitralem
341 1685 523 1724 sententiam,
540 1683 719 1714 amicabilem
739 1681 995 1718 compositionem,
1015 1678 1196 1717 mandatum,
1214 1688 1263 1708 or-

197 1724 390 1762 dinationem,
408 1725 443 1755 δε
456 1724 505 1753 alia
521 1722 689 1759 infrascripta
703 1721 845 1757 recitavit,
864 1719 918 1756 legi
940 1719 1022 1756 fecit,
1037 1716 1114 1748 dedit
1138 1717 1172 1748 &
1194 1726 1262 1754 pro-

197 1763 259 1794 tulit
273 1765 299 1793 in
314 1763 391 1793 hunc
406 1762 535 1793 modum.

237 1800 357 1832 Dudum
378 1803 452 1831 inter
475 1799 629 1831 carissimos
650 1800 678 1828 in
700 1797 818 1828 Christo
842 1795 914 1826 filios
937 1794 1071 1832 nostros,
1096 1793 1260 1832 Philippum

199 1839 377 1870 Francorum
398 1849 431 1870 ex
453 1849 529 1878 parte
550 1838 620 1876 una,
638 1838 671 1867 &
690 1836 857 1866 Edvardum
871 1834 999 1874 Angliae,
1018 1833 1114 1873 Reges
1126 1832 1260 1870 illustres,

197 1888 231 1908 cx
245 1878 345 1916 altera,
363 1879 404 1918 suh
429 1887 525 1908 erente
537 1878 656 1907 inimico
669 1875 785 1906 humani
805 1874 929 1916 generis,
946 1874 1020 1911 pacis
1038 1871 1161 1910 aemulo,
1179 1871 1259 1909 super

196 1917 310 1947 diversis
324 1919 411 1947 articu
425 1919 461 1953 is,
481 1915 595 1946 materia
609 1913 757 1945 discordiae
769 1923 802 1943 ac
815 1912 988 1942 dislenlionis
1009 1910 1124 1947 exorta,
1142 1910 1258 1940 tandem

196 1955 285 1985 iidem
307 1955 417 1994 Reges,
437 1966 487 1993 per
507 1954 634 1993 speciales
655 1952 791 1983 Nuncios
813 1952 846 1983 &
862 1950 1061 1980 Procuratores
1076 1949 1200 1987 ipsorum
1223 1948 1257 1979 ad

197 1994 255 2024 hoc
273 1995 308 2023 ab
328 1996 365 2024 eis
386 1994 550 2025 mandatum
573 1993 724 2029 habentes,
738 1992 767 2021 in
786 2000 840 2020 nos
862 1988 1039 2019 Bonifacium
1052 1987 1150 2018 divina
1164 1987 1259 2025 provi-

197 2032 293 2062 dentis
307 2032 410 2070 Papam
425 2032 578 2069 odiavurri,
597 2039 740 2068 tamquam
756 2030 784 2059 in
799 2029 934 2066 privatam
955 2026 1118 2065 personam,
1136 2026 1169 2057 ὃς
1191 2025 1258 2055 Do-

197 2072 308 2101 minum
326 2070 513 2102 Benedic‘tum
526 2070 647 2110 Gaytan.
673 2077 818 2106 tamquam
832 2067 862 2096 in
880 2067 1033 2104 arbitrum,
1049 2065 1258 2103 arbitratorem‚

195 2109 386 2148 laudatorem,
411 2108 611 2146 diffinitorem,
633 2106 794 2138 arbitralem
813 2105 1060 2142 sententiatorem,
1077 2102 1257 2133 amicabilem

196 2148 421 2186 compositorem
431 2172 440 2185 ,
453 2156 658 2186 praeceptorem
666 2168 676 2183 ,
689 2145 883 2175 ordinatorem
891 2167 901 2181 ,
913 2142 1107 2180 dispositorem
1116 2164 1126 2180 ,
1141 2142 1174 2172 &
1189 2151 1257 2210 ,ἷξο-

196 2188 390 2217 nuntiatorem
399 2209 409 2224 ,
427 2186 506 2225 super
521 2183 700 2217 reformanda
715 2193 784 2222 pace
797 2184 831 2214 &
843 2181 999 2213 concordia
1012 2181 1084 2211 inter
1099 2179 1172 2218 ipsos
1226 2189 1256 2210 e-

195 2234 257 2269 ges:
279 2235 311 2255 ac
325 2224 404 2263 super
419 2225 468 2255 hiis
484 2234 548 2263 quae
561 2223 595 2254 ad
617 2231 719 2262 pacem
742 2222 896 2260 pertinent:
913 2220 947 2250 &
970 2219 1048 2256 super
1069 2218 1203 2249 omnibus
1221 2219 1256 2249 &

197 2263 311 2301 singulis
324 2263 487 2302 discordiis,
506 2263 628 2300 guerris,
648 2261 757 2299 litibus,
773 2258 987 2296 controversiis,
1005 2257 1109 2295 causis,
1124 2256 1257 2296 quaestio-

196 2303 293 2340 nibus,
313 2302 331 2321 ²¹¹¹
354 2301 499 2340 dampnis,
517 2302 550 2332 &
569 2301 687 2339 injuriis,
707 2298 907 2337 petitionibus,
925 2297 958 2328 &
983 2296 1159 2334 actionibus,
1176 2295 1257 2326 reali-

197 2342 246 2371 bus
259 2342 293 2371 &
308 2340 509 2378 personalibus,
527 2349 612 2378 atque
625 2339 731 2374 mixtis,
750 2346 815 2375 quae
827 2337 953 2373 fuerant,
972 2336 1006 2366 &
1017 2344 1113 2373 erant,
1130 2334 1176 2364 seu
1190 2343 1255 2365 ver-

194 2381 336 2416 tebantur,
353 2380 387 2410 &
409 2378 481 2416 effe,
500 2378 545 2409 vel
566 2379 635 2407 verti
673 2375 767 2406 offent
788 2377 860 2406 inter
883 2374 954 2411 ipsos
976 2373 1088 2413 Reges,
1105 2372 1255 2403 occasione

194 2427 391 2457 quacumque,
407 2416 443 2446 de
464 2417 521 2448 alto
544 2417 577 2448 &
598 2417 632 2446 ba
657 2425 696 2453 0,
712 2414 836 2444 absolute
849 2423 881 2443 ac
896 2412 1000 2450 libere,
1018 2413 1255 2448 compromittere

195 2464 381 2494 curaverunt,
398 2464 482 2493 prout
496 2457 523 2485 in
547 2451 821 2492 compromissorum
841 2451 1028 2482 instrumentis
1045 2449 1165 2488 publicis
1187 2449 1254 2480 inde

194 2495 334 2529 conferitis
345 2494 451 2532 plenius
465 2495 636 2525 continetur.

229 2534 297 2565 Nos
316 2534 418 2572 igitur,
445 2532 619 2569 Bonifacius,
644 2530 718 2569 Papa
739 2529 887 2569 prs-edifitiis
898 2552 909 2568 ,
933 2529 982 2567 qui
999 2526 1088 2559 finem
1106 2529 1254 2566 imponere

192 2572 285 2603 litibus
301 2571 480 2610 affectamus,
506 2571 551 2602 scd
572 2571 714 2609 precipue
733 2571 803 2599 inter
823 2568 917 2607 Reges
935 2566 1102 2605 praediuitos,
1127 2576 1252 2605 quorum

192 2613 318 2649 quietem
337 2609 522 2640 indesinenter
543 2610 716 2648 adpetimus,
735 2609 768 2639 &
788 2615 866 2638 tanto
887 2606 1041 2637 ferventius
1057 2606 1160 2636 faelices
1172 2606 1254 2643 cupi-

194 2659 256 2680 mus
271 2650 364 2688 vigere
378 2648 533 2686 successus,
549 2657 655 2686 quanto
668 2647 785 2684 pleniori
800 2656 848 2676 eos
863 2644 1016 2675 affectione
1039 2644 1253 2684 prosequimur,

192 2689 227 2720 &
242 2688 348 2726 puriori
359 2687 580 2725 complefflmur
593 2687 722 2721 caritate,
742 2684 900 2722 hujusmodi
923 2681 1135 2720 compromiffis
1156 2691 1254 2719 recep-

191 2727 244 2764 tis,
259 2727 292 2758 &
309 2726 460 2756 nobiscum
474 2725 673 2756 deliberatione
686 2723 838 2761 praehabita
851 2722 992 2760 diligenti,
1008 2722 1117 2752 vocatis
1136 2729 1252 2758 quoque

192 2764 312 2795 Nuntiis
331 2765 364 2795 &
386 2765 613 2802 procuratoribus
634 2761 794 2800 supradietis
808 2784 818 2800 ,
846 2760 880 2790 ad
900 2760 1047 2789 arbitrium
1062 2782 1072 2797 ,
1111 2758 1225 2789 laudum
1242 2782 1252 2796 ,

193 2802 372 2840 mandatum,
389 2802 423 2833 &
443 2803 600 2832 arbitralem
623 2801 807 2836 sententiam,
826 2797 1015 2834 audiendum,
1040 2798 1132 2835 eisque
1151 2805 1251 2828 coram

192 2842 274 2872 nobis
287 2841 321 2871 ad
337 2841 394 2872 hoc
410 2841 563 2878 specialiter
576 2839 750 2875 constitutis,
766 2838 800 2869 ad
815 2836 927 2867 laudem
944 2835 1161 2873 Omnipotentis
1179 2835 1251 2873 Dei,

191 2881 241 2918 qui
256 2880 296 2910 est
311 2881 384 2918 pacis
397 2880 492 2918 actor,
512 2881 545 2911 &
559 2879 646 2910 salutis
659 2885 784 2914 amator,
804 2876 837 2906 &
852 2874 981 2915 gloriosae
1002 2873 1129 2911 Virginis
1148 2873 1251 2904 Matris

191 2919 263 2956 ejus,
282 2918 349 2949 sicut
365 2918 481 2955 arbiter,
499 2919 662 2954 arbitrator,
682 2915 820 2951 laudator,
837 2916 870 2946 &
884 2912 1038 2943 amicabilis
1053 2913 1228 2950 compositor
1239 2935 1250 2950 ,

191 2966 224 2986 ac
246 2956 314 2987 sicut
329 2958 433 2994 privata
451 2956 579 2994 persona:
610 2955 646 2985 Et
669 2953 834 2984 Benedictus
857 2952 1019 2990 Gaytanus,
1037 2960 1072 2981 ex
1091 2953 1194 2982 virtute
1215 2961 1249 2981 ac

191 2994 284 3025 forma
299 2994 570 3031 compromissorum
583 2992 803 3032 praedictorum,
819 2992 852 3021 &
867 2991 1040 3021 omnimodo
1055 2990 1088 3020 δε
1100 2991 1249 3028 jure,qu0

192 3032 290 3063 melius
301 3032 462 3072 possumus,
479 3034 554 3063 viam
570 3032 757 3069 arbitratoris,
774 3029 919 3060 laudatoris
925 3030 977 3068 ,δε
993 3028 1148 3059 amicabilis
1165 3037 1249 3059 com-

192 3071 321 3108 positoris
333 3071 475 3108 sequentes
484 3094 493 3109 ,

228 3108 379 3146 Dicimus,
396 3110 576 3147 arbitramur,
595 3108 755 3145 laudamus,
772 3106 943 3145 diffinimus,
959 3106 1122 3137 arbitraliter
1140 3104 1248 3135 senten-

191 3148 309 3186 tiamus,
335 3146 512 3185 mandamus,
535 3147 723 3185 disponimus,
745 3147 779 3177 &
804 3146 1024 3183 pronunciamus
1044 3145 1095 3175 hac
1115 3145 1198 3182 vice,
1217 3152 1249 3175 ut

189 3187 261 3216 inter
278 3185 391 3216 eosdem
414 3185 506 3219 Reges
528 3186 574 3216 siat
595 3187 628 3215 ὃ(
649 3185 680 3215 si*
706 3193 836 3222 perpetua
860 3186 893 3214 ὅ(
910 3184 1010 3213 stabilis
1025 3192 1094 3221 pax,
1113 3183 1146 3212 &
1169 3182 1248 3220 quod

188 3224 331 3264 Treuguae
350 3223 395 3254 vel
416 3223 582 3254 sufferentiae
602 3223 782 3260 voluntariae,
808 3222 918 3253 dudum
939 3221 1071 3260 indid‘tae,
1099 3221 1195 3258 initae,
1212 3231 1246 3252 ac

189 3262 305 3292 firmata:
322 3263 395 3292 inter
409 3271 476 3300 eos,
493 3271 530 3291 eo
544 3261 634 3292 modo
648 3263 681 3292 &
694 3261 803 3298 forma,
821 3271 853 3290 ac
868 3261 1019 3297 omnibus,
1037 3260 1071 3292 &
1085 3258 1137 3288 illis
1153 3259 1248 3297 perso-

189 3302 248 3339 nis,
267 3302 299 3331 ὃς
312 3300 410 3331 Terris
441 3301 474 3331 &
489 3300 539 3330 sub
557 3299 608 3329 illis
627 3301 735 3337 poenis,
753 3299 978 3337 conditionibus,
997 3299 1031 3329 &
1051 3299 1247 3335 temporibus,

188 3340 237 3368 sub
259 3340 358 3377 quibus
379 3325 509 3376 india-ie,
527 3340 621 3377 initae,
639 3348 671 3368 ac
690 3338 806 3368 firmatae
821 3337 925 3368 fuerint
940 3336 1137 3368 inviolabiliter
1151 3335 1246 3365 obser-

188 3386 296 3408 ventur.

226 3416 271 3445 Ad
285 3416 443 3453 hujusmodi
457 3424 550 3446 autem
565 3424 665 3453 pacem
678 3413 918 3451 confirmandam,
937 3411 1127 3443 roborandam
1136 3434 1146 3451 ,
1161 3419 1245 3450 atque

187 3451 362 3493 servandam,
381 3454 452 3484 infra
473 3463 601 3491 tempus,
621 3452 698 3491 quod
719 3452 877 3482 duxerimus
901 3450 1127 3488 moderandum,
1145 3449 1245 3486 praefa-

190 3498 232 3520 tus
247 3490 310 3521 Rex
323 3493 433 3522 Arioliae
449 3491 636 3531 Margaretam
651 3491 786 3521 Sororem
801 3490 927 3528 praediCti
941 3490 1033 3526 Regis
1055 3488 1180 3519 Franciae
1201 3498 1244 3518 re-

189 3529 284 3565 cipere
310 3540 342 3561 ac
369 3517 472 3561 Eut-ere
486 3553 495 3568 ,
524 3540 592 3560 curn
624 3529 750 3559 dotalitio
773 3528 935 3566 quindecim
957 3527 1075 3557 Milium
1096 3526 1245 3557 Librarum

189 3564 338 3609 Turonen.
355 3568 516 3608 assignando
537 3578 586 3606 per
604 3568 693 3606 ipsum
716 3567 830 3606 Regem
852 3566 962 3604 Angliae
984 3568 1012 3595 in
1034 3566 1106 3596 locis
1123 3574 1244 3602 compe-

190 3605 326 3647 tentibus,
343 3605 378 3636 de
393 3608 493 3644 quibus
506 3608 576 3636 inter
588 3615 677 3643 partes
696 3606 777 3635 fuerit
800 3604 1026 3641 concordatum,
1047 3603 1092 3634 vel
1113 3603 1162 3632 ubi
1218 3613 1245 3632 r-

191 3649 231 3670 tes
252 3642 316 3678 ipsae
336 3653 394 3673 non
415 3644 637 3682 concordarent,
656 3653 705 3681 per
726 3654 778 3673 nos
800 3643 965 3673 arbitratum
989 3642 1089 3680 fuerit,
1108 3642 1138 3670 in
1193 3649 1244 3670 xo-

191 3688 260 3708 rem.

224 3715 274 3759 ‘Et‘
282 3716 356 3747 idem
371 3719 434 3749 Rex
449 3719 574 3751 Franciae
587 3719 703 3749 eandem
715 3718 849 3749 Sororem
865 3719 957 3756 suam,
975 3717 1067 3748 eidem
1080 3716 1161 3753 Regi
1181 3716 1243 3747 An-

191 3752 254 3821 Ξὲιεε
268 3764 295 3821 ltn
308 3755 441 3787 Uxorem
455 3758 519 3788 dare
531 3768 564 3788 ac
579 3758 702 3796 tradere,
720 3767 788 3788 cum
802 3757 1001 3795 dispensatione
1020 3755 1089 3786 sedis
1109 3754 1243 3792 apostoli-

281 3802 399 3823 eneatur.

230 3814 377 3867 Qiodque
392 3831 521 3872 Isabellis,
537 3834 551 3863 a
574 3833 626 3864 filia
647 3833 796 3870 praelibati,
815 3832 904 3869 Regis
926 3832 1072 3870 Franciae,
1087 3840 1151 3869 quae
1172 3830 1242 3861 infra

189 3876 296 3915 annum
310 3867 469 3910 septennem
480 3871 581 3902 dicitur
601 3871 768 3908 constituta,
786 3871 835 3901 suo
854 3880 995 3909 ternpore,
1013 3869 1148 3900 Edvardo
1167 3879 1242 3907 prae-

189 3904 259 3935 dlcb
275 3905 363 3948 Regis
377 3909 484 3944 Angli-e
500 3909 586 3946 Filio,
604 3911 651 3947 qui
666 3911 719 3947 jam
734 3911 848 3939 tertium
863 3910 1010 3939 decimum
1023 3908 1111 3938 aetatis
1122 3907 1178 3937 suae
1190 3916 1241 3936 an-

190 3953 260 3986 num
274 3951 379 3981 exegit,
396 3954 462 3973 cum
479 3945 557 3976 simili
570 3948 768 3984 dispensatione
782 3947 1039 3984 matrimonialiter,
1057 3955 1126 3976 cum
1139 3944 1240 3974 dotali-

191 3988 231 4010 tio
247 3980 347 4009 decem
363 3981 395 4010 &
411 3984 480 4011 octo
497 3983 610 4013 Milium
624 3986 753 4014 librarum
766 3986 915 4014 Turonen.
930 3984 1051 4014 similiter
1065 3981 1239 4022 assignando,

187 4027 240 4086 ger
254 4018 374 4061 eundem
391 4018 502 4062 Regem
516 4021 640 4059 Angliae,
660 4033 712 4059 pro
726 4023 805 4052 dic‘to
822 4022 895 4052 Filio
918 4022 984 4060 suo,
1001 4024 1030 4052 in
1049 4021 1238 4058 competenti—

210 4066 240 4086 us
252 4055 320 4087 locis
333 4056 369 4086 de
383 4057 482 4095 quibus
495 4059 727 4090 concordaverint
740 4061 803 4099 ipsae
817 4068 922 4097 partes,
939 4061 985 4092 vel
1005 4059 1042 4090 de
1065 4059 1165 4097 quibus
1184 4061 1245 4088 nos

653 159 1460 209 CONVENTIONES,

1529 157 1915 210 LITERAE,

1307 245 1470 276 duxerimus
1483 244 1688 284 arbitrandum,
1706 244 1725 275 si
1741 245 1821 283 super
1834 244 1893 275 hoc
1906 244 1978 275 inter
1991 253 2039 275 eos
2055 252 2117 275 non
2127 246 2292 283 proveniret
2303 256 2375 278 con·
2391 246 2468 278 Ann.
2477 248 2520 280 D.

1307 283 1405 315 cordia
1413 308 1423 322 ,
1441 284 1598 321 copuletur.

2416 288 2501 326 1298.

1344 321 1435 360 quue
1455 321 1580 353 firmetur
1597 329 1680 360 atque
1700 320 1818 352 valletur
1837 329 1950 352 exnunc
1969 320 2062 352 modis
2082 320 2198 352 inferius
2216 324 2373 364 annotatis,
2388 327 2455 354 Edv.
2478 336 2503 356 i.

1305 360 1437 391 videlicet

1347 383 1529 437 Qiod'idem
1540 397 1606 428 Rex
1620 397 1730 438 Angliae
1744 407 1798 436 pro
1818 397 1891 428 Filio
1908 397 1975 436 suo,
1992 397 2125 436 idemque
2144 397 2230 430 Filius
2250 409 2304 439 pro
2326 400 2372 441 se,

1329 446 1397 466 uum
1408 437 1443 466 ad
1459 437 1516 466 hoc
1530 435 1717 467 sufficientem
1733 437 1817 467 habet
1832 444 1945 466 aetatem
1954 460 1964 474 ,
1979 438 2148 468 contrahant
2160 437 2292 475 sponsalia
2299 449 2373 478 prae-

1307 446 1399 512 dista,
1417 475 1576 506 eorundem
1590 475 1678 515 Regis
1692 476 1725 506 &
1742 475 1803 504 Filii
1815 475 1979 512 juramentis
1992 475 2137 506 firmanda.

1344 511 1383 542 Et
1396 512 1462 543 Rex
1475 513 1600 544 Franciae
1609 537 1618 552 ,
1636 515 1755 544 nomine
1769 513 1792 542 F
1793 513 1848 543 iliae
1863 513 1918 543 suae
1930 513 2091 552 praedietae,
2109 513 2257 546 contrahat
2275 515 2371 554 huius·-

1306 550 1387 581 modi
1401 550 1561 589 Sponsalia,
1579 562 1632 590 pro
1647 552 1754 582 eadem.

1346 589 1442 629 Qiae,
1458 599 1489 620 ut
1500 589 1589 620 valida
1603 591 1655 620 sint
1669 591 1702 621 ὅ(
1717 590 1814 629 firma,
1831 589 1982 628 volumus,
1999 590 2139 629 dicimus,
2157 590 2192 621 &
2204 592 2369 625 arbitramur

1305 629 1385 665 quod
1403 628 1469 658 Rex
1490 627 1616 659 Franciae
1636 629 1799 666 promittat,
1817 637 1867 666 per
1886 629 2077 667 juramentum
2099 631 2172 667 proi
2193 630 2239 669 so,
2257 632 2285 662 in
2307 634 2368 663 ani-

1304 675 1383 696 mam
1397 667 1474 697 suam
1488 667 1694 704 praestandum,
1713 667 1740 697 se
1752 667 1859 697 tradere
1871 667 2034 705 praedietam
2050 668 2148 698 Filiam
2180 679 2244 699 uam
2264 670 2368 707 praedi-

1302 705 1352 735 ‹fto
1368 704 1503 736 Edvardo
1517 707 1635 744 nuptui,
1652 714 1783 744 ternpore
1795 715 1855 743 quo
1867 705 2076 737 concordatum
2093 707 2215 738 eXtiterit
2233 709 2306 739 inter
2323 710 2367 747 ip-

1303 743 1347 773 sos
1382 743 1428 774 vel
1444 754 1493 781 per
1508 754 1560 774 nos
1575 745 1741 775 arbitratum
1756 745 1858 782 fucrit,
1875 743 1920 775 vel
1936 744 2087 775 laudatum.

1341 765 1401 812 I3r0
1421 783 1522 820 quibus
1543 782 1716 827 attendendis
1737 782 1871 820 firmiter,
1889 783 1922 813 &
1942 781 2061 813 fideliter
2079 783 2276 823 adimplendis,
2294 785 2368 816 dici-

1301 830 1386 889 &3523
1404 821 2367 902 &gssffl-‘c'iiiuiss‘i‘fssis‘ffssiu‘passff‘i'piieoeffi’ndssoss‘ssgrffimffagss?

1302 907 1355 926 nos
1375 898 1531 928 arbitranda
1552 899 1585 929 &
1605 897 1720 928 taxanda
1738 897 1882 936 firmetur,
1899 899 1933 929 δε
1953 898 1989 928 ab
2009 907 2127 936 utraque
2139 908 2216 936 parte
2228 902 2366 938 promissa

1303 935 1437 975 valletur,
1453 936 1585 967 solvenda
1600 938 1669 974 parti
1683 937 1789 974 parenti
1803 936 1820 965 a
1833 945 1910 974 parte
1921 946 1980 967 non
1992 944 2123 975 parente,
2134 947 2185 974 per
2199 948 2284 976 quarn
2297 951 2364 978 poe-

1303 984 1370 1003 nam
1387 977 1532 1014 negotium
1550 974 1623 1005 istud
1637 976 1665 1004 in
1679 983 1742 1005 tuto
1756 983 1894 1013 ponatur,
1904 976 1938 1006 &
1951 984 2041 1013 partes
2056 974 2090 1005 ad
2101 976 2158 1014 ejus
2173 975 2286 1008 finalem
2298 989 2363 1010 exe-

1303 1014 1452 1043 cutionem
1465 1013 1609 1044 efficacius
1621 1013 1799 1044 inducantur.

1341 1051 1432 1090 Cujus
1459 1063 1558 1090 poenae
1580 1051 1795 1090 promissionem
1816 1051 1850 1082 &
1869 1051 2075 1092 obligationem
2097 1052 2252 1085 efficaciter
2273 1055 2366 1086 valere

1305 1090 1440 1121 volumus
1460 1091 1494 1122 ὃς
1513 1091 1691 1122 decernimus
1710 1100 1744 1121 ac
1766 1098 1878 1129 tenere,
1896 1100 1956 1121 non
1969 1090 2145 1122 obstantibus
2156 1093 2280 1132 juribus,
2298 1103 2364 1132 quae

1303 1138 1357 1166 pro
1369 1128 1495 1160 libertate
1512 1129 1769 1160 Matrimoniorum
1781 1128 1942 1160 hu'ustnodi
1961 1137 2060 1166 poenas
2082 1129 2226 1170 inhibent,
2244 1141 2309 1170 quae
2329 1141 2366 1163 ex

1303 1167 1379 1197 cerni
1393 1167 1506 1198 scientia
1523 1179 1575 1206 pro
1591 1177 1670 1198 tanto
1682 1168 1763 1198 bono
1777 1138 1902 1198 toliimus
1918 1169 1946 1197 in
1960 1168 2017 1198 hoc
2033 1167 2104 1199 casu.

1342 1206 1486 1237 Addeiites
1498 1207 1699 1237 nichilominus
1716 1206 1795 1245 quod
1809 1206 1903 1246 Reges
1922 1206 2048 1244 praedicsti
2071 1207 2179 1246 aliquos
2196 1206 2233 1239 de
2249 1208 2365 1239 Batoni-

1303 1245 1355 1274 bus
1374 1245 1424 1275 suis
1445 1246 1624 1276 notabiliores
1637 1267 1647 1283 ,
1671 1255 1721 1283 per
1737 1246 1894 1284 juramenta
1915 1246 2018 1276 iaciant
2034 1246 2161 1284 obligare
2179 1247 2214 1276 ad
2233 1247 2365 1285 sponsalia

1301 1283 1451 1321 praedicta,
1470 1286 1503 1316 δε
1528 1285 1707 1326 matrimonia
1727 1284 1919 1322 procuranda,
1937 1284 1971 1314 &
1990 1283 2024 1313 ad
2040 1284 2163 1315 tollenda
2175 1286 2364 1324 impedimen-

1302 1330 1328 1352 ta
1345 1332 1398 1360 pro
1409 1324 1530 1361 viribus,
1549 1333 1614 1362 quae
1628 1323 1739 1361 possent
1754 1323 1828 1354 circa
1841 1322 1899 1353 hoc
1917 1322 1962 1352 vel
1976 1331 2076 1353 contra
2090 1322 2165 1362 hoc,
2179 1325 2307 1356 inveniri.

1342 1361 1419 1401 Qia
1433 1364 1504 1392 vero
1520 1361 1659 1400 Sponsalia
1675 1361 1823 1400 praedic‘ta,
1842 1363 1922 1392 tanto
1937 1361 2053 1399 amplius
2063 1361 2249 1394 desideramus
2261 1364 2365 1396 habere

1301 1398 1422 1431 faeliceni
1438 1400 1576 1431 effectum
1589 1402 1622 1432 ὃς
1634 1400 1784 1430 efficacem
1799 1409 1952 1437 eventum,
1969 1402 2077 1437 quanto
2089 1410 2138 1439 per
2152 1402 2210 1432 hoc
2229 1404 2364 1440 probabi-

1300 1437 1363 1468 liter
1377 1439 1517 1469 credimus
1531 1449 1632 1479 pacem
1644 1438 1811 1476 praedidtam
1823 1437 1930 1468 firmius
1953 1438 1986 1468 &
2009 1437 2117 1468 fidelius
2133 1440 2292 1480 observari,
2311 1451 2364 1481 pro

1300 1484 1380 1508 tanto
1402 1479 1476 1516 pacis
1497 1479 1578 1508 bono
1594 1502 1603 1516 ,
1627 1477 1805 1508 decernimus
1819 1500 1830 1516 ,
1857 1477 1876 1495 ²¹²
1897 1476 2063 1508 austeritate
2084 1477 2260 1518 apostolica,
2284 1481 2364 1519 quod

1300 1514 1392 1546 Terra
1413 1516 1502 1554 Regis
1526 1516 1615 1554 illius,
1640 1516 1719 1553 cujus
1743 1515 1825 1554 culpa
1846 1515 1892 1545 vel
1915 1515 2017 1545 malitia
2036 1514 2140 1546 steterit
2154 1539 2164 1555 ,
2190 1527 2249 1556 quo
2268 1521 2363 1551 minus

1301 1556 1500 1586 contrahantur
1522 1554 1656 1593 praedicta
1676 1554 1806 1592 sponsalia
1820 1576 1828 1592 ,
1846 1554 1880 1584 &
1900 1555 2117 1585 matrimonium
2132 1559 2366 1598 consummetur,

1301 1591 1500 1624 Ecclesiastico
1515 1594 1651 1632 subjaceat
1664 1593 1830 1631 interdidlo,
1848 1592 1916 1631 nisi,
1932 1592 2012 1631 super
2034 1592 2093 1624 hoc
2112 1594 2274 1635 requisitus,
2291 1607 2365 1638 prae-

1300 1631 1375 1662 dista
1389 1642 1457 1663 cum
1471 1632 1578 1663 effeetu
1592 1632 1742 1663 correxerit
1756 1631 1827 1662 infra
1841 1631 1976 1661 mensem.

1339 1670 1414 1701 Item
1435 1672 1579 1711 dicimus,
1605 1671 1748 1702 laudamus
1763 1695 1773 1709 ,
1797 1670 1962 1700 arbitramur
1975 1693 1986 1709 ,
2009 1670 2055 1701 seu
2078 1671 2164 1702 etiam
2185 1671 2348 1706 deffinimus

1299 1710 1380 1778 ailqu
1396 1711 1433 1740 de
1444 1711 1578 1741 omnibus
1592 1711 1693 1748 bonis,
1711 1709 1866 1740 mobilibus
1879 1709 1925 1740 vel
1938 1709 1965 1739 se
1985 1711 2182 1748 moventibus,
2200 1712 2295 1744 ablatis
2316 1701 2365 1746 vei

1326 1758 1363 1778 ias
1385 1749 1458 1780 male
1479 1749 1641 1787 subiraffls,
1667 1749 1701 1780 δε
1721 1747 1759 1778 de
1778 1747 1913 1778 omnibus
1934 1747 2078 1786 dampnis,
2104 1749 2174 1780 datis
2192 1749 2259 1782 hinc
2278 1751 2362 1791 inde,

1299 1795 1364 1817 ante
1379 1795 1490 1826 tempus
1507 1797 1594 1818 motae
1605 1787 1651 1818 vel
1665 1797 1737 1818 ortae
1750 1796 1859 1826 guerrae
1873 1786 2028 1825 praesentis,
2044 1788 2139 1824 primo
2152 1787 2189 1818 de
2207 1791 2362 1829 omnibus,

1299 1835 1364 1863 quae
1378 1835 1472 1857 extant
1486 1827 1519 1857 ὅ(
1534 1826 1703 1864 consumpta
1713 1835 1774 1856 non
1787 1824 1866 1862 sunt,
1885 1824 2036 1863 praesertim
2049 1825 2085 1855 de
2097 1825 2230 1857 Navibus
2249 1828 2284 1860 &
2303 1829 2364 1860 aliis

1298 1864 1524 1904 quibuscumque
1538 1866 1638 1903 bonis,
1658 1875 1707 1902 per
1721 1863 1879 1901 Anglicoe,
1892 1864 1926 1895 &
1941 1862 2102 1901 Vascones,
2116 1865 2151 1896 &
2164 1874 2266 1897 eorum
2277 1877 2363 1898 com-

1298 1903 1385 1940 plices
1399 1913 1464 1934 ante
1477 1913 1607 1941 guerram
1629 1903 1789 1943 occupatis,
1806 1903 1836 1932 in
1859 1901 1938 1932 Mari
1957 1902 2004 1933 vel
2023 1903 2052 1932 in
2071 1901 2179 1942 Terra,
2197 1904 2277 1942 quod
2295 1904 2364 1939 Rex

1297 1941 1409 1980 Angliae
1430 1944 1529 1973 omnia
1543 1966 1552 1981 ,
1577 1952 1641 1980 quae
1663 1941 1699 1972 de
1720 1940 1860 1980 praediCtis
1879 1949 1972 1972 extant
1987 1965 1997 1978 ,
2021 1941 2099 1971 bona
2117 1940 2174 1973 fide
2186 1963 2197 1981 ,
2222 1943 2280 1974 sine
2295 1943 2363 1984 lite,

1299 1980 1332 2010 &
1350 1981 1454 2018 absque
1474 1980 1561 2021 figura
1580 1980 1694 2019 judicii,
1720 1980 1802 2011 omni
1821 1979 1918 2010 fraude
1938 1979 2076 2018 cessante,
2093 1979 2128 2010 ad
2149 1982 2364 2020 requisitionem

1297 2017 1328 2048 R
1366 2020 1387 2049 is
1401 2019 1543 2058 Franciae,
1561 2020 1606 2050 vel
1621 2019 1655 2049 N
1659 2020 1736 2049 uncii
1749 2019 1806 2057 sui,
1824 2017 1916 2048 statim
1930 2018 2013 2049 faciat
2026 2018 2060 2049 ad
2073 2018 2190 2056 plenum
2203 2020 2319 2052 restitui.

1359 2066 1371 2088 t
1389 2056 1455 2088 Rex
1477 2058 1601 2090 Franciae
1624 2058 1770 2096 similiter,
1793 2057 1811 2087 si
1833 2067 1868 2087 ua
1889 2056 1967 2095 talia,
1992 2065 2057 2087 ante
2074 2056 2182 2089 <liciam
2201 2058 2362 2100 Guerram,

1295 2105 1376 2134 capta
1388 2097 1434 2127 vel
1447 2097 1552 2136 ablata,
1571 2095 1643 2134 apud
1658 2096 1766 2136 ipsum,
1784 2105 1821 2126 ve
1846 2097 1875 2125 in
1890 2094 1937 2126 sus
1958 2095 2096 2136 potestate
2115 2098 2234 2128 extantia
2253 2107 2362 2136 repem

1294 2134 1416 2175 fuerint,
1433 2136 1556 2166 similiter
1575 2135 1610 2166 ad
1629 2135 1747 2174 plenum
1769 2134 1875 2164 restitui
1894 2133 1994 2173 faciat,
2012 2134 2029 2164 a
2049 2134 2167 2173 praefato
2190 2135 2273 2175 Rege
2295 2136 2361 2168 An·

1295 2173 1376 2212 gliae,
1394 2174 1439 2204 vel
1455 2175 1513 2212 ejus
1527 2173 1651 2205 Nuncio
1665 2173 1818 2212 requisitus.

1332 2211 1382 2242 De
1396 2213 1491 2243 ablatis
1503 2215 1592 2251 vero,
1611 2222 1670 2243 non
1685 2212 1857 2250 extantibus,
1873 2211 1919 2241 sed
1934 2211 2100 2250 deperditis,
2114 2212 2149 2244 &
2161 2212 2357 2254 consumptis,

1293 2249 1452 2289 laudamus,
1472 2252 1653 2288 arbitramur,
1679 2252 1726 2281 seu
1744 2251 1830 2280 etiam
1851 2248 2026 2288 diffinimus,
2050 2250 2132 2288 quod
2155 2251 2221 2282 Rex
2240 2252 2357 2289 Angliae

1292 2289 1326 2319 ad
1347 2299 1377 2319 re
1399 2290 1556 2320 uisitionem
1579 2289 1669 2329 Regis
1690 2289 1834 2327 Franciae,
1851 2288 1896 2319 vel
1921 2289 1978 2327 ejus
2002 2287 2110 2318 Nuntii
2120 2289 2241 2320 satisfieri
2256 2291 2355 2329 faciat;

1294 2328 1328 2359 &
1341 2327 1375 2358 ad
1409 2338 1448 2359 oe
1460 2328 1621 2359 facimdum
1634 2329 1719 2358 etiam
1734 2335 1859 2358 teneatur
1874 2326 1932 2357 fine
1943 2326 1992 2357 lite
2009 2336 2044 2358 ac
2062 2326 2151 2367 figura
2166 2328 2280 2368 judicii,
2300 2330 2356 2360 bo-

1293 2375 1330 2395 na
1344 2366 1417 2405 fide,
1435 2367 1468 2397 ὃς
1483 2368 1566 2397 omni
1582 2366 1678 2396 fraude
1692 2365 1824 2397 cessante.

1331 2403 1369 2435 Et
1384 2403 1451 2435 Rex
1465 2404 1591 2435 Franciae
1605 2405 1743 2442 similiter,
1762 2405 1837 2443 siqua
1843 2427 1855 2444 ‚
1873 2413 1924 2442 per
1938 2412 2035 2443 gentes
2055 2403 2111 2435 suas
2131 2404 2237 2443 ablata,
2253 2405 2355 2444 deper-

1293 2442 1365 2486 dita,
1382 2443 1429 2474 seu
1442 2444 1625 2482 consumpta,
1643 2444 1759 2474 inventa
1769 2443 1889 2480 fuerint,
1907 2441 1941 2472 ad
1955 2441 2164 2481 requisitionem
2183 2443 2272 2483 Regis
2291 2445 2355 2475 An-

1293 2482 1376 2520 gliae,
1394 2482 1440 2513 vel
1459 2481 1567 2512 Nuntii
1587 2482 1642 2520 sui,
1659 2481 1742 2512 faciat
1763 2481 1900 2519 satisfieri,
1919 2483 2058 2512 taxatione
2077 2482 2176 2520 nobis,
2193 2483 2268 2513 circa
2281 2493 2356 2521 prae-

1292 2520 1436 2551 dierorum
1455 2522 1686 2558 extimationem,
1711 2529 1810 2551 contra
1829 2529 1978 2558 utramque
1996 2528 2118 2558 partem,
2142 2521 2191 2551 ubi
2211 2530 2259 2558 per
2281 2531 2354 2552 con-

1291 2559 1554 2629 cordiamspanirim
1565 2560 1713 2599 negotium
1727 2559 1806 2597 super
1823 2557 1962 2597 praedictis
1975 2557 2097 2597 sopitum
2110 2568 2171 2589 non
2190 2559 2273 2599 esset,
2293 2560 2356 2599 ple-

1293 2608 1370 2628 narie
1385 2609 1415 2629 re
1426 2608 1529 2630 ervata.

1330 2636 1402 2667 Item
1417 2637 1553 2675 dicimus,
1571 2636 1730 2675 laudamus,
1746 2637 1912 2668 arbitramur
1925 2636 1971 2667 seu
1983 2636 2068 2667 etiam
2083 2635 2255 2676 diffinimus,
2273 2637 2354 2676 quod

1292 2674 1370 2705 idem
1383 2675 1448 2706 Rex
1463 2676 1590 2716 Angliae,
1609 2675 1644 2706 de
1656 2676 1790 2706 omnibus
1804 2675 1917 2713 Terris,
1937 2674 2060 2706 Vaffallis
2073 2676 2108 2707 &
2122 2676 2221 2714 bonis,
2236 2687 2292 2715 que
2310 2678 2353 2715 ip-

1292 2713 1319 2743 se
1333 2724 1409 2744 nunc
1424 2715 1526 2753 habet,
1544 2714 1578 2745 &
1590 2722 1666 2745 tenet
1677 2715 1706 2744 in
1722 2713 1828 2753 Regno
1843 2713 1984 2751 Franciae,
2002 2713 2047 2744 seu
2067 2714 2179 2744 tenebat
2199 2723 2263 2744 ante
2284 2724 2350 2746 mo-

1291 2760 1350 2782 tam
1371 2762 1501 2790 guerram
1522 2752 1702 2791 praesentem,
1721 2752 1820 2783 habeat
1843 2751 1917 2782 illam
1934 2753 2130 2789 quantitatem,
2149 2753 2182 2783 &
2196 2752 2272 2782 illam
2288 2763 2351 2790 par-

1291 2798 1352 2820 tem
1370 2799 1524 2831 terrarum,
1543 2791 1737 2829 vassallorum,
1753 2792 1786 2822 &
1806 2792 1950 2820 bonorum
1972 2790 2144 2828 eorundem,
2171 2800 2257 2828 quam
2280 2791 2348 2830 sibi,

1289 2838 1324 2859 ex
1339 2829 1444 2860 virtute
1455 2829 1731 2867 comprornifforum
1746 2828 1965 2867 prandiorum,
1982 2827 2200 2865 laudaverimus,
2217 2829 2251 2859 &
2266 2838 2349 2860 man-

1288 2867 1447 2898 daven'mus
1460 2867 1600 2907 assignari,
1618 2867 1663 2898 vel
1678 2869 1749 2898 inter
1763 2868 1834 2907 ipsos
1853 2866 1947 2905 Reges
1968 2865 2052 2897 fuerit
2071 2867 2294 2906 concordatum,
2312 2869 2347 2899 δε

1288 2905 1339 2936 sub
1359 2905 1410 2936 illis
1433 2905 1577 2943 fidelitate,
1596 2906 1749 2945 homagio,
1768 2904 1860 2936 modis
1880 2906 1913 2936 &
1938 2904 2150 2936 conditionibus
2163 2906 2279 2944 habeat,
2296 2906 2347 2938 sub

1286 2945 1389 2982 quibus
1408 2944 1465 2983 ipse
1484 2954 1517 2976 ac
1539 2943 1619 2975 Pater
1639 2944 1700 2975 suus
1719 2943 1846 2975 habuisse
1865 2943 2015 2982 haetenus,
2033 2943 2067 2975 &
2088 2944 2207 2975 tenuiffe
2224 2945 2347 2976 noscun-

1287 2991 1351 3021 tur,

1326 3021 1428 3054 Modis
1447 3022 1480 3053 &
1501 3023 1744 3060 temperamentis,
1760 3030 1811 3060 per
1830 3031 1884 3052 nos
1903 3019 2082 3058 adhibendis,
2101 3022 2130 3052 in
2144 3021 2247 3060 abusu,
2260 3022 2349 3061 'siquis

1289 3069 1323 3105 ex
1337 3070 1415 3099 parte
1427 3062 1516 3100 gentis
1529 3060 1617 3100 Regis
1632 3061 1774 3098 Franciae,
1792 3060 1927 3090 hactenus
1939 3059 2124 3099 commissus,
2143 3061 2273 3091 inventus
2284 3061 2348 3092 fue-

1286 3107 1322 3130 rit
1333 3101 1361 3129 in
1376 3100 1510 3130 exercitio
1523 3099 1629 3130 resorti.

1324 3137 1426 3168 Modis
1447 3139 1530 3168 etiam
1553 3139 1587 3169 &
1605 3138 1848 3177 temperamentis,
1865 3147 1915 3175 per
1937 3147 1991 3168 nos
2010 3136 2190 3174 adhibendis,
2207 3138 2237 3167 in
2259 3137 2344 3168 abusu

1287 3177 1370 3215 partis
1383 3176 1511 3215 alterius,
1528 3176 1548 3206 fi
1563 3177 1641 3214 quis,
1658 3175 1808 3213 videlicet,
1827 3184 1860 3206 ex
1875 3184 1953 3214 parre
1965 3176 2056 3213 Regis
2069 3175 2194 3215 Angliae,
2212 3175 2260 3205 vel
2280 3175 2346 3206 suo-

1286 3225 1370 3254 rum,
1384 3215 1518 3246 hactenus
1537 3213 1705 3245 commissus
1726 3222 1826 3244 contra
1843 3215 1888 3253 jus
1907 3214 2004 3246 resorti
2022 3214 2105 3245 fuerit
2129 3215 2259 3244 inventus
2270 3237 2281 3252 ,
2306 3224 2345 3245 ne

1287 3254 1348 3284 talia
1364 3255 1403 3284 im
1445 3252 1550 3283 sterum
1571 3253 1794 3283 committantur.

1324 3291 1393 3322 Con
1414 3291 1546 3322 itionibus
1559 3292 1660 3328 etiam,
1680 3291 1772 3321 modis
1787 3291 1820 3321 &
1833 3290 2039 3328 securitatibus,
2056 3300 2105 3329 per
2119 3300 2173 3321 nos
2194 3291 2345 3329 imponen-

1286 3329 1346 3368 dis,
1364 3332 1398 3362 &
1419 3329 1598 3367 adhibendis,
1615 3331 1645 3358 in
1664 3328 1780 3368 Terris,
1800 3329 1939 3367 Vaffallis,
1957 3330 1991 3361 &
2012 3329 2110 3368 bonis,
2127 3330 2161 3360 δε
2172 3329 2243 3367 aliis,
2262 3340 2344 3368 quae,

2383 1477 2514 1506 *11.8zr.

1322 3379 1334 3397 r
1355 3368 1481 3399 nostram
1503 3368 1757 3404 pronuntiationem
1775 3368 1820 3398 seu
1841 3368 2026 3398 concordiam
2042 3369 2162 3407 partium
2177 3390 2188 3406 ,
2215 3368 2345 3405 praefatus
2392 3381 2396 3383 “

1317 3416 1354 3441 ex
1364 3407 1479 3444 Angliae
1494 3406 1636 3436 habiturus
1649 3405 1690 3436 est
1702 3406 1738 3436 de
1753 3406 1909 3444 praedietis,
1927 3416 1964 3436 ne
1979 3405 2088 3437 amodo
2101 3405 2258 3437 idem'Rex
2281 3407 2345 3437 An-

1283 3445 1365 3490 glize,
1381 3446 1428 3475 vel
1448 3443 1618 3476 successores
1639 3445 1711 3482 ejuS,
1727 3453 1828 3476 contra
1847 3444 1962 3483 Regem
1981 3444 2126 3484 Franciae,
2142 3444 2190 3476 vel
2201 3444 2343 3476 succeffo-

1283 3493 1326 3513 rm
1340 3483 1438 3528 ipsius,
1454 3482 1562 3526 valeant
1581 3483 1721 3513 rebellare.
1859 3522 1864 3528 ·
2094 3521 2099 3527 .
2194 3521 2198 3526 Π
2255 3522 2261 3528 ·

1284 3521 1746 3599 ςυῗᾶςὲὲῃὲἱὶὲἳῗέηέῗᾛέἑζ
1761 3521 2050 3598 ἱῗὲὒῗὲἳοξῗ
2058 3520 2342 3597 ζέὲἑῗᾶἓζῶὲᾚζ

1283 3606 1341 3665 ἔξω
1355 3608 1422 3636 quae
1433 3596 1588 3666 tenetrgsex
1601 3597 1624 3627 F
1625 3599 1728 3645 ranciaex
1741 3598 1776 3628 de
1792 3598 1861 3637 hiis,
1880 3608 1945 3637 quae
1957 3597 2071 3666 {nebat
2083 3597 2149 3641 Rex
2163 3597 2278 3665 A'nglRae
2289 3606 2341 3626 an-

1282 3646 1520 3705 Fraffiiziaemussoi'ia
1542 3644 1664 3705 fleiete‘L'c'
1679 3646 1851 3706 ἓξὲἵιὲἓῗ
1857 3644 1954 3706 ἑίῗιῗε
1983 3636 2123 3705 ,fii‘soimghuoe
2121 3646 2166 3704 50²
2181 3644 2339 3704 iiimeffliss

1352 3699 1426 3742 'bus'
1445 3713 1479 3743 &
1532 3712 1571 3742 sse
1585 3698 1686 3743 n’ostris
1699 3721 1840 3751 ponantur
1875 3714 1910 3745 &
1922 3722 1938 3742 a
2010 3721 2092 3743 entur
2118 3710 2235 3742 tenenda
2249 3695 2337 3740 a’no-

1280 3721 1477 3818 {igzxnou’iirge
1503 3751 1751 3820 exegisrtFraffidae²
1765 3736 1883 3820 quagexf
1889 3759 1964 3796 parte
1983 3750 2028 3781 sua
2037 3773 2048 3789 ,
2068 3734 2108 3782 &⁹
2116 3749 2234 3806 nomine
2245 3748 2339 3787 Regis

1320 3799 1591 3871 .ta¹÷2’r.1}en÷qubpg,
1607 3799 1662 3865 gg]
1679 3800 1761 3866 bocer:¹
1773 3800 1813 3858 flmo
1824 3788 2274 3870 pizifieifflgrt‘gififfqnlatsssppdemoe'
2291 3827 2337 3857 ni-

1278 3864 1336 3895 chii
1351 3875 1421 3896 novt
1429 3875 1498 3903 Juris
1510 3866 1646 3896 accresmt
1657 3866 1780 3910 alterutri
1795 3867 1932 3909 partium,
1950 3864 1996 3894 vel
2011 3872 2119 3906 antiqui
2131 3863 2278 3906 decrescat.

1301 3903 1541 3947 'Super-quorum
1556 3903 1734 3948 assignatione
1749 3904 1770 3934 fi
1783 3914 1838 3942 qua
1850 3903 1932 3934 fuerit
1944 3910 2041 3945 exorta
2053 3900 2189 3945 dubitatio
2209 3902 2254 3932 vel
2275 3912 2336 3933 am·

1278 3941 1394 3980 biguitas
1409 3950 1480 3971 inter
1496 3951 1598 3981 partes,
1615 3942 1694 3973 illam
1708 3942 1813 3986 nostrae
1828 3941 2008 3972 declaranom
2022 3939 2056 3969 δί
2081 3938 2196 3970 arbitrio
2215 3940 2336 3988 reserva-

1277 3988 1423 4056 ωυᾶιοᾱ,
1435 4016 1455 4046 fi
1472 4017 1563 4048 forsan
1582 4008 1651 4049 disti
1672 4018 1767 4056 Regis
1788 4016 1824 4047 de
1846 4015 1908 4054 ipsis
1920 4013 2018 4045 Terris
2030 4014 2064 4045 sc
2077 4014 2160 4046 bonis
2171 4015 2334 4048 adinvicem

1275 4054 1531 4094 concordaverint,
1547 4057 1693 4095 volumus,
1708 4054 1868 4092 laudamus,
1885 4054 1919 4085 &
1933 4053 2116 4093 arbitramur,
2133 4062 2168 4085 ex
2189 4064 2269 4086 nunc
2286 4054 2334 4098 id,

2302 4101 2333 4123 in
