2570 4261
228 147 307 180 102

78 222 154 253 Ann.
169 222 210 255 D.
263 219 319 255 Sed
332 232 363 255 ut
376 223 503 255 nostrum
520 226 548 254 in
567 224 619 254 hac
640 232 717 264 parte
736 224 868 263 gaudium
883 225 1044 263 impleatur,
1062 225 1095 256 δε
1110 225 1287 256 Celsitudinis

105 267 187 300 1205.
229 262 330 303 Regiae
350 263 446 293 solium
468 273 517 302 per
537 272 603 292 eum
621 284 631 299 2
655 264 670 292 {i
691 273 751 300 quo
770 263 848 292 datur
862 272 976 302 regnare
996 263 1189 302 Principibus,
1204 263 1289 294 solida

77 303 139 328 Heu.
159 311 183 339 3.
229 300 371 331 stabilitate
385 301 525 338 firmetur,
543 302 654 344 expedit
670 309 715 338 ut,
734 303 763 330 in
778 301 937 332 humilitatis
949 302 1043 340 spiritu
1057 304 1081 332 ei
1096 303 1211 332 ascribas
1225 302 1288 332 haec

229 341 325 370 omnia
344 340 418 374 cujus
430 338 471 368 est
487 349 516 368 ea
530 338 630 377 digitus
644 348 780 376 operatus.

265 373 299 408 In
313 377 361 406 illo
373 377 486 414 laereris,
505 378 606 406 exultes
621 377 653 407 &
668 378 801 416 gaudeas,
838 379 866 408 ui
885 380 1025 410 convertit
1040 386 1125 408 tantae
1138 378 1290 408 obscurita-

228 414 261 446 tis
277 424 401 453 tempora
416 416 444 444 in
459 415 600 453 sereniim3
619 418 710 446 exulta
728 417 809 455 igitur
819 388 979 455 qPrinceps,
997 418 1086 448 exulta
1100 417 1133 447 ὃ(
1153 417 1249 446 laetare·
1259 418 1289 446 in

227 454 376 490 Domino,
395 454 428 483 &
451 462 526 483 tunm
547 455 718 493 recognosce
733 456 841 494 abipso
856 466 925 486 vero
938 456 1044 486 salutari
1059 455 1186 485 salutem:
1208 454 1291 486 Dex-

227 500 282 522 tera
295 492 370 520 enini
384 491 510 521 Domini
526 492 593 522 fecit
606 494 755 531 virtutem,
773 494 883 524 dextera
896 502 924 525 te
939 494 1061 524 Domini
1076 493 1218 524 exaltavit:

260 528 320 566 Ipse
340 537 367 558 te
381 529 490 560 dudum
504 532 608 561 creavit
622 532 650 561 in
664 533 832 571 principem:

260 566 320 604 Ipse
335 576 361 597 te
376 567 518 598 redactum
533 568 606 608 quasi
619 570 653 600 ad
669 571 806 600 nichilum
822 572 932 601 noviter
945 571 1095 600 recreavit:

262 605 323 642 Iple
336 614 363 635 te
377 606 425 636 diti
440 607 468 636 iri
481 608 635 647 integritate
657 608 758 648 Regiae
776 609 913 648 dignitatis
933 616 1097 648 regnantem
1111 608 1180 638 rexit
1195 606 1291 646 pacifi-

224 644 274 680 ce,
293 644 424 682 aestusque
441 653 503 675 tuos
516 646 627 676 direxit:

260 682 321 720 Ipse
342 692 369 712 te
387 693 475 720 nuper
496 684 532 714 ab
552 685 712 723 hujusmodi
733 685 865 724 dignitate
885 685 1027 723 dejectum
1041 709 1051 724 ,
1078 685 1133 716 suae
1154 684 1290 725 potentiae

222 721 323 751 virtute
344 721 481 760 restituit;
500 722 533 752 ὃς
547 723 726 762 oppressum,
745 733 777 753 ac
795 725 852 754 fere
866 725 989 754 omnino
1002 723 1173 764 prostratum
1187 724 1221 754 ad
1234 723 1288 754 alta

222 758 304 789 status
317 760 387 790 soliti
400 760 435 789 de
447 761 590 799 profundo
604 762 701 791 nimiae
713 762 896 799 oppressionis
906 764 1004 792 crexit:

258 797 317 835 Ipse
330 799 381 829 tibi
397 799 533 829 dilec'tum
550 799 638 829 filiurn
648 823 657 838 ‚
676 801 804 830 nobilem
823 802 915 831 virum
931 801 1103 832 Edwardum
1115 801 1288 840 primogeni-

220 844 281 866 tum
296 845 396 874 tuum,
413 836 638 874 pretiosiffimum
650 838 763 878 quidem
779 841 884 879 generis
899 840 938 869 tui
953 839 1067 877 Decus,
1085 840 1163 877 cujus
1179 840 1286 870 eminet

219 874 321 905 divino
336 885 450 905 munere
465 876 565 907 servata
580 877 774 914 strenuitas,in
783 879 862 908 tantis
875 879 1039 914 captivitatis
1052 879 1085 909 &
1094 877 1283 908 conflictuum

216 915 359 944 variorum
372 914 556 944 constitutum
571 916 698 953 periculis
712 917 885 946 conservavit
906 916 1038 957 illaesum,
1057 918 1087 947 in
1100 916 1180 957 ipsius
1195 926 1282 947 manu

216 951 364 991 praevalida
379 961 455 983 tuam
471 953 585 983 salutem
600 954 720 994 dirigens
733 955 766 985 &
781 964 903 985 tuorum.

253 989 324 1021 Esto
335 992 417 1030 igitur
430 1001 541 1022 memor
557 993 761 1024 beneficiorum
774 993 915 1032 Domini,
933 995 966 1025 δε
980 993 1016 1023 ne
1037 992 1149 1023 illorum
1163 1004 1281 1033 quoquo

216 1028 308 1058 modo
328 1031 465 1075 reperiaris
483 1032 603 1070 ingratus
617 1054 626 1070 ,
650 1031 696 1062 sed
716 1040 819 1062 tantam
839 1031 940 1063 summi
962 1032 1096 1072 largitoris
1111 1033 1280 1064 munificen-

216 1068 301 1105 tiam,
319 1078 374 1107 qua
388 1076 467 1108 potes
499 1069 662 1108 artitudine,
679 1071 879 1108 recompenses.

252 1105 455 1138 Celsitudinem
471 1078 594 1148 {egiam
615 1119 765 1139 monemus
780 1133 789 1147 ,
808 1118 936 1149 rogamus
949 1110 982 1141 &
996 1109 1140 1139 hortamur
1154 1109 1276 1148 attente,

212 1143 278 1175 sano
291 1146 341 1175 tibi
355 1147 473 1177 consilio
485 1148 515 1176 in
530 1147 720 1177 remiffionem
735 1148 932 1179 nichilominus
949 1149 1148 1186 peccaminum
1163 1147 1276 1178 suaden-

213 1191 254 1213 tes
266 1207 276 1222 ,
301 1186 428 1222 quatinus
449 1185 597 1224 diligenter
615 1186 757 1217 attendens
769 1209 779 1225 ,
807 1187 886 1224 quod
906 1187 1056 1217 clementia
1080 1186 1172 1217 firmat
1186 1187 1277 1226 impe-

214 1223 287 1252 rium
302 1246 310 1261 ,
338 1223 408 1253 illius
428 1224 546 1254 obtentu
566 1225 613 1264 qui
635 1223 747 1255 Patrem
761 1248 771 1263 ,
788 1225 817 1254 i'n
837 1225 896 1263 ipso
917 1224 972 1256 suae
986 1224 1116 1265 pasiionis
1129 1233 1276 1265 tempore,

214 1261 433 1292 ci-ucefixoribus
447 1262 497 1292 suis
513 1263 655 1301 ignoscere
667 1264 827 1303 precabatur
841 1287 850 1302 ‚

252 1299 297 1330 Ad
315 1301 502 1338 persecutores
523 1310 585 1331 tuos
599 1325 610 1340 ,
635 1312 706 1342 quos
720 1325 729 1340 ,
748 1312 797 1340 per
811 1302 947 1340 ejusmodi
961 1302 1139 1342 primogeniti
1152 1301 1275 1332 ministe-

213 1338 286 1368 rium
295 1363 304 1377 ,
323 1340 351 1368 in
366 1338 413 1369 tua
428 1338 563 1379 potestate
576 1341 694 1379 reposuit
705 1342 792 1370 virtus
806 1340 945 1380 altissimi,
971 1350 999 1371 te
1011 1341 1181 1371 clementem
1195 1340 1275 1370 exhi-

211 1377 291 1414 beas,
309 1378 342 1407 &
355 1377 523 1417 benignitate
539 1380 635 1416 utaris,
654 1379 710 1409 hoc
725 1378 814 1416 ipsum
826 1380 919 1410 eidem
932 1379 1117 1417 persuadendo
1131 1380 1204 1419 prim
1244 1388 1274 1409 e-

211 1416 289 1454 nito‚
309 1416 341 1446 &
355 1415 387 1445 ad
401 1416 440 1446 sui
455 1416 604 1447 commodi
617 1419 650 1448 &
662 1418 777 1448 honoris
790 1427 973 1458 augmentum
987 1418 1122 1456 potestate
1140 1419 1198 1448 tam
1244 1427 1274 1448 e-

210 1454 253 1492 gia
286 1455 370 1493 quam
388 1455 472 1492 patria
485 1455 667 1494 injungendo.

247 1477 341 1522 131ures
361 1494 438 1523 enim
456 1493 491 1523 ad
502 1502 600 1532 tuum,
619 1496 652 1525 ὃς
667 1494 746 1534 ipsius
758 1494 933 1533 aliorumque
953 1503 1066 1526 tuorum
1079 1504 1207 1526 amorem
1220 1494 1272 1526 hu-

209 1531 324 1562 manitas
338 1531 502 1562 rerniffionis
518 1532 624 1570 allicet,
641 1542 725 1572 quam
737 1543 833 1571 poenae
841 1533 946 1571 justitia
959 1533 1117 1573 castigaret,
1135 1543 1203 1564 curn
1217 1533 1273 1564 fer-

208 1578 261 1599 vor
274 1570 408 1600 vindietae
422 1580 577 1609 paucorum
592 1571 690 1602 odium
705 1573 834 1610 reprimat
844 1596 854 1611 ,
873 1572 1027 1603 multorum
1041 1574 1134 1603 irritet.

217 1622 221 1625 ·
244 1607 290 1638 Ad
304 1607 435 1647 Praelatos
445 1618 558 1648 quoque
576 1609 672 1649 Regni
693 1612 749 1649 tui,
764 1621 835 1649 quos
856 1611 905 1640 tibi
921 1613 954 1642 &
975 1612 1067 1642 eidem
1080 1612 1272 1652 primogenito

205 1646 249 1675 vel
261 1647 411 1685 probabilis
431 1647 551 1678 reddidit
572 1649 735 1687 conjectura
748 1649 904 1689 suspectos,
923 1650 968 1680 vel
980 1650 1095 1680 offensae
1108 1650 1199 1681 forsan
1210 1652 1270 1681 evi-

204 1683 297 1716 dentia
311 1686 440 1723 probavit
453 1685 580 1724 infestOS,
598 1688 748 1725 praesertim
763 1697 832 1718 cum
847 1687 896 1718 suo
918 1687 1051 1718 Domino
1066 1688 1140 1719 stent
1154 1698 1200 1719 aut
1221 1699 1269 1720 ca-

205 1721 271 1754 dant
280 1747 289 1762 ,
307 1725 348 1755 ob
361 1725 431 1755 illius
445 1727 644 1765 reverentiam,
663 1727 741 1765 cujus
753 1727 783 1756 in
798 1725 868 1756 terra
883 1726 1070 1757 ministerium
1083 1735 1269 1766 gerunt,ma-

205 1770 256 1792 nus
271 1772 324 1793 nec
339 1772 388 1802 tu,
405 1773 459 1794 ηερ
482 1764 557 1794 idem
577 1766 779 1804 primogenitus
793 1764 958 1803 emendatis,
975 1775 1030 1797 ηερ
1052 1767 1161 1805 patiaris
1172 1775 1220 1798 eos
1238 1767 1268 1797 iri

204 1800 381 1832 ecclesiarum
395 1802 501 1833 suarum
516 1804 620 1840 juribus
633 1804 772 1844 opprimi3
791 1803 836 1834 sed
853 1803 979 1834 ecclesias
991 1814 1091 1834 omnes
1126 1805 1160 1835 &
1176 1804 1268 1850 perso-

203 1849 251 1868 nas
265 1840 456 1871 eccleliasticas
470 1841 591 1879 ejusdem
606 1841 717 1881 Regni,
736 1842 811 1872 soliti
825 1842 1020 1874 benevolentia
1052 1853 1083 1872 ro
1095 1853 1110 1872 e
1131 1853 1207 1874 uaris.

241 1877 327 1909 Circa
346 1879 468 1910 excelsus
488 1881 592 1910 etenim
618 1880 795 1919 personarum
823 1879 979 1918 hujusmodi
1000 1890 1053 1912 tae
1074 1880 1117 1911 stu
1138 1882 1267 1921 ebimus,

201 1918 317 1947 auctore
332 1918 480 1956 Domino,
496 1919 652 1949 remedium
665 1919 810 1957 adhibere,
826 1918 902 1958 quod
918 1920 995 1959 ipsis,
1011 1920 1026 1949 3
1038 1919 1170 1950 similibus
1183 1919 1267 1951 casti-

200 1956 285 1993 gatis,
308 1957 358 1986 tibi
380 1956 412 1986 &
436 1956 552 1994 posteris
565 1959 618 1988 tuis
636 1958 827 1998 providebitur
842 1967 939 1990 contra
954 1957 1133 1998 personarum
1146 1959 1265 1999 ipsarum

202 1994 301 2024 liniiles
315 1995 421 2026 insidias
435 1997 465 2025 in
479 1995 613 2026 futurum.

237 2073 306 2105 Dat.
322 2074 444 2115 Perusii‚
462 2086 483 2116 4
498 2076 582 2108 Non.
598 2077 722 2111 Octobr.
738 2076 920 2111 Pontificatus
935 2079 1024 2110 nostri
1035 2089 1111 2110 anno
1124 2081 1225 2118 primo.

867 2159 922 2190 Sub
927 2160 981 2203 filo
997 2160 1103 2192 canabi.

266 2286 292 2314 'X‘
312 2292 402 2324 Bulla
419 2304 481 2338 qua
490 2294 671 2340 gratulatur
688 2297 819 2340 Principi
835 2294 984 2328 Edvardo
1003 2293 1209 2329 liberationem

554 2341 648 2387 statim
666 2346 702 2380 ὠ·
724 2344 898 2377 vinariam.

268 2428 390 2461 Lemens
409 2428 562 2471 Episcopus
573 2454 583 2469 ,
600 2431 690 2462 servus
710 2431 852 2464 servorum
873 2433 946 2473 Dei,
965 2434 1071 2466 dileeto
1086 2434 1144 2465 filio
1157 2434 1264 2466 Nobili

284 2470 347 2499 viro
367 2469 512 2500 Edwardo
532 2469 662 2500 cariffirni
676 2472 705 2501 in
729 2471 847 2503 Christo
868 2472 915 2502 filii
932 2473 1020 2503 nostri
1151 2473 1265 2504 Illustris

156 2538 162 2544 ,
200 2506 287 2547 Regis
308 2507 422 2547 Aiigliae
445 2509 656 2548 primogenito,
681 2509 794 2540 salutem
814 2511 847 2542 ὅτ
871 2510 1067 2551 Apostolicam
1087 2512 1264 2544 benedictio-

200 2554 278 2576 nem.

237 2581 334 2615 Habes
355 2583 394 2614 fili
415 2584 491 2615 unde
511 2583 660 2617 humiliato
681 2586 793 2626 spiritu,
810 2587 844 2618 &
866 2588 953 2619 corde
973 2591 1099 2620 contrito
1114 2591 1144 2619 iri
1156 2599 1263 2621 vocem

198 2623 371 2654 exultationis
391 2624 425 2654 &
441 2623 626 2654 confessionis
646 2635 772 2665 erumpas
785 2649 794 2664 ,
813 2636 843 2657 ut
863 2628 966 2658 exultes
994 2630 1025 2658 in
1045 2628 1199 2667 Domino,
1226 2629 1260 2659 &

196 2661 293 2699 ipsius,
312 2662 385 2692 circa
401 2670 446 2700 te,
462 2663 598 2693 immensa
611 2663 747 2694 beneficia
762 2665 874 2695 fatearis.

236 2698 294 2737 Ipse
303 2709 426 2737 namque
440 2701 491 2730 tibi
506 2701 644 2732 conceffit
660 2704 741 2732 tantis
754 2704 819 2732 oriri
833 2704 983 2742 natalibus,
1001 2704 1142 2735 immensis
1153 2705 1262 2735 habun-

195 2737 261 2768 dare
273 2738 392 2775 divitiis,
411 2738 564 2776 praeclaris,
583 2748 613 2770 ut
625 2740 660 2770 de
675 2750 703 2770 te
718 2741 871 2771 multorum
886 2741 969 2773 habet
987 2742 1115 2781 assertio,
1132 2752 1190 2782 prae
1208 2745 1262 2774 tuis

195 2777 373 2815 participibus
388 2799 398 2815 ,
422 2778 514 2807 ornari
536 2779 680 2808 virtutibus
694 2801 704 2817 ,
730 2781 763 2810 ὃ(
774 2802 783 2817 ,
815 2781 959 2820 privilegio
986 2788 1013 2810 te
1051 2781 1261 2820 rimogeniturae

197 2817 412 2853 communiens,
429 2815 524 2855 regalis
540 2816 745 2855 praedestinavit
758 2819 932 2849 excellentiae
945 2819 1027 2850 succe
1050 2829 1140 2849 orem.

234 2851 292 2890 Ipse
317 2863 344 2884 te
359 2877 368 2892 ,
386 2863 473 2894 nuper
495 2855 567 2892 quali
589 2856 624 2885 ab
643 2857 760 2886 inimicis
780 2857 958 2896 absorptum,
976 2868 991 2887 3
1003 2866 1148 2888 conventu
1162 2858 1262 2898 malig-

195 2892 338 2934 nantium,
357 2893 389 2923 &
404 2902 419 2922 a
435 2892 614 2924 multitudine
632 2894 806 2932 iniquitatem
826 2898 1004 2935 operantium
1019 2897 1063 2926 sua
1075 2897 1178 2928 virtute
1193 2907 1260 2936 pro-

197 2937 271 2959 texit.

236 2966 294 3005 Ipse
306 2976 333 2997 te
344 2967 380 2998 de
393 2965 519 3000 servitute
532 2971 674 3007 probrosae
688 2971 852 3011 captivitatis
864 2973 978 3013 eripuit,
997 2974 1031 3005 ὃς
1050 2974 1087 3004 de
1097 2973 1262 3012 abjectionis

197 3013 332 3036 extremae
344 3007 500 3046 obprobrio
515 3009 647 3039 liberavit.

237 3043 297 3081 Ipse
310 3068 320 3081 ,
343 3045 428 3075 virtus
446 3046 533 3076 salutis
553 3055 608 3077 tuae
622 3071 631 3086 ,
654 3049 683 3078 in
705 3048 751 3079 die
771 3049 836 3079 belli
857 3050 958 3090 clypeo
976 3050 1030 3081 suae
1045 3051 1261 3088 omnipotentiae

200 3082 411 3112 misericorditer
423 3092 502 3113 tuum
519 3086 609 3123 capud
622 3087 809 3125 obumbraris,
828 3089 965 3119 confec‘tis
985 3088 1112 3119 hostibus
1131 3098 1158 3119 te
1173 3089 1261 3120 serva-

199 3121 241 3150 vit
255 3121 386 3159 illiesum,
406 3122 438 3151 &
453 3122 566 3153 salutem
580 3124 708 3154 cariffimi
721 3127 748 3156 in
763 3126 881 3157 Christo
895 3127 942 3157 filii
956 3127 1044 3158 nostri
1200 3128 1262 3158 An-

199 3159 264 3197 gli‘ae
283 3159 371 3198 Regis
387 3159 501 3204 'illustri-s
515 3184 525 3199 ,
551 3163 589 3191 tui
609 3165 740 3207 genitoris
761 3165 864 3203 incliti,
879 3168 1066 3206 omniumque
1079 3175 1212 3206 tuorum,
1225 3176 1259 3198 ac

200 3199 284 3227 totius
297 3196 393 3236 Regni
406 3197 516 3237 Angliae
531 3200 560 3228 in
574 3209 620 3230 tua
633 3201 783 3232 Serenitate
794 3204 899 3234 direxit.

239 3236 320 3275 Qiid
336 3237 420 3266 icitur
434 3238 566 3268 retribues
579 3238 712 3269 Domino
735 3251 785 3278 pro
798 3243 930 3272 omnibus
944 3252 1008 3282 quae
1019 3242 1079 3280 jam
1093 3251 1149 3273 tute
1164 3244 1261 3274 tribuit

197 3274 355 3317 juventuti.
381 3275 432 3305 Fili
449 3286 570 3318 praepara
589 3285 715 3308 mentem
730 3282 847 3321 paternis
862 3281 1005 3319 affatibus,
1024 3282 1057 3311 &
1077 3282 1177 3312 nostris
1191 3292 1262 3312 con-

202 3313 264 3342 siliis
279 3323 374 3343 aurem
388 3314 566 3344 exauditionis
580 3325 708 3355 appone,
722 3320 774 3346 lint
786 3319 862 3348 oculi
877 3322 917 3349 tui
931 3320 1017 3357 aperti
1031 3320 1064 3349 ὃ(
1078 3330 1154 3351 aures
1168 3322 1259 3351 inten-

200 3357 255 3387 tae,
274 3361 303 3382 ut
323 3352 414 3391 capud
429 3361 510 3382 tuum
531 3362 712 3390 peccatorum
725 3356 819 3386 oleum
839 3367 895 3386 non
911 3360 1085 3397 impinguet,
1103 3359 1137 3389 ὃ(
1153 3360 1187 3390 ad
1198 3361 1262 3389 vin-

201 3388 304 3432 dietam
326 3391 441 3429 alicujus
462 3400 489 3421 te
506 3394 628 3430 nequitia
642 3415 653 3431 ,
674 3394 703 3422 in
720 3401 796 3423 tuam
812 3396 998 3433 proculdubio
1012 3398 1185 3436 perniciem,
1203 3408 1263 3429 non

204 3435 309 3457 irritet:
335 3429 380 3459 sed
403 3429 577 3460 considerans
597 3431 745 3468 prudenter
765 3434 842 3470 quod
862 3437 1039 3473 regnantibus
1052 3437 1156 3466 certior
1171 3436 1212 3466 est
1229 3446 1263 3466 ex

204 3464 426 3506 mansuetudine,
444 3478 528 3507 quam
543 3478 577 3499 ex
591 3469 749 3500 crudelitate
762 3471 900 3508 securitas,¹
923 3474 1074 3512 quodque,
1089 3474 1158 3504 sicut
1180 3475 1264 3512 pluri-

205 3501 258 3530 bus
276 3506 356 3534 ramis
377 3506 488 3536 arbores
510 3506 632 3544 praecisae
654 3509 817 3547 repullulant
832 3533 842 3548 ,
861 3512 893 3541 &
913 3512 985 3542 secia
998 3512 1128 3551 quaedam
1143 3513 1263 3544 satorum

208 3547 307 3583 genera
328 3542 451 3574 densiora
472 3546 639 3585 resurgunt,
657 3547 694 3577 sic
717 3547 822 3578 flevitiii
837 3550 870 3579 ὅ(
886 3551 1059 3582 immanitate
1071 3553 1265 3590 regnantium,

206 3586 385 3621 inimicorum
399 3593 529 3613 numerus
545 3584 640 3614 crescit
651 3586 760 3624 potius,
774 3586 860 3624 quam
873 3588 991 3618 tollatur.

243 3613 341 3646 Utaris
353 3619 498 3651 clementia
512 3621 569 3652 fixo
583 3623 617 3652 &
631 3624 825 3654 continuando
840 3627 982 3664 proposito
993 3627 1026 3657 ad
1042 3636 1189 3665 nocenteS,
1209 3637 1264 3658 nec

208 3653 335 3690 expectes
347 3657 511 3700 quod'causa
523 3660 650 3699 deficiat,
667 3662 711 3692 sed
732 3662 799 3692 desit
811 3664 862 3693 tibi
878 3665 985 3701 prorsus
998 3668 1108 3696 animus
1120 3666 1262 3696 saeviendi.

249 3689 339 3728 Qod
351 3714 361 3729 ‚
386 3704 449 3730 quia
469 3697 518 3726 tibi
539 3700 668 3736 expedire
686 3709 813 3737 putamus
825 3724 835 3739 ,
853 3704 1027 3734 omnimodis
1038 3704 1265 3743 magnitudinem

211 3734 288 3771 tuam
312 3737 457 3770 monemus
469 3757 478 3771 ,
496 3745 624 3774 rogamus
641 3739 674 3769 &
695 3739 840 3769 hortamur
862 3743 985 3779 attente,
1003 3743 1070 3773 sano
1084 3743 1134 3772 tibi
1146 3743 1265 3773 consilio

213 3775 244 3795 1ss
262 3766 664 3816 remlffipnem-peccanunum
679 3776 833 3815 suadentes,
852 3780 996 3818 quatinus,
1012 3781 1157 3818 diligenter
1175 3788 1266 3811 atten-

213 3803 299 3842 dens,
318 3805 396 3841 quod
408 3813 437 3848 tu
453 3818 481 3837 iri
494 3818 522 3852 te
534 3814 621 3847 ipium
634 3814 743 3852 saevies,
759 3816 779 3845 fi
791 3815 881 3846 forsan
894 3818 923 3846 iri
941 3817 1037 3857 Regni
1049 3818 1170 3856 ejusdem
1182 3820 1265 3849 inco-

211 3841 266 3876 las,
283 3850 359 3871 tuam
374 3844 471 3874 exinde
484 3851 650 3881 minorando
662 3854 831 3891 potentiam,
848 3854 981 3886 saevitiarn
995 3866 1143 3887 exerceres.

215 3917 221 3922 '
250 3878 364 3910 Reddas
375 3888 404 3909 te
416 3880 466 3910 illis
474 3883 505 3925 'in
519 3888 676 3918 remiffione
690 3890 814 3929 facilem,
833 3902 886 3922 nec
907 3893 941 3922 ad
955 3895 1145 3925 crudelitatem
1165 3901 1264 3924 contra

212 3916 300 3954 ipsos,
317 3917 362 3948 vel
377 3927 493 3949 recentis
503 3922 615 3954 offensae

209 3955 245 3984 ris
258 3955 360 3986 induci.

249 3991 298 4023 Set
310 3993 452 4026 beneficiis
470 3994 519 4026 tibi
534 3997 638 4029 amicos
651 4000 796 4042 astringas,
809 4004 878 4043 illis,
895 4014 927 4036 ut
946 4006 982 4037 de
999 4007 1154 4039 infidelibus
1171 4005 1265 4038 fideles

634 3928 771 3958 memoria
783 3951 793 3966 ,
810 3930 854 3959 vel
867 3931 979 3969 alicujus
999 3932 1172 3972 suggestione
1182 3933 1268 3973 pau'a·
1288 3941 1294 3952 ¹

663 136 1915 192 CONVENTIONES3L1TER‘AE‚

1325 222 1449 267 efficias:
1476 223 1511 255 &
1524 246 1534 262 ‚
1558 232 1590 255 ut
1608 225 1645 256 de
1664 226 1785 257 inimicis
1805 225 1987 257 amicissimos
2004 224 2125 264 habeas3
2150 226 2312 259 reconcilies
2332 228 2385 260 ini-
2395 225 2473 295 Αηῐὲ.
2487 219 2536 259 D:

1321 272 1420 293 micos.
2414 274 2450 295 12
2491 289 2499 296 .

1360 300 1406 330 Ad
1420 299 1554 330 Praelatos
1568 300 1647 340 sane,
1665 313 1736 342 quos
1747 303 1792 333 vel
1806 303 1890 333 habes
1922 302 2042 333 robabili
2055 302 2162 333 ratione
2173 302 2328 344 suspectos,
2339 306 2386 337 vel
2398 308 2460 334 Hm.
2471 273 2507 344 53.
2542 338 2546 347 ,

1323 338 1438 368 infestos
1451 338 1541 368 forsan
1561 340 1699 371 evidentia
1718 341 1833 371 offensae
1847 341 1891 371 sen
1904 341 1963 379 isti,
1981 342 2022 371 ob
2035 341 2106 372 illius
2118 344 2319 382 reverentiam,
2338 345 2387 382 qui

1324 378 1395 415 tibi,
1412 376 1467 406 suae
1482 378 1587 414 pietatis
1608 379 1736 416 praesidio
1749 403 1759 418 ‚
1785 381 1815 410 in
1829 381 1911 410 tantis
1923 381 2052 421 periculis
2063 379 2166 419 astitit,
2184 381 2217 412 &
2232 381 2268 411 ab
2280 382 2331 411 illis
2343 383 2389 413 in·-

1323 414 1463 445 offensum
1485 425 1553 445 cum
1572 417 1657 447 farnae
1671 428 1704 448 ac
1725 418 1841 449 honoris
1860 427 2012 458 augmento
2033 418 2173 457 servavit,
2194 419 2273 450 nullo
2295 420 2386 451 modo

1322 463 1420 484 manus
1442 453 1624 485 infestationis
1639 456 1766 487 extendas
1778 479 1788 494 ,
1805 457 1844 487 set
1864 458 1989 488 ecclesias
2002 458 2036 488 &
2050 457 2177 496 personas
2195 458 2389 490 ecclesiasticas

1322 491 1419 560 §egni
1432 492 1571 559 εῄίμίὸειη,
1588 494 1697 531 praefati
1711 494 1856 526 Genitoris
1869 497 1909 526 tui
1923 496 2067 535 sequendo
2081 495 2196 535 vestigia
2201 519 2211 535 ,
2229 499 2326 528 favore
2340 497 2389 528 de-

1344 538 1383 559 ito
1418 539 1450 560 ro
1462 540 1478 560 e
1498 540 1576 561 uaris.

1394 578 1432 611 'os
1443 540 1568 607 eteqnim,
1587 570 1634 608 qui
1646 570 1808 610 prosperum
1822 570 1924 602 statum
1938 579 2019 602 tuum
2033 580 2150 613 patemo
2168 571 2288 604 zelantes
2299 573 2388 606 affec⁴

1324 611 1373 644 tu,
1392 606 1488 645 illurn,
1506 617 1606 638 contra
1625 610 1796 640 aemulorum
1815 610 1921 641 insidias
1935 633 1946 648 ,
1962 611 2126 642 accomodi's
2145 611 2263 642 libenter
2281 613 2387 644 auxiliis

1322 642 1476 689 fulcimus,
1497 646 1619 690 excessus
1638 647 1817 687 personarum
1839 648 1998 687 hujusmodi
2012 650 2050 680 fic
2069 649 2201 690 castigare
2212 651 2388 690 curabimus,

1320 683 1414 721 quod,
1431 683 1488 714 aliis
1500 692 1583 715 etiarn
1595 694 1695 716 eorum
1707 687 1837 727 exemplo
1850 687 1999 726 deterritis,
2016 689 2068 718 tibi
2082 689 2116 720 &
2134 689 2187 720 tuis
2199 697 2298 720 contra
2309 689 2385 721 fimi-

1323 720 1359 752 lia
1373 722 1585 763 providebitur,
1601 724 1715 755 auctore
1729 725 1880 764 Domino,
1895 727 1925 756 in
1938 727 2072 758 futurum.

1354 801 1424 833 Dat.
1442 802 1572 843 Perusiii‚
1589 804 1606 835 8
1619 803 1661 836 Id.
1674 804 1827 845 octobris,
1845 805 2030 839 Pontificatfis
2038 806 2127 838 nostri
2139 817 2216 839 anno
2229 810 2333 847 primo,

1985 887 2040 920 Sub
2051 886 2098 926 filo
2115 889 2220 919 canabi.

1360 1014 1491 1062 Epistola
1506 1015 1619 1051 Odonis
1637 1019 1821 1062 O·Conn0r‚
1848 1022 1934 1066 Regis
1944 1019 2102 1062 Conaft'iae,
2123 1030 2180 1067 pro
2199 1020 2332 1068 confinfh

1572 1069 1665 1114 Regio
1683 1066 1728 1100 ad
1742 1067 1918 1114 Epifiopum
1939 1067 2116 1115 eligendum.

1310 1152 1599 1215 Excuientiffimo
1617 1155 1752 1188 Domino
1772 1155 1815 1187 H.
1830 1156 1890 1188 Dei
1909 1155 2013 1197 gratia,
2031 1155 2133 1187 niustri
2155 1156 2231 1197 Regi
2245 1147 2461 1198 Anguae,Ann-
2476 1150 2517 1182 D·

1383 1193 1446 1237 suus
1459 1194 1544 1225 fidelis
1557 1194 1628 1226 Odo
1642 1194 1843 1237 Okonchubyr
1858 1195 1924 1226 Rex
1943 1195 2133 1234 (lomaniae,
2148 1195 2278 1235 salutem,
2293 1197 2327 1228 &
2344 1199 2375 1228 in
2405 1190 2488 1228 ¹265·

1308 1232 1442 1262 omnibus
1458 1233 1618 1265 vietoriam.
2379 1229 2431 1255 An.
2446 1238 2498 1266 49-

1346 1269 1455 1301 Vestrae
1469 1271 1570 1312 Regiae
1590 1271 1745 1304 Ma'estatis
1756 1272 1948 1317 excellentiam
1969 1274 1985 1289 ²*
2001 1281 2149 1317 exoramus
2165 1272 2257 1304 modis
2273 1274 2372 1312 quibus
2381 1269 2416 1292 H.
2439 1276 2465 1302 3·

1307 1308 1467 1349 poffumuS,
1484 1312 1614 1350 quatinus
1664 1321 1754 1343 ecano
1765 1312 1799 1343 &
1812 1322 1845 1342 ca
1865 1312 1935 1343 itulo
1948 1310 2075 1342 Akaden.
2093 1312 2103 1350 (
2119 1322 2128 1341 i
2149 1311 2173 1342 {a
2187 1321 2236 1352 per
2249 1321 2372 1343 mortem
2383 1304 2496 1349 Buneiela

1307 1347 1471 1379 venerabilis
1491 1351 1572 1389 patris
1588 1349 1711 1381 Domini
1727 1350 1767 1381 T.
1781 1350 1844 1389 ejus
1856 1359 1904 1380 em
1917 1349 2052 1381 Ecclesiae
2070 1322 2220 1391 EpiPcopi³
2235 1351 2370 1389 vacante)
2384 1342 2518 1387 Cerf1f,&

1307 1385 1434 1416 vestrum
1449 1387 1614 1419 consensum
1628 1390 1728 1428 pariter
1746 1389 1781 1420 &
1801 1388 1954 1427 assensum,
1969 1398 2017 1428 per
2030 1388 2184 1420 Nuncium
2200 1389 2372 1429 eorundem,
2383 1384 2504 1410 P²²¹'·⁴4·

1306 1424 1340 1454 ad
1358 1425 1519 1493 {figendum
1538 1426 1695 1465 pastorem,
1712 1428 1792 1458 vultu
1811 1427 1909 1458 sereno
1922 1428 1956 1459 &
1971 1427 2117 1459 favorabili
2129 1452 2139 1466 ‚
2158 1428 2178 1459 fi
2192 1428 2299 1468 placet,
2316 1430 2372 1460 im-
2383 1424 2520 1485 ffhssff·

1328 1473 1362 1494 en
1382 1471 1439 1495 atis.

1306 1472 1327 1501 p
1342 1501 1473 1533 Tantum
1494 1502 1561 1534 inde
1580 1498 1711 1535 facientes
1723 1527 1734 1543 ,
1756 1512 1793 1534 ne
1810 1502 1925 1543 praefata
1947 1501 2074 1534 Ecclesia
2088 1503 2170 1544 (quae
2188 1506 2224 1537 ad
2236 1505 2369 1545 praesens,
2383 1497 2492 1524 London.

1306 1538 1377 1571 ultra
1393 1541 1492 1585 viginti
1505 1549 1663 1574 marcarum
1675 1542 1815 1573 summam
1828 1543 1856 1572 in
1870 1540 2083 1585 redditibusnon
2091 1543 2212 1587 abundat
2221 1544 2248 1583 ,)
2257 1553 2372 1613 prppter
2383 1534 2402 1554 ²*
2417 1535 2441 1563 Ῑ·
2450 1534 2517 1572 330·

1305 1579 1519 1610 retardationem
1531 1579 1616 1621 Regii
1631 1581 1749 1613 assensus
1763 1580 1858 1621 (quod
1873 1580 1958 1618 absit)
1979 1590 2009 1611 in
2023 1582 2221 1620 temporalibus
2232 1583 2277 1614 vel
2305 1593 2373 1621 piri-

1305 1618 1423 1649 tualibus
1436 1619 1558 1658 patiatur.

1341 1659 1375 1687 ln
1389 1656 1468 1695 cujus
1481 1658 1622 1695 petitionis
1642 1658 1836 1690 testimonium
1855 1657 1902 1693 has
1921 1658 2022 1691 litteras
2034 1656 2143 1690 nostras
2155 1658 2255 1691 vestrae
2267 1658 2375 1701 Majeef

1304 1696 1352 1727 tati
1369 1694 1470 1735 Regiae
1485 1697 1624 1729 mittimus
1637 1706 1769 1736 patentes.

1339 1775 1408 1808 Dat.
1421 1785 1498 1808 anno
1513 1776 1610 1820 Regni
1625 1778 1713 1820 Regis
1725 1777 1769 1810 H.
1787 1788 1837 1819 49.

1302 1913 1423 1945 Littera
1440 1911 1572 1947 Blanchae
1589 1913 1711 1961 Ductffz
1735 1915 1915 1956 Britannia,
1937 1911 1973 1946 de
1990 1915 2124 1947 Beatrice
2133 1914 2206 1959 filia
2226 1916 2315 1960 Regis
2320 1912 2375 1958 ft-

1347 1958 1507 1995 bricitante
1517 1989 1527 2006 ‚
1548 1965 1585 2002 ᾤ’
1598 1962 1634 1997 de
1648 1965 1769 1997 Arturo
1783 1972 1881 2010 nepote
1889 1964 1978 2009 Regis
1987 1990 1998 2006 ‚
2016 1974 2108 2011 puero
2111 1965 2191 2009 stitis
2199 1963 2338 2010 eleganti.

1300 2050 1359 2113 A
1378 2051 1438 2082 Son
1458 2050 1597 2085 Treshaut
1617 2054 1651 2085 &
1670 2053 1820 2085 Treschier
1839 2052 1979 2093 seignour
1999 2052 2093 2084 Henri
2103 2075 2114 2092 ‚
2130 2062 2178 2093 par
2191 2052 2216 2083 la
2230 2062 2314 2093 grace
2333 2051 2369 2097 de
2383 2045 2460 2078 Ann-
2474 2047 2519 2080 DI

1378 2090 1463 2130 Deu,
1482 2092 1743 2132 Roid'Engleterre
1773 2093 1912 2131 Seignour
1926 2091 1962 2122 de
1982 2092 2108 2129 leand‚
2129 2101 2145 2120 e
2160 2090 2231 2121 Duc
2249 2090 2366 2134 d'Aqui-
2406 2088 2488 2125 ¹265·

1299 2137 1381 2168 tene,
1400 2129 1504 2162 Blance
1522 2130 1668 2162 Ducheffe
1685 2132 1721 2162 de
1740 2116 1882 2170 &retaigne
1901 2130 1976 2174 saluz
1988 2141 2004 2174 e
2018 2139 2182 2167 reverence,
2199 2138 2216 2159 e
2230 2129 2270 2159 soi
2281 2139 2365 2169 appa·
2381 2129 2432 2154 An.
2449 2134 2499 2164 49·

1299 2168 1375 2198 rellie
1387 2178 1402 2198 a
1413 2168 1485 2200 ferre
1496 2169 1521 2200 sa
1536 2170 1674 2209 volence,
1691 2180 1761 2201 cum
1773 2180 1789 2199 a
1801 2169 1852 2199 son
1867 2168 1944 2199 chier
1957 2169 2104 2208 Seignour.
2379 2169 2414 2192 H.
2435 2174 2459 2201 3·
2514 2206 2517 2209 ι

1335 2206 1414 2245 sire,
1430 2208 1461 2246 je
1474 2217 1547 2238 vous
1560 2210 1618 2247 pri,
1633 2209 1653 2239 fi
1666 2219 1736 2240 vous
1750 2207 1837 2248 plest‚
1872 2217 1907 2237 ue
1920 2217 1991 2239 vous
2004 2218 2053 2238 me
2064 2206 2168 2238 villude
2175 2215 2257 2238 votre
2270 2206 2366 2246 estate,
2380 2207 2420 2230 Ex
2442 2207 2517 2247 Bfmff

1300 2245 1326 2275 le
1348 2245 1432 2285 queul
1454 2245 1551 2277 nostre
1572 2247 1621 2276 sire
1638 2257 1686 2287 par
1708 2247 1734 2277 sa
1753 2255 1834 2286 grace
1881 2255 1914 2276 ce
1930 2254 2065 2276 touzours
2079 2247 2156 2283 bon,
2176 2256 2244 2284 quar
2262 2245 2363 2289 sachiet
2381 2241 2427 2269 del,
2444 2241 2501 2269 lm-

1298 2294 1371 2314 mon
1385 2283 1461 2315 chier
1475 2285 1612 2324 Seignour
1623 2295 1678 2324 que
1688 2286 1736 2323 j'ei
1750 2294 1829 2315 ment
1844 2283 1976 2324 tresgrant
1985 2285 2062 2323 joie,
2081 2292 2173 2315 tout&
2186 2286 2225 2314 les
2237 2284 2297 2314 foiz
2309 2295 2366 2325 que
2379 2289 2470 2308 mrum

1295 2324 1324 2362 je
1339 2323 1406 2361 puiz
1419 2324 1462 2352 oir
1475 2324 1508 2355 &
1521 2324 1609 2354 savoir
1624 2325 1712 2354 bones
1727 2323 1842 2354 noveles
1853 2322 1889 2353 de
1902 2333 1981 2354 vous.
2382 2325 2489 2355 ΚΜῬΜ

1337 2361 1474 2400 Sachiez‚
1492 2362 1541 2392 sire
1575 2372 1631 2400 que
1645 2372 1692 2393 ma
1706 2362 1802 2392 Darne
1815 2361 1939 2400 Beatrix,
1956 2360 2052 2392 vostre
2065 2358 2142 2391 chier
2155 2361 2218 2400 file,
2232 2370 2250 2391 e
2265 2361 2291 2391 la
2302 2371 2368 2392 nos·
2381 2361 2415 2385 H.
2432 2366 2458 2393 3·

1298 2409 1358 2439 tre,
1378 2400 1417 2430 est
1430 2410 1518 2431 encor
1553 2401 1646 2431 eherte
1660 2400 1696 2430 de
1710 2401 1735 2431 sa
1748 2400 1854 2438 feivre,
1868 2401 1938 2430 meis
1950 2400 1975 2430 el
1988 2409 2025 2430 en
2037 2398 2088 2443 est.
2097 2409 2180 2431 mout
2192 2399 2311 2431 amende
2319 2423 2330 2439 ,
2342 2400 2368 2432 13

1300 2438 1368 2469 Deu
1388 2440 1492 2477 merci3
1510 2449 1527 2469 e
1548 2449 1620 2470 nous
1640 2438 1719 2470 dient
1732 2439 1769 2469 les
1783 2438 1928 2469 fisechiens
1940 2448 1995 2477 que
2008 2438 2035 2469 sa
2053 2438 2140 2469 feivre
2153 2448 2190 2469 ne
2201 2439 2222 2469 li
2237 2447 2306 2476 peut
2320 2448 2371 2478 par

1299 2477 1347 2508 lon
1367 2478 1412 2508 ein
1425 2477 1530 2508 durrer.

1316 2550 1319 2552 ,
1374 2526 1445 2547 vous
1458 2517 1515 2557 pri,
1535 2526 1605 2548 mon
1620 2516 1689 2548 cher
1704 2516 1860 2556 Seignour,
1878 2526 1932 2555 que
1952 2515 1993 2546 s'il
2006 2516 2083 2547 avoit
2098 2516 2172 2547 riens
2185 2524 2222 2545 en
2235 2523 2294 2546 noz
2307 2525 2371 2554 par-

1297 2555 1348 2586 ties
1360 2565 1415 2595 que
1428 2565 1499 2585 vous
1514 2555 1540 2586 le
1555 2565 1603 2586 me
1618 2555 1720 2586 mande
1739 2579 1748 2594 ,
1767 2555 1927 2586 comandez
1948 2563 2017 2585 cum
2036 2565 2052 2585 a
2073 2555 2098 2584 la
2113 2553 2206 2584 vostre
2219 2565 2230 2592 3
2269 2564 2316 2585 uar
2329 2555 2371 2586 sa-

1296 2594 1397 2661 phiez,
1415 2594 1483 2632 sire,
1499 2604 1554 2634 que
1572 2595 1602 2633 je
1623 2595 1713 2626 arroie
1733 2603 1816 2625 mout
1836 2593 1970 2633 tresgrant
1986 2594 2046 2633 joie
2065 2593 2100 2623 de
2122 2593 2193 2623 ferre
2206 2603 2246 2624 vo
2273 2602 2303 2624 re
2314 2603 2370 2624 vo—

1309 2641 1376 2662 unte
1389 2643 1404 2662 a
1416 2641 1488 2662 mon
1523 2643 1584 2663 oer.

1334 2670 1361 2700 E
1383 2670 1491 2701 sachiez
1498 2642 1591 2710 ,psire,
1609 2681 1665 2709 que
1686 2670 1770 2702 Artus
1785 2670 1827 2701 est
1841 2678 1926 2702 mour
1939 2671 2000 2701 bon
2012 2668 2150 2708 suffissm,
2166 2679 2184 2700 e
2197 2678 2279 2702 mout
2292 2669 2370 2709 bess,

1296 2708 1322 2739 la
1335 2707 1404 2739 Deu
1418 2710 1524 2747 merci,
1541 2719 1559 2740 e
1573 2709 1669 2740 nostre
1682 2709 1734 2740 sire
1746 2719 1818 2740 vous
1829 2717 1897 2747 gart.

1347 2839 1469 2871 Littera
1486 2839 1632 2870 Beatricis
1639 2836 1710 2882 filiae
1729 2839 1816 2883 Regis
1827 2863 1837 2878 ,
1863 2834 1945 2882 quod
1962 2833 2064 2868 adhuc
2080 2834 2203 2880 infirma
2218 2833 2256 2880 est
2274 2835 2313 2869 de

1694 2883 1784 2931 febre
1804 2894 1968 2931 quartana.

1297 2974 1511 3032 REverendo
1531 2975 1601 3014 patri
1615 2978 1654 3007 'ac
1669 2970 1821 3012 Domino,
1837 2972 2019 3004 illustrissimo
2036 2973 2116 3012 viro,
2133 2972 2268 3004 Domino
2280 2972 2365 3004 Hen-
2378 2959 2456 3030 Αῃηό·
2471 2959 2515 2993 D·

1373 3015 1452 3052 rico,
1467 3013 1525 3044 Dei
1537 3014 1639 3054 gratia,
1656 3012 1733 3053 Regi
1747 3012 1876 3052 Angliae‚
1895 3012 2029 3043 Domino
2044 3011 2212 3050 Hiberniae,
2229 3012 2263 3043 &
2284 3012 2365 3044 Duci
2399 3009 2434 3030 ¹2
2456 3007 2483 3038 5·

1296 3052 1514 3092 Acquitanniae,
1532 3053 1590 3092 ejus
1605 3053 1676 3090 filia,
1691 3051 1805 3082 consors
1817 3050 1942 3081 Domini
1958 3050 2094 3095 Johannis
2106 3050 2271 3091 Britagniae,
2292 3051 2364 3083 salu-
2376 3043 2429 3067 ‘4⁷²'
2445 3048 2494 3074 49·

1296 3099 1356 3122 tem
1364 3115 1374 3130 ,
1389 3092 1423 3122 δε
1436 3092 1501 3130 quic
1522 3091 1569 3122 uid
1583 3092 1685 3129 poterit
1696 3091 1859 3120 reverentiae
1871 3090 1905 3120 ὃ(
1918 3089 2044 3120 honoris.
2376 3082 2416 3122 H:
2433 3086 2459 3113 3·

1336 3129 1417 3161 Cum
1435 3139 1491 3169 ego
1529 3140 1545 3159 e
1561 3129 1633 3160 statu
1653 3127 1766 3167 vestr0,
1782 3138 1870 3166 quem
1882 3127 1964 3158 Deus
1977 3128 2087 3167 semper
2100 3127 2264 3168 prosperum
2280 3128 2364 3160 faciat

1295 3170 1331 3200 &
1352 3169 1482 3206 felicem,
1497 3177 1531 3198 ex
1553 3178 1612 3206 quo
1632 3178 1649 3198 a
1666 3167 1747 3198 vobis
1767 3166 1881 3205 receffi,
1899 3167 1987 3198 nichil
2006 3167 2178 3197 certitudinis
2192 3176 2242 3207 per
2255 3167 2364 3198 vestros

1297 3207 1434 3238 Nuneios
1452 3206 1636 3237 intellexerim
1651 3228 1661 3243 ‚
1683 3204 1924 3235 Dominationem
1950 3203 2073 3236 vestram
2096 3203 2189 3234 modis
2208 3206 2361 3245 omnibus,
2398 3221 2401 3223 ,

1296 3247 1396 3286 quibus
1410 3245 1541 3283 poffum,
1559 3245 1702 3275 humiliter
1716 3243 1851 3280 deprecor
1865 3244 1898 3275 &
1911 3251 2031 3281 attente,
2047 3251 2181 3287 quatenus
2193 3242 2363 3288 super-{butu

1297 3283 1392 3315 vestro
1403 3306 1413 3321 ‚
1435 3283 1471 3314 de
1489 3293 1548 3323 quo
1567 3282 1679 3313 sciendo
1697 3281 1731 3311 ad
1745 3291 1796 3311 vos
1809 3282 1928 3313 latorem
1941 3281 2121 3323 praesentium
2136 3282 2366 3322 transmittimus,

1299 3332 1363 3361 me,
1381 3321 1465 3352 vestri
1479 3320 1580 3361 gratia,
1596 3321 1684 3351 velitis
1694 3320 1784 3350 facere
1799 3322 1957 3351 certiorem.

1333 3361 1457 3391 Scientes
1471 3359 1548 3398 quod
1567 3358 1659 3390 adhuc
1673 3359 1751 3389 febre
1763 3359 1895 3397 quartana
1916 3359 2027 3389 infirma
2039 3358 2102 3389 sum
2107 3367 2118 3396 ‚·
2137 3357 2177 3390 set
2190 3358 2280 3398 adeo,
2297 3358 2365 3391 solet

1298 3400 1367 3431 sicut
1376 3421 1385 3436 ‚
1404 3408 1451 3429 me
1464 3398 1565 3428 dolore
1581 3400 1721 3429 continuo
1734 3399 1853 3441 graviter
1864 3408 1925 3428 non
1938 3399 2040 3437 fatigat.
2265 3436 2271 3442 ι
2317 3435 2324 3442 0
2341 3435 2348 3441 .

1338 3437 1450 3476 Insuper
1462 3444 1534 3475 rogo
1546 3445 1598 3466 vos
1610 3445 1640 3467 ut
1662 3435 1749 3467 michi
1767 3435 1889 3466 vestram
1910 3436 2103 3474 voluntatem,
2119 3445 2206 3474 quam
2220 3443 2285 3467 totis
2296 3444 2363 3480 viri-

1299 3477 1351 3507 bus
1363 3477 1455 3507 facere
1467 3474 1638 3514 concupisco
1645 3498 1655 3514 ,
1672 3484 1722 3515 per
1732 3473 1835 3506 vestras
1846 3475 1949 3507 litteras
1962 3474 2048 3506 vestri
2059 3475 2146 3513 grana
2155 3473 2331 3505 remandetis.

1301 3615 1423 3646 Littera
1439 3636 1449 3652 ‚
1471 3619 1526 3654 per
1541 3620 1634 3654 quam
1651 3611 1801 3643 Henricus
1816 3613 1884 3644 Rex
1907 3607 1989 3643 dedit
2008 3605 2171 3641 Edmundo
2178 3607 2247 3652 filio
2263 3605 2363 3637 Comi·

1347 3668 1448 3691 tatum
1467 3660 1504 3694 (ῥ’
1526 3659 1679 3690 Honorem
1702 3657 1862 3706 Leycestriae
1880 3685 1891 3701 ‚
1915 3656 2131 3702 Senefialciam
2157 3653 2271 3700 Anglr'ae
2285 3677 2296 3693 ,
2321 3653 2360 3689 ὠ

1345 3717 1444 3738 omnes
1464 3714 1561 3737 terras
1578 3708 1614 3743 ὠ
1633 3716 1796 3740 tenementa
1813 3734 1823 3750 ‚
1848 3706 2045 3753 quaefuerunt
2064 3702 2214 3750 quondam
2227 3702 2394 3765 &monis-A
2471 3733 2515 3765 D*

1347 3753 1383 3786 de
1393 3753 1596 3797 Monteforte‚
1614 3757 1645 3786 in
1650 3756 1749 3800 praelio
1764 3754 1847 3802 apud
1861 3755 1955 3800 Eves
1950 3752 2024 3786 ham
2035 3751 2182 3796 interftfii
2190 3775 2201 3791 ‚
2212 3759 2250 3781 ac
2263 3760 2360 3782 omnes
2394 3743 2482 3811 {¹265
2504 3759 2514 3767 ·

1347 3811 1448 3836 terras·
1462 3805 1498 3839 Εὖ·
1520 3811 1685 3836 tenementa
1699 3830 1710 3847 ‚
1732 3815 1793 3850 quae
1802 3803 1935 3848 fuerunt
1950 3799 2098 3835 IVicholai
2112 3797 2149 3831 de
2166 3800 2309 3844 ngrave.
2373 3815 2416 3840 An
2442 3821 2489 3848 50-

2374 3854 2410 3877 Η.
2430 3859 2458 3886 3.

1303 3890 1501 3953 HEnricus
1515 3913 1525 3928 ,
1550 3889 1607 3921 Dei
1626 3892 1713 3931 gratia
1728 3914 1738 3930 ‚
1756 3891 1823 3922 Rex
1844 3890 1955 3929 Angiiae
1989 3886 2134 3930 Dominus
2144 3884 2308 3930 Hiberniae,
2326 3885 2361 3917 δε
2374 3887 2431 3915 Lib.
2439 3890 2476 3915 A.

1394 3929 1465 3959 Dux
1480 3929 1675 3970 Aquitanniae‚
1694 3930 1937 3972 Archiepiscopis,
1950 3912 2106 3970 Abbatibus
2135 3922 2291 3969 Prioribus,
2299 3923 2415 3968 Co-fol.
2429 3935 2492 3961 ¹90·

1303 3967 1435 4005 mitibus,
1454 3966 1623 4007 Baronibus,
1637 3968 1799 4007 Justiciariis
1811 3990 1822 4006 ‚
1844 3963 2069 4008 Vicecomitibus
2082 3984 2093 4000 ,
2137 3963 2285 4004 raepositis,
2301 3962 2363 3993 Mi·
2373 3970 2443 4001 penes
2455 3967 2512 3998 Ca—¹

1302 4005 1410 4045 nistris,
1426 4006 1459 4038 &
1473 4007 1607 4048 omnibus
1619 4006 1746 4044 Ballivis,
1764 4006 1799 4038 &
1813 4004 1939 4036 fidelibus
1952 4001 2003 4033 suis
2012 3999 2138 4032 salutem.
2374 4011 2468 4029 merar.
2525 4021 2528 4024 .

2265 4038 2366 4072 Sciatis
2375 4043 2394 4068 S
2394 4046 2492 4068 taccam
