2570 4261
764 182 873 225 ET
957 184 1224 227 ACTA

41 262 118 299 'Ann
132 261 173 296 D.
192 264 233 307 gis
247 265 277 298 in
290 278 423 308 uxorem,
442 268 471 299 in
486 266 599 309 Regem
614 268 787 308 Alemaniae‚
804 270 839 301 &
853 269 930 308 quod
943 277 1005 301 toto
1019 271 1098 311 posse
1112 281 1244 309 procura-

60 305 144 342 1276.
194 308 234 336 bit
249 308 325 345 quod
341 308 416 338 idem
431 308 501 338 filius
514 308 677 348 praeficiatur
701 309 730 338 in
743 307 854 347 Regem
869 308 1038 347 Alemaniae,
1058 311 1089 341 ὃς
1103 310 1180 348 super
1191 311 1249 339 hoc

44 346 111 373 Edv.
134 353 158 371 1.
192 353 297 414 petati&⁴
311 347 394 414 lpona
408 346 441 376 &
454 345 591 377 sufficiens
602 347 743 384 securitas,
761 346 915 377 secundum
933 348 1009 385 quod
1026 348 1138 379 Nuncii
1152 348 1250 379 melius

211 393 274 414 rovi
295 395 310 415 e
331 392 389 415 unt.

191 394 210 420 p
228 421 316 460 Item,
332 432 382 462 per
402 421 439 452 N
440 423 539 452 uncios
576 429 661 452 etatur
678 422 753 452 bona
772 422 806 453 ὃς
823 423 989 454 omnimoda
1001 424 1126 455 securitas
1140 424 1175 454 de
1189 423 1250 453 affi-

190 461 322 498 gnatione
338 460 459 490 dotalicii
475 459 540 489 filiae
587 461 643 499 egis
660 459 787 499 Angliae3
806 462 841 491 ita
853 462 929 500 quod
944 472 991 499 per
1008 462 1126 492 Curiam
1141 462 1250 492 Rom-a-

191 508 259 528 nam
279 498 313 528 &
334 497 466 528 Praelatos
481 498 651 535 Alemaniae‚
670 499 703 529 &
717 499 800 537 alios,
818 499 970 530 secundum
985 500 1061 540 quod
1075 501 1160 541 magis
1173 500 1251 531 vide-

188 536 263 567 bitur
277 536 421 575 expedire,
440 536 487 566 fiat
500 535 623 566 securitas
638 536 782 566 anteditsra.

228 572 317 612 Item,
335 583 440 611 petatur
458 575 584 604 securitas
604 574 640 604 de
659 573 828 605 restituendo
843 575 906 606 filiae
920 576 1006 615 Regis
1020 578 1141 617 quinque
1155 577 1250 615 milia,

191 611 237 641 vel
259 612 361 642 decem
375 612 450 642 milia
465 611 644 650 Marcarum,
663 612 813 643 secundum
825 614 903 652 quod
917 615 1104 645 liberabuntur
1120 615 1192 654 Regi
1212 615 1251 645 A-

190 649 320 718 ldemagiae
336 659 447 688 propter
461 651 615 689 nuptias‚s1
629 652 775 691 contingat
787 653 916 683 maritum
931 653 1024 692 suum,
1033 653 1089 692 ipsa
1102 653 1252 694 superstite,

212 698 262 718 ece
281 698 336 719 ere.

232 725 323 765 Item,
342 728 417 764 quod
440 726 554 757 Nuncii
576 726 689 758 videant
706 726 812 766 filium,
830 729 889 760 &c.
914 731 948 761 δε
967 729 1103 770 inquirant
1125 737 1203 760 caute
1217 729 1252 761 de

194 765 317 795 moribus
331 766 364 795 &
377 764 601 802 circumstantiis,
621 765 680 795 &c.

228 802 301 832 Item
346 803 423 842 quod
452 803 564 833 Nuncii
593 813 622 833 re
643 804 770 834 ratientur
796 803 918 843 Regina:
943 803 1098 836 Alemaniae
1119 804 1154 835 de
1177 805 1233 836 hoc
1243 829 1252 844 ,

192 841 269 879 quod
282 825 398 871 fesiciter
413 841 557 872 inchoavit
569 813 641 872 istu}
654 843 814 882 negotium,
834 843 893 873 ὅτε.

227 878 276 909 De
289 878 412 910 Bafflien.
429 879 586 921 Episcopo,
604 881 664 911 &c.

44 1006 108 1034 ''11-
124 1013 139 1039 7
149 1013 172 1032 ¹·
193 1004 221 1032 ἕ
239 1008 348 1040 Litora
367 1006 561 1039 Praelatorum
578 1008 694 1054 Angliae
710 1011 870 1040 monitoria
887 1008 931 1040 ad
945 1008 1148 1050 Lmefimm,
1174 1006 1255 1054 quod

375 1050 513 1098 dafisteret
537 1067 557 1087 a
577 1054 800 1102 perturbatione
833 1059 926 1103 Regni
947 1057 1071 1102 Angliae.

42 1137 119 1169 Ann—
136 1137 177 1168 D·
246 1141 333 1172 Rater
351 1141 510 1179 Robertus,
534 1140 714 1179 permissione
734 1142 846 1179 divina,
872 1141 1033 1171 Cantuariae
1056 1139 1253 1177 Archiepisco-

62 1176 146 1215 1276.
263 1189 330 1219 pus,
347 1182 430 1211 totius
446 1179 558 1211 Anoliae
578 1180 696 1217 Primas,
711 1179 738 1217 J.
761 1180 857 1210 Lond.
879 1179 921 1209 H.
941 1177 1039 1219 Elyen.
1060 1178 1112 1208 W.
1129 1178 1205 1208 Bath.
1219 1179 1252 1209 δε

43 1219 96 1243 An.
111 1226 139 1251 4-
194 1217 320 1249 NVelIen.
341 1219 451 1249 Thom.
475 1204 624 1248 l-Teref0rd.
655 1218 708 1247 W.
732 1217 814 1247 Roff.
837 1219 871 1248 &
885 1218 929 1247 alii
942 1216 1074 1256 Episcopi
1090 1218 1119 1246 in
1133 1217 1252 1253 praesen-

43 1259 74 1281 E·
98 1263 120 1281 1·
192 1257 263 1286 tium
276 1257 457 1287 confectione
471 1256 631 1294 praesentes,
646 1255 734 1284 nobili
748 1257 828 1293 viro,
844 1255 978 1285 Domino
995 1254 1160 1292 Lewelino,
1172 1254 1252 1285 Prin-

42 1297 73 1320 L.
83 1295 119 1318 A.
128 1290 155 1329 f·
191 1295 248 1332 cipi
261 1295 392 1333 Walliae,
410 1295 542 1325 Domino
557 1293 741 1330 Snaudoniae,
757 1293 879 1330 spiritum
893 1293 998 1323 confilii
1011 1292 1128 1323 sanioris.

42 1331 107 1365 363.
227 1333 305 1364 Cum
325 1334 355 1363 in
376 1333 512 1363 Concilio
530 1331 703 1369 Oxoniensi,
718 1331 767 1361 iub
779 1332 881 1361 sanetae
895 1331 1094 1362 recordationis
1108 1330 1252 1368 Stephano

40 1372 112 1395 Penes
121 1372 170 1395 Ca·
188 1370 348 1402 Cantuariae
362 1370 597 1410 Archiepiscopo,
612 1371 645 1400 &
657 1370 685 1398 in
698 1369 831 1400 sententia
844 1369 895 1400 lata
910 1371 939 1399 in
951 1369 1011 1400 aula
1024 1369 1252 1399 westmonaste-

42 1415 134 1434 mmv'-
188 1409 284 1448 riensi,
303 1419 351 1447 per
372 1410 457 1439 bonae
479 1408 627 1438 memoriae
648 1407 830 1438 Bonefacium
851 1407 1076 1438 Cantuariensem
1092 1407 1251 1448 Archiepis-

186 1457 309 1486 copum,
334 1448 367 1479 &
387 1446 560 1486 quamplures
580 1444 781 1477 Cantuarienfis
801 1445 964 1476 Provinciae
985 1445 1193 1485 Suffraganeos,
1215 1446 1251 1476 de

186 1485 321 1516 consensu
344 1487 426 1516 etiam
444 1486 478 1516 &
494 1485 636 1515 voluntate
654 1482 708 1523 pi&
720 1485 868 1515 memoriae
882 1483 935 1514 W.
951 1484 1080 1515 Eborum
1095 1484 1252 1521 Archiepis-

187 1525 271 1562 copi,
290 1524 338 1554 sub
352 1524 494 1561 praesentia
507 1524 540 1554 &
554 1522 656 1553 ass'ensu
670 1522 712 1552 H.
728 1523 926 1553 recordationis
939 1524 1073 1561 egregi-ae,
1090 1523 1175 1563 Regis
1190 1524 1251 1553 An-

185 1562 266 1601 gliae,
285 1562 407 1592 Domini
430 1562 468 1591 R.
484 1561 609 1591 Comitis
624 1560 781 1591 Cornubiae
795 1561 883 1592 fratris
897 1561 950 1598 iiii,
969 1562 1002 1591 &
1016 1562 1134 1591 aliorum
1149 1561 1251 1591 Comi-

187 1609 250 1631 tum
270 1610 303 1631 ac
324 1600 504 1638 Optimatum
522 1600 634 1640 Angliae
655 1609 704 1637 per
726 1600 831 1630 Sedem
853 1599 1046 1639 Apostolicam
1071 1600 1251 1639 confirmata,

185 1639 381 1678 inspexerimus
400 1639 538 1669 contineri
559 1647 659 1668 omnes
681 1638 765 1677 illos,
791 1640 838 1676 qui
861 1648 960 1676 pacem
983 1638 1016 1668 &
1037 1638 1250 1679 tranquilitatem

184 1676 310 1708 Domini
331 1676 417 1722 Regis
437 1677 470 1708 ὃς
493 1676 587 1715 Regni
610 1676 738 1715 injuriose
759 1677 917 1714 perturbare
940 1676 1129 1715 praesumunt,
1148 1678 1181 1708 ὃς
1201 1678 1249 1716 qui

182 1716 243 1754 jura
264 1715 386 1746 Domini
405 1714 493 1755 Regis
513 1713 615 1752 injuste
634 1715 756 1745 detinere
771 1715 962 1753 contendunt,
977 1714 1033 1745 esse
1050 1717 1249 1746 excommuni-

184 1755 301 1784 cationis
322 1753 452 1784 sententia
476 1752 637 1791 innodatos,
656 1754 771 1793 ipsoque
790 1754 866 1784 faisto
880 1755 911 1783 in
927 1753 1038 1791 majoris
1051 1755 1249 1784 excommuni-

184 1793 303 1822 cationis
323 1792 483 1822 sententiam
505 1790 652 1829 incidiffe,
678 1800 759 1829 prout
779 1793 858 1832 ipsius
880 1791 1006 1822 Concilii
1020 1815 1029 1830 ,
1055 1794 1088 1824 &
1108 1792 1248 1822 sententiae

184 1829 345 1871 praediCtae,
363 1838 472 1861 tenores
487 1830 548 1868 jam
568 1829 676 1860 dudum
696 1830 885 1870 sollempniter
905 1830 1056 1870 publicati,
1076 1840 1109 1860 ac
1128 1830 1249 1870 pluribus

184 1869 312 1907 vicibus,
328 1869 420 1908 quoad
434 1868 589 1909 praemissos
603 1869 745 1906 articulos,
764 1869 857 1900 iterata
872 1868 1078 1908 publicatione,
1096 1869 1248 1900 multorum

184 1907 293 1938 auribus
306 1908 437 1938 inculcati
449 1907 602 1937 luculenter
614 1906 780 1938 ostendunt:

223 1945 269 1976 Ac
291 1956 342 1976 vos
363 1945 517 1976 detinendo
539 1946 578 1983 jus
599 1944 648 1975 fati
664 1945 765 1984 Regis,
782 1945 948 1985 homagium
961 1946 994 1977 &c
1008 1945 1182 1985 fidelitatem,
1197 1947 1246 1977 fibi

183 1985 296 2015 notorie
315 1983 424 2022 debita,
442 1985 518 2014 vanis
532 1983 693 2028 quibusdam
708 1984 741 2015 <Sc
755 1983 947 2022 frustratoriis,
964 1991 994 2014 ut
1012 1985 1029 2014 li
1049 1993 1095 2015 uet
1108 1985 1245 2023 objeffls,

184 2022 250 2053 licet
264 2032 298 2053 ex
310 2023 478 2053 habundanti
492 2022 586 2062 saepius
600 2023 717 2062 requisiti
726 2045 735 2061 ,
754 2032 822 2053 cum
838 2022 905 2053 illud
918 2021 1020 2053 offerre
1045 2025 1183 2063 pontanee
1198 2024 1247 2054 de-

182 2061 283 2100 beatis,
301 2061 452 2092 nullatenus
469 2061 616 2099 facientes,
636 2061 712 2098 quod
735 2060 851 2098 quidem
865 2061 1028 2100 homagium
1042 2061 1164 2100 praestari
1178 2061 1246 2092 Do-

182 2101 266 2129 mino
287 2101 447 2137 cuicunque
468 2098 646 2136 Christiano,
665 2099 693 2128 in
718 2108 787 2138 pace
802 2098 937 2129 Ecclesiae
952 2099 1095 2138 existenti,
1112 2100 1185 2130 nulla
1198 2110 1247 2130 ex-

182 2137 297 2168 trinseca
315 2137 457 2175 conditio,
476 2137 521 2168 seu
539 2137 740 2175 cuiuscumque
762 2137 850 2168 debiti
870 2137 978 2168 exaetio
989 2138 1076 2169 debet
1091 2139 1247 2179 impedire,

181 2175 226 2206 seu
243 2177 324 2207 etiam
337 2175 489 2214 retardare3
596 2202 598 2206 ,

219 2213 265 2244 Ac
286 2214 395 2251 insuper
415 2224 514 2255 pacem
534 2214 615 2253 ipsius
628 2214 715 2254 Regis
728 2214 886 2254 pacifici&
899 2213 937 2244 sui
955 2213 1067 2254 Regni,
1085 2225 1135 2256 per
1146 2226 1197 2247 vos
1212 2216 1247 2247 &

179 2252 303 2292 vestros,
321 2255 444 2283 maxime
466 2254 495 2283 in
515 2252 641 2283 confinio
666 2254 776 2293 Angliae
798 2255 832 2284 &
852 2252 986 2291 Walliae,
1002 2255 1130 2293 nequiter
1140 2263 1248 2294 pertur-

178 2291 290 2329 bando,
306 2291 383 2329 quod
402 2293 497 2330 utique
518 2300 567 2330 per
587 2293 729 2322 notoriam
745 2291 864 2331 stragem
878 2292 1053 2331 multorum,
1070 2293 1194 2330 rapinam
1211 2294 1245 2324 &3

177 2330 388 2361 innumerabilia
410 2330 598 2370 dampnorum
620 2331 712 2369 gravia
725 2331 759 2362 ὃ(
772 2330 909 2368 dispendia
923 2330 1005 2371 plene
1018 2331 1120 2370 liquet,
1138 2332 1191 2362 sitis
1204 2332 1247 2372 ip-

178 2368 267 2399 sarum
289 2368 617 2399 excommunicationum
632 2368 771 2399 sententiis
793 2368 929 2405 involuti,
963 2368 1021 2398 uod
1035 2378 1096 2398 non
1110 2369 1167 2400 fine
1180 2380 1247 2400 cor-

179 2406 222 2436 dis
239 2406 362 2446 angustia
384 2407 465 2437 vobis
479 2406 627 2437 scribentes
639 2407 822 2444 nunciamus,
840 2406 956 2436 vesti-01
972 2407 1026 2436 atui
1041 2408 1144 2437 merito
1160 2408 1245 2438 mise-

178 2444 267 2475 rando
285 2467 295 2483 ,
314 2453 429 2482 paterno
443 2467 453 2482 ,
477 2454 507 2475 ut
526 2445 662 2474 convenit
675 2467 686 2482 ,
711 2445 913 2484 compatientes
935 2443 1040 2474 affeetu
1053 2467 1063 2482 ,
1088 2445 1170 2476 vobis
1189 2455 1246 2477 tam

178 2483 340 2513 aneioritate
359 2482 487 2513 Concilii
497 2481 660 2521 supradicti,
677 2492 762 2521 quam
776 2482 1008 2521 promulgationis
1022 2482 1165 2513 sententiae
1182 2494 1246 2515 me-

179 2529 314 2558 moratae,
334 2530 496 2559 monentes,
511 2519 636 2550 distri&e
649 2521 811 2551 mandamus
824 2522 965 2559 quatinus,
981 2520 1050 2550 infra
1064 2521 1244 2561 quindenam,

178 2559 196 2588 ὲ
217 2560 378 2598 receptione
398 2559 590 2596 praesentium,
605 2557 641 2588 de
664 2558 808 2595 praemiffis
829 2558 991 2589 satisfaciatis
1011 2558 1046 2588 ad
1060 2560 1193 2599 plenum,
1209 2562 1244 2592 ab

179 2598 301 2636 inceptae
322 2597 533 2635 perturbationis
552 2595 640 2635 Regis
652 2597 685 2635 δε
699 2596 794 2636 Regni
810 2596 936 2627 molestia
950 2598 1056 2634 penitus
1069 2597 1244 2638 delistentes,

177 2645 212 2666 ac
240 2635 345 2666 vestros
365 2636 402 2666 ab
422 2635 474 2665 hiis
494 2644 560 2666 cum
579 2634 685 2664 effectu
698 2635 734 2666 de
748 2643 852 2665 caetero
865 2634 1094 2674 compescentes,
1121 2637 1244 2678 alioquin

177 2681 276 2704 contra
296 2683 346 2704 vos
364 2674 397 2704 &
419 2673 525 2704 vestros
540 2673 743 2711 perturbatores
760 2673 903 2714 praedkstae
924 2674 1014 2712 pacis,
1032 2682 1062 2703 ut
1085 2676 1168 2714 exigit
1181 2687 1244 2707 ves-

177 2720 254 2742 trum
269 2713 303 2744 &
315 2721 414 2742 eorum
428 2711 568 2749 excessus,
586 2711 621 2742 ad
635 2711 702 2750 alia,
720 2712 787 2743 licet
808 2711 908 2750 inviti,
925 2710 1139 2751 quodammodo
1160 2715 1245 2745 ratio-

178 2760 216 2781 ne
229 2749 334 2788 praevia
349 2750 543 2790 procedemus.

213 2826 323 2858 Datum
340 2827 411 2865 apud
424 2826 711 2858 westmonasterium
723 2826 769 2858 die
783 2827 900 2858 Veneris
915 2829 1043 2866 proxima
1055 2828 1119 2869 post
1128 2829 1243 2860 Festum

176 2865 573 2943 {aggimhgafgi12i>.Yemalis²
590 2875 666 2896 anno
680 2865 804 2897 Domini
819 2866 966 2897 millesimo
977 2867 1170 2899 ducentesimo
1185 2869 1243 2908 sep-

214 3026 264 3059 De
284 3028 396 3073 Rogero
419 3025 454 3059 de
476 3027 605 3060 Mortuo
625 3028 739 3069 Mari,
766 3029 925 3075 Capitaneo
946 3037 1050 3060 contra
1072 3029 1199 3062 Wallen-

597 3076 646 3121 fis
663 3074 813 3124 affignatO.

28 3172 106 3202 Arm,
120 3169 162 3201 D,
179 3158 306 3215 REX
325 3159 505 3198 Comitibus,
523 3159 689 3199 Batonibus,
708 3161 861 3199 Militibus,
880 3161 913 3192 &
935 3162 1068 3193 omnibus
1083 3163 1138 3193 aliis
1152 3162 1240 3193 fideli-

54 3220 91 3240 12
111 3209 138 3238 5,
253 3199 303 3229 bus
314 3198 365 3229 suis
380 3199 415 3229 de
430 3197 617 3229 Comitatibus
631 3198 775 3238 Sallopiae,
792 3199 969 3238 Staffordiae,
988 3202 1022 3232 &
1044 3201 1239 3239 Hei‘etordi;e‚

27 3252 81 3277 Aa.
94 3219 129 3284 74
180 3238 214 3268 &
235 3238 264 3267 in
282 3238 403 3274 partibus
442 3246 474 3266 ro
490 3237 600 3280 inquis,
619 3245 700 3267 terras
715 3247 790 3269 extra
805 3247 891 3269 metas
904 3237 1101 3270 Comitatuum
1115 3240 1240 3269 habenti-

27 3291 58 3314 E.
81 3297 104 3314 ι,
182 3276 250 3313 buS‚
267 3275 300 3306 &
314 3285 416 3305 eorum
453 3246 556 3317 aliivis,
575 3274 696 3305 salutem.

28 3329 88 3353 pas,
118 3344 126 3351 ‚
219 3313 315 3344 Sciatis
329 3313 409 3350 quod
422 3312 470 3343 affi
490 3322 616 3343 navrmus
630 3312 764 3343 dileemm
775 3314 809 3344 &
823 3313 933 3345 fidelem
947 3314 1076 3346 nostrum
1091 3315 1239 3354 Roget-um

29 3366 59 3390 E.
84 3334 115 3390 ᾖ
180 3351 216 3382 de
232 3351 438 3389 Mortuomari,
485 3352 644 3391 apitaneum
658 3352 688 3381 in
696 3350 893 3395 ‘Comitatibus
905 3353 939 3383 ὃ(
950 3354 1070 3393 partibus
1083 3355 1222 3391 praedialis
1231 3378 1239 3392 ,

29 3411 66 3429 m,
81 3410 108 3428 2,
180 3391 213 3421 ad
235 3389 344 3421 easdem
369 3397 456 3427 partes
477 3398 577 3419 contra
596 3388 772 3421 Lewehnum
793 3389 883 3420 filium
903 3390 1019 3422 Griffini
1038 3392 1072 3422 &
1087 3394 1240 3430 complices

179 3430 242 3460 suos
259 3427 492 3465 custodiendum,
509 3428 543 3458 δε
562 3426 599 3457 ad
618 3427 828 3467 reprimendum
849 3438 949 3459 eorum
962 3431 1096 3461 malitiam
1108 3432 1141 3462 &
1158 3431 1239 3461 intul-

180 3476 238 3503 ωε,
257 3466 348 3497 modis
361 3467 495 3496 omnibus
508 3465 608 3504 quibus
620 3466 720 3497 viderit
734 3465 870 3505 expedire.

214 3504 252 3536 Et
272 3504 338 3535 ideo
357 3505 439 3536 vobis
458 3503 622 3534 mandamus
634 3504 712 3548 quod
725 3503 819 3534 eidem
835 3503 886 3534 Ro
905 3515 971 3545 ero,
991 3506 1024 3537 ὃς
1040 3508 1083 3545 ei,
1103 3517 1189 3547 quem
1203 3508 1238 3538 ad

178 3554 212 3575 ea
235 3543 362 3575 facienda
389 3542 457 3573 loco
477 3542 527 3573 suo
545 3541 689 3581 posuerit,
718 3543 846 3585 ,uotiens
867 3544 876 3573 i
906 3553 956 3574 um
977 3544 1125 3585 Rogerum
1146 3546 1239 3576 abesse

179 3583 345 3620 contigerit,
362 3581 536 3612 intendentes
551 3579 605 3611 fitis
616 3579 649 3610 &
664 3588 725 3610 auxi
735 3588 820 3611 rantes
832 3591 902 3612 curn
914 3583 992 3620 equis
1004 3585 1037 3615 &
1052 3584 1134 3614 armis
1146 3585 1179 3615 δε
1193 3593 1239 3614 to-

181 3628 213 3651 to
230 3619 308 3658 poffe
319 3618 429 3658 vestro3
449 3620 482 3650 ὃς
497 3618 586 3657 ipsum
596 3617 630 3649 δε
643 3615 821 3662 Comitivam
830 3621 889 3659 ejus
903 3620 934 3650 in
947 3620 1068 3660 Castris,
1088 3621 1183 3661 Villis,
1203 3623 1237 3653 &

178 3660 250 3690 locis
269 3657 365 3689 vestris
386 3657 520 3696 fortibus,
536 3656 604 3687 ficut
623 3665 676 3686 nos
689 3655 778 3695 1ps03‚
834 3658 922 3688 otieris
935 3659 970 3688 ab
983 3659 1087 3690 eodem
1103 3660 1238 3700 Rogero,

179 3698 224 3728 vel
245 3697 280 3727 ab
302 3706 351 3734 eo,
370 3705 457 3734 quem
478 3695 513 3726 ad
532 3704 564 3725 ea
576 3693 703 3725 facienda
714 3693 782 3724 loco
807 3704 844 3725 uo
857 3695 991 3736 posuerit,
1006 3707 1040 3728 ex
1073 3708 1129 3729 arte
1143 3699 1238 3730 nostra

178 3736 284 3766 fueritis
305 3734 424 3774 requisiti
430 3757 441 3773 ,
457 3733 618 3775 receptetiS,
637 3731 777 3773 quousque
799 3732 815 3763 ὲ
834 3734 916 3765 nobis
928 3734 1001 3766 aliud
1012 3737 1041 3766 in
1062 3746 1077 3767 e
1091 3737 1240 3769 habueritis

178 3774 211 3803 in
225 3773 367 3804 mandatis.

217 3810 252 3841 Iu
264 3813 357 3851 cujus,
373 3811 433 3843 &c.

215 3888 304 3922 Teste
317 3891 401 3932 Rege
413 3891 487 3934 apud
500 3891 626 3926 Westtn.
640 3889 756 3924 decimo
767 3891 868 3931 quinto
879 3889 925 3923 die
937 3891 1125 3926 Novembris

208 4063 282 4095 xum.
297 4065 322 4094 1.
338 4065 372 4094 P.
389 4067 433 4103 IL

1307 185 1339 226 P
1379 187 1424 229 U
1462 188 1495 229 B
1533 188 1566 230 L
1604 189 1621 231 Ῑ
1658 191 1696 233 C
1734 192 1782 233 A.
2278 208 2357 250 155

2369 277 2444 310 Ann.
2461 280 2503 312 D.

2395 321 2477 356 1276.

1450 358 1477 385 >k
1503 362 1552 392 De
1578 360 1767 404 Wllensibus
1790 362 1961 408 recipiendis
1985 363 2030 396 ad
2043 368 2195 410 gratiam.
2366 358 2435 421 {⁶¹1ss
2451 368 2493 430 7¹2

1367 441 1451 486 EX,
1470 443 1575 473 dile6'co
1595 444 1629 474 &
1651 444 1724 475 fideli
1744 446 1792 476 suo
1814 445 1963 477 Wilielmo
1984 448 2019 478 de
2034 448 2113 479 Bello
2135 448 2265 488 Camp0‚
2290 449 2353 481 Co·
2371 459 2419 483 Au.
2450 465 2476 491 5.

1377 490 1439 511 miti
1459 482 1553 512 Warr.
1575 480 1730 521 Capitaneo
1745 483 1778 515 ad
1794 486 1981 516 munitionem
2003 487 2078 517 suam
2093 488 2121 517 in
2136 487 2283 518 Comitatu
2297 488 2354 519 Ce-
2373 498 2401 521 Ε.
2425 503 2447 519 ι.

1299 518 1371 548 striae
1385 519 1530 559 deputato,
1550 520 1671 550 salutem.

1333 557 1429 588 Sciatis
1463 559 1519 588 uod
1533 569 1600 595 nos,
1619 559 1654 588 de
1668 558 1796 590 fidelitate
1811 560 1844 590 &
1859 561 1992 592 industrii
2007 563 2097 594 vestra
2110 562 2141 593 ad
2155 564 2271 601 plenum
2285 575 2358 597 con-

1297 594 1428 633 fidentes,
1441 568 1570 626 1dedimus
1592 598 1672 627 vobis
1694 598 1859 635 potestatem
1883 600 2032 636 recipiendi
2051 601 2083 631 ad
2104 603 2236 643 gratiam,
2256 605 2289 633 δε
2310 614 2358 643 pa-

1298 643 1363 663 cem
1384 634 1521 672 nostram,
1540 635 1732 675 quoscumque
1753 636 1915 673 Walenses,
1936 638 2082 669 Lewelino
2104 641 2160 669 lilio
2182 640 2301 672 Griffini
2315 652 2357 678 re-

1297 672 1362 702 belli
1383 673 1482 703 nostro
1504 673 1685 711 adhaerentes,
1704 674 1752 711 qui
1774 674 1807 704 ad
1827 683 1927 713 pacem
1945 676 2070 707 nostram
2091 680 2185 708 venire
2200 679 2356 720 voluerint,

1297 718 1380 747 prout
1392 711 1426 741 ad
1440 721 1509 750 opus
1522 711 1650 742 nostrum
1663 712 1791 749 expedire
1806 712 1932 743 videritis.

1335 747 1369 778 In
1384 750 1480 787 cujus,
1497 751 1557 780 δίς.

1335 823 1421 854 Teste
1435 825 1516 866 Rege
1530 825 1603 865 apud
1617 825 1742 856 Westm.
1757 826 1870 857 decimo
1885 829 1960 858 sexto
1974 825 2018 859 die
2031 828 2215 861 Novembris.

1348 949 1456 981 Lirem
1484 960 1505 981 a
1532 952 1718 995 Margareta
1742 952 1855 995 Regina
1880 954 2010 985 Franciae
2027 964 2082 999 pro
2108 955 2220 987 Comite
2242 958 2302 988 Sa-

1764 996 1887 1032 baudiae.

1298 1078 1508 1141 MAgnifico
1528 1080 1675 1149 Principi,
1696 1083 1793 1121 nepoti
1814 1082 1912 1113 nostro
1934 1084 2090 1123 kariffimo‚
2116 1085 2271 1126 Edwardo,
2294 1085 2352 1118 Dei
2373 1079 2450 1111 Ann·
2463 1080 2503 1112 D*

1394 1120 1497 1160 gratia,
1514 1119 1609 1149 illustri
1654 1119 1698 1158 egi
1711 1120 1837 1159 Angliae,
1856 1120 2027 1160 Margareta,
2043 1123 2140 1154 eadem
2153 1127 2253 1165 gratia,
2267 1126 2353 1156 Fran-
2392 1129 2445 1158 127
2454 1122 2480 1150 6ἢ

1299 1161 1352 1190 cire
1368 1158 1493 1198 Regina,
1509 1157 1638 1196 salutem,
1656 1158 1689 1188 &
1703 1157 1815 1187 sincerae
1829 1158 1984 1189 diieffionis
1996 1161 2137 1192 affeetum.
2370 1163 2423 1188 An.
2437 1168 2465 1193 5·

1334 1197 1515 1228 Serenitatem
1536 1195 1657 1226 vestram
1681 1196 1839 1234 requirimus
1858 1198 1890 1227 δε
1912 1207 2042 1237 rogamus
2056 1222 2066 1236 ,
2090 1209 2220 1238 quatenus
2241 1211 2352 1241 preceS,
2370 1201 2399 1224 E.
2425 1206 2448 1223 ¹·

1298 1246 1363 1276 quas
1385 1234 1492 1265 Comes
1505 1234 1666 1272 Sabaudiae,
1684 1235 1837 1265 avunculus
1849 1234 1945 1266 noster
1960 1237 2130 1276 karissimus,
2146 1241 2226 1269 vobis
2238 1242 2354 1284 porrigit
2373 1240 2411 1262 Ex
2419 1240 2487 1262 ΒΜ·

1298 1284 1351 1311 pro
1373 1273 1547 1303 Grimoardo
1565 1273 1601 1303 de
1615 1272 1685 1303 Altis
1700 1274 1778 1303 tineis
1792 1272 1907 1304 Clerico
1923 1275 2000 1312 (qui,
2020 1277 2074 1305 una
2085 1286 2151 1305 cum
2165 1277 2285 1307 Domini
2300 1279 2355 1309 Pa·
2372 1274 2421 1300 Aeto
2434 1275 2460 1300 in

1298 1322 1343 1352 pae
1364 1312 1487 1342 Nuncio
1500 1336 1510 1349 ‚
1535 1321 1587 1351 pro
1606 1321 1675 1348 pace
1696 1311 1872 1341 reformanda
1892 1313 1964 1342 inter
1984 1313 2097 1352 Regem
2120 1314 2274 1345 Alemanite
2286 1339 2296 1355 ,
2322 1317 2355 1348 δε
2372 1313 2456 1338 Tum'.

1298 1351 1444 1390 praefarum
1464 1349 1635 1381 avunculum
1657 1348 1786 1379 nostrum
1800 1350 1933 1381 laboravit
1947 1353 1980 1382 &
1993 1351 2098 1382 laborat
2112 1352 2237 1391 sollicite)
2255 1355 2356 1385 intuitu

1297 1389 1422 1429 praedidti
1436 1388 1566 1419 avunculi
1581 1387 1684 1426 nostri,
1702 1388 1735 1417 ὃς
1748 1388 1846 1418 nostro
1860 1388 1948 1419 velitis
1959 1389 2029 1419 adeo
2044 1390 2227 1421 favorabiliter
2242 1391 2356 1424 effectui

1298 1428 1474 1497 gancipare,
1489 1426 1566 1467 quod
1581 1426 1664 1495 {pem
1682 1425 1868 1458 Grimoardus
1890 1427 1941 1457 fibi
1963 1427 2058 1460 sentiat
2077 1429 2150 1469 apud
2165 1439 2216 1462 vos
2229 1430 2355 1462 favorem

1349 1474 1465 1506 gratiam
1478 1475 1588 1497 accrevr
1612 1475 1635 1495 e.

1333 1541 1402 1574 Dat.
1417 1542 1490 1581 apud
1506 1541 1617 1573 Matisc.
1632 1540 1677 1572 die
1688 1544 1796 1574 veneris
1811 1552 1873 1575 ante
1890 1541 2005 1576 Festum
2019 1544 2092 1575 beati
2107 1543 2273 1577 Clementis.

1342 1667 1392 1700 De
1423 1668 1519 1714 Rege,
1550 1667 1603 1699 vel
1624 1665 1787 1701 Edmundo
1810 1667 1915 1712 fratre
1930 1670 1988 1714 sito
2015 1671 2046 1700 in
2070 1670 2199 1703 Terram
2214 1670 2308 1716 sc'mc-

1688 1726 1754 1749 tam
1776 1717 1955 1762 profeciuro.

1298 1799 1510 1861 SAncstisiimo
1531 1800 1604 1831 Patri
1620 1802 1650 1832 in
1671 1801 1801 1840 Christo,
1820 1803 1852 1833 &
1868 1802 2000 1834 Domino
2013 1803 2041 1843 J.
2062 1805 2119 1836 Dei
2139 1805 2240 1844 gratia,
2259 1803 2351 1836 sacro-
2372 1805 2448 1836 Ann.
2462 1805 2503 1837 D.

1354 1839 1454 1869 sanstae
1466 1841 1498 1870 &
1514 1840 1668 1870 universalis
1680 1840 1811 1870 Ecclesiae
1825 1840 1935 1871 summo
1949 1841 2099 1881 Pontifici,
2118 1843 2287 1881 Edwardus,
2303 1843 2350 1874 efi-
2398 1847 2480 1883 1276.

1295 1877 1360 1907 dem
1376 1878 1475 1917 gratici,
1494 1878 1559 1908 Rex
1574 1879 1701 1918 Angliae,
1721 1878 1865 1909 Dominus
1878 1879 2027 1911 Hiberniae
2040 1882 2074 1913 &
2088 1882 2159 1912 Dux
2175 1881 2352 1921 Aquitaniae,
2371 1887 2420 1911 An.
2442 1894 2469 1919 5.

1295 1925 1364 1946 cum
1377 1917 1457 1946 omni
1471 1916 1623 1947 devotione
1639 1917 1742 1954 pedum
1756 1918 1847 1948 oscula
1863 1919 2016 1949 beatorum.
2369 1926 2398 1949 Ε,
2423 1932 2447 1949 ¹.

1331 1953 1391 1992 Ut,
1411 1956 1440 1985 in
1461 1956 1579 1994 generali
1599 1954 1632 1984 ad
1646 1956 1766 1986 Terram
1781 1955 1902 1986 san&am
1915 1957 2037 1997 passagio
2050 1960 2181 1996 proximo
2194 1981 2204 1997 ,
2224 1958 2350 1996 persona-
2368 1964 2426 1987 Par.
2453 1968 2482 1995 5.

1293 1991 1355 2022 liter
1378 1993 1411 2023 ad
1439 1994 1557 2024 eandem
1582 2001 1684 2024 terram
1702 1994 1908 2033 proficiscamur
1923 2018 1932 2033 ,
1964 1997 2009 2027 vel
2029 1997 2218 2028 chariffimum
2237 1997 2350 2027 fratrem
2368 2003 2396 2027 Ε.
2421 2008 2443 2026 1.

1291 2031 1425 2100 nostram}l
1441 2031 1625 2062 Edmundum
1645 2031 1814 2064 Lancastriae
1833 2032 1997 2073 Comitem,
2015 2044 2067 2075 pro
2086 2036 2168 2066 nobis
2188 2036 2352 2067 transrnitta-
2367 2047 2402 2064 m.
2423 2037 2470 2101 πῖ,

1292 2079 1376 2100 must
1398 2080 1406 2099 1
1427 2079 1491 2108 em,
2371 2076 2396 2102 in
2411 2079 2442 2101 Sc
2460 2084 2485 2102 e-

1329 2108 1447 2139 Dileetis
1468 2109 1503 2140 &c
1524 2107 1649 2138 fidelibus
1667 2108 1767 2140 nostris
1787 2107 1826 2139 R.
1848 2108 1953 2141 Abbati
1973 2110 2137 2142 Westmon.
2159 2112 2192 2143 ὃς
2213 2110 2352 2149 Magistro
2372 2112 2444 2142 ‹lula-

1292 2146 1424 2178 Henrico
1438 2147 1473 2178 de
1488 2147 1522 2177 N
1523 2147 1620 2177 ewerk
1636 2146 1741 2178 clerico
1753 2149 1787 2179 ὅτ
1800 2148 1924 2181 familiari
1939 2148 2055 2188 nostro,
2073 2159 2125 2180 nos
2139 2150 2286 2189 specialiter
2299 2151 2353 2181 ob-

1292 2185 1410 2225 ligandi,
1429 2194 1526 2216 tenore
1536 2185 1727 2225 praesentium,
1744 2187 1855 2225 plenam
1869 2187 2016 2218 tribuimus
2031 2189 2198 2227 potestatem
2213 2198 2219 2218 ε

1329 2225 1368 2255 Et
1380 2224 1437 2254 hoc
1451 2225 1528 2256 idem
1542 2224 1747 2255 venerabilibus
1759 2225 1880 2266 patribus
1894 2224 2029 2257 Dominis
2044 2225 2238 2257 Cardinalibus
2251 2227 2353 2266 patefa-

1292 2263 1384 2294 cimus
1403 2273 1452 2300 per
1471 2262 1636 2303 praesentes,
1659 2264 1759 2301 quibus
1779 2263 1897 2303 sigillum
1917 2264 2046 2295 nostrum
2066 2266 2170 2305 apponi
2189 2266 2306 2296 fecimus
2325 2267 2356 2297 in

1291 2302 1485 2332 testimonium
1499 2301 1716 2340 praemissorum.
2166 2328 2171 2332 .

1320 2378 1396 2424 βας.
1411 2378 1484 2418 apud
1496 2377 1624 2410 Windes
1637 2377 1810 2410 duodecimo
1822 2379 1867 2410 die
1880 2378 2062 2417 Decembris,
2077 2388 2153 2411 anno
2167 2379 2265 2420 Regni
2284 2389 2350 2411 nos-

1291 2425 1327 2448 tri
1340 2426 1448 2457 quinto.

1340 2551 1388 2583 De
1403 2552 1549 2582 Exercitu
1568 2552 1655 2596 Regis
1665 2547 1878 2594 fhmmonendo
1892 2560 1994 2582 contra
2009 2550 2196 2598 {awelinam
2214 2553 2305 2584 Prin·
2421 2571 2519 2615 ‘ml

1420 2598 1421 2601 ’
1704 2600 1795 2642 cip-om
1815 2598 1932 2633 Williae.
1973 2586 2346 2663 ,ιίὲξῖίηῗῑαὲῒῖἔῖῖἐ
2353 2588 2472 2656 ’ᾖ
2485 2596 2570 2654 ἂ

1290 2682 1505 2745 EDwardus,
1529 2682 1588 2714 Dei
1607 2682 1709 2722 gratia,
1728 2681 1794 2712 Rex
1814 2682 1943 2721 Angliae,
1961 2681 2106 2715 Dominus
2128 2683 2294 2726 Hiberniae‚
2313 2687 2348 2719 &
2368 2687 2444 2719 Ann.
2458 2689 2499 2721 De

1368 2723 1437 2754 Dux
1460 2723 1657 2760 Aquitanniae,
1672 2721 1777 2751 dilecto
1799 2720 1873 2751 fratri
1892 2724 1925 2752 &
1941 2721 2014 2752 fideli
2032 2723 2082 2753 suo
2095 2722 2267 2763 Edmundo,
2287 2724 2349 2756 Co·
2388 2729 2471 2766 1276.

1291 2764 1353 2793 miti
1369 2761 1552 2799 Lancastriae,
1571 2760 1692 2790 salutem.
2366 2771 2417 2795 An·
2433 2777 2461 2803 5·

1328 2801 1405 2841 Qiia
1426 2800 1597 2836 Lewelinus,
1615 2798 1687 2828 filius
1703 2796 1836 2836 Griffini,
1855 2796 1986 2836 Princeps
1999 2797 2129 2837 Walliae,
2147 2799 2181 2830 &
2196 2802 2350 2839 complices
2366 2810 2396 2832 Ε.
2420 2815 2442 2832 ι.

1288 2839 1343 2879 sui,
1362 2839 1476 2869 rebelles
1497 2836 1604 2875 nostri,
1622 2846 1703 2867 terras
1721 2835 1826 2879 nostras
1848 2837 1882 2866 ὃς
1899 2836 2022 2867 fidelium
2043 2836 2206 2868 nostrorum
2220 2840 2249 2869 in
2266 2842 2348 2877 parti—
2364 2843 2451 2881 Claus.
2471 2850 2500 2881 5.

1290 2878 1340 2908 bus
1356 2877 1495 2907 Marchiae
1506 2875 1676 2913 invaserunt,
1695 2874 1728 2905 &
1742 2874 1778 2904 de
1790 2874 1835 2904 die
1850 2876 1879 2904 in
1891 2875 1968 2905 diem
1983 2874 2134 2914 invadunt,
2148 2877 2181 2907 &
2195 2876 2347 2910 homicidia
2366 2886 2395 2908 Ε.
2419 2891 2440 2909 1.

1289 2918 1323 2947 &
1337 2916 1387 2947 alia
1400 2916 1520 2952 dampna
1534 2914 1660 2944 enormia
1671 2912 1778 2943 ibidem
1792 2913 1996 2952 perpetrarunt,

1327 2954 1365 2985 Et
1384 2954 1460 2984 idem
1476 2952 1635 2984 Lewelinus
1647 2952 1743 2988 nobis,
1760 2960 1844 2988 prout
1856 2951 1984 2988 deberet,
2002 2952 2117 2982 obedire
2132 2952 2300 2993 contempsit
2314 2955 2348 2986 δε

1288 2993 1482 3030 contempnit,
1501 2992 1529 3020 in
1550 2989 1640 3020 nostri
1662 2990 1854 3028 praejudicium
1876 2991 1909 3020 &
1933 2999 2149 3029 contemptum,
2167 2992 2201 3022 δε
2215 2992 2346 3025 vestri&

1287 3032 1407 3061 aliorum
1427 3030 1550 3060 fidelium
1571 3028 1734 3059 nostrorum
1754 3037 1838 3066 grave
1856 3027 2081 3071 dampnumk&
2093 3029 2346 3062 exhaeredationem

1287 3069 1479 3104 manifestam
1498 3077 1546 3105 per
1561 3066 1638 3104 quod
1650 3067 1706 3104 jam
1719 3067 1872 3096 exercitum
1886 3066 2015 3097 nostrum
2026 3069 2196 3098 summoneri
2210 3068 2346 3109 fecimus,

1286 3108 1364 3147 quod
1386 3108 1417 3138 sit
1436 3107 1508 3144 apud
1523 3105 1713 3173 wyffomiam'
1725 3105 1754 3133 in
1768 3103 1888 3147 octabis
1897 3105 1992 3135 saneti
2014 3108 2028 3121 ³*
2043 3105 2180 3143 Johannis
2199 3105 2345 3147 Baptistae,
2365 3110 2380 3126 ¹¹
2397 3109 2433 3138 11.
2450 3119 2463 3145 7
2469 3114 2497 3147 35

1286 3149 1416 3184 proximo
1433 3145 1546 3181 futuris,
1563 3154 1578 3173 a
1619 3143 1802 3174 rebellionem
1823 3142 1891 3173 dieti
1912 3143 2051 3175 Lewelini
2074 3144 2107 3174 &
2127 3143 2268 3175 sautorum
2282 3146 2346 3177 suo-

1285 3195 1349 3215 rum
1364 3182 1587 3221 reprimendam,
1790 3219 1794 3224 Ι

1321 3222 1412 3253 Vobis
1434 3221 1596 3252 mandamus
1615 3218 1710 3259 quod,
1728 3218 1808 3249 distis
1827 3218 1873 3249 die
1890 3220 1922 3250 &
1945 3220 2030 3259 loco,
2046 3221 2172 3251 intersitis
2184 3231 2252 3251 cum
2268 3225 2344 3262 equis

1285 3262 1319 3293 &
1339 3262 1434 3299 armis,
1453 3262 1485 3291 &
1504 3268 1572 3289 cum
1587 3258 1698 3288 servitio
1713 3257 1806 3287 vestro
1820 3258 1903 3288 nobis
1917 3259 2030 3296 debito,
2051 3260 2133 3296 parati
2146 3260 2246 3289 exinde
2260 3261 2346 3297 profi-

1285 3300 1351 3330 cisci
1371 3299 1537 3335 nobiscum,
1553 3298 1582 3326 in
1603 3295 1812 3334 expeditionem
1836 3296 1976 3335 nostram,
1995 3307 2093 3328 contra
2106 3297 2274 3337 mundiciam
2287 3299 2346 3329 Le-

1285 3338 1421 3370 welinum
1436 3339 1469 3368 &c
1484 3335 1638 3372 complices
1649 3335 1709 3365 suos
1722 3334 1836 3365 rebelles
1850 3335 1967 3365 nostros.

2366 2920 2496 2949 m.12.d.

1319 3414 1408 3444 Teste
1429 3413 1532 3450 meipso
1552 3410 1626 3452 apud
1637 3411 1801 3442 Windesor.
1814 3411 1988 3442 duodecimo
2002 3412 2048 3442 die
2062 3410 2247 3450 Decembris,
2264 3423 2340 3445 anno

1285 3453 1381 3493 Regni
1393 3452 1480 3483 nostri
1494 3451 1600 3492 quinto.

1562 3525 1679 3557 Eodem
1700 3527 1791 3557 modo
1812 3525 1974 3557 mandatum
1989 3525 2047 3564 est,

1283 3606 1412 3646 Johanm·
1434 3607 1466 3636 de
1487 3606 1639 3633 Britannia
1652 3625 1662 3642 ,
1695 3606 1793 3633 Comiti
1830 3602 1954 3632 Gilherto
1966 3602 1998 3631 de
2012 3598 2184 3646 Umfravill,
2197 3605 2295 3635 Comiti
2304 3605 2339 3636 de

1321 3644 1519 3674 Richemundiae
1527 3665 1537 3680 ‚
1868 3645 1977 3678 Anegos
1982 3663 1992 3679 ,

1286 3684 1444 3719 Edmundo,
1462 3684 1560 3711 Comiti
1572 3678 1731 3718 Cornuhiae,
1829 3682 1928 3716 Rogero
1949 3677 1972 3707 le
1992 3678 2104 3716 Bygod,
2125 3681 2225 3709 Comiti
2244 3681 2338 3720 Norff

1285 3721 1409 3753 Gilberto
1427 3721 1459 3750 de
1479 3718 1560 3748 clare
1596 3721 1691 3747 Comiti
1709 3717 1792 3748 Glou—
1865 3715 1903 3751 <ly
1922 3715 2081 3757 fisarescallo
2095 3716 2225 3756 Angliae,

1286 3759 1421 3838 J‘fstt's
1435 3741 1673 3826 mezi?
1829 3754 1994 3830 Af‘zgzz‘z
2025 3758 2145 3795 ΟΜ»
2303 3757 2339 3786 ‘²2

1313 3810 1326 3828 ο
1335 3809 1414 3827 aannt
1658 3816 1668 3832 ,
1984 3817 1990 3822 .

1285 3841 1432 3913 nZZZ-da
1445 3873 1476 3902 de
1492 3871 1607 3909 Bohun,
1624 3873 1720 3901 oomni
1733 3873 1792 3900 Hr-
1830 3829 2187 3915 Wbfil12Z2rffe'Valmta
2201 3854 2212 3871 ³
2228 3835 2335 3920 'Cim‘

1284 3912 1480 3982 Wiissffifss'e
1492 3941 1671 3985 Bella-campo
1678 3969 1689 3984 ,
1704 3948 1790 3976 Comi—
1827 3909 1944 3976 Ηῖῖἰὲξο
1958 3909 1992 3939 de
2003 3909 2096 3948 Lacy’
2113 3909 2209 3937 comm
2222 3906 2334 3937 &mml-

1285 3991 1461 4063 R.tileulsqez'r,
1479 4027 1575 4056 Comiti
1591 4027 1725 4064 Oxoniae,
1776 4058 1806 4092 v
1828 4024 1990 4093 §narmeduc
2003 4023 2036 4056 do
2048 4026 2167 4060 Pavent,
2243 4044 2245 4046 ·
2286 4056 2338 4095 El*
