2570 4261
707 174 819 215 ET
904 176 1168 219 ACTA

0 253 121 300 xAmrD.
135 262 239 293 Pietatis
263 260 472 291 aiei-catonum
491 259 593 290 nostris
613 269 655 290 res
678 261 711 291 δε
729 261 912 290 mercandisas
927 261 999 300 suas,
1016 264 1046 292 in
1063 260 1199 300 potestate

20 304 102 343 1236.
136 301 228 332 vestra
247 300 370 330 detentas
383 324 393 336 ,
419 300 455 328 ita
474 298 554 335 quod
573 297 637 328 inde
661 298 744 328 vobis
759 308 848 337 grates
861 299 929 329 scire
943 300 1113 338 debeamus,
1154 301 1197 330 uia

0 349 56 374 Here.
77 351 102 380 3.
135 340 247 371 videtur
262 338 399 369 Concilio
413 335 512 366 nostro
524 336 617 374 quod,
636 347 688 374 pro
702 335 831 377 dampnis
846 338 878 368 δε
897 339 1121 377 injuriis,illatisl
1153 348 1198 368 er-

136 379 278 410 catoribus
291 376 388 407 vestris
403 383 534 411 ternpore
546 383 671 413 guerrae,
691 375 761 406 sicut
784 376 919 415 contigit,
937 377 1010 407 nulla
1025 377 1085 407 fieri
1098 377 1199 408 debeat

138 418 177 447 eis
191 416 340 447 restitutio.

176 455 227 486 De
249 453 338 484 feodo
358 450 455 482 vestro
472 450 555 481 vobis
568 450 754 490 significamus
768 452 864 490 quod,
881 454 960 483 variis
972 453 1093 484 distracti
1109 463 1200 494 nego-

0 497 45 532 '·1.
59 497 124 539 364.
139 495 185 525 tiis
199 495 229 524 in
244 491 366 522 adventu
379 490 398 509 ³¹²
414 488 558 519 mistorum
573 489 764 520 Nunciorum
776 489 956 530 vestrorum,
974 492 1040 522 inde
1054 493 1137 530 plene
1149 503 1202 523 vos

140 531 294 564 certificare
303 538 363 558 non
378 528 540 565 potuimus;
556 527 594 557 set
607 528 683 558 diem
697 527 762 558 inde
777 528 946 565 praefiximus
962 532 1000 560 eis
1040 531 1067 560 in
1084 531 1202 569 quinde-

140 581 177 602 na
189 568 284 601 Sancti
294 567 431 606 johannis
447 565 486 596 Ba
506 564 577 595 tistae
592 566 664 603 apud
681 566 825 605 London,
844 569 877 598 &
890 576 958 598 tunc
974 554 1039 599 inde
1053 569 1202 600 consilium

140 607 306 640 habebimus
324 615 392 637 cum
407 603 481 634 fideli
505 614 535 634 us
550 604 651 634 nostris
661 629 670 643 ,
687 606 735 642 qui
749 613 818 635 tunc
832 606 915 636 nobis
929 606 1069 647 assistent,
1087 608 1120 638 ὃ(
1134 615 1202 639 tunc

139 646 205 678 inde
219 645 354 675 faciemus
370 642 448 681 quod
459 650 567 682 gratum
580 643 661 673 vobis
676 643 732 673 effe
746 643 869 674 debebit.

180 683 325 715 Mittimus
342 682 425 713 vobis
438 680 622 725 Smaragdum
636 682 777 719 quandam
791 707 801 720 ,
818 683 847 712 in
862 682 971 722 iignum
984 694 1060 714 verae
1074 684 1205 715 dileetio-

143 723 203 762 nis,
223 731 272 760 per
292 720 421 759 praesatos
441 718 577 750 Nuncios
600 720 660 756 (qui
682 719 833 758 prudenter
848 722 880 751 δε
896 721 1012 752 fideliter
1025 723 1051 752 se
1064 723 1205 762 gesserunt

143 762 174 792 in
195 759 355 792 exercendis
376 757 511 788 mandatis
531 757 640 795 vestris)
663 768 751 796 quam
766 783 776 797 ,
802 759 821 789 fi
835 759 940 799 placet,
957 769 1094 801 gratanter
1108 771 1162 800 pro
1177 772 1206 791 a-

145 809 230 831 more
242 797 342 829 nostro
356 797 501 835 recipiatis.

180 867 273 900 Teste
284 866 369 906 Rege
382 865 457 904 apud
473 864 631 898 Merewell.
650 866 788 898 vicesimo
800 877 880 898 nono
895 867 940 898 die
956 868 1036 899 Maii.

147 990 270 1025 Littera
292 993 473 1037 Imperatori
499 988 536 1022 de
563 993 787 1036 attemptatione
810 989 1077 1032 Lumbara'orum‚
1103 1002 1211 1023 necnon

491 1037 528 1072 de
540 1042 668 1085 pecunia
687 1042 713 1071 ei
722 1039 880 1084 sblvenda.

6 1133 74 1178 'nnn
94 1142 127 1174 D
151 1122 368 1188 SEreniffimo
381 1122 525 1162 principi,
543 1123 576 1154 &
591 1123 667 1154 fratri
682 1124 879 1162 diletstiffimo,
896 1124 1065 1161 Frederico,
1084 1123 1143 1155 Dei
1151 1133 1213 1161 gra-

76 1168 82 1173 '
129 1166 135 1172 “
210 1162 248 1194 tia
262 1187 272 1201 ,
299 1162 502 1193 Romanorum
523 1161 707 1202 Imperatori,
725 1164 834 1200 semper
846 1163 997 1201 Augusto,
1012 1162 1166 1201 jerusalem
1180 1165 1214 1194 &

6 1183 119 1253 ἓξὲξ·-
152 1202 254 1233 Siciliae
273 1201 353 1241 Regi*
367 1224 377 1240 ,
400 1200 542 1232 Henricus
557 1225 567 1239 ,
590 1201 691 1231 eidem
711 1202 797 1241 gratis
813 1225 822 1241 ,
847 1201 913 1232 Rex
926 1201 1053 1241 Angliae,
1070 1201 1130 1232 &c.
1149 1201 1217 1231 salu-

167 1251 222 1271 em.

152 1250 165 1272 t
191 1280 310 1310 Litteras
332 1278 487 1317 Imperialis
508 1277 662 1316 Majestatis
675 1301 685 1315 ,
712 1277 792 1318 super
807 1280 1022 1316 attemptatione
1036 1277 1218 1308 Lumbardo-

153 1328 236 1356 rum,
253 1328 268 1348 a
282 1317 426 1348 serenitate
439 1316 531 1348 vestra
542 1316 724 1354 transmissas,
740 1326 810 1346 cum
851 1327 885 1347 ua
904 1317 987 1347 decet
1004 1317 1158 1347 reverentia
1173 1327 1217 1347 re-

153 1359 296 1395 cepimus:
318 1357 419 1394 quibus
439 1354 585 1386 intelleffls
598 1378 607 1392 ,
634 1355 667 1384 &
685 1355 779 1385 habita
801 1355 830 1384 in
851 1365 867 1385 e
882 1364 950 1385 cum
964 1355 1100 1385 Concilio
1116 1354 1217 1385 nostro

121 1397 127 1403 '
152 1396 371 1433 deliberatione,
389 1393 526 1424 Nuncios
539 1391 669 1432 nostros,
687 1403 741 1430 pro
753 1394 873 1432 negotio
888 1401 1067 1431 memorato,
1086 1393 1218 1424 duximus

152 1434 188 1466 ad
208 1433 373 1464 Dominum
396 1431 504 1469 Papam
520 1430 770 1469 transmittendos3
798 1433 845 1470 qui
860 1431 977 1470 quidem
993 1442 1043 1470 per
1060 1443 1129 1470 vos,
1149 1433 1219 1463 sicut

156 1471 358 1503 mandaveratis
371 1492 381 1508 ‚
404 1469 549 1501 transitum
567 1471 643 1507 prius
662 1470 763 1500 fatituri
774 1494 784 1508 ,
803 1470 885 1501 vobis
899 1471 1076 1510 injuffiium,
1093 1480 1127 1501 ex
1142 1479 1219 1510 parte

156 1510 269 1548 nostra,
285 1510 435 1548 negotium
449 1507 643 1546 explanabunt.

197 1549 274 1579 Ante
294 1547 410 1586 quidem
431 1546 634 1584 susceptionem
652 1546 807 1578 litterarum
821 1547 993 1586 vestrarum,
1011 1549 1221 1579 continentium

158 1595 190 1619 ut
204 1588 329 1626 quinque
344 1586 430 1616 millia
444 1584 629 1624 Marcarum,
645 1586 675 1615 in
692 1586 792 1624 quibus
805 1587 889 1617 vobis
904 1588 1071 1618 tenebamur
1086 1612 1096 1626 ,
1113 1588 1150 1618 de
1164 1596 1222 1619 ter-

160 1626 244 1657 mino
261 1624 374 1656 Paschae
396 1624 530 1662 proximo
545 1625 702 1662 praeterit0,
720 1625 754 1655 δε
767 1624 871 1655 decem
883 1625 970 1656 millia
985 1625 1167 1665 Marcarum,
1185 1626 1222 1657 de

156 1665 282 1696 termino
302 1663 396 1694 saneti
420 1662 569 1694 Michaelis
583 1664 717 1701 proximo
729 1663 841 1702 futuro,
858 1665 940 1695 vobis
956 1674 1009 1704 pro
1025 1667 1144 1705 negotio
1158 1675 1222 1697 vec-

157 1702 205 1734 'tro
224 1702 470 1734 transmitteremus
485 1724 496 1740 ‚
526 1707 724 1741 rogaveramus
747 1702 942 1733 excellentiam
963 1702 1086 1734 vestram
1105 1712 1136 1735 ut
1152 1728 1161 1742 ,
1187 1703 1224 1734 de

157 1741 300 1781 praedietis
313 1740 547 1778 terminis,nobis
559 1740 715 1778 respefflim
730 1741 926 1772 concederetis
941 1742 1026 1781 usque
1040 1742 1075 1773 ad
1088 1742 1224 1773 Pascham

158 1781 296 1820 proximo
315 1779 464 1818 sunnam,
488 1787 643 1810 annuentes
661 1786 709 1817 ut,
726 1779 761 1810 ad
775 1782 932 1810 terminum
948 1781 1046 1820 illum,
1064 1782 1146 1812 vobis
1160 1781 1224 1812 red-

159 1819 290 1850 deremus
304 1819 431 1857 quinque
442 1817 527 1848 millia
541 1817 726 1855 Marcamm,
743 1819 778 1849 &
796 1818 832 1848 ad
845 1819 961 1850 Festum
982 1819 1077 1850 Sanffl
1093 1820 1226 1851 Michae-

158 1858 192 1888 lis
211 1857 328 1896 sequens
350 1858 476 1895 quinque
497 1855 584 1886 millia
607 1856 772 1887 Marcarum
789 1880 799 1896 ,
817 1858 850 1888 &
867 1858 901 1887 ad
915 1857 1019 1888 Pascha
1031 1859 1147 1897 sequens
1161 1859 1226 1889 refi-

159 1895 232 1934 dua,
251 1897 284 1928 &
298 1895 397 1927 ultima
413 1895 516 1926 decem
530 1894 617 1926 millia
631 1894 798 1926 Marcarum
810 1895 846 1926 de
859 1898 982 1927 termino
996 1896 1110 1928 Paschae
1125 1905 1227 1936 praete-

155 1943 222 1965 rito.

203 1973 429 2011 Verum'ptamen
447 1970 620 2003 attendentes
637 1971 717 2010 quod
735 1972 839 2004 instans
857 1975 1005 2014 negotium
1026 1973 1152 2006 vestrum
1168 1982 1228 2006 tam

162 2011 283 2042 arduum
296 2036 306 2050 ,
331 2012 420 2042 multa
439 2010 572 2049 deposcat
581 2035 592 2048 ,
619 2010 653 2041 &
666 2013 775 2050 magnis
786 2012 924 2051 indigeat,
942 2014 1081 2044 mittimus
1096 2014 1180 2045 vobis
1192 2014 1228 2045 ad

164 2051 284 2093 praesens
306 2051 432 2088 quinque
460 2049 547 2080 millia
565 2048 732 2080 Marcarum
750 2049 786 2081 de
807 2051 945 2089 praedicto
966 2053 1089 2083 termino
1113 2052 1229 2083 Paschae

163 2090 320 2128 praeterito·
343 2089 479 2119 serenitati
500 2087 601 2119 vestrae
619 2097 673 2125 pro
689 2096 770 2119 certo
790 2089 917 2120 volentes
940 2091 1129 2129 innotescere,
1150 2091 1229 2130 quod

165 2138 227 2158 non
248 2113 413 2157 tenebamur
434 2127 517 2157 vobis
530 2151 540 2165 ,
556 2125 590 2156 ad
604 2125 720 2157 Festum
735 2127 830 2159 Sancti
846 2128 994 2160 Michaelis
1013 2129 1160 2169 futurum,
1178 2130 1229 2161 nifi

167 2168 199 2198 in
214 2166 271 2196 aliis
286 2167 412 2204 quinque
425 2165 549 2196 millibus
562 2164 738 2196 Marcarum.

203 2204 241 2235 Et
261 2206 325 2242 quia
345 2203 436 2235 vestra
454 2204 511 2234 satis
530 2204 612 2234 novit
631 2203 766 2234 celsitudo
811 2204 888 2244 uod,
906 2206 964 2236 fine
978 2207 1056 2245 gravi
1070 2206 1232 2247 dispendio,

168 2244 230 2275 'non
250 2243 394 2280 possemus
415 2243 451 2273 ita
471 2241 602 2273 nostrum
621 2242 724 2273 hauriri
744 2243 793 2273 tlie
804 2254 904 2274 aurum
920 2269 929 2283 ,
948 2245 1026 2283 quod
1041 2247 1123 2276 nimis
1136 2254 1234 2278 tenues

167 2291 394 2320 remaneremus,
412 2281 597 2319 supplicamus
609 2282 739 2312 attentius
755 2284 881 2320 quatinus
894 2283 999 2321 placeat
1019 2284 1158 2315 serenitati
1171 2296 1235 2316 ves-

167 2326 221 2351 trae
240 2320 332 2351 dictos
353 2321 490 2351 terminos
504 2344 513 2359 ,
537 2319 573 2350 ad
592 2319 734 2350 residuum
747 2322 876 2358 pecuniae
891 2331 1058 2354 memoratae
1070 2323 1153 2355 vobis
1169 2324 1234 2355 red-

168 2358 297 2391 dendum
306 2383 315 2398 ,
334 2359 481 2390 liberaliter
493 2359 577 2389 nobis
591 2359 761 2390 concedere.

208 2397 357 2429 Caeterum
373 2406 467 2428 tamen
476 2397 587 2428 cumde
594 2398 760 2435 quindecim
773 2397 897 2430 millibus
906 2398 1071 2431 Marcarum
1080 2425 1090 2439 ,
1100 2409 1167 2439 quas
1175 2401 1235 2440 jam

171 2437 255 2468 vobis
279 2436 358 2467 reddi
378 2436 497 2467 fecimus
516 2436 552 2466 de
573 2438 692 2473 pecunia
711 2436 844 2474 praedista
860 2462 870 2475 .,
893 2438 996 2469 litteras
1018 2439 1236 2479 magnificentiae

171 2474 273 2505 vestrae
286 2474 415 2505 nondum
428 2474 615 2511 receperimus
628 2473 664 2504 de
679 2476 827 2518 quietantia
846 2477 965 2507 summae
981 2477 1141 2517 praediCtae,
1161 2479 1236 2510 litte—

173 2522 215 2544 ras
237 2513 396 2551 Imperiales
417 2520 541 2550 patentes
563 2512 630 2542 inde
642 2537 652 2551 ,
672 2516 692 2542 {i
709 2513 817 2552 placet,
834 2515 917 2545 nobis
932 2516 1115 2547 transmittere
1127 2517 1237 2556 velitis;

171 2550 349 2583 testificantes
375 2551 569 2582 liberationem
597 2551 760 2589 praedifflm
774 2563 784 2590 ;
810 2554 1002 2592 praecipientes
1027 2554 1137 2592 insuper
1159 2556 1238 2594 quod

173 2590 334 2620 ‘consimiles
349 2589 466 2628 litterae,
484 2589 542 2619 sine
557 2591 658 2627 quibus
672 2599 757 2628 grave
770 2591 928 2628 periculum
941 2593 1023 2622 nobis
1035 2593 1128 2633 posset
1140 2595 1238 2625 immi-

173 2635 257 2666 nere,
275 2627 399 2658 similiter
414 2626 498 2666 fiant,
516 2628 550 2659 ὃς
565 2628 647 2659 nobis
662 2627 882 2661 transmittantur
893 2630 930 2660 de
945 2632 1069 2662 terminis
1085 2632 1192 2663 futuris.

0 1266 140 1335 'galat-19.

0 1342 42 1366 iH.
62 1346 87 1373 3·
99 1344 125 1375 P-

8 1383 34 1404 ².
48 1384 84 1404 m.
103 1385 113 1403 1

172 2751 293 2783 Littera
323 2751 506 2796 imperatori
534 2748 634 2782 adhuc
659 2749 696 2784 de
722 2755 944 2798 attemptatione
971 2752 1238 2800 Lumbardorum‚

365 2808 400 2830 ut
421 2802 513 2831 etiam
531 2797 567 2831 de
583 2798 698 2842 residua
713 2804 841 2846 pecunia
860 2805 888 2833 ei
897 2801 1056 2847 sblvenda.

9 2888 160 2974 *Ᾰέέέ
180 2883 220 2946 S

10 2977 81 3004 nain.
96 2983 141 3001 20.

227 2883 399 2915 Ereniffimo
419 2883 545 2922 Principi
592 2883 670 2915 fratri
691 2885 834 2918 kariffimo
850 2887 1019 2926 Frederico,
1036 2887 1096 2919 Dei
1110 2890 1196 2928 gratia
1209 2889 1243 2920 il-

235 2922 314 2953 lustri
335 2922 541 2953 Romanorum
578 2926 730 2961 inperatori
743 2949 753 2964 ,
778 2927 839 2957 &c.
859 2925 1000 2958 Henricus
1019 2926 1120 2958 eadem
1140 2929 1243 2969 gratia,

181 2962 242 2992 &c.
259 2962 390 2998 salutem,
407 2962 441 2992 &
458 2960 606 2992 desiderata
618 2963 739 3001 gaudere
751 2965 879 2995 vicioria.

10 3008 19 3037 ῃ
30 3017 64 3041 H.
85 3022 110 3050 3·
218 2999 337 3031 Litteras
360 3002 405 3029 Im
426 3000 512 3030 erialis
531 3000 704 3033 excellentiae
719 3027 729 3041 ,
745 3004 828 3034 nobis
844 3014 892 3042 per
904 3003 1075 3035 advocatum
1089 3005 1125 3036 de
1140 3005 1244 3044 Aquis-

10 3040 19 3073 ”,
33 3051 121 3088 claus.
128 3059 161 3085 ¹9
181 3043 272 3075 grano
282 3036 394 3068 transm*
420 3047 449 3068 as
481 3048 550 3069 cum
563 3049 618 3077 qua
629 3039 724 3071 decuit
733 3044 888 3074 reverentia
903 3043 968 3074 laete
985 3044 1145 3081 recepimus
1158 3069 1168 3082 ,
1186 3044 1243 3083 set,

18 3097 22 3114 ,
34 3094 69 3118 H·
93 3099 119 3126 3·
133 3096 158 3126 p·
180 3076 322 3120 intellegit&⁴
357 3086 385 3106 er
399 3061 509 3107 easdem
521 3080 734 3122 attemptatione
747 3080 979 3114 Lumbardorum
993 3082 1154 3122 inopinata,
1172 3093 1245 3113 con-

18 3124 62 3155 „2
80 3138 117 3157 m·
135 3137 159 3156 ι.
183 3121 225 3145 tra
246 3114 325 3153 MaJe
349 3123 425 3145 atem
445 3114 613 3146 celsitudinis
627 3117 730 3148 vestrae
744 3120 781 3149 ita
794 3121 979 3151 irreverenter
992 3121 1165 3160 machinata,
1181 3131 1243 3151 eam

185 3163 272 3191 aequo
292 3154 388 3184 animo
408 3153 481 3184 ferre
493 3163 554 3184 non
567 3155 722 3195 valuimus,
736 3157 771 3188 ad
785 3168 871 3196 quam
885 3158 1085 3189 vindicandam
1100 3160 1120 3189 fi
1133 3159 1245 3191 suffice-

185 3200 279 3222 remus
299 3190 418 3222 libenter
433 3202 486 3223 nos
506 3193 717 3232 accingeremus
730 3219 741 3233 ,
761 3196 851 3228 vestra
871 3199 1032 3237 gravamina
1053 3208 1115 3229 nori
1127 3199 1146 3218 Ξ*
1162 3209 1246 3237 repu-

185 3238 273 3262 tantes
281 3254 291 3268 ,
309 3230 379 3260 sicut
391 3240 446 3260 nec
459 3230 596 3261 debemus
605 3255 615 3270 ,
632 3242 647 3262 a
661 3232 763 3263 nostris
774 3235 870 3266 aliena.

222 3269 350 3300 Paratam
366 3268 482 3306 quidem
495 3269 629 3299 habentes
640 3271 832 3312 voluntatem,
850 3275 879 3304 in
895 3274 996 3313 quibus
1010 3274 1155 3313 possumus
1166 3285 1246 3314 ,ves-³

184 3308 232 3339 tris
247 3307 383 3338 mandatis
391 3314 607 3351 optemperare,
624 3308 743 3340 diletftos
754 3311 788 3341 &
802 3311 896 3342 fideles
910 3313 1022 3343 nostros
1037 3313 1067 3344 B.
1083 3313 1120 3344 de
1132 3313 1191 3344 Ver
1206 3314 1246 3344 fa-

183 3347 323 3377 miliarem
337 3345 599 3376 militem‘nostrum
630 3347 664 3377 &
678 3347 820 3379 Barthurn.
840 3350 926 3381 Pech.
947 3351 1126 3382 Hostiarium
1139 3351 1247 3383 Came-

184 3394 224 3415 rae
247 3384 352 3415 nostrae
365 3408 374 3423 ,
387 3393 453 3452 spro
470 3391 546 3421 parte
560 3371 654 3415 nostra
666 3385 701 3415 ad
714 3385 879 3418 Dominum
894 3389 999 3428 Papam
1012 3390 1144 3421 duximus
1157 3400 1245 3422 trans-

398 3433 415 3453 u

183 3423 337 3454 mittendos
352 3446 362 3460 ,
417 3421 566 3466 pplicantes
588 3433 636 3460 per
657 3423 758 3454 litteras
776 3425 883 3457 nostras
903 3438 956 3465 pro
979 3429 1061 3459 vobis
1076 3429 1187 3468 eidem,
1205 3430 1245 3461 set

183 3463 218 3493 &
232 3461 424 3493 Cardinalibus
437 3470 532 3491 amicis
544 3460 644 3491 nostris
660 3461 696 3491 de
708 3461 795 3494 Curia
810 3465 970 3503 specialibus
979 3492 988 3505 ,
1007 3468 1073 3497 licet
1085 3468 1151 3498 inde
1166 3478 1247 3498 man-

183 3500 281 3532 datum
302 3499 429 3531 vestrum
453 3509 512 3529 non
533 3499 751 3544 susciperemus3
776 3513 896 3541 quarum
920 3506 1080 3545 transcripta
1095 3507 1246 3537 litterarum

184 3539 293 3578 praefati
307 3538 420 3569 Nuncii
433 3537 520 3569 nostri
534 3538 615 3568 vobis
629 3538 807 3571 exhibebunt.

221 3577 375 3609 Mittemus
395 3577 532 3615 fiquidem
552 3576 634 3607 vobis
646 3601 655 3615 ,
680 3588 730 3615 per
756 3580 880 3612 eundem
900 3581 1071 3614 advocatum
1086 3607 1096 3622 ,
1120 3585 1247 3622 quinque

187 3616 273 3647 millia
296 3616 463 3647 Marcarum
478 3640 487 3654 ,
513 3617 542 3646 in
565 3616 666 3654 quibus
686 3617 858 3649 excellentiae
876 3620 977 3651 vestrae
998 3620 1164 3652 tenebamur
1177 3645 1187 3661 ,
1211 3622 1248 3653 de

186 3663 199 3686 t
261 3656 312 3686 ino
326 3652 440 3686 Pafchae
452 3655 585 3693 proximo
601 3656 760 3693 praeterito,
775 3656 810 3687 ὃς
824 3657 878 3695 sic,
897 3659 933 3689 de
946 3668 984 3699 30
999 3660 1122 3691 millibus
1130 3660 1249 3700 Marcis,

199 3693 324 3725 olvimus
340 3694 423 3725 vobis
438 3694 601 3732 quindecim
618 3693 717 3731 millia,
738 3693 960 3733 Magnificentiae
972 3698 1073 3730 vestrae
1093 3700 1250 3737 supplican—

187 3739 230 3764 tes
244 3733 392 3772 attentius,
410 3732 479 3763 sicut
493 3732 558 3763 alias
572 3732 708 3773 fecimus,
727 3741 878 3772 quatenus,
895 3735 930 3765 de
950 3736 1059 3767 residuis
1077 3747 1110 3776 15
1125 3738 1249 3769 millibus

244 3780 355 3802 tearum
368 3796 378 3810 ‚
403 3771 489 3802 talem
513 3771 595 3801 nobis
609 3771 767 3808 respectum
781 3772 940 3803 concedere
952 3773 1058 3814 velitis,
1077 3785 1108 3806 ut
1123 3778 1249 3815 quinque

187 3807 275 3840 millia
294 3810 377 3841 vobis
395 3809 430 3840 ad
454 3810 616 3848 proximum
635 3808 750 3839 Festum
773 3809 868 3840 Sancti
890 3810 1038 3843 Michaelis
1056 3814 1168 3854 debita,
1186 3815 1249 3845 red-

188 3843 209 3881 d
302 3848 337 3879 ad
352 3847 457 3879 Pascha
471 3847 604 3885 proximo
620 3848 734 3886 sequens
744 3872 752 3885 ,
771 3849 805 3878 &
821 3849 918 3879 ultima
930 3850 1036 3882 residua
1047 3852 1150 3884 decem
1163 3854 1250 3884 millia

258 3894 356 3916 mrum
367 3885 402 3916 ad
414 3884 580 3925 subsequens
596 3886 713 3916 Festum
729 3886 824 3917 Sanffl
838 3886 996 3919 Michaelis.

227 3920 284 3961 Et,
300 3933 369 3955 cum
381 3924 417 3955 de
431 3925 595 3963 quindecim
610 3924 731 3955 millibus
748 3924 871 3965 Marcis,
889 3926 970 3957 vobis
981 3928 1039 3966 jam
1051 3929 1162 3968 solutis,
1176 3930 1250 3962 litte-

192 3968 238 4004 ras
247 3960 420 4005 excellentiae
431 3963 533 3994 vestrae
545 3963 673 3995 nondum
686 3965 874 4001 receperimus
889 3989 898 4002 ,
917 3963 952 3995 de
966 3969 1093 4004 pecuniae
1106 3968 1252 4006 praedistae

188 4006 342 4037 quietanna
359 3999 465 4037 placeat
482 4003 564 4039 vobis
586 4013 628 4032 eas
649 4002 730 4032 nobis
753 4003 950 4034 transmittere·
972 4007 1166 4044 praecipientes
1177 4008 1253 4038 insu-

172 4078 176 4081 *
191 4046 243 4080 per
257 4045 289 4068 ut
303 4038 461 4082 consimiles
475 4041 558 4071 nobis
572 4039 638 4071 fiant
651 4041 775 4071 terminis
789 4041 889 4074 futuris
901 4066 912 4082 ‚
931 4027 989 4074 iine
1001 4044 1101 4083 quibus
1113 4055 1176 4078 non
1190 4055 1253 4078 me-

191 4074 291 4107 diocre
304 4076 463 4115 periculum
475 4079 558 4111 nobis
571 4079 663 4120 poffet
676 4080 835 4111 imminere.

12 3201 49 3233 ’,Ψ
64 3204 87 3232 1.
98 3205 163 3242 365.

1254 175 1727 220 PUBLICA.

1272 260 1385 292 Cretera
1407 263 1524 300 quidem
1544 264 1580 294 de
1595 266 1710 303 negotio
1724 264 1823 295 nostro
1833 289 1842 303 ,
1861 264 2025 296 Dominum
2040 264 2153 304 Regem
2168 263 2294 294 Fraiicite
2314 264 2387 294 Anii.
2401 262 2442 292 ἶ).

1236 307 1368 336 tangente
1383 324 1392 339 ‚
1417 302 1557 338 posuimus
1579 304 1608 332 in
1629 314 1677 332 ure
1696 303 1895 339 praedifitorum
1919 303 2106 334 Nunciorum
2129 302 2294 332 nostrorum
2336 300 2419 340 1236.

1236 338 1318 368 vobis
1330 339 1507 377 explicanda,
1527 341 1625 378 quibus
1640 342 1784 370 intellec-'tis
1800 343 1964 380 consilium,
1985 343 2064 380 quale
2086 341 2167 371 dccet
2185 342 2294 383 inigni-
2315 346 2376 369 Heu.
2391 349 2418 376 3.

1237 376 1378 407 ficentiam
1398 376 1577 415 Imperialetii
1596 402 1605 415 ,
1629 380 1661 409 ὃε
1678 379 1750 408 unde
1771 381 1851 409 vobis
1872 381 1966 411 honor
1980 389 2126 419 perpetuus
2140 383 2295 418 accrescat,

1239 416 1273 445 &
1290 415 1384 445 nostra
1400 415 1520 455 potestas
1533 426 1679 455 augeatur,
1698 417 1791 446 eidem
1806 420 1939 457 negotio,
1958 419 1977 448 si
1991 420 2235 457 placet,potenter
2249 418 2297 448 ad-

1238 453 1335 484 hibere
1355 454 1444 485 velitis
1461 467 1470 492 ·,
1496 455 1602 492 placeat
1617 453 1757 493 Majestati
1778 455 1895 495 vestrae,
1913 467 1961 494 per
1973 467 2022 488 eos
2036 457 2171 488 Nuncios
2187 456 2299 487 nostros

1242 492 1324 522 nobis
1338 494 1513 523 renuncietis.

2215 174 2293 230 127

1280 568 1370 600 Teste
1385 569 1468 610 Rege
1481 570 1554 608 apud
1568 569 1687 601 Bristoll.
1709 575 1747 610 30
1760 569 1805 600 die
1817 568 1904 607 Junii.

1245 697 1363 728 Littera
1384 699 1562 742 Imperatori
1590 697 1780 743 excusatoria
1795 723 1804 740 ,
1839 694 1920 743 quod
1940 695 2079 741 fratrem
2099 695 2194 740 situm
2212 722 2221 736 ,
2249 693 2304 743 pre

1285 743 1416 789 praediffl
1437 747 1631 792 Imperatoris
1645 745 1790 779 mandato
1809 772 1819 788 ‚
1852 744 1896 777 ad
1907 744 2090 791 praeftntiam
2109 756 2170 788 ejus
2188 749 2306 780 mittere

1294 803 1406 838 neqult.

1959 858 1962 860 .
2071 856 2076 867 ,
2337 861 2339 866 .

1248 875 1466 938 SErenissuno
1486 878 1611 917 Principi
1625 901 1636 918 ,
1657 878 1691 910 ὃς
1710 879 1786 909 fratri
1807 879 1856 909 suo
1878 877 2227 918 kariffimQFrederico,
2246 879 2306 920 Dei
2326 870 2401 913 Ami.
2414 880 2456 912 D.

1306 915 1407 982 gratis,
1426 915 1629 947 Romanorum
1642 917 1808 955 Imperatori
1822 917 1931 954 semper
1948 915 2097 955 Augusto,
2112 915 2304 954 Jerusalem&
2347 919 2433 960 1236.

1248 952 1305 982 Sici
1317 954 1351 983 iae
1365 952 1456 992 Regi,
1473 954 1633 993 Henricus,
1651 956 1748 985 eadem
1760 957 1861 994 gratia,
1880 955 1946 984 Rex
1960 955 2087 994 Angli-ae,
2105 955 2166 986 διε.
2180 955 2306 996 salutem,
2323 964 2376 988 Aa.
2399 969 2443 986 20.

1248 991 1282 1022 ὃς
1297 991 1434 1021 faelicibus
1446 989 1482 1022 de
1499 993 1626 1023 hostibus
1641 993 1760 1032 gaudere
1775 993 1931 1030 triumphis
2097 1028 2099 1030 .
2326 1004 2360 1027 Η,
2382 1006 2408 1033 3.

1289 1028 1373 1059 Licet
1390 1038 1512 1067 paratam
1530 1031 1682 1061 habeamus
1702 1032 1879 1061 voluntatem
1899 1030 2076 1061 Celsitudinis
2096 1031 2196 1062 vestrae
2210 1056 2219 1070 ,
2238 1032 2308 1064 sicut
2328 1037 2392 1064 Clau
2408 1042 2462 1068 .19.

1250 1066 1351 1106 decet,
1368 1077 1464 1105 parere
1483 1069 1617 1099 mandatis
1630 1093 1639 1106 ,
1666 1069 1882 1108 magnificentiae
1903 1068 2004 1099 vestrae
2017 1077 2111 1099 tamen
2126 1070 2310 1109 significamus
2331 1080 2364 1103 H.
2381 1084 2406 1110 3.
2419 1077 2445 1108 p.

1252 1106 1348 1143 quod,
1366 1116 1435 1136 cum
1448 1106 1606 1138 constitutis
1620 1108 1650 1137 iri
1665 1108 1810 1147 praesentia
1823 1106 1916 1137 nostra
1931 1107 2105 1145 magnatibus
2119 1111 2197 1148 regni
2210 1109 2312 1149 nostri,
2334 1124 2359 1142 α..
2374 1122 2411 1142 m.
2429 1118 2457 1145 ²2

1253 1145 1312 1174 tiim
1328 1144 1450 1182 personis
1472 1144 1671 1176 Ecclesiasticis
1683 1170 1693 1184 ,
1718 1155 1804 1184 quam
1824 1145 1880 1175 aliis
1895 1169 1904 1183 ,
1920 1145 2155 1183 proposuissemus
2172 1148 2285 1184 qualiter
2299 1159 2315 1179 a

1254 1183 1336 1214 vobis
1354 1183 1518 1213 mandatum
1539 1183 1706 1221 suscepimus
1728 1192 1759 1214 ut
1773 1183 1909 1213 diletfmm
1923 1183 2036 1219 fratrem
2052 1183 2182 1213 nostrum
2196 1184 2234 1215 R.
2251 1186 2315 1217 Co-

1254 1222 1355 1251 mitem
1372 1221 1509 1253 Pic‘taviae
1524 1222 1557 1252 &
1572 1222 1747 1260 Cornubiae,
1763 1231 1851 1260 quem
1865 1221 2021 1259 plurimum
2033 1221 2130 1251 videre
2144 1222 2317 1263 desideratis,

1254 1259 1289 1289 ad
1303 1259 1342 1290 sui
1357 1260 1507 1291 cumulum
1519 1260 1652 1300 honoris,
1667 1260 1702 1291 ad
1717 1261 1891 1298 praesentiam
1905 1259 2078 1290 excellentiae
2102 1260 2202 1290 vestrae
2223 1263 2317 1293 mitte-

1256 1307 1360 1328 remus.

1293 1336 1363 1375 Ipsi,
1381 1337 1474 1367 habita
1497 1336 1563 1367 inde
1584 1337 1746 1368 adinvicem
1767 1336 1969 1368 deliberatione
1983 1361 1992 1374 ,
2010 1336 2093 1366 nobis
2105 1338 2251 1368 unanimes
2264 1349 2322 1369 res-

1257 1375 1418 1413 ponderunt
1440 1375 1519 1414 quod
1539 1376 1694 1407 nullatenus
1717 1376 1797 1407 suum
1811 1375 1975 1406 adhiberent
1986 1374 2144 1413 assensum,
2162 1384 2194 1406 ut
2208 1386 2322 1408 memo-

1257 1423 1329 1444 ratus
1345 1414 1428 1444 frater
1441 1414 1537 1444 noster
1550 1414 1584 1445 ad
1596 1415 1714 1452 praesens
1728 1423 1849 1455 regnum
1863 1413 1994 1445 nostrum
2010 1415 2112 1452 exiret3
2129 1415 2223 1445 immo
2240 1415 2319 1454 quod

1258 1462 1312 1483 nec
1325 1452 1354 1482 id
1369 1453 1579 1492 permitterent,
1599 1453 1665 1485 licet
1678 1453 1825 1485 vellemus.

1299 1490 1448 1522 Caeterum
1464 1501 1533 1522 cum
1548 1491 1631 1522 instet
1644 1493 1782 1522 terminus
1795 1500 1956 1530 treugarum
1969 1491 2042 1520 inter
2057 1500 2110 1520 nos
2124 1491 2327 1538 &Walensesg

1261 1531 1294 1560 &
1314 1531 1343 1559 in
1363 1531 1497 1568 proximo
1518 1530 1612 1561 sumus
1633 1531 1778 1570 solempne
1799 1530 1979 1568 colloquium
2000 1529 2120 1559 habituri
2139 1540 2208 1560 cum
2229 1531 2328 1562 illustri

1261 1568 1344 1608 Rege
1365 1569 1471 1599 Scotiae
1491 1569 1570 1607 super
1591 1569 1756 1607 quibusdam
1771 1568 2020 1606 contentionibus,
2037 1568 2110 1598 inter
2122 1578 2244 1608 regnum
2259 1579 2327 1600 nos-

1261 1615 1338 1638 trum
1351 1608 1385 1638 &
1399 1607 1480 1638 suum
1493 1609 1579 1646 ortis,
1596 1609 1629 1639 &
1643 1608 1762 1638 demum
1776 1632 1785 1646 ,
1810 1607 1946 1638 Domino
1965 1607 2162 1645 permittente,
2182 1608 2322 1646 proficisci

1263 1646 1474 1676 decreverimus
1495 1647 1526 1676 in
1548 1655 1651 1678 terram
1672 1646 1800 1677 nostram
1820 1646 1971 1677 Hiberniae
1985 1669 1995 1683 ,
2021 1645 2051 1674 in
2063 1655 2118 1683 qua
2128 1646 2260 1677 nondum
2274 1647 2329 1678 fui-

1263 1694 1343 1723 mus,
1362 1694 1421 1715 non
1437 1685 1550 1723 possent
1563 1685 1624 1716 haec
1639 1686 1752 1725 negotia
1768 1683 1941 1723 commode,
1957 1683 2015 1714 fine
2028 1684 2172 1721 praesentia
2184 1694 2330 1716 memora-

1263 1725 1283 1754 ti
1300 1723 1390 1754 fratris
1404 1723 1494 1754 nostri
1508 1724 1640 1761 expediri.

1303 1761 1384 1792 Hinc
1397 1762 1439 1792 est
1455 1762 1534 1800 quod
1540 1762 1745 1793 Celsitudinem
1758 1761 1882 1793 vestram
1899 1761 2004 1792 devote
2017 1760 2148 1792 duximus
2159 1762 2330 1793 exorandam

1264 1809 1400 1837 quatenus
1413 1802 1496 1831 vobis
1510 1811 1570 1832 non
1585 1801 1742 1839 displiceat,
1761 1800 1839 1839 quod
1852 1808 2023 1830 memoratus
2039 1800 2121 1830 frater
2134 1800 2249 1839 noster,
2264 1812 2332 1831 cau·-

1264 1839 1296 1868 fis
1311 1839 1450 1877 praedifftis
1465 1839 1650 1878 praepeditus,
1669 1840 1703 1870 ad
1715 1839 1836 1870 vestram
1848 1849 1908 1869 non
1922 1838 2031 1868 accedit
2044 1838 2331 1879 praesentiam3Qioe

1264 1878 1357 1915 niam,
1377 1877 1396 1908 ii
1413 1878 1502 1916 placet
1524 1879 1624 1918 vobis,
1643 1879 1759 1917 peractis
1781 1879 1815 1910 &
1834 1876 1967 1915 expeditis
1984 1878 2103 1916 negotiis
2123 1876 2283 1917 praediffis,
2302 1877 2334 1908 id

1266 1916 1359 1947 facere
1374 1926 1435 1946 non
1451 1918 1572 1948 omittet.

1267 2059 1295 2087 'X‘
1317 2062 1440 2095 Littera
1454 2061 1658 2107 Imperatori3
1684 2058 1765 2106 quod
1783 2062 1894 2093 Frater
1901 2058 1977 2105 situs
2003 2057 2046 2092 ad
2063 2060 2250 2107 praeftntiam
2273 2063 2338 2108 ejus
2359 2066 2407 2093 *L
2422 2063 2485 2102 366.

1541 2121 1610 2142 cum
1622 2108 1713 2155 salvo
1733 2107 1887 2142 Conduslu
1902 2106 2064 2142 accederet.

1273 2194 1494 2257 SEteniffimo
1509 2193 1653 2236 Principi,
1672 2195 1785 2232 amico,
1805 2195 1839 2226 &
1851 2193 1927 2224 fratri
1940 2193 1989 2224 suo
2005 2192 2148 2226 karissimo
2174 2195 2336 2237 Frederico‚
2356 2199 2433 2230 Arm.
2447 2197 2490 2229 D.

1332 2234 1391 2265 Dei
1412 2233 1498 2272 gratis
1518 2233 1723 2265 Romanorum
1745 2232 1913 2271 Imperatori
1933 2233 2041 2270 semper
2059 2233 2157 2274 Augus
2171 2244 2191 2265 o
2204 2234 2339 2305 ,ἐξωΰι-
2378 2237 2464 2278 1236.

1272 2272 1330 2302 lem
1345 2274 1379 2305 ὃς
1391 2272 1494 2303 Siciliae
1508 2271 1602 2311 Regi,
1620 2272 1764 2302 Henricus
1778 2271 1878 2302 eadem
1891 2272 1977 2311 gratia
1992 2271 2058 2302 Rex
2074 2272 2204 2313 Angliae,
2259 2285 2285 2305 c.
2299 2275 2339 2306 sa-
2358 2282 2410 2306 An.
2431 2287 2478 2304 20.

1272 2311 1379 2350 lutem,
1395 2321 1464 2343 cum
1480 2311 1640 2342 dilefflonis
1655 2312 1771 2342 sincerae
1783 2310 1894 2348 semper
1905 2319 2071 2350 augmento.
2359 2322 2394 2345 H.
2415 2326 2439 2353 3,
2520 2332 2524 2335 ,

1310 2349 1436 2381 Gratum
1449 2350 1531 2381 valde
1542 2358 1699 2389 reputantes
1712 2351 1746 2382 &
1760 2357 1912 2387 acceptum
1925 2348 2061 2387 quicquid
2073 2374 2083 2388 ,
2107 2359 2157 2387 per
2169 2352 2339 2383 transmissos
2359 2354 2496 2392 Claus.19.'

1273 2397 1364 2426 nuper
1377 2389 1412 2421 ad
1427 2389 1603 2428 praesentiam
1615 2387 1738 2419 vestram
1751 2390 1871 2418 nuncios
1885 2388 1998 2418 nostros
2011 2410 2021 2426 ,
2043 2388 2125 2419 nobis
2139 2392 2339 2430 renunciastis,
2359 2397 2393 2422 H.
2418 2403 2443 2430 3.
2460 2399 2486 2430 p.

1275 2427 1356 2465 super
1375 2428 1497 2468 benigna
1514 2428 1548 2458 &
1567 2428 1674 2458 liberali
1694 2426 1853 2458 eorundem
1867 2427 2048 2464 receptione,
2065 2427 2099 2458 &
2113 2427 2270 2460 honoribus
2285 2431 2340 2460 im·
2361 2443 2386 2459 2.
2411 2441 2448 2459 m.
2467 2440 2492 2467 3.

1276 2466 1393 2505 mensis,
1411 2467 1452 2497 ob
1466 2476 1595 2496 amorem
1610 2465 1742 2497 nostrum
1754 2465 1817 2503 ipsis
1831 2465 1979 2508 impensis,
1998 2465 2032 2496 &
2068 2465 2126 2496 uod
2140 2477 2189 2504 per
2202 2468 2274 2506 ipsos
2281 2477 2340 2499 tam
2361 2471 2440 2508 dorso,

1273 2504 1398 2542 jocunda
1421 2505 1526 2543 verba,
1544 2505 1578 2536 &
1597 2504 1768 2542 affeetuosa‚
1785 2504 1819 2535 ὅτ.
1839 2504 1915 2535 bona
1939 2503 1989 2534 alia
2011 2514 2051 2533 no
2073 2505 2094 2534 is
2114 2505 2284 2544 significatis·
2307 2509 2341 2539 &

1278 2542 1421 2580 potissime
1458 2543 1516 2574 uod
1529 2543 1633 2574 faciem
1646 2542 1781 2573 karissimi
1794 2542 1883 2573 fratris
1897 2541 1986 2572 nostri
1994 2541 2130 2585 ‚Ricardi
2137 2543 2261 2576 Comitis
2275 2531 2342 2577 Pic-

1279 2583 1361 2612 taviae
1384 2583 1418 2613 ὅς
1470 2582 1601 2612 ornubiae
1614 2605 1624 2620 ,
1647 2589 1757 2612 tantum
1777 2579 1874 2612 videre
1895 2580 2080 2619 desiderastis,
2099 2582 2184 2621 sicut,
2204 2583 2344 2621 praediCto

1280 2619 1401 2650 Comite
1423 2621 1506 2651 nobis
1528 2620 1665 2651 referente
1685 2621 1719 2651 &
1735 2619 1792 2650 aliis
1806 2642 1817 2658 ,
1834 2618 1999 2657 didicimus,
2018 2619 2198 2658 Imperialem
2212 2622 2344 2662 magnifi-

1279 2659 1530 2697 centiamcopiosa
1543 2659 1740 2697 prosequimur
1754 2658 1904 2698 gratiarum
1917 2658 2039 2688 afflone.

1316 2697 1502 2729 Serenitatem
1523 2697 1646 2729 vestram
1666 2697 1735 2728 scire
1752 2697 1896 2734 cupientes
1916 2697 1995 2735 quod
2016 2697 2104 2728 nichil
2122 2698 2192 2730 effer
2212 2700 2296 2731 nobis
2310 2699 2345 2732 ad

1280 2736 1399 2774 praesens
1416 2736 1568 2775 jocundius
1583 2759 1593 2774 ,
1618 2736 1706 2766 nichil
1720 2735 1826 2766 suavius
1841 2745 1926 2774 quam
1942 2735 2042 2767 vestrae
2056 2737 2223 2768 celsitudinis
2237 2739 2293 2770 frui
2304 2740 2345 2771 as-

1280 2775 1381 2813 pediu,
1401 2775 1420 2806 si
1438 2775 1504 2806 inde
1517 2774 1601 2806 nobis
1622 2774 1732 2805 daretur
1753 2775 1948 2812 oportunitas;
1971 2774 2010 2805 set
2025 2798 2035 2814 ‚
2062 2775 2132 2806 ficut
2145 2786 2206 2807 non
2218 2779 2344 2818 ambiget

1282 2814 1422 2844 iinceriras
1442 2813 1595 2853 Imperialis
1609 2837 1619 2851 ‚
1645 2813 1674 2843 id
1687 2812 1846 2843 commode
1859 2814 2024 2852 contingere
2037 2823 2097 2845 non
2112 2815 2213 2854 poffit,
2232 2817 2346 2848 bonum

1280 2852 1362 2883 valde
1379 2853 1462 2883 nobis
1484 2852 1554 2883 esset
1570 2875 1580 2891 ‚
1618 2851 1677 2882 uod
1691 2861 1741 2889 per
1754 2851 1898 2889 aspectum
1913 2854 2062 2883 memorati
2076 2853 2165 2883 fratris
2178 2854 2269 2885 nostri
2284 2865 2348 2887 ves-

1281 2900 1360 2922 trum
1379 2891 1579 2929 adimpleretur
1597 2862 1781 2928 desiderium,
1799 2890 1961 2921 dummodo
1973 2890 2009 2921 de
2022 2891 2121 2922 securo
2138 2893 2251 2923 tranfitu
2264 2894 2349 2932 ipsius

1281 2929 1317 2959 ad
1331 2939 1383 2960 vos
1396 2931 1430 2961 &
1444 2929 1553 2967 reditu,
1571 2929 1695 2959 similiter
1708 2937 1794 2966 prout
1804 2929 1856 2959 toti
1870 2938 1960 2968 regno
1981 2929 2083 2960 nostro
2095 2954 2106 2969 ,
2125 2929 2196 2962 sicut
2213 2933 2248 2963 ὃς
2262 2932 2349 2964 nobis

1282 2968 1441 3006 expediret,
1459 2967 1630 2999 sufficienter
1647 2966 1852 3005 provideretur.

1321 3006 1414 3038 Unde
1427 3006 1631 3038 Celsitudinem
1645 3005 1913 3045 vestramsogamus
1933 3014 2068 3044 quatenus
2089 3007 2110 3037 fi
2130 3007 2238 3045 placeat
2250 3010 2351 3041 amici-

1281 3046 1329 3076 tiae
1348 3045 1450 3077 vestrae
1474 3045 1566 3076 modis
1579 3045 1715 3074 omnibus
1727 3042 1854 3075 vestrum
1868 3045 1897 3074 in
1912 3044 1965 3075 hac
1979 3054 2056 3083 parte
2071 3046 2240 3078 desiderium
2256 3048 2348 3079 adim-

1282 3084 1352 3122 pleri
1386 3083 1472 3114 talem
1492 3085 1525 3115 ὃ(
1546 3091 1604 3114 tam
1627 3082 1815 3113 sufficientem
1833 3082 2008 3114 securitatem
2030 3085 2065 3115 &
2078 3085 2257 3116 condudfflm
2272 3087 2349 3118 salvo

1282 3107 1439 3153 transssundi
1461 3131 1536 3153 extra
1557 3130 1677 3190 regnum
1699 3121 1827 3151 vestrum
1848 3122 1881 3152 &
1907 3122 2077 3159 potestatem
2099 3124 2230 3155 morandi
2250 3126 2284 3156 &
2304 3136 2348 3156 re-

1282 3160 1403 3199 deundi,
1423 3161 1561 3198 praedirsto
1613 3160 1695 3189 omiti
1711 3159 1798 3189 Fratri
1816 3159 1916 3190 nostro
1929 3160 1985 3191 dari
1999 3160 2143 3201 studeatis,
2161 3162 2198 3193 de
2212 3173 2271 3201 quo
2286 3174 2346 3194 non

1282 3199 1373 3230 solum
1386 3209 1439 3230 nos
1453 3201 1501 3238 qui
1513 3198 1691 3236 beneplacito
1711 3197 1808 3228 vestro
1828 3200 1968 3230 contraire
1989 3210 2043 3230 nec
2059 3201 2209 3239 volumus,
2227 3211 2282 3232 nec
2297 3201 2347 3231 de-

1283 3238 1402 3276 bemus,
1421 3238 1459 3268 set
1482 3239 1515 3269 ὃς
1535 3237 1682 3276 Magnates
1704 3234 1740 3266 de
1760 3245 1849 3276 regno
1873 3237 1973 3268 nostro
1985 3263 1994 3276 ,
2015 3240 2092 3277 (qui,
2111 3240 2167 3269 sine
2180 3238 2347 3270 difficultate

1283 3277 1421 3315 maxima,
1440 3276 1595 3306 nullatenus
1609 3274 1699 3312 ipsum
1712 3274 1746 3304 ad
1759 3284 1848 3313 partes
1861 3278 1921 3306 tarn
1934 3276 2101 3316 longinquas
2123 3278 2259 3308 accedere
2301 3288 2347 3308 er-

1284 3316 1396 3346 mittent
1433 3323 1546 3352 propter
1562 3314 1652 3344 caui'as
1666 3315 1769 3352 varias,
1788 3324 1855 3352 quas
1877 3315 1995 3346 diletftus
2015 3315 2145 3346 Clericus
2166 3315 2262 3346 noster
2276 3288 2346 3347 stla-

1283 3352 1368 3390 gister
1381 3339 1555 3384 Willielrnus
1570 3352 1606 3382 de
1620 3352 1784 3391 Kilkenny,
1802 3363 1889 3390 quem
1904 3354 1938 3384 ad
1951 3355 2125 3392 praesentiam
2146 3354 2269 3385 vestram
2282 3354 2347 3387 des-

1283 3393 1402 3423 tinamus
1410 3415 1420 3430 ‚
1438 3392 1519 3421 vobis
1532 3391 1664 3428 exponet)
1681 3390 1802 3422 debeant
1816 3391 1986 3422 sufficienter
2000 3392 2056 3422 esse
2070 3394 2206 3423 contenti.

1323 3431 1402 3470 Qia
1417 3432 1505 3467 vero,
1524 3430 1595 3459 inter
1609 3438 1727 3468 caetera,
1745 3430 1828 3460 nobis
1842 3430 1992 3461 nunciastis
2008 3431 2086 3468 quod
2107 3431 2185 3461 diem
2207 3431 2345 3470 colloquii

1283 3469 1356 3499 inter
1378 3478 1430 3499 vos
1444 3491 1454 3507 ,
1479 3469 1513 3499 &
1531 3467 1646 3507 Regem
1670 3468 1693 3498 F
1696 3470 1797 3499 ranciae
1819 3469 1940 3499 habendi
1960 3479 2061 3506 capere
2076 3469 2202 3500 voluistis
2237 3478 2269 3501 ut
2279 3471 2346 3502 inde

1284 3508 1416 3538 certiores
1430 3517 1500 3546 nos,
1520 3506 1539 3536 fi
1552 3506 1658 3544 placet,
1677 3507 1820 3545 efficiatis,
1838 3507 1985 3544 specialiter
1999 3516 2189 3539 memoratum
2196 3492 2346 3540 (ffilericum

1284 3545 1413 3576 nostrum
1436 3545 1470 3575 ad
1490 3555 1542 3576 vos
1562 3544 1786 3584 destinavimus;
1813 3554 1940 3585 rogantes
1959 3547 2088 3577 attentius
2110 3554 2245 3585 quatenus
2266 3548 2347 3587 super

1285 3584 1388 3614 eodem
1409 3585 1527 3623 negotio
1548 3585 1582 3614 δε
1606 3583 1770 3622 quibusdam
1791 3584 1847 3613 aliis
1861 3607 1870 3622 ,
1895 3593 1959 3622 quae
1980 3586 2065 3614 tutius
2077 3595 2129 3615 ore
2140 3585 2240 3625 ipsius,
2259 3596 2346 3625 quam

1284 3623 1387 3660 scripto
1401 3622 1531 3653 duximus
1545 3622 1748 3652 commendare
1767 3622 1902 3653 serenitati
1921 3621 2022 3654 vestrae
2041 3622 2208 3661 exponenda
2223 3643 2234 3663 ,2
2251 3625 2347 3658 eidem

1286 3662 1351 3691 beni
1372 3671 1408 3690 ne
1420 3660 1566 3692 intendere
1578 3660 1604 3690 di
1625 3661 1740 3690 nemini.

1322 3669 1446 3738 Ngosque
1454 3700 1588 3738 ,auetore
1633 3700 1734 3729 omino
1742 3723 1751 3736 ,
1761 3698 1905 3729 certificati
1917 3699 1954 3729 de
1967 3697 2014 3729 die
2028 3699 2167 3739 colloquii
2179 3704 2348 3741 memorati,

1286 3738 1350 3769 tales
1365 3738 1399 3768 &
1413 3747 1471 3769 tam
1486 3735 1653 3767 sufficientes
1665 3737 1816 3768 instruit&
1832 3738 1907 3768 viros
1922 3747 1936 3766 a
1951 3737 2037 3768 latere
2055 3738 2155 3770 nostro
2173 3742 2285 3772 mittere
2295 3750 2347 3772 cu·-

1287 3777 1410 3807 rabimus
1430 3775 1465 3807 ad
1485 3774 1664 3813 colloquium
1686 3775 1856 3813 praediCtum
1867 3800 1877 3813 ,
1904 3777 1952 3813 qui
1965 3777 2093 3817 negotia,
2110 3787 2163 3809 nos
2176 3780 2210 3811 &
2224 3789 2347 3819 regnum

1288 3815 1420 3846 nostrum
1436 3814 1591 3852 tangentia,
1609 3813 1777 3844 sufficienter
1789 3814 1910 3844 debeant
1922 3824 2083 3852 procurare.

1325 3853 1371 3884 Ad
1384 3853 1442 3884 hoc
1459 3853 1594 3883 serenitati
1609 3851 1711 3882 vestrae
1732 3852 1911 3884 devotissime
1931 3855 2129 3894 regratiamur,
2147 3855 2225 3894 quod
2244 3864 2347 3893 praeter

1286 3890 1471 3932 affeffionem
1493 3890 1646 3921 maritalem
1661 3914 1670 3928 ,
1696 3901 1782 3928 quam
1803 3889 1951 3921 kariffimae
1968 3892 2057 3923 sorori
2076 3894 2180 3924 nostrae
2194 3917 2204 3934 ,
2221 3894 2347 3924 consorti

1287 3930 1388 3960 vestrae
1408 3929 1553 3960 liberaliter
1573 3929 1732 3966 impenditis
1745 3954 1755 3969 ,
1780 3930 1867 3967 ipsam
1884 3931 1913 3959 in
1933 3939 2034 3970 magna
2052 3932 2151 3963 tenetis
2165 3932 2347 3963 veneratione

1288 3968 1322 3999 &
1337 3969 1465 4006 caritate,
1482 3968 1553 3998 sicut
1565 3965 1663 4005 decet,
1679 3968 1786 3999 habetis
1800 3969 1834 3999 δε
1849 3969 2091 4000 commendatam.

1326 4005 1511 4036 Gaudentesi
1532 4014 1586 4036 itur
1599 4005 1635 4036 de
1648 4008 1749 4045 gratia,
1768 4016 1853 4044 quam
1865 4007 1893 4036 in
1909 4008 2094 4046 conspeaestum
2109 3999 2262 4047 Majestatis
2283 4012 2347 4038 ves-
2386 4032 2389 4034 .

1289 4053 1339 4076 trae
1362 4045 1485 4083 invenit,
1534 4044 1708 4075 elsitudinem
1728 4045 1851 4076 vestram
1865 4046 2047 4083 imploramus
2063 4055 2197 4086 quatenus
2207 4048 2245 4077 ita
2259 4046 2348 4077 affec-

1288 4084 1367 4117 tione
1384 4082 1488 4116 sincera
1507 4091 1572 4123 erga
1592 4083 1679 4123 ipsam
1691 4083 1819 4116 sororem
1832 4083 1957 4116 nostram
1971 4086 2137 4118 continuare
2148 4085 2239 4119 velitis
2255 4083 2350 4152 quotd’

2254 4131 2306 4152 mu
2319 4131 2353 4153 ua
