2570 4261
84 300 160 332 Anu.
172 300 216 330 D.

84 348 197 406 εἱίἳῆζ

82 502 134 527 Aa.
152 507 195 525 22.

83 542 104 565 Ε
136 547 143 563 1

82 579 137 603 Rot.
152 575 210 601 Ale-

83 623 152 641 man.
167 622 210 638 22.

81 656 103 679 ,Ε
123 661 145 680 i.
160 661 194 677 m.

87 699 128 725 ¹9·

82 1343 212 1377 *11.⁶64.

82 1427 158 1458 Ann.
173 1427 214 1457 D.

103 1475 186 1505 1294.

79 1509 132 1534 Aa.
154 1515 197 1533 22.

81 1549 111 1572 Ε.
135 1554 158 1571 1.

79 1587 138 1612 Pat.
151 1592 192 1611 22.

80 1626 109 1649 Ε.
135 1630 156 1649 i.
174 1630 208 1648 m.

94 3404 169 3434 Ann.
184 3401 225 3433 D.

121 3449 205 3478 1294.

96 3484 149 3507 Ar.
166 3489 209 3506 22.

100 3521 129 3544 Ε.
149 3526 171 3545 1.

100 3559 139 3583 Ex
160 3555 230 3590 Orig.

233 197 310 235 140

230 358 280 390 Dc
305 352 435 400 quodam
464 348 650 393 instrumento
679 350 804 380 Comitis
822 343 1001 386 Holandiae,
1027 341 1108 391 quod
1125 344 1190 375 Rex
1202 350 1287 387 penes

660 397 696 441 fi
715 400 848 429 retinuit.

231 484 364 546 NOS
378 481 550 520 devardus,
569 481 628 512 Dei
641 480 746 520 gratia,
764 481 830 511 Rex
845 479 974 520 Angfiae,
992 479 1052 510 &c.

342 523 461 553 Notum
477 521 594 551 facimus
609 520 742 551 univeriis
776 519 851 557 uod,
1182 551 1186 556 ¹
1201 550 1206 555 ,
1267 548 1272 553 ‚

270 564 351 593 Licet
371 571 423 592 nos
446 569 553 597 rmum,
568 559 605 589 de
626 560 712 589 tribus
732 559 772 588 101
787 558 939 595 mmeritis,
964 566 1014 594 per
1027 562 1098 599 'quae
1118 549 1221 581 nobilis
1245 557 1288 592 vir

230 602 402 638 Florentius,
421 598 574 629 Holandiae
595 598 628 628 ὃ(
651 597 797 628 Zelandiae
820 596 945 633 Comes,
964 594 1051 636 nobis·
1065 599 1139 628 erat,
1155 588 1198 632 ad,
1210 585 1290 616 resti-

230 642 370 671 tutionem
392 647 511 677 quatuor
533 637 640 674 parium
661 636 829 673 litterarum,
851 634 986 672 (duorum
1006 640 1091 674 unius·
1107 636 1230 672 tenoris,
1254 625 1288 655 &

230 680 355 708 duorum
377 676 498 713 alterius)
517 675 615 715 sigillo
635 673 806 704 Sereniffimi
828 672 981 710 Principis,
1001 669 1123 700 Domini
1146 663 1288 706 Adolphi,

230 716 436 747 Romanorum
457 715 547 752 Regis
567 713 676 750 semper
693 710 829 751 Augusti,
848 712 1037 748 signatorum:
1057 706 1096 751 Et
1120 705 1164 734 sex
1181 711 1288 741 9111001

229 756 383 786 litterarum
395 755 510 784 suorum
525 752 706 788 Principum,
724 750 806 780 nobis
822 746 1143 786 faciendam,obligatus
1156 767 1165 781 ,
1173 749 1289 780 propter

233 795 315 825 maris
328 793 500 832 periculum,
520 800 603 828 penes
618 799 670 819 nos
685 789 896 825 retinuerimus,
1102 822 1107 827 .
1201 820 1206 824 ,

270 832 412 863 Volumus
426 839 518 860 tamen
528 852 537 866 ,
553 828 630 867 quod
647 827 798 865 postquam
811 826 887 857 idem
901 825 1009 856 Comes
1022 820 1167 864 praedigstas
1189 819 1290 862 litteras

230 870 375 907 Magistro
398 868 558 899 willielmo
580 866 615 896 de
636 866 782 904 Kilkenny
795 890 805 904 ,
830 865 947 896 Clerico
967 862 1066 906 nostro
1082 885 1091 899 ,
1113 868 1180 898 juris
1201 856 1290 887 civilis

230 903 396 947 proseffori,
415 909 447 938 &
461 905 616 936 Eustachio
631 905 667 934 de
681 904 817 934 Pomerio
832 905 916 942 (quos
929 901 963 931 ad
977 901 1171 943 recipiendum
1185 896 1220 940 ab
1239 904 1290 924 eo—

229 947 297 978 dem
313 947 431 977 Comite
446 944 591 983 prcediftas
605 943 706 973 litteras
717 943 896 982 conjunc‘tim
911 942 944 973 ὃς
958 940 1069 972 divium
1077 932 1285 969 constituimus)

226 985 381 1018 veleorum
394 984 471 1014 alteri
484 983 661 1020 liberaverit,
1040 1017 1044 1022 .
1081 1014 1090 1023 Α

266 1024 358 1063 Qiod
373 1024 609 1059 instrumentum,
631 1030 679 1058 per
701 1029 769 1057 nos,
788 1018 939 1049 occasione
959 1016 1110 1055 praedista,
1129 1019 1288 1048 retentum,

229 1064 330 1132 minus
343 1062 494 1131 90101οὲ111
509 1060 626 1097 valoris,
644 1068 697 1089 nec
710 1059 797 1089 robur
809 1059 935 1088 obtineat
949 1056 1093 1086 firmitatis.

283 1112 300 1131 n
316 1111 393 1139 culus
402 1125 410 1139 ,
464 1110 490 1130 c.

265 1178 333 1209 Dat.
351 1177 425 1215 apud
445 1176 565 1207 Turrim
588 1173 724 1204 London.
742 1174 768 1203 8.
787 1172 834 1204 die
858 1171 1055 1209 Novembris,
1074 1178 1150 1199 anno
1164 1164 1288 1197 Domini

233 1226 318 1256 1294.
338 1216 437 1254 Regni
450 1225 520 1247 vero
536 1212 624 1244 nostri
637 1222 712 1251 anno
726 1222 773 1242 22.

295 1339 322 1365 ἵ(
349 1343 407 1374 Pro
422 1337 559 1385 Abatiffiz
579 1341 616 1376 (ῤ’
639 1333 793 1370 Sororibus
811 1331 979 1377 filinoriffis
994 1344 1083 1366 extra
1102 1332 1226 1379 Algate.

232 1425 354 1488 REX
369 1426 503 1455 omnibus
516 1424 549 1454 ad
566 1433 654 1462 quOS,
674 1422 734 1453 &c.
753 1421 877 1464 salutem.
945 1458 951 1463 Π
1058 1458 1063 1463 .
1216 1458 1222 1463 ⁴

340 1464 424 1494 Licet
439 1488 448 1501 ,
471 1463 507 1493 de
528 1463 677 1493 communi
697 1459 832 1491 Concilio
854 1458 952 1495 Regni
974 1456 1064 1501 nostri
1078 1481 1087 1494 ,
1114 1456 1288 1501 statuerimus

232 1502 308 1542 quod
321 1511 381 1532 non
397 1503 477 1533 liceat
492 1503 556 1532 viris
571 1500 721 1537 Religiolis
755 1499 800 1529 seu
814 1498 886 1535 aliis,
905 1496 1012 1536 ingredi
1026 1495 1143 1526 feodum
1156 1496 1288 1535 alicujus,

230 1543 265 1572 ita
280 1541 358 1580 quod
373 1541 406 1572 ad
423 1549 564 1571 mortuam
581 1548 698 1569 manum
713 1522 861 1581 d'eveniat,
881 1536 937 1566 sine
953 1534 1066 1565 licentia
1081 1534 1178 1565 nostra
1193 1535 1226 1566 &
1241 1545 1289 1566 ca-

231 1581 317 1618 pitalis
332 1580 471 1618 Domini,
489 1579 525 1609 de
541 1589 600 1617 quo
616 1588 658 1607 res
672 1577 715 1606 illa
728 1575 889 1606 immediate
903 1582 1026 1617 tenetur:
1184 1613 1190 1618 .

266 1618 400 1649 Volentes
413 1626 507 1648 tamen
528 1616 701 1654 Edmundo,
720 1615 805 1645 Fratri
825 1613 923 1644 nostro
944 1611 1101 1656 carissimo,
1119 1620 1238 1648 gratiam
1251 1613 1290 1644 fa-

231 1668 295 1689 cere
308 1657 473 1695 specialem,
490 1656 618 1686 dedimus
633 1655 791 1691 licentiam,
808 1660 945 1691 quantum
962 1661 989 1680 in
1003 1650 1085 1694 nobis
1101 1650 1159 1688 est,

269 1696 361 1735 Qiod
375 1696 430 1734 ipse
445 1705 534 1725 unum
548 1702 760 1730 tenementum,
778 1691 856 1730 quod
876 1691 958 1720 habet
978 1698 1012 1720 ex
1030 1689 1192 1720 dimissione
1212 1689 1290 1720 Wil—

229 1734 317 1765 lielmi
331 1735 467 1773 Alutarii,
485 1733 532 1764 filii
548 1732 717 1771 Reginaldi,
735 1729 883 1770 quondam
897 1728 1079 1766 Tegulatoris
1095 1729 1123 1758 in
1145 1728 1290 1759 Suburbio

232 1773 376 1805 London:

268 1812 375 1843 Unum
387 1820 598 1848 tenementum,
616 1807 694 1847 quod
709 1807 791 1838 habet
803 1816 838 1837 ex
852 1804 1012 1849 dimiffione
1025 1804 1147 1836 Galfridi
1160 1805 1186 1836 le
1205 1804 1288 1836 Cou-

231 1861 310 1889 reur,
328 1853 362 1882 &
376 1850 512 1880 Odiernae
527 1849 619 1879 uxoris
633 1849 706 1886 ejus,
726 1849 753 1876 in
768 1846 872 1876 eodem
887 1844 1043 1888 Subui‘bio:
1125 1884 1129 1888 ν
1155 1884 1159 1888 ,

268 1890 374 1920 Unum
394 1897 590 1919 tenementum
603 1911 612 1924 ,
644 1885 722 1924 quod
741 1885 825 1915 habet
845 1893 879 1913 ex
901 1882 1061 1926 dimissione
1078 1882 1229 1913 wilhelmi
1251 1882 1286 1914 de

230 1928 393 1965 waltharii,
411 1928 444 1958 &
460 1926 557 1956 Eleiire
571 1926 664 1955 uxoris
677 1925 748 1962 ejus,
768 1926 796 1953 in
808 1922 911 1953 eodem
925 1922 1084 1952 Suburbio:

267 1967 367 1997 Unam
383 1966 506 2004 placeam
522 1974 620 2001 terrae,
639 1973 724 2001 quam
740 1963 822 1992 habet
837 1970 871 1991 ex
884 1960 1046 1990 dimiffione
1058 1959 1130 1990 Adae
1152 1959 1178 1990 le
1200 1960 1290 1991 Win-

229 2005 353 2043 drawer,
370 2006 403 2036 &
419 2004 525 2045 Elyciae
538 2004 630 2033 uxoris
642 2003 715 2040 ejus,
733 2002 763 2030 in
774 2000 879 2031 eodem
893 1999 1052 2043 Suburbio:
1222 2038 1227 2043 ι

269 2044 372 2075 Unsm
394 2043 517 2081 placeam
539 2051 637 2079 terrae,
655 2049 740 2078 quam
762 2039 844 2069 habet
863 2047 896 2068 ex
909 2037 1070 2067 dimissione
1082 2036 1241 2068 Salomonis
1262 2037 1290 2068 le

229 2083 364 2123 Tuyller,
383 2084 415 2114 ὃ(
431 2081 537 2122 Elyciae
552 2080 644 2110 uxoris
660 2079 733 2117 ejus,
752 2079 781 2107 in
794 2076 898 2107 eodem
917 2075 1076 2120 Suburbio:
1200 2115 1205 2120 1
1229 2115 1234 2120 .

266 2122 368 2153 Unam
391 2121 515 2159 placeam
537 2127 616 2149 terrie
631 2141 640 2156 ,
666 2126 751 2156 quam
773 2115 858 2147 habet
878 2123 912 2145 ex
932 2113 1094 2145 dlmlffione
1115 2113 1236 2145 Galfndi
1253 2115 1290 2146 de

229 2159 414 2190 Hundesdich
423 2181 432 2197 ,
450 2158 616 2189 Executoris
630 2155 787 2186 testamenti
797 2154 925 2184 Tbomae
938 2152 973 2183 de
985 2152 1011 2183 13
1024 2152 1130 2191 More,
1143 2154 1172 2182 in
1184 2153 1289 2184 eodem

229 2199 387 2230 Suburbio:

270 2237 370 2268 Unam
389 2235 513 2273 placeam
529 2242 718 2271 terrae,quam
732 2231 816 2262 habet
829 2240 862 2261 ex
876 2229 1036 2261 dimissione
1044 2229 1185 2268 Johannae
1194 2229 1289 2261 Gold-

230 2285 336 2313 corne,
354 2276 381 2303 in
395 2274 497 2304 eodem
519 2272 676 2302 Suburbioz
974 2307 979 2312 .
1016 2307 1020 2312 .

271 2313 309 2343 Et-
320 2314 433 2350 triginta
447 2312 556 2342 libratas
570 2309 708 2348 redditus,
727 2317 792 2347 quas
805 2308 889 2338 habet
903 2315 937 2337 ex
952 2305 1114 2336 dlmlffione
1126 2306 1247 2338 Henrici
1263 2308 1289 2338 le

230 2352 364 2390 VValeys,
381 2352 409 2380 in
424 2350 538 2380 Venella
552 2349 647 2379 Sanc'ti
663 2348 804 2378 Laurentii
821 2348 892 2377 'ux’ta
905 2344 1141 2388 NVestchepeffSc
1155 2345 1290 2377 inCord-

229 2390 389 2428 winstrete,
407 2390 439 2420 &
451 2388 524 2426 apud
540 2387 730 2424 Douvegate,
749 2388 778 2416 in
821 2386 914 2415 ivitate
948 2384 1075 2414 raedicia:

268 2429 345 2459 Dare
358 2427 440 2465 possit
455 2428 487 2458 &
499 2425 632 2466 affignare
645 2425 750 2455 dilectis
765 2425 847 2454 nobis
872 2424 901 2452 in
953 2421 1058 2460 hristo,
1078 2421 1232 2453 Abbatiffie
1254 2424 1288 2454 &

228 2468 379 2499 Sororibus
401 2464 557 2496 Minoriffis
571 2487 582 2503 ,
611 2463 726 2493 Ordinis
747 2463 858 2493 Sanetae
881 2460 973 2492 Clarae
989 2484 998 2500 ,
1023 2460 1059 2490 de
1080 2460 1179 2492 Gratia
1200 2462 1289 2493 beatae

231 2506 334 2537 Mariae
348 2505 489 2542 Virginis,
509 2512 584 2534 extra
601 2502 718 2539 Algate:
984 2539 989 2544 ι

265 2543 405 2575 Habenda
422 2544 455 2574 δε
468 2543 588 2573 tenenda
602 2541 670 2579 sibi,
688 2542 722 2572 &
736 2538 939 2570 successoribus
952 2537 1014 2569 suis.

269 2583 308 2614 Et
330 2582 430 2613 eisdem
453 2580 608 2612 Abbatissae
628 2580 662 2610 δε
681 2580 837 2616 sororibus,
856 2577 933 2616 quod
956 2576 1021 2614 ipsae
1036 2584 1213 2615 tenementa,
1251 2577 1289 2608 la-

230 2632 292 2654 eeas
301 2647 310 2660 ,
327 2623 361 2653 &
376 2619 497 2651 redditus
511 2619 641 2662 pr3editsta
656 2620 672 2648 a
683 2618 802 2662 praefato
814 2617 898 2660 fratre
909 2615 1006 2658 nostro
1020 2617 1145 2660 recipere
1167 2588 1289 2655 poffiprit,

230 2670 330 2693 tenore
346 2659 522 2697 praesentium
536 2657 658 2688 {imiliter
671 2657 812 2687 licentiam
826 2654 952 2685 dedimus
969 2654 1132 2692 specialem:

269 2699 413 2729 Nolentes
427 2697 504 2736 quod
518 2696 667 2734 praedit‘ms
680 2695 762 2725 frater
776 2693 888 2731 noster,
904 2702 950 2723 aut
962 2692 1085 2723 haeredes
1097 2693 1151 2730 sui,
1165 2692 1211 2723 vel
1218 2703 1289 2730 prae-

236 2737 321 2768 dietae
337 2735 509 2774 Abbatiffae,
526 2735 573 2765 vel
587 2734 724 2771 Sorores,
741 2733 786 2762 seu
807 2732 987 2762 Successores
1008 2731 1047 2761 sui
1064 2733 1171 2761 ratione
1191 2731 1290 2762 Statuti

231 2776 372 2815 praediffi,
389 2775 455 2805 inde
469 2783 516 2812 per
530 2783 582 2804 nos
592 2795 601 2811 ‚
616 2772 662 2804 vel
676 2771 800 2802 haeredes
814 2770 942 2808 nostros,
960 2769 1176 2800 occasionentur
1190 2771 1220 2800 in
1242 2770 1291 2800 ali-

231 2820 309 2854 quo,
327 2814 372 2844 seu
389 2821 548 2850 graventur.
979 2847 983 2850 -
1178 2847 1183 2852 .
1201 2847 1215 2852 ..
1249 2847 1254 2853 ι

269 2853 355 2883 Salvis
369 2861 464 2882 tamen
477 2850 649 2888 Capitalibus
664 2848 801 2879 Dominis
814 2846 970 2888 feodorum·
977 2846 1092 2876 illorum
1115 2845 1229 2877 servitiis
1247 2857 1291 2877 in-

231 2891 268 2922 de
279 2891 381 2922 debitis
393 2891 426 2921 &
438 2889 592 2926 0011111οὼ,
610 2889 740 2920 &tetiam
754 2887 843 2916 libero
861 2884 982 2924 ingressu
1006 2884 1040 2915 &
1061 2885 1173 2922 egressu
1194 2885 1229 2914 ad
1249 2885 1291 2915 di-

234 2929 432 2967 stringendum
457 2930 485 2958 in
511 2928 613 2958 eisdem
634 2927 722 2957 feodis
738 2949 747 2964 ,
782 2934 834 2965 pro
856 2922 1103 2954 consuetudinibus
1124 2924 1158 2954 &
1178 2923 1292 2955 servitiis

233 2968 285 3036 suri
298 2967 454 3009 praediffis,
471 2967 601 3004 quotiens
615 2965 718 3003 aliquid
733 2963 798 2994 inde
812 2965 850 2994 eis
865 2964 881 2992 a
895 2963 971 2992 retro
987 2961 1044 2992 effe
1057 2962 1217 3001 contigerit.

287 3016 305 3036 n
320 3007 416 3044 cujus,
435 3007 495 3037 &c.

272 3081 362 3113 Teste
374 3081 459 3119 Rege
474 3081 547 3120 apud
559 3081 688 3112 Turrim.
709 3077 844 3110 London.
864 3077 890 3107 8.
908 3077 954 3107 die
965 3076 1156 3108 Novembris.

238 3207 287 3240 De
305 3204 510 3250 manualifide
527 3208 610 3251 Regis
621 3231 630 3245 ,
651 3208 687 3242 ej*
705 3201 891 3250 quorundam
911 3199 1072 3235 Nobilium
1091 3203 1202 3247 Regni,
1219 3201 1294 3235 data

282 3253 326 3287 ad
344 3251 562 3299 observandum
581 3256 780 3285 conventiones
797 3256 874 3284 inter
900 3254 1009 3298 Regem
1035 3252 1072 3288 (ῤ’
1099 3251 1207 3297 Regem
1234 3254 1295 3284 Ro-

284 3313 454 3336 minorum.

308 3386 537 3419 Xcellentisfimo
559 3385 699 3422 Principi,
717 3384 850 3414 Domino
871 3384 907 3415 A.
928 3384 987 3415 Dei
1009 3382 1114 3422 gratia,
1133 3382 1209 3422 Regi
1231 3383 1297 3414 Ro-

321 3435 471 3457 manorum
484 3424 600 3462 illustri,
618 3423 726 3460 semper
739 3423 876 3460 augusto,
894 3422 1065 3461 Edwardus,
1081 3421 1180 3451 eidem
1196 3422 1294 3460 gratia,

245 3464 310 3494 Rex
329 3465 455 3503 Angliae,
476 3463 621 3493 Dominus
639 3461 785 3491 Hiberniae
807 3463 840 3493 ὃς
860 3462 929 3492 Dux
952 3461 1150 3500 Aquitanniae,
1168 3460 1299 3491 foelicem

246 3504 377 3541 regnandi
392 3503 513 3540 gloriam
523 3526 531 3539 ,
549 3502 582 3532 &
597 3500 718 3530 salutem.
761 3538 766 3543 .
1153 3537 1168 3541 ..

284 3541 362 3572 Sicut
375 3551 409 3571 ex
423 3541 556 3571 relatione
571 3538 744 3568 Venerabilis
760 3548 787 3567 in
801 3537 916 3567 Christo
930 3538 1032 3576 Patris,
1050 3537 1170 3568 Antonii
1183 3536 1301 3567 Dunol-

250 3579 348 3608 mensis
361 3579 512 3618 Episcopi,
531 3578 610 3608 unius
624 3576 811 3607 Nunciorurn
834 3576 1014 3614 nostrorum,
1031 3575 1066 3606 ad
1083 3584 1152 3613 VOS,
1169 3575 1216 3605 vel
1238 3585 1302 3606 ves-

251 3624 309 3646 tros
328 3619 446 3648 nuncios
464 3615 700 3652 transmiffomm,
717 3614 879 3651 didicimus,
897 3614 983 3644 iidem
1004 3614 1101 3645 nuncii
1118 3612 1220 3651 vestri,
1246 3614 1302 3644 una

253 3662 320 3683 curn
332 3655 409 3686 (111510
422 3655 583 3693 Episcopo,
598 3655 631 3684 &
646 3653 702 3683 aliis
713 3652 814 3683 nostris
829 3654 954 3690 nunciis,
969 3654 1047 3691 juxta
1060 3650 1160 3683 vestrae
1183 3650 1305 3681 (3011110-

255 3691 326 3721 dinis
347 3694 520 3724 voluntatem
544 3693 578 3723 &
596 3691 738 3728 nostram,
757 3701 820 3728 quae
835 3691 912 3730 super
926 3690 1174 3722 confoederationis
1186 3689 1305 3719 vinculo

258 3729 292 3759 &
306 3731 408 3760 unione
420 3733 551 3762 amicitiae
563 3730 699 3768 specialis,
718 3731 788 3758 inter
803 3739 855 3759 nos
870 3738 971 3760 mutuo
984 3729 1134 3766 faciendis,
1152 3727 1202 3758 sibi
1222 3737 1306 3757 com—

260 3767 340 3797 miffa
351 3768 458 3800 fuerant
471 3771 503 3801 ὃς
517 3769 658 3806 10100613,
673 3767 790 3797 fideliter
810 3768 1030 3805 pertractarunt,
1047 3766 1195 3804 vestraque
1215 3765 1309 3796 Subli-

262 3805 341 3871 nglitas
353 3806 557 3872 {ubsequenteffi
575 3817 639 3845 quse
652 3816 701 3844 per
715 3815 763 3836 eos
775 3805 900 3836 facienda
912 3806 1046 3844 promissa
1058 3806 1182 3843 fuerant,
1201 3804 1308 3835 fidelius

262 3853 279 3872 a
299 3852 357 3878 imp
371 3853 438 3880 evit,

278 3879 346 3948 &Ex
358 3891 414 3917 quo
422 3882 563 3914 Serenitati
576 3882 676 3913 vestrae
688 3881 722 3912 ad
737 3891 803 3920 quas
816 3881 961 3921 possumus
975 3884 1124 3922 gratiarum
1144 3880 1314 3918 assurgimus

260 3928 277 3948 a
309 3928 394 3947 lones.

303 3955 370 3985 Nos
383 3965 474 3986 autem
483 3980 492 3993 ,
509 3960 711 3988 conventiones
726 3956 976 3989 confoederationis
987 3957 1161 3997 hujusmodi,
1179 3965 1245 3994 quas
1259 3965 1313 3993 pro

266 3994 348 4024 nobis
367 3996 400 4024 &
420 3994 573 4023 haeredibus
592 3996 691 4025 nostris
711 3996 923 4033 ratificavimus,
941 3999 1163 4034 acceptavimus,
1181 3996 1213 4025 &
1229 3995 1314 4023 inno·

267 4033 393 4062 vavimus
401 4055 411 4069 ,
429 4031 542 4061 firmiter
551 4033 697 4063 observare
708 4034 834 4064 volentes
843 4058 852 4071 ,
868 4034 947 4071 super
961 4036 1081 4072 ipsarum
1099 4034 1311 4070 observatione,

265 4070 296 4102 in
311 4079 395 4102 manu
411 4070 510 4100 nobilis
521 4071 590 4107 viri,
608 4069 749 4102 Eustachii
762 4072 799 4103 de
815 4071 950 4104 Pomerio
965 4073 1065 4104 Militis
1086 4071 1171 4105 vestri
1187 4071 1221 4103 δε
1243 4079 1311 4102 nos·

684 161 1485 217 CONVENTIONES,
1539 160 1922 212 LITERAE,

1320 248 1372 286 tri,
1397 247 1435 315 acl1
1453 248 1510 279 hoc
1530 259 1580 288 per
1601 249 1794 280 excellentiam
1814 247 1936 280 vestram
1958 243 2122 284 constituti,
2147 244 2236 276 fidem
2253 246 2383 280 dedImus
2409 248 2557 285 Ann.D,⁷›

1324 296 1506 355 mssfcfiigrixdo
1525 326 1726 356 nichilominus
1742 335 1792 363 per
1810 322 1972 362 speetabiles
1991 323 2068 354 viros
2079 347 2089 361 ,
2114 321 2303 354 Edmundum
2324 324 2388 355 Co-
2407 299 2527 360 ΕΞἋί.

1324 364 1425 393 mitem
1448 362 1605 394 Cornubiae
1625 363 1867 402 consanguineum
1885 361 2031 399 nostrum,
2057 361 2210 399 Rogerum
2229 361 2338 392 dietum
2360 363 2388 394 le

1325 401 1415 441 Bigod
1432 401 1582 433 Comitem
1597 401 1773 433 Norffolciae
1787 403 1820 432 &
1836 403 1854 421 *²
1870 401 1985 438 Angliae
2000 399 2388 438 Marescallum,Hugonem
2407 405 2537 445 *11.665‚
2561 447 2565 453 ἱ

1324 440 1351 470 le
1374 440 1529 477 Despenser
1550 441 1695 478 Militem,
1714 442 1747 471 &
1764 440 1928 479 Johannem
1947 439 1984 469 de
2003 439 2154 476 Langeton
2173 437 2385 470 Cancellarium

1324 477 1470 517 nostrum,
1495 480 1524 508 in
1544 480 1625 516 ipsius
1645 479 1805 517 Eustachii,
1830 479 1863 509 δε
1887 477 2019 517 Magistri
2040 477 2155 508 Gerlaci
2178 476 2323 508 Canonici
2345 477 2387 508 A-

1326 517 1435 554 quensis
1449 518 1536 548 fratris
1548 518 1587 548 sui
1600 517 1758 555 praesentia,
1778 519 1806 547 in
1822 517 1944 546 animam
1956 515 2081 546 nostram
2092 516 2120 545 id
2133 515 2210 546 idern
2212 517 2312 554 jurari,
2332 516 2387 547 sic-

1325 564 1357 585 ut
1383 565 1432 592 per
1452 556 1553 586 litteras
1568 555 1693 593 nostras,
1713 557 1778 585 inde
1789 555 1947 592 confectas,
1965 564 2014 592 per
2026 554 2234 584 ordinationem
2246 553 2281 584 N
2285 556 2387 585 uncio-

1325 603 1389 623 rum
1403 593 1581 633 vestrorum,
1596 593 1739 624 tradendas
1754 594 1787 624 &
1801 593 1971 631 affignandas
1990 593 2080 624 nobili
2101 593 2165 623 viro
2186 591 2300 623 Corniti
2320 593 2388 624 Ho-

1325 631 1441 669 landiae,
1461 632 1569 670 plenius
1582 634 1684 670 poterit
1698 643 1837 670 apparere.

1363 669 1594 709 Magnitudinem
1608 670 1730 701 vestram
1743 671 1898 701 affectuose
1911 679 2053 709 rogantes,
2074 677 2208 707 quatenus
2229 669 2389 709 praedietis,

1325 707 1480 739 Eustachio
1493 710 1526 740 &
1541 709 1685 747 Magistro
1698 708 1840 748 Gerlaco,
1860 711 1888 738 in
1902 709 1952 738 hiis
1989 718 2052 747 quae
2064 708 2143 746 super
2166 707 2310 745 praemiffis
2333 718 2387 739 vo-

1326 747 1384 815 bis,
1403 757 1528 816 eghpgrte
1541 748 1654 786 nostra,
1669 747 1799 779 duxerint
1813 757 1944 785 exponen
1965 758 1996 786 a,
2014 746 2101 777 fidem
2115 747 2273 785 dignemini
2287 746 2388 778 credu-

1337 795 1384 815 am
1399 797 1413 816 a
1455 797 1463 816 i
1486 796 1540 817 ere.

1363 861 1432 892 Dat.
1453 861 1587 893 London.
1608 872 1634 902 9.
1655 863 1701 894 die
1719 863 1916 902 NovembriS‚
1935 872 2010 893 anno
2029 860 2152 892 Domini
2181 872 2266 902 1294.
2287 862 2387 901 Regni

1325 902 1396 930 vero
1413 901 1500 931 nostri
1515 911 1590 932 anno
1605 912 1654 931 22.

1370 1035 1420 1067 De
1438 1032 1486 1066 die
1502 1038 1538 1073 ὠ
1554 1035 1613 1067 loco
1624 1061 1634 1078 ,
1661 1031 1769 1082 quibus
1786 1036 1851 1067 Rex
1867 1033 1984 1079 Angliae
1997 1036 2033 1071 ὠ·
2052 1036 2120 1067 Rex
2135 1037 2339 1068 Romanorum

1711 1086 1866 1115 convenire
1880 1081 1993 1115 debent.

1327 1170 1624 1232 EXcellentiffimo
1644 1171 1787 1216 Principi,
1813 1170 1949 1201 Domino
1967 1170 2003 1200 A.
2027 1169 2086 1201 Dei
2104 1170 2205 1210 gratia,
2220 1169 2299 1217 Regi
2319 1172 2384 1203 Ro-
2401 1174 2478 1207 Anu,
2493 1176 2537 1208 D,

1339 1248 1357 1254 ,Α
1406 1220 1557 1242 1113001001
1578 1210 1693 1248 illustri,
1712 1210 1820 1254 semper
1842 1209 1992 1253 Augusto,
2010 1208 2182 1253 Edwardus,
2200 1209 2301 1240 eadem
2322 1221 2385 1249 gra-
2424 1223 2509 1254 1294,

1325 1255 1378 1285 03,
1389 1249 1463 1279 Rex
1477 1250 1608 1288 Angli-ae,
1627 1250 1687 1280 &c.
1703 1249 1824 1279 faelicem
1839 1249 1971 1288 regnandi
1984 1248 2122 1287 gloriam,
2139 1249 2173 1280 &
2188 1248 2311 1279 salutem.
2404 1256 2455 1281 An.
2474 1264 2520 1284 22.

1361 1287 1451 1327 Super
1464 1288 1510 1319 die
1522 1290 1555 1320 &
1569 1289 1653 1326 loco,
1673 1289 1774 1326 quibus
1787 1297 1838 1317 vos
1851 1288 1884 1318 &
1900 1297 1952 1317 nos
1965 1289 2120 1317 convenire
2140 1287 2296 1326 debemus,
2308 1288 2386 1327 juxra
2405 1295 2434 1319 E.
2460 1301 2483 1320 i.

2564 503 2570 529 ⁴

2563 532 2570 682 l

2564 686 2570 850 l

1326 1326 1404 1363 quod
1419 1327 1491 1357 inter
1507 1327 1642 1358 Nuncios
1657 1326 1764 1357 vestros
1780 1326 1813 1356 &
1827 1325 1939 1357 nostros
1953 1325 2041 1355 fuerat
2056 1326 2274 1364 pertractatum,
2293 1327 2385 1358 0111111-
2405 1333 2461 1358 Rot.
2474 1330 2534 1359 Ale-
2569 1353 2570 1358 ,

1325 1364 1365 1394 110
1379 1365 1412 1395 &
1426 1364 1626 1396 deliberatione
1639 1365 1732 1395 habita
1745 1363 1888 1402 diligenti,
1907 1364 2096 1394 consensimus
2109 1365 2137 1393 in
2153 1373 2246 1394 certos
2259 1365 2336 1395 diem
2352 1366 2385 1396 ὃς
2405 1378 2475 1398 man.
2489 1380 2535 1398 ιι.

1325 1402 1443 1441 locum,
1462 1405 1511 1442 qui
1535 1405 1618 1435 vobis
1639 1406 1672 1435 &
1694 1404 1776 1434 nobis
1788 1403 2018 1441 commodiores,
2035 1402 2164 1443 inspectis
2178 1402 2388 1438 conditionibus
2404 1411 2435 1434 Ε.
2454 1417 2483 1437 i.
2497 1418 2536 1437 ιιι.

1325 1442 1478 1481 omnibus,
1496 1442 1676 1473 videbantur:

1364 1479 1413 1510 De
1427 1483 1528 1520 quibus
1544 1480 1685 1520 Magistro
1706 1479 1849 1517 Gerlaco,
1868 1478 2025 1517 Capeliano
2044 1478 2155 1518 vestro,
2174 1478 2326 1512 Canonico
2347 1481 2390 1512 A-

1327 1519 1438 1558 quenfi,
1458 1521 1491 1551 &
1511 1519 1666 1550 Eustachio
1687 1517 1723 1548 de
1745 1518 1883 1548 Pomerio
1901 1518 1976 1548 fratri
1999 1518 2065 1556 suo,
2084 1518 2179 1549 vestro
2195 1518 2283 1550 Militi
2304 1529 2389 1558 atque

1327 1557 1442 1596 nostro,
1462 1558 1638 1596 praesentium
1652 1557 1868 1595 exhibitoribuS,
1881 1556 2006 1586 nostram
2019 1557 2194 1587 voluntatem
2207 1558 2389 1596 expressimus

1326 1596 1360 1627 &
1379 1595 1533 1634 assensum,
1547 1596 1727 1627 Excellentiae
1746 1595 1861 1633 vestrae,
1885 1605 1936 1635 per
1955 1594 2041 1634 ipsos,
2068 1595 2113 1626 vel
2132 1606 2233 1626 eorum
2251 1596 2389 1634 alterum,

1329 1644 1362 1664 ex
1384 1644 1459 1673 parte
1480 1635 1591 1673 nostra,
1610 1635 1716 1673 plenius
1737 1634 1940 1672 intimandum,
1957 1634 2036 1672 super
2058 1644 2117 1673 quo
2131 1634 2286 1673 significare
2305 1636 2389 1666 nobis

1326 1673 1485 1711 dignemini
1501 1674 1675 1713 beneplacita
1690 1672 1790 1704 vestrae
1805 1674 1913 1704 mentis.

2407 1454 2450 1481 ¹9·

1363 1753 1432 1785 Dat.
1451 1753 1588 1785 London.
1609 1763 1636 1793 9.
1656 1754 1826 1786 Novembr.

1430 1885 1480 1916 De
1487 1881 1637 1927 fidelitate
1649 1892 1686 1922 (y-
1702 1885 1855 1928 Homagio
1877 1885 2000 1916 Comitis
2016 1880 2287 1931 Kazinelugbogin.

1392 1970 1468 2010 EX,
1491 1972 1551 2003 &c.
1578 1970 1728 2010 speetabili
1747 1971 1825 2009 viro,
1849 1970 1985 2003 Domino
2007 1971 2192 2010 Eberhardo‚
2219 1969 2334 2002 Comiti
2353 1970 2391 2002 de
2407 1973 2535 2006 Ann,D,

1410 2010 1678 2050 Kazinelugbogin,
1695 2010 1808 2041 salutem
1822 2010 1855 2041 δε
1868 2010 2061 2042 (111061100οω.
2428 2023 2516 2054 1294.

1364 2047 1413 2079 De
1429 2049 1587 2088 diligentia,
1600 2058 1686 2088 quam
1699 2050 1774 2079 circa
1789 2048 1998 2087 expeditionem
2011 2050 2198 2088 negotiorum
2214 2047 2389 2087 nostrorum,
2404 2057 2457 2083 An.
2473 2063 2520 2082 22.

1326 2088 1357 2117 in
1380 2087 1468 2118 Curia
1486 2087 1609 2118 Domini
1629 2087 1834 2118 Romanorum
1855 2087 1958 2127 Regis,
1975 2088 2153 2126 adhibuistis,
2172 2087 2240 2117 ficut
2255 2097 2305 2124 per
2320 2088 2388 2118 rela-
2406 2096 2436 2120 Ε.
2458 2102 2482 2120 i.

1325 2126 1436 2157 tionem
1456 2126 1587 2166 Magistri
1607 2125 1740 2164 Gerlaci‚
1767 2127 1800 2157 &
1821 2125 1966 2158 Eustachii
1985 2127 2021 2158 de
2042 2126 2179 2157 Pomerio
2200 2125 2316 2163 Militis,
2333 2125 2388 2156 fra-
2404 2134 2459 2158 Rot.
2475 2129 2538 2158 Ale·

1327 2173 1419 2202 trum,
1436 2166 1615 2204 accepimus,
1633 2165 1716 2196 vobis
1730 2165 1874 2195 referimus
1890 2166 1990 2197 multas
2001 2167 2114 2206 gratias:
2405 2178 2475 2196 man.
2492 2177 2539 2195 22.

1363 2202 1509 2271 lRt>fg,2³.ntes
1530 2213 1579 2242 ut,
1597 2204 1674 2243 quod
1695 2203 1775 2242 super
1792 2204 1851 2235 11οο
1871 2204 2019 2236 liberaliter
2039 2202 2197 2242 incepistis,
2222 2203 2389 2234 continuare
2406 2211 2439 2272 Εέ
2457 2217 2481 2235 i.
2499 2215 2539 2243 rm<

1326 2251 1425 2273 veins.
2408 2255 2418 2273 i
2443 2265 2451 2273 .

1367 2280 1504 2311 Formam
1517 2280 1700 2319 expeditionis
1714 2279 1799 2310 vestri
1811 2281 1934 2320 negotii,
1953 2291 2018 2319 quae
2030 2280 2072 2312 est
2087 2280 2160 2319 talis,
2179 2279 2330 2319 videlicet,

1365 2318 1457 2357 Qod
1474 2318 1626 2358 postquam
1645 2319 1727 2349 nobis
1747 2318 1920 2357 constiterit,
1939 2330 1988 2357 per
2011 2321 2111 2350 litteras
2125 2318 2229 2350 vestras
2236 2341 2246 2357 ‚
2265 2320 2298 2349 &
2318 2318 2390 2349 diffi

1326 2356 1470 2388 Eustachii
1484 2358 1521 2388 de
1534 2357 1690 2396 Pomerio,
1707 2367 1758 2387 vos
1772 2357 1865 2388 eidem
1879 2357 2050 2396 Eustachio,
2065 2359 2184 2388 nomine
2205 2356 2321 2395 nostro,
2339 2358 2390 2388 Sa-

1325 2405 1505 2427 cramentum
1525 2396 1660 2426 fidelitatis
1701 2395 1835 2426 raestitiss‘e
1849 2420 1858 2434 ,
1883 2398 1966 2427 vobis
1987 2397 2033 2428 vel
2056 2396 2190 2427 mandato
2211 2395 2307 2427 vestro
2321 2419 2331 2433 ,
2358 2396 2389 2426 in

1326 2433 1476 2465 Comitatu
1498 2434 1650 2465 Holandiae
1693 2443 1806 2464 ucentas
1829 2435 1861 2465 δε
1876 2437 2075 2475 quinquaginta
2087 2435 2168 2466 libras
2181 2434 2390 2473 Sterlingorum

1325 2472 1460 2504 faciemus
1474 2473 1592 2505 exsolvi:
1614 2472 1651 2504 Et
1665 2473 1728 2503 alias
1745 2473 1878 2504 ducentas
1892 2475 1925 2505 &
1941 2475 2008 2513 quin
2031 2475 2141 2511 uaginta
2154 2473 2251 2510 libras,
2267 2472 2391 2511 ejusdem

1326 2520 1544 2551 monetae‚cum
1557 2511 1640 2543 nobis
1653 2511 1820 2549 homagium
1833 2512 1953 2543 feceritis
1966 2513 2004 2544 de
2063 2513 2124 2542 stris
2136 2511 2173 2542 de
2187 2511 2390 2550 Hohenbergh

1326 2551 1360 2582 &
1373 2550 1564 2590 Steynheym,
1582 2561 1646 2590 quae
1661 2561 1713 2581 vos
1729 2551 1762 2582 ὃ(
1775 2550 1899 2582 haeredes
1912 2550 1996 2582 vestri
2017 2551 2053 2582 de
2072 2551 2156 2582 nobis
2175 2551 2208 2582 &
2230 2548 2389 2580 haeredibus

1327 2589 1430 2619 nostris
1443 2591 1472 2619 in
1488 2590 1575 2620 feodo
1587 2598 1683 2620 tenere
1696 2589 1848 2628 debebitis,
1867 2591 1900 2620 &
1915 2600 1979 2628 quae
1994 2591 2010 2621 a
2025 2590 2142 2620 nemine
2153 2588 2268 2619 asseritis
2279 2597 2331 2619 vos
2347 2596 2390 2619 te-

1326 2637 1409 2666 nere,
1427 2627 1643 2667 castrorumque
1664 2627 1777 2658 illorum
1795 2627 1955 2667 superioris,
1970 2629 1991 2660 si
2009 2630 2071 2668 quis
2093 2628 2192 2666 fuerit,
2210 2626 2391 2659 voluntatem

1326 2668 1543 2705 procuraveritis
1558 2668 1591 2698 δε
1606 2666 1760 2697 assensum:

1364 2704 1528 2744 Praediffis,
1549 2705 1694 2743 Magistro
1712 2704 1854 2742 Gerlaco,
1871 2705 1904 2735 &
1927 2704 2098 2742 Eustachio,
2114 2705 2197 2735 vobis
2218 2703 2327 2742 plenius
2343 2711 2393 2733 ex-

1327 2744 1490 2781 ponendam
1506 2767 1516 2782 ,
1540 2743 1735 2775 commisimus
1755 2743 1821 2774 viva
1841 2753 1932 2781 voce,
1958 2745 2059 2786 quibus
2080 2745 2110 2773 in
2131 2743 2201 2780 hiis,
2228 2751 2292 2779 quae
2313 2741 2393 2779 super

1328 2782 1488 2851 fraerrfflig,
1508 2792 1541 2812 ex
1554 2791 1631 2821 parte
1641 2780 1755 2820 nostra,
1773 2781 1857 2812 vobis
1868 2782 2067 2820 expresserint,
2087 2780 2174 2812 fidem
2187 2780 2276 2812 velitis
2289 2779 2394 2810 credu-

1339 2830 1411 2850 assla
1453 2831 1461 2850 1
1483 2831 1538 2851 ere.

1366 2900 1434 2932 Dat.
1452 2900 1526 2938 apud
1538 2899 1665 2932 Westm.
1687 2909 1732 2930 12.
1747 2899 1792 2931 die
1806 2899 1972 2931 Novembr.

1331 3035 1380 3067 De
1403 3031 1611 3080 Juramenzo,
1635 3029 1675 3065 ab
1701 3029 1924 3077 Archiepistopo
1948 3031 2126 3075 Coloniensi,
2144 3031 2237 3078 fhper
2260 3035 2395 3068 Servitia

1517 3082 1575 3127 fico
1592 3091 1695 3114 contra
1714 3083 1823 3127 Regem
1838 3082 1969 3113 Franciae
1981 3106 1992 3123 ,
2018 3080 2190 3127 recipiendo.

1332 3170 1408 3233 N
2205 3231 2260 3277 E'ui
2276 3249 2392 3278 achium
2431 3233 2516 3263 ¹²94

1332 3247 1529 3280 constituimus
1543 3248 1576 3277 δε
1589 3250 1736 3286 ponimus,
1755 3247 1822 3277 loco
1835 3246 1942 3285 nostri,
1960 3246 2079 3276 dilectos
2092 3247 2192 3284 nobis,
2411 3266 2451 3290 Aa
2479 3272 2512 3290 η

1332 3288 1368 3317 de
1381 3286 1518 3316 Pomerio
1530 3285 1674 3324 Militem,
1694 3287 1712 3304 ²¹²
1729 3287 1762 3324 ἃ
1779 3285 1950 3325 Magistrum
1965 3285 2121 3315 Gerlacum
2136 3286 2250 3316 fratrem
2263 3287 2321 3325 ejus
2335 3286 2394 3318 Ca-
2411 3305 2431 3328 E
2457 3285 2469 3327 '1
2517 3282 2525 3290 ⁸

1334 3326 1473 3357 nonicum
1487 3324 1575 3354 beatae
1590 3324 1693 3355 Mari-ae
1709 3324 1862 3361 Aq{leniis,
1881 3324 1926 3354 vel
1940 3333 2041 3354 eorum
2055 3323 2189 3362 alterum,
2409 3321 2463 3367 R„-
2476 3322 2543 3366 {ale-

1371 3364 1418 3394 Ad
1438 3362 1650 3402 recipiendum,
1668 3364 1785 3393 nomine
1804 3362 1919 3400 nostro,
1939 3363 1954 3392 a
1975 3362 2126 3393 venerabili
2149 3363 2249 3402 Patre,
2271 3363 2392 3401 sifrido,
2411 3386 2478 3403 man,
2496 3386 2543 3405 22·

1335 3403 1395 3433 Dei
1407 3400 1508 3441 gratia,
1523 3401 1636 3432 Sanetae
1651 3401 1820 3432 Coloneniis
1841 3401 1975 3431 Ecclesiae
1994 3400 2237 3440 Archiepiscopo,
2249 3402 2392 3440 juramen·
2409 3419 2439 3441 E.
2452 3423 2509 3441 Lm

1336 3450 1416 3479 tum,
1434 3439 1511 3480 quod
1526 3440 1609 3470 nobis
1623 3440 1751 3478 praestare
1765 3448 1892 3477 tenetur,
1910 3439 1946 3470 de
1960 3439 2095 3470 servando
2106 3440 2139 3470 &
2158 3439 2341 3477 adimplendo
2358 3438 2392 3469 fi·
2415 3453 2457 3481 13·
2512 3435 2520 3444 ⁸

1338 3480 1439 3510 deliter
1451 3479 1674 3518 conventiones,
1692 3481 1763 3509 inter
1775 3488 1828 3508 nos
1842 3479 1875 3508 ὃ(
1890 3478 1978 3516 ipsum
2000 3479 2093 3516 initas,
2111 3477 2192 3516 super
2210 3478 2322 3508 servitio
2342 3477 2393 3508 suo
2410 3488 2544 3519 ⁸11.666.

1338 3527 1407 3548 cum
1426 3516 1503 3546 mille
1522 3516 1684 3547 hominibus
1707 3518 1816 3547 armatis
1839 3517 1980 3554 equitibus
2001 3517 2055 3554 (de
2078 3517 2179 3554 quibus
2204 3516 2331 3547 trescenti
2358 3515 2392 3546 &

1339 3556 1542 3594 quinquaginta
1562 3565 1643 3585 erunt
1666 3555 1791 3591 Milites)
1814 3563 1915 3585 contra
1939 3555 2050 3594 Regem
2070 3554 2263 3592 Francorum,
2287 3555 2320 3584 δε
2338 3554 2396 3592 ejus

1342 3594 1498 3631 vaniores,
1516 3603 1565 3630 per
1578 3593 1731 3625 dimidium
1744 3603 1851 3623 annum
1863 3595 1891 3623 in
1907 3593 1936 3623 R
1973 3604 2012 3624 no
2024 3593 2048 3624 F
2049 3594 2150 3623 ranciae
2164 3590 2364 3630 impendendo.

1380 3633 1489 3662 Rarum
1509 3632 1627 3662 habitui-i
1650 3635 1683 3663 <Sc
1706 3641 1817 3669 gratum
1839 3633 1953 3670 quicqui
1987 3641 2036 3670 per
2047 3631 2136 3669 ipsos,
2154 3631 2198 3661 vel
2213 3639 2310 3660 eorum
2328 3628 2397 3660 alte-

1341 3681 1422 3708 rum,
1440 3679 1587 3707 receptum
1599 3671 1721 3701 fueritin
1737 3671 1788 3700 hac
1810 3679 1901 3708 parte:
1920 3670 1991 3702 Hoc
2004 3670 2155 3710 omnibus,
2173 3677 2298 3708 quorum
2309 3668 2396 3699 inter-

1344 3709 1385 3739 est
1393 3733 1402 3746 ,
1420 3718 1519 3739 tenore
1528 3709 1706 3746 praesentium
1720 3711 1888 3741 intimantes.

1416 3169 1466 3215 OS
1487 3169 1656 3210 Edwardus,
1676 3168 1736 3214 Dei
1753 3169 1854 3214 gratia,
1873 3168 1940 3199 Rex
1960 3168 2092 3214 Angliae,
2117 3168 2263 3214 Dominus
2285 3169 2394 3202 Hiber-
2411 3184 2540 3216 AnnD·

1427 3219 1481 3239 mae
1493 3209 1527 3239 &
1542 3209 1612 3240 Dux
1622 3209 1819 3248 Aquitanniae,
1838 3216 1940 3238 notum
1955 3208 2072 3238 facimus
2086 3211 2217 3239 universis
2274 3209 2331 3239 uod
2339 3220 2393 3240 nos
2529 3218 2532 3219 ⁷

1383 3786 1452 3856 ξας.
1469 3787 1544 3825 apud
1557 3788 1850 3823 westmonasterium
1868 3799 1912 3821 12.
1930 3789 1977 3821 dic
1988 3787 2182 3826 Novembris,
2199 3795 2276 3818 anno
2299 3786 2398 3826 Regni

1347 3836 1387 3857 no
1415 3837 1437 3856 ri
1448 3835 1495 3857 22.
