2570 4261
709 194 820 235 ET
900 196 1166 237 ACTA

0 292 42 314 rin.
55 279 95 312 D.
117 288 166 317 per
182 279 239 310 hoc
260 280 414 318 provisioni
427 281 461 312 δε
477 279 647 310 ordinationi
668 280 748 318 ipsius
768 278 911 310 Pontificis
926 303 936 318 ,
960 291 1008 318 per
1028 282 1172 319 proprium

3 321 70 358 267.
116 319 320 357 juramentum,
338 319 372 349 &
387 326 509 359 patentes
524 319 639 356 litteras,
655 319 736 354 ipsius
749 316 872 348 Comitis
887 319 973 355 sigillo
986 322 1120 356 munitas,
1138 320 1172 350 &

0 371 28 388 n.
42 368 68 396 3.
116 356 284 395 fidejussores
298 358 413 387 idoneos
426 380 435 396 ,
459 357 508 386 sub
528 367 613 394 poena
626 357 726 396 viginti
739 356 858 385 millium
881 356 1044 388 Marcarum
1058 358 1171 388 Sterlin-

115 404 217 434 gotum
225 419 234 433 ,
252 395 403 433 specialiter
415 395 560 438 obligavit.

153 434 286 464 Praefatus
300 435 383 463 etiam
399 432 544 462 Dominus
565 432 631 462 Rex
649 432 807 470 hujusmodi
825 432 994 464 submiffioni
1015 433 1171 472 consensit,

114 480 281 502 contentum
301 471 328 501 se
347 480 476 507 reputans
491 494 500 508 ,
526 471 558 501 δε
580 480 726 508 acceptans
747 471 868 510 expresse
894 472 1028 511 quidquid
1049 472 1173 503 summus

112 509 247 540 Pontifex
260 508 337 548 super
349 509 492 538 securitate
504 508 635 548 praedicta
648 509 758 539 duxerit
769 508 962 540 ordinandum.

153 547 186 578 In
199 548 275 584 cujus
287 548 326 576 rei
339 546 532 577 testimonium
555 547 588 577 &
604 555 763 586 perpetuam
779 547 937 578 firmitatem
951 573 960 587 ,
983 548 1088 589 praefati
1108 548 1174 578 Rex

115 585 271 653 &bComes
284 585 401 625 praesens
414 585 546 625 scriptum
566 585 692 616 fecerunt
712 585 862 624 sigillorum
882 587 995 617 suorum
1016 588 1172 617 munimine

114 634 148 654 ro
169 633 250 654 orari.

115 744 127 768 t
143 698 241 776 'geiste
261 699 367 738 meipso
384 700 458 740 apud
479 699 635 738 Strafford,
656 699 692 730 16
712 700 757 730 die
775 700 853 739 Junii
866 724 876 740 ,
901 711 976 732 anno
996 700 1092 741 Regni
1106 712 1172 733 nos-

129 747 150 768 ri
207 761 213 766 .

114 862 163 894 De
187 860 264 893 dicto
289 863 403 907 Reginoi
432 864 562 894 Franciae
583 866 660 894 inter
682 865 789 910 Regem
808 889 817 905 ,
852 862 1045 896 Ediimrdum
1065 864 1169 908 filium

158 912 265 955 Regis;
294 912 330 946 &¹
352 909 551 955 Reginaldum
566 910 601 943 de
617 909 776 953 Pontibus,
799 915 835 949 ώ·
857 915 1074 958 Margaretam
1092 924 1170 945 uxo-

161 969 225 990 rem
244 968 317 1002 ejus.

0 1068 42 1088 rin.
55 1055 96 1086 D.

4 1095 41 1126 26
46 1104 70 1132 7.

0 1146 47 1209 ²'3'
60 1143 82 1161 ι’
116 1158 194 1197 super
209 1159 395 1189 controverlia
409 1161 442 1191 ὃς
458 1160 536 1190 causa
551 1183 560 1198 ,
585 1169 648 1197 quae
668 1161 740 1190 inter
756 1170 807 1190 nos
827 1161 860 1190 &
878 1159 1049 1196 Edwardum
1089 1160 1176 1190 rimo-

0 1219 15 1238 :t
40 1195 85 1246 '51-
137 1197 244 1226 enitum
262 1196 390 1226 nostrum
406 1221 415 1236 ,
438 1207 471 1228 ex
494 1206 567 1235 parte
583 1208 636 1228 una
649 1220 658 1237 ,
684 1199 716 1228 &
730 1197 919 1237 Reginaldutn
938 1198 973 1227 de
987 1197 1072 1228 Ponti
1095 1208 1124 1228 us
1139 1199 1173 1229 δε

0 1271 2 1275 y
19 1233 52 1285 '3-
117 1206 307 1274 {stargaretam
323 1245 439 1265 uxorem
455 1237 525 1274 ejus,
544 1236 629 1266 filiam
647 1236 789 1274 quondam
809 1235 887 1275 Elyae
901 1235 1030 1274 Rudelli,
1052 1235 1174 1266 Domini

7 1295 46 1322 40
117 1273 152 1303 de
168 1273 346 1312 Brageriaco,
362 1283 395 1303 ex
409 1274 509 1312 altera,
526 1274 604 1313 super
620 1273 721 1304 Castro
732 1273 767 1303 de
781 1273 963 1311 Brageriaco,
989 1274 1021 1304 δε
1040 1275 1096 1312 ejus
1111 1284 1175 1312 per-

50 1308 55 1315 ’
115 1313 253 1349 tinentiis,
273 1313 305 1342 ὅτ.
319 1312 374 1342 aliis
389 1313 484 1350 rebus,
501 1312 570 1341 olim
593 1313 621 1341 iii
635 1311 720 1341 Curia
741 1311 911 1341 Sereniffimi
926 1311 1061 1352 Principis
1076 1312 1175 1342 Ludo-

114 1351 188 1388 vici,
208 1349 267 1380 Dei
282 1350 382 1390 gratia,
401 1350 526 1380 Franciae
541 1349 627 1388 Regis
639 1349 746 1380 illustris
765 1349 936 1386 vertebatur,
956 1351 986 1379 in
998 1350 1129 1380 omnibus
1141 1351 1175 1382 ὃς

116 1399 165 1427 per
180 1389 294 1426 omnia,
312 1396 394 1426 prout
409 1389 438 1418 in
460 1388 555 1418 litteris
575 1387 694 1424 ejusdem
717 1387 856 1417 Dominae
880 1387 999 1426 Reginae
1020 1389 1175 1427 confedtis,

118 1437 151 1457 ac
166 1427 255 1465 sigillo
268 1427 317 1456 suo
330 1427 436 1466 {ignatis
453 1428 527 1466 (quae
540 1426 576 1455 fic
590 1427 743 1464 incipiunt,
760 1425 794 1455 N
804 1425 900 1456 OVE
910 1426 937 1455 R
948 1426 1042 1456 INT
1064 1429 1176 1457 univer-

117 1466 154 1504 si,
172 1466 206 1495 ad
222 1474 291 1502 quos
327 1465 423 1495 raesens
435 1465 485 1494 scri
508 1474 584 1501 tum,
600 1465 632 1494 &
652 1465 690 1495 sic
709 1464 831 1502 finiunt,
856 1463 1041 1495 ACTUM
1056 1465 1097 1495 est
1118 1465 1176 1497 hoc

117 1503 198 1534 Paris
213 1503 281 1533 feria
301 1474 418 1533 sgcunda
434 1475 506 1543 pois
519 1503 704 1533 Dominicam
719 1526 728 1540 ,
753 1513 807 1542 qua
827 1511 951 1534 cantatur
966 1503 1057 1533 laetare
1069 1503 1176 1542 Jerusa-

115 1542 190 1579 lem,
208 1551 284 1571 anno
298 1540 420 1571 Domini
437 1544 534 1580 1263.)
551 1541 657 1580 plenius
670 1541 846 1572 continetur:

156 1579 356 1618 Emologantes
371 1581 404 1610 ὃς
420 1589 471 1619 pro
484 1579 565 1610 nobis
580 1579 613 1610 &
633 1579 788 1609 haeredibus
809 1578 909 1609 nostris
926 1581 960 1611 δε
978 1580 1176 1620 approbantes,

135 1617 314 1649 osseffionem
333 1617 401 1648 dieti
425 1618 517 1649 Castri
538 1618 570 1648 &
586 1618 785 1656 pertinentium
805 1618 925 1656 ejusdem
937 1643 946 1656 ,
973 1628 1056 1657 quam
1072 1642 1081 1657 ,
1102 1619 1178 1650 dicta

150 1656 230 1697 egina
243 1656 359 1687 volente
375 1656 408 1687 δε
421 1657 581 1693 ordinante,
597 1655 666 1686 dieti
680 1657 811 1696 conjuges
825 1657 887 1687 sunt
908 1657 1015 1696 adepti,
1031 1665 1117 1688 ratam
1130 1658 1179 1689 ha-

115 1695 211 1725 bentes
227 1695 261 1726 &
274 1702 379 1734 gratam
394 1706 403 1732 3

154 1733 285 1763 Omnem
297 1733 457 1770 actionem,
475 1731 555 1761 nobis
569 1740 781 1770 competentem
796 1742 830 1763 ex
851 1733 928 1764 causa
943 1733 1093 1774 praedieta,
1108 1735 1178 1766 iram

117 1772 152 1802 &
165 1780 312 1802 rancorem
327 1771 430 1808 animi,
449 1779 482 1799 ex
496 1769 720 1808 quibuscumque
734 1772 835 1809 causis,
853 1772 936 1811 usque
950 1772 984 1802 ad
996 1772 1073 1803 diem
1088 1774 1179 1812 prola-

115 1811 202 1840 -tionis
214 1808 283 1839 dieti
303 1808 347 1838 seu
362 1808 542 1838 ordinationis
562 1809 704 1848 praedietae
719 1833 729 1847 ,
755 1819 910 1850 conceptos
929 1817 1027 1842 contra
1047 1813 1179 1851 coniuges

118 1847 302 1885 supradic‘tos‚
320 1846 422 1877 eisdem
436 1847 601 1887 conjugibus
613 1857 666 1887 pro
682 1848 763 1878 nobis
780 1849 814 1879 ὃς
828 1848 982 1879 haeredibus
1002 1849 1103 1879 nostris
1117 1861 1179 1888 per—

119 1888 210 1926 petuo
221 1887 405 1924 remittimus,
422 1886 456 1916 &
468 1886 552 1915 etiam
569 1886 769 1925 pardonamus3
782 1888 977 1932 promittentes
987 1897 1054 1926 n05‚
1073 1889 1106 1919 &
1121 1890 1180 1919 hae-

120 1924 199 1955 redes
213 1924 322 1954 nostros
334 1947 344 1962 ,
369 1932 467 1954 contra
482 1923 590 1953 dietum
609 1924 653 1954 seu
669 1925 876 1956 ordinationem
892 1925 1068 1962 priedit‘tam,
1085 1927 1179 1966 aliquo

120 1971 249 2001 tempo-re
261 1972 321 1993 non
332 1970 465 1993 venturos
477 1973 488 2000 3
510 1961 579 1993 dum
595 1970 689 1993 tamen
700 1964 715 1994 a
732 1972 807 2003 parte
821 1964 904 1995 altera
917 1965 1111 1996 inviolabiliter
1127 1967 1181 1997 ob-

117 2002 246 2032 servetur.

154 2039 187 2071 In
202 2041 298 2078 cujus,
317 2039 376 2070 &c.

114 1041 251 1097 1ὶΕΧ1
264 1042 412 1082 omnibus,
430 1043 490 1088 &e
517 1082 522 1088 ⁶

211 1080 334 1111 antum
347 1082 391 1112 seu
405 1082 628 1120 ordinationem,
647 1083 782 1123 prolatam
796 1084 828 1114 ὃς
849 1083 951 1114 {adtam
967 1092 1017 1124 per
1036 1082 1174 1114 excellen-

118 1118 249 1150 tiffimam
266 1119 427 1151 Dominam
443 1144 452 1160 ,
478 1121 535 1151 Dei
553 1122 636 1160 gratia
648 1145 656 1160 ,
680 1122 814 1152 illustrem
828 1121 968 1161 Reginam
982 1121 1175 1161 Francorum,

119 2130 122 2133 ·
154 2115 231 2147 Data
245 2114 380 2146 London.
397 2125 436 2152 25
449 2116 494 2147 die
503 2114 592 2155 Junii.

115 2246 206 2281 Bulla
233 2247 389 2282 Clementis
415 2250 498 2293 Papae
519 2245 663 2281 Ottobono
683 2246 843 2280 Cardinali
860 2247 973 2281 direffa
992 2247 1027 2280 de
1047 2251 1092 2281 60
1108 2249 1179 2281 mil-

162 2293 240 2327 libus
263 2294 414 2329 librarum
436 2297 647 2339 Turonensium
670 2294 796 2338 conceffi's
818 2296 863 2329 ad
883 2308 951 2342 opus
973 2300 1086 2343 Reginae
1109 2301 1180 2331 An-

153 2344 242 2390 gliae,
267 2343 434 2392 colligendis
457 2344 493 2378 de
520 2343 637 2378 decima
664 2345 840 2388 trienniali‚
866 2348 940 2391 Regi
975 2346 1092 2392 Angliae
1112 2357 1181 2378 con-

160 2392 242 2438 caeffz.

120 2480 305 2542 CLemens
317 2479 487 2522 Episcopus,
509 2480 600 2511 servus
613 2481 754 2512 servorum
768 2481 842 2519 Dei,
862 2481 967 2523 dile&o
981 2481 1040 2512 filio
1056 2482 1095 2512 O.
1111 2482 1181 2513 San-

199 2520 239 2549 &i
253 2519 368 2549 Adriani
383 2520 518 2551 Diacono
532 2519 689 2558 Cardinali,
707 2520 883 2560 Apostolicae
894 2520 964 2550 ledis
979 2520 1104 2559 Legato,
1114 2520 1182 2552 salu-

119 2565 178 2588 tem
193 2558 226 2588 &
240 2556 436 2595 Apostolicam
451 2558 690 2588 benedictionem.

156 2594 199 2625 Ex
238 2604 294 2626 arte
308 2595 454 2626 cariffimae
469 2597 498 2626 in
513 2595 629 2626 Christo
640 2596 706 2628 filiae
719 2596 838 2634 nostrae,
858 2595 980 2635 Regniae
996 2595 1107 2636 Angliae
1120 2597 1182 2627 illu-

118 2633 194 2672 stris,
225 2634 263 2664 uit
286 2643 337 2673 pro
378 2633 460 2664 situm
478 2644 577 2667 coram
588 2635 688 2673 nobis,
707 2635 787 2673 quod
802 2644 855 2665 nos
868 2633 1007 2665 carissimo
1021 2635 1051 2664 in
1065 2634 1182 2665 Christo

76 2669 89 2677 ⁶
119 2672 178 2702 filio
198 2671 313 2710 nostro,
361 2674 404 2710 egi
428 2672 539 2716 Angliae
560 2672 656 2704 illustri
687 2672 831 2703 decimam
846 2674 978 2703 omnium
992 2682 1183 2711 proventuum

119 2710 368 2741 ecclesiasticorum
388 2710 483 2749 Regni
503 2710 614 2750 Angliae
631 2733 642 2749 ,
663 2696 784 2742 iberniae
805 2712 839 2742 ὃ(
859 2711 988 2749 Walliae,
1012 2721 1061 2749 per
1079 2712 1184 2742 Trien-

120 2759 218 2818 ‘stiffi
226 2749 360 2818 ιῗὲἓὶἓὲῗ
369 2749 1184 2827 ῗὲῖἰῐῖῗάἓὲὲέἒῖῑίιέἓε’ὲῗᾶἓῗῗέἑέῗέῗὲ’ἆῗὲἓίἓὲ

142 2826 311 2857 ersolvenda.

121 2836 141 2866 p
158 2864 206 2895 Ut
234 2865 317 2904 igitur
331 2887 340 2902 ‚
367 2873 401 2894 ex
428 2863 587 2902 hujusmodi
608 2864 715 2903 gratia,
740 2864 862 2903 ejusdem
883 2864 1002 2904 Reginae
1021 2864 1186 2895 necessitati-

118 2903 188 2941 bus,
203 2902 392 2941 juxtanostra
410 2902 540 2934 desideria
560 2902 682 2941 satisfiat,
699 2902 857 2934 discretioni
875 2911 931 2934 tuae
950 2913 1000 2941 per
1021 2902 1183 2942 Apostoliea

119 2941 222 2980 scripta
242 2940 421 2979 mandamus,
438 2942 565 2980 quatinus
582 2941 740 2979 hujusmodi
754 2941 887 2981 sexaginta
900 2942 986 2972 millia
998 2942 1148 2980 librarum,
1165 2942 1184 2972 fi

122 2980 236 3010 forsitan
257 2990 317 3010 non
340 2979 401 3009 sunt
421 2979 557 3018 collecta,
575 2989 609 3010 ex
622 2979 848 3015 eadem-decima
860 2989 909 3020 per
921 2980 1062 3018 aliquem,
1080 2980 1125 3011 seu
1137 2980 1186 3010 ali-

123 3027 195 3055 quos
211 3018 326 3056 colligi,
344 3017 378 3047 &
392 3026 423 3046 ea
437 3018 622 3048 creditoribus
632 3018 717 3048 dietae
732 3018 854 3058 Reginae
867 3018 948 3048 facias
960 3019 1099 3057 exhiberi,

160 3055 237 3085 Non
251 3055 380 3085 obstante
388 3078 397 3092 ,
416 3055 436 3084 fi
449 3055 490 3085 est
501 3056 636 3094 aliquibus
643 3056 684 3091 ab
695 3056 862 3096 Apostolica
876 3056 937 3086 sede
952 3057 1093 3088 indultum
1106 3057 1185 3097 quod

122 3092 269 3131 interdici,
287 3091 412 3130 suspendi
433 3093 478 3124 vel
499 3096 738 3128 excommunicari
759 3105 820 3126 non
843 3095 947 3134 possint
969 3105 1018 3134 per
1030 3096 1130 3126 litteras
1144 3096 1186 3126 A-

124 3130 289 3175 postolicas,
303 3141 364 3173 nori
379 3131 508 3176 sacientes
519 3132 628 3176 plenam
641 3133 675 3163 ὃς
686 3143 720 3163 ex
741 3134 842 3177 ressam
854 3133 889 3163 de
902 3133 1013 3165 indulto
1026 3134 1184 3172 hujusmodi

124 3178 319 3208 mentionem,
332 3172 388 3199 live
413 3179 507 3209 quaV1s
527 3168 578 3201 alia
590 3170 674 3202 dietae
689 3143 754 3202 sedis
770 3171 985 3211 *indulgentiQ
1003 3172 1038 3203 de
1049 3173 1118 3212 qua,
1137 3183 1186 3202 cu-

121 3207 220 3247 jusque
238 3216 302 3238 toto
320 3215 436 3246 tenore,
454 3208 490 3239 de
510 3208 600 3238 verbo
612 3208 646 3238 ad
661 3211 780 3241 verbum
795 3218 924 3249 oporteat
936 3211 965 3240 in
981 3210 1082 3241 nostris
1094 3211 1185 3241 litteris

124 3246 237 3284 plenam
257 3247 291 3277 &
312 3246 465 3283 expressam
485 3247 660 3276 mentionem
682 3247 739 3278 fieri
774 3249 808 3280 &
824 3258 872 3287 per
888 3258 972 3287 quam
984 3249 1101 3280 effectus
1114 3258 1185 3288 prae-

125 3284 243 3314 sentium
264 3284 391 3323 impediri
411 3285 500 3315 valeat
522 3285 567 3314 vel
584 3284 689 3315 differri
705 3296 711 3315 :
735 3271 964 3317 Contradietores
981 3298 1029 3325 per
1043 3287 1186 3319 censuram

127 3322 356 3359 ecclesiasticam,
375 3323 557 3362 appellatione
570 3322 737 3362 postposita,
756 3326 973 3366 compescendo.

2 3188 26 3220 Ι.
41 3189 105 3226 843.

164 3402 234 3434 Dat.
257 3402 390 3440 Viterbii,
405 3401 447 3433 Id.
458 3402 544 3441 Julii,
563 3401 749 3434 Pontificatfis
761 3403 848 3435 nostri
862 3416 937 3437 anno
949 3407 1041 3438 tertio.

841 3485 895 3517 Sub
905 3486 958 3529 filo
978 3486 1082 3517 canabi.

128 3618 179 3659 De
196 3628 269 3664 pace
289 3613 482 3662 componenda
503 3617 539 3653 ὠ
557 3614 741 3660 firmanda,
764 3597 841 3650 inter
867 3620 998 3665 Regem,
1022 3620 1059 3656 ὠ·
1083 3618 1189 3650 Leme-

481 3663 576 3696 linum
585 3663 691 3709 filium
709 3664 837 3710 GrIffini.
873 3677 876 3680 ⁴

0 3768 55 3789 inn.
72 3756 114 3788 D.
134 3755 258 3811 REX
278 3754 426 3792 omnibus,
441 3754 503 3786 &c.
519 3752 641 3799 salutem.
746 3790 751 3796 ι
835 3790 841 3797 .
884 3792 890 3799 ⁵
1170 3795 1176 3800 .

0 3798 84 3833 ¹2⁶7·
242 3795 322 3825 Cum
341 3794 436 3824 multae
454 3801 650 3823 contentiones
670 3791 704 3821 &
725 3789 868 3821 discordiae
882 3802 954 3824 inter
967 3804 1032 3833 nos,
1049 3796 1083 3826 ὃ(
1097 3793 1191 3825 homi-

0 3839 33 3864 tn.
47 3845 92 3872 5¹·
136 3842 184 3862 nes
198 3833 306 3864 nostros
320 3842 354 3863 ex
370 3840 443 3870 parte
456 3841 527 3869 una,
544 3831 577 3861 &
595 3829 772 3860 Lewelinum
787 3828 875 3859 filium
888 3831 1022 3871 Griffini,
1039 3834 1072 3864 &
1084 3833 1143 3863 suos
1157 3842 1190 3863 ex

0 3878 14 3901 t.
31 3884 56 3911 3·
136 3870 233 3908 altera,
245 3871 352 3909 Jarndiu
372 3870 474 3900 habitae
493 3870 612 3907 fuerint,
630 3868 664 3899 &
682 3868 766 3898 eriam
779 3867 869 3907 plures
888 3870 1107 3910 transgressiones
1122 3872 1190 3902 hinc

0 3919 40 3940 'at.
51 3921 94 3947 51.
137 3909 202 3938 inde
212 3910 294 3940 factae
305 3910 454 3947 dicuntur,

0 3955 16 3978 t.
33 3960 58 3987 3.
169 3947 254 3983 Nos,
272 3949 345 3991 pacis
364 3948 470 3978 semitas
493 3945 705 3986 amplectentes,
724 3943 874 3976 venerabili
896 3943 971 3976 Patri
983 3946 1022 3977 O.
1039 3946 1135 3977 Saneti
1150 3947 1193 3978 A„

0 3998 18 4015 ι.
35 3990 62 4016 6.
133 3985 221 4018 driani
241 3984 374 4017 Diacono
387 3986 545 4023 Cardinali‘,
562 3983 828 4026 Apostohcaefiedis
842 3982 967 4023 LegatO,
982 3986 1192 4023 componendi,

133 4025 167 4054 &
189 4025 424 4061 compositionem
439 4024 584 4059 firmandi,
600 4032 685 4063 prout
699 4023 748 4051 libi
758 4021 899 4051 videbitur
911 4023 1058 4061 expedire,
1073 4033 1124 4061 pro
1137 4033 1191 4053 no-

133 4063 192 4098 bis,
210 4062 243 4092 &
265 4062 438 4102 haeredibm,
452 4073 485 4097 ac
506 4063 666 4097 hominibus
681 4059 797 4100 nostris,
812 4069 878 4092 cum
892 4059 1011 4099 praefato
1026 4060 1189 4100 Lewelino,

167 4103 237 4131 Tom.
253 4102 278 4131 Ι,
294 4102 327 4130 Ρ.
347 4103 388 4132 ΙΙ,

1249 198 1722 247 PUBLICA.
2190 214 2266 259 ‘107

1210 282 1247 327 ὃς
1261 283 1312 314 suis
1323 285 1401 330 super
1413 288 1545 319 omnibus
1557 289 1716 329 praemiffis,
1734 290 1768 321 δε
1779 293 1874 322 omnia
1889 290 2008 321 faciendi
2025 300 2090 329 quae
2101 292 2176 322 circa
2188 302 2261 331 prae-
2276 287 2350 317 Arm-
2368 280 2410 320 D-

1206 322 1404 391 {pfisasztiegilennt
1418 335 1572 366 oportuna,
1588 329 1700 366 plenam
1716 338 1812 360 tenore
1824 329 1999 370 praesentium
2013 329 2195 360 concedimus
2210 340 2260 370 po·
2273 326 2379 401 ΗΙΕΞῦΞ

1242 398 1353 441 Rarum
1373 401 1493 445 habituri
1506 403 1538 432 ὃ(
1552 401 1664 446 firmum
1679 406 1815 444 quicquid
1828 406 1956 446 praefatus
1969 405 2089 446 Legatus
2101 406 2180 446 super
2192 416 2264 445 prae-

1208 437 1497 515 mllsiiogiiffisffugchset
1510 441 1616 471 duxerit
1631 442 1801 474 faciendum.

1245 551 1333 583 Teste
1347 552 1429 594 Rege
1442 554 1515 592 apud
1528 554 1619 595 Salop.
1638 565 1674 586 21
1690 555 1736 586 die
1751 556 1929 595 Septembris.

1358 680 1406 713 De
1419 689 1493 725 pace
1504 678 1644 725 praediffa
1662 684 1693 712 in
1713 684 1851 714 animam
1869 684 1957 728 Regis
1965 682 2114 727 juranda.

1207 761 1303 821 RE
1313 761 1343 792 X
1359 764 1509 802 omnibus,
1523 765 1582 795 ὅτε.
1596 765 1716 796 salutem.
2275 770 2351 801 Ann.
2367 771 2409 803 D.

1229 839 1233 843 .
1283 838 1288 843 ι
1326 799 1405 830 Cum
1426 812 1477 831 nos
1496 804 1644 834 venerabili
1667 803 1739 834 Patri
1752 805 1791 835 O.
1807 805 1901 836 Samsti
1915 805 2027 835 Adriani
2041 805 2174 837 Diacono
2187 807 2259 837 Car-
2292 810 2375 847 1267.

1206 837 1290 868 dinali
1303 860 1312 876 ,
1337 839 1510 882 Apostolicae
1530 842 1606 872 Sedis
1626 842 1734 882 Legato
1748 867 1758 879 ,
1784 844 1893 881 plenam
1914 844 2071 875 dederimus
2092 846 2256 881 potestatem
2271 852 2322 876 An.
2338 858 2385 884 5¹·

1205 877 1415 920 componendi,
1434 879 1467 908 δε
1489 881 1723 917 compositionem
1740 881 1882 920 firmandi,
1902 891 1983 920 prout
1999 883 2047 912 sibi
2061 883 2198 913 videbitur
2212 892 2259 914 ex·
2276 892 2309 913 H⁴
2330 897 2355 922 3.

1205 914 1315 958 pedire,
1353 925 1386 959 ro
1404 917 1550 960 nobisq&
1571 919 1742 956 haeredibus,
1763 930 1795 949 ac
1815 921 1976 951 hominibus
1989 920 2105 958 nostris,
2123 931 2189 951 cum
2206 922 2262 951 Le·
2274 925 2377 952 ibidem.

1206 952 1311 998 welino
1344 953 1383 998 lio
1395 952 1529 993 Griffini,
1548 957 1581 986 ὃς
1596 957 1664 995 suis,
1682 957 1760 994 super
1774 959 1905 994 omnibus
1919 959 2147 989 contentionibus
2160 960 2193 990 &c
2207 959 2261 990 dis-

1207 990 1325 1028 cordiis,
1342 1000 1413 1021 inter
1429 1002 1480 1022 nos
1493 994 1526 1023 &
1540 994 1650 1024 nostros
1662 1004 1695 1024 ex
1710 1004 1785 1032 parte
1798 1007 1867 1033 una,
1884 997 1917 1026 δε
1932 996 2020 1035 ipsum
2035 996 2211 1027 Lewelinum
2229 999 2263 1028 δὲ

1209 1028 1270 1073 suos
1290 1038 1324 1073 ex
1347 1029 1449 1072 altera,
1457 1031 1565 1068 jamdiu
1585 1032 1698 1070 habitis,
1715 1034 1748 1063 ὃς
1770 1035 1854 1064 etiam
1870 1035 1998 1065 universis
2012 1034 2265 1073 transgressionibus

1210 1067 1278 1110 hinc
1300 1067 1364 1098 inde
1385 1067 1479 1106 faCbS,
1497 1078 1527 1099 ut
1547 1069 1621 1100 dieta
1643 1071 1811 1110 compositio
1825 1071 1907 1108 possit
1923 1072 2019 1102 melius
2034 1072 2150 1109 firmari,
2167 1073 2266 1103 damus

1211 1104 1317 1135 dilectis
1336 1106 1369 1136 δε
1385 1105 1511 1136 fidelibus
1523 1107 1623 1138 nostris
1636 1107 1768 1138 Galfrido
1781 1109 1817 1138 de
1829 1109 1963 1139 Genevill
1977 1110 2009 1140 ὃς
2025 1110 2155 1141 Roberto
2168 1112 2209 1141 W
2211 1112 2265 1141 ale-

1211 1143 1294 1182 rand,
1314 1151 1411 1174 tenore
1451 1144 1608 1175 raesentium

1211 1182 1290 1221 super
1310 1183 1406 1219 praemi
1431 1193 1474 1221 is,
1499 1192 1581 1220 prout
1603 1169 1632 1214 d'i

1211 1229 1296 1259 quem
1315 1220 1390 1250 idem
1411 1220 1530 1260 Legatus
1550 1222 1584 1252 ad
1607 1223 1664 1252 hoc
1687 1223 1794 1252 duxerit
1811 1223 2016 1261 deputandum,
2040 1224 2073 1254 &
2093 1225 2175 1253 etiam
2195 1227 2267 1255 reci<

1211 1258 1305 1296 piendi
1324 1259 1441 1289 nomine
1464 1258 1561 1290 nostro
1576 1271 1590 1290 a
1603 1260 1738 1301 praedicto
1754 1261 1900 1293 Lcwelino
1920 1261 1953 1292 &
1968 1262 2018 1291 suis
2037 1262 2180 1292 consimile
2191 1264 2266 1302 jura-

1210 1305 1353 1327 mentum:

1249 1334 1357 1365 Rarum
1377 1334 1496 1366 habituri
1508 1337 1541 1367 &
1555 1336 1669 1367 firmum
1682 1337 1815 1381 quicquid
1831 1337 1977 1375 praedictus
1992 1336 2128 1376 Legatus,
2145 1337 2189 1367 vel
2200 1338 2269 1369 alius

1214 1372 1373 1411 Deputatus
1392 1374 1428 1403 ab
1450 1384 1486 1404 eo
1499 1397 1509 1413 ,
1534 1376 1566 1406 &
1589 1375 1695 1412 praefati
1714 1375 1805 1405 fideles
1826 1376 1936 1414 nostri,
1957 1375 2033 1413 super
2054 1375 2217 1414 praemiffis,
2234 1378 2268 1408 ὃ(

1213 1411 1419 1454 ρῑπῐηίίῖῥωῐη
1435 1413 1559 1451 quolibet
1573 1414 1701 1444 duxerint
1714 1413 1882 1444 faciendum.

1247 1449 1280 1480 In
1293 1460 1390 1488 quuS,
1408 1452 1468 1481 &c.
1591 1457 1594 1459 '

1664 1146 1821 1176 rotestatem
1841 1147 1951 1185 jurandi
1965 1148 1993 1177 in
2006 1149 2127 1178 animam
2142 1149 2266 1179 nostram

1634 1156 1693 1214 (Etis
1716 1184 1834 1223 Legatus
1861 1186 1898 1214 eis
1917 1185 2102 1223 mandaverit,
2121 1188 2164 1216 vel
2183 1187 2267 1226 alius,

1248 1525 1337 1556 Teste
1351 1524 1433 1565 Rege
1444 1527 1516 1564 apud
1529 1526 1620 1567 Salop.
1640 1537 1680 1558 20
1692 1528 1738 1559 die
1753 1528 1929 1567 Septembris.

1417 1654 1467 1685 De
1491 1651 1635 1685 condufz‘u
1660 1653 1806 1686 Lewelini
1821 1653 1884 1698 filii
1909 1651 2036 1698 Griffini.

1213 1735 1338 1791 REX
1357 1737 1506 1775 omnibus,
1523 1738 1584 1768 ὅτε.
1604 1738 1726 1768 salutern.
2281 1753 2346 1784 Am.
2371 1755 2404 1786 D

1318 1775 1416 1805 Sciatis
1437 1776 1512 1815 quod
1529 1775 1692 1813 suscepimus
1708 1777 1736 1806 iri
1754 1776 1859 1806 salvum
1879 1779 1912 1809 δε
1938 1777 2065 1808 securum
2087 1778 2262 1809 condustum
2300 1779 2372 1822 123⁴„
2406 1781 2412 1787 '

1212 1813 1339 1844 nostrum
1368 1813 1543 1844 Lewelinum
1566 1814 1654 1845 filium
1676 1814 1793 1845 Griffini
1808 1838 1817 1852 ‚
1846 1816 1873 1844 iri
1894 1817 2035 1847 veniendo
2055 1817 2089 1846 ad
2109 1827 2161 1847 nos
2180 1818 2264 1857 usque
2280 1834 2320 1858 An
2359 1817 2381 1860 sl'

1213 1852 1432 1891 Muntgomery,
1449 1852 1482 1882 ad
1503 1853 1667 1892 homagium
1686 1853 1764 1884 suum
1779 1854 1811 1883 &
1824 1851 1982 1885 fidelitatem
1994 1856 2075 1885 nobis
2089 1855 2265 1895 faciendum,
2284 1856 2329 1896 Hs
2339 1842 2357 1905 ζ
2380 1854 2385 1860 ’

1213 1891 1320 1922 ibidem
1334 1891 1483 1921 nobiscum
1499 1893 1654 1931 morando,
1672 1892 1706 1922 &
1720 1892 1783 1922 inde
1797 1892 1972 1929 recedendo;
2283 1892 2378 1936 Ibidem-n

1249 1929 1287 1960 Et
1305 1929 1370 1959 ideo
1391 1930 1472 1959 vobis
1492 1929 1655 1960 mandamus
1672 1930 1748 1969 quod
1770 1929 1861 1960 eidem
1878 1931 2024 1961 Lewelino
2036 1932 2066 1961 in
2079 1930 2219 1962 veniendo
2233 1930 2268 1962 ad
2284 1956 2298 1973 n
2333 1946 2362 1972 ,g
2383 1929 2389 1935 ’

1213 1978 1266 1998 nos
1284 1967 1368 2006 usque
1383 1967 1588 2008 Muntgomery
1601 1969 1635 1999 ad
1650 1969 1814 2007 homagium
1826 1969 1906 1999 suum
1918 1971 1951 2001 ὅ(
1964 1970 2122 2000 fidelitatem
2135 1970 2216 2000 nobis
2230 1969 2270 2000 fa·
2303 1966 2309 1973 '
2367 1967 2373 1973 ”

1213 2006 1349 2036 ciendum
1364 2028 1373 2042 ,
1397 2016 1464 2037 cum
1485 2006 1647 2037 hominibus
1661 2030 1670 2045 ‚
1693 2008 1788 2043 rebus,
1810 2008 1905 2046 equis,
1929 2008 2068 2046 hermeriis,
2090 2017 2136 2038 aut
2157 2008 2268 2038 familiae

1214 2045 1287 2082 suae,
1304 2044 1451 2074 nobiscum
1469 2045 1574 2075 ibidem
1592 2045 1744 2084 morando,
1763 2046 1795 2076 ὃ(
1813 2046 1876 2075 inde
1897 2047 2070 2084 recedendo,
2089 2056 2148 2076 non
2172 2046 2270 2077 infera-

1215 2084 1268 2121 tis,
1288 2083 1332 2113 vel
1352 2083 1447 2113 inferii
1468 2085 1630 2124 permittatis
1648 2084 1775 2122 injuriam
1787 2106 1798 2122 ,
1819 2084 1994 2123 molestiam,
2017 2085 2270 2124 impedimentum,

1215 2129 1261 2153 aut
1277 2131 1434 2161 gravamen.
2251 2141 2261 2154 .-

1250 2159 1284 2197 In
1305 2161 1397 2198 cujus,
1416 2161 1477 2191 δίε.
1492 2159 1654 2191 duraturum
1675 2160 1758 2200 usque
1778 2159 1812 2190 ad
1832 2159 1907 2191 diem
1918 2160 2022 2229 dIoviS,
2040 2161 2069 2190 in
2089 2160 2162 2191 festo
2174 2160 2269 2192 Sanc‘ti

1215 2198 1365 2228 Michaelis
1378 2199 1510 2238 proximo
1522 2198 1634 2237 futuro,
1652 2199 1685 2229 &
1700 2209 1749 2236 per
1763 2206 1851 2229 totam
1867 2209 1916 2229 ean
1937 2209 1984 2228 em
1997 2199 2096 2233 diem:.

1254 2237 1274 2257 ’¹‘
1288 2236 1329 2268 Ita
1351 2236 1445 2276 quod,
1460 2237 1539 2267 facitis
1558 2238 1694 2276 homagio
1706 2239 1739 2268 &
1753 2236 1879 2267 fidelitate
1894 2237 2046 2277 praedietis,
2064 2236 2182 2267 liberum
2196 2235 2273 2276 posse
2291 2246 2306 2261 ἡ
2317 2247 2340 2274 Ῑ,
2356 2246 2420 2281 g44;

1214 2274 1314 2306 habeat
1331 2276 1460 2305 veniendi
1474 2277 1504 2305 in
1519 2284 1619 2306 terram
1634 2275 1776 2314 nostram,
1794 2276 1828 2307 &
1840 2277 1870 2306 in
1885 2275 1983 2307 eadem
1996 2274 2140 2312 morandi,
2158 2275 2192 2305 ad
2206 2277 2272 2306 mo'-

1213 2314 1283 2345 dum
1295 2314 1413 2345 aliorum
1425 2314 1548 2345 fidelium
1564 2314 1734 2344 nostrorum.

1250 2389 1340 2421 Teste
1354 2389 1437 2429 Rege
1450 2389 1522 2428 apud
1539 2390 1632 2431 Salop.
1649 2399 1684 2429 25
1699 2390 1745 2421 die
1759 2390 1941 2433 Septembris.

1214 2518 1261 2548 De
1278 2526 1371 2562 pace,
1396 2517 1472 2545 imm
1498 2518 1575 2546 inter
1602 2517 1712 2559 Regem
1736 2513 1986 2593 {fi‘dLewelinum
2007 2511 2111 2556 filium
2131 2510 2269 2556 Griffini,

1655 2571 1733 2607 comp
1747 2573 1780 2593 en
1802 2573 1832 2595 a.

1215 2646 1302 2701 RE
1313 2645 1343 2677 X
1363 2645 1469 2676 dileffis
1487 2645 1521 2676 ὅτ
1542 2645 1667 2676 fidelibus
1681 2645 1749 2684 suis,
1768 2644 1885 2685 Rogero
1898 2643 1934 2674 de
1948 2643 2083 2684 Sumery,
2102 2645 2135 2676 &
2150 2644 2270 2685 Hugoni
2289 2659 2356 2691 Ann
2382 2660 2421 2691 D¹

1288 2684 1323 2715 de
1343 2684 1464 2715 Mortuo
1485 2683 1578 2722 Mari,
1597 2685 1630 2715 &
1650 2684 1767 2724 Rogero
1789 2683 1824 2714 de
1844 2683 1968 2721 Hopton
1983 2682 2157 2714 Vicecomiti
2179 2684 2273 2722 Salop.
2315 2685 2389 2737 „37
2416 2686 2423 2692 ⁴

1220 2725 1253 2756 &
1269 2722 1400 2754 stafford.
1417 2723 1537 2753 salutem.
2290 2723 2349 2766 An*
2360 2723 2398 2774 5¹·

1257 2762 1334 2802 Qiia
1353 2761 1484 2793 v'olumus
1501 2761 1577 2800 quod
1593 2761 1688 2791 omnia
1724 2769 1787 2799 quae
1802 2761 1831 2790 in
1852 2759 1941 2790 forma
1961 2760 2051 2799 pacis,
2070 2760 2141 2791 inter
2155 2770 2222 2799 nOS,
2239 2761 2273 2792 δε
2292 2761 2343 2803 Heri
2373 2787 2384 2796 ,
2400 2761 2406 2767 ’

1216 2802 1353 2832 ἀίῐεᾶιιῐη
1372 2801 1406 2830 &
1417 2800 1528 2830 fidelem
1543 2799 1671 2830 nostrum
1712 2799 1861 2830 ewelinum
1877 2798 1964 2828 filium
1979 2797 2096 2828 Griffini
2111 2799 2271 2839 Principem
2290 2797 2399 2842 lbnlssnif

1215 2840 1330 2870 Walliae
1352 2839 1428 2868 initae
1444 2861 1454 2877 ,
1477 2838 1657 2868 continentur
1669 2861 1679 2876 ,
1706 2836 1881 2875 perficiantur
1903 2839 1936 2867 δε
1956 2836 2036 2874 plene
2059 2837 2273 2878 compleantur,
2293 2863 2308 2880 n
2340 2835 2393 2888 ¹4-

1213 2878 1291 2916 jintta
1308 2878 1431 2908 formam
1452 2877 1527 2914 pacis
1547 2877 1705 2916 praedietae,
1723 2875 1916 2915 assignavimus
1930 2884 1982 2904 vos
1994 2874 2027 2905 ad
2043 2876 2156 2913 omnia,
2174 2876 2203 2905 in
2218 2876 2274 2906 for-
2314 2874 2318 2880 '
2378 2876 2384 2882 “

1220 2927 1266 2947 ma
1285 2914 1521 2960 pacis-praedicitae
1534 2923 1682 2952 contenta,
1702 2913 1867 2952 perficienda
1881 2915 1914 2944 δε
1928 2913 2113 2952 complenda,
2128 2914 2206 2950 juxta
2219 2914 2278 2944 for-¹

1219 2965 1297 3024 magi
1311 2964 1386 3023 ἓξὲξ
1400 2953 1669 3034 t33bdisfflrln'andamus
1692 2990 1768 3029 quod
1790 2990 1823 3021 ad
1844 2998 1934 3021 certos
1948 2989 2004 3034 dies
2016 2990 2049 3020 &
2063 2989 2144 3028 loca,
2163 3000 2233 3029 quos
2243 2990 2278 3033 ad

1221 3032 1278 3062 hoc
1297 3030 1486 3070 provideritiS,
1508 3030 1644 3068 praermssa
1663 3030 1764 3061 faciatis
1787 3031 1819 3060 &
1842 3028 2003 3066 compleatis
2023 3038 2052 3058 in
2073 3028 2166 3059 forma
2187 3029 2280 3066 supra-

1222 3070 1306 3100 dieta.
1873 3095 1882 3101 ,,
2254 3100 2255 3103 ,

1258 3107 1458 3137 Mandavimus
1469 3107 1546 3136 enirn
1559 3105 1694 3136 omnibus
1708 3105 1817 3136 Ballivis
1831 3105 1864 3136 &
1877 3104 2002 3135 fidelibus
2013 3104 2128 3144 nostris,
2145 3106 2174 3135 in
2208 3106 2273 3136 arti-

1219 3148 1270 3176 bus
1291 3146 1448 3184 Marchiae,
1467 3146 1537 3175 inter
1558 3143 1738 3174 Comitatum
1757 3143 1876 3174 Cestriae
1896 3144 1929 3174 &
1945 3152 2027 3173 terras
2041 3142 2165 3174 Comitis
2215 3144 2276 3174 lou⁴

1221 3184 1328 3216 cestriae
1341 3183 1533 3221 existentibus,
1551 3182 1627 3219 quod
1642 3182 1720 3212 vobis
1733 3182 1766 3213 ad
1780 3182 1917 3222 praemissa
1928 3181 2051 3212 facienda
2066 3183 2099 3213 δε
2111 3182 2278 3219 complenda

1222 3222 1392 3253 intendentes
1405 3223 1456 3252 lint
1470 3223 1502 3252 &
1516 3219 1727 3260 respondentes,
1743 3230 1825 3258 prout
1838 3222 1876 3251 eis
1888 3221 1954 3251 scire
1967 3220 2067 3250 faciatis
2080 3230 2114 3250 ex
2129 3229 2203 3257 parte
2216 3230 2281 3249 nos⁵

1222 3271 1279 3299 tra,
1299 3260 1411 3300 proviso
1431 3259 1537 3296 insuper
1558 3258 1635 3295 quod
1657 3267 1707 3297 pax
1728 3259 1837 3297 nostra,
1856 3260 1885 3289 in
1900 3259 2020 3296 partibus
2033 3258 2183 3296 praedietis,
2201 3258 2279 3287 dieto

1225 3299 1371 3331 Lewelino
1384 3299 1417 3330 &
1432 3299 1481 3328 suis
1495 3296 1625 3327 concessa
1633 3319 1642 3334 ,
1660 3296 1776 3328 firmiter
1787 3298 1820 3329 &
1836 3297 2029 3329 inviolabiliter
2043 3296 2209 3327 observetur.

1262 3338 1296 3368 Iri
1310 3339 1403 3376 cujus,
1417 3338 1477 3368 &c.

1258 3414 1346 3446 Teste
1360 3413 1442 3453 Rege
1456 3411 1527 3452 apud
1544 3410 1765 3452 Muntgomery,
1783 3421 1820 3451 29
1834 3411 1881 3441 die
1894 3407 2071 3449 Septembris.

1263 3489 1410 3532 Confimiles
1432 3489 1540 3519 litteras
1553 3486 1656 3517 hahent
1675 3489 1761 3518 Guida
1783 3489 1814 3518 de
1835 3491 1943 3526 Brian,
1960 3484 1998 3521 &⁶
2014 3484 2173 3516 lWllielmus
2185 3483 2217 3515 de
2230 3484 2279 3515 A·-

1225 3530 1362 3561 breviaret
1389 3532 1417 3558 in
1439 3526 1564 3566 partibus
1585 3525 1758 3556 Suthwalliae
1772 3551 1781 3566 ,
1799 3525 1880 3565 sieper
1896 3524 2034 3563 praemiffls
2072 3522 2216 3565 erficiendis
2239 3522 2278 3558 &-

1226 3568 1396 3607 complendis‚
1407 3564 1549 3605 secundum
1571 3562 1687 3601 formam
1704 3569 1778 3603 pacis
1786 3565 1942 3602 praedillae,
1960 3574 2015 3592 cum
2030 3532 2080 3601 issa
2094 3562 2280 3600 adsunc‘lio'r'te,

1225 3606 1338 3646 proviso
1358 3604 1434 3644 quod
1454 3613 1504 3644 pax
1523 3602 1633 3640 nostra,
1648 3603 1727 3633 dieto
1744 3603 1890 3633 Lewelino
1904 3603 1936 3632 &
1952 3601 2001 3630 suis
2014 3599 2162 3643 concessa,
2176 3601 2204 3630 in
2220 3610 2281 3640 par-2

1226 3647 1299 3677 tibus
1324 3643 1461 3682 praedictis
1474 3664 1484 3680 ,
1510 3641 1569 3670 tam
1589 3641 1720 3672 videlicet
1740 3641 1809 3671 infra
1828 3649 1909 3670 terras
1928 3639 2050 3670 Comitis
2073 3637 2282 3681 Qlouccstriae3

1229 3687 1311 3723 quiim
1333 3682 1413 3720 alibi,
1431 3682 1461 3710 in
1482 3678 1584 3709 eisdem
1603 3680 1741 3718 partibus,
1757 3679 1873 3710 firmiter
1892 3680 1926 3711 δε
1947 3676 2140 3709 inviolabiliter
2153 3676 2284 3708 observe=

1229 3732 1281 3755 tur.

1264 3796 1353 3830 Teste
1367 3802 1397 3825 ut
1410 3792 1494 3830 suprai

2171 4090 2287 4122 Littera
