2560 4261
107 215 186 248 Ann.
202 214 243 246 D.

129 261 212 292 1193.

99 1027 118 1047 ⁸
130 1028 154 1057 1.
167 1037 212 1065 74.

95 1501 173 1532 Arm,
189 1500 227 1532 D.

97 1549 180 1579 1193.

93 1582 228 1616 dap-Ru.

86 3657 104 3674 ³
120 3658 144 3685 1.
159 3665 207 3693 75.

262 141 318 182 u

260 222 303 245 tus
322 213 481 245 recordatio
500 211 601 251 poterit
617 218 688 241 tunc
709 209 846 248 aliquibus
865 207 966 239 cedere
984 209 1014 239 in
1035 207 1194 248 singultum.
1232 206 1318 238 Licet

261 254 337 284 enim
352 253 543 284 liberationem
559 250 646 289 Regis
658 249 703 278 ille
716 256 853 278 veteratus
865 247 972 285 serpens
984 271 995 286 ,
1019 247 1064 277 ille
1077 246 1194 277 coluber
1206 254 1317 289 tortuo-

259 292 301 322 sus
329 291 581 322 machinationibus
621 287 776 327 raestigiosis
793 286 928 324 impediat
940 309 950 324 ,
981 285 1150 316 confidimus
1170 292 1266 314 tamen
1286 294 1316 313 in

254 330 391 361 Domino
403 329 484 396 quot}
496 337 575 368 temp
620 328 664 357 've
676 325 804 364 respiciet
817 325 847 355 in
858 324 960 356 faciem
975 324 1099 362 Christi,
1116 324 1149 354 ὃ(
1163 322 1239 353 dabit
1254 321 1316 352 Im-

294 370 366 399 rium
381 368 410 398 R
447 368 455 397 i
480 376 525 396 uo,

255 377 460 446 i'eExpeetaetio
473 404 610 443 siquidem
622 403 717 435 nostra
728 403 759 433 in
771 402 788 433 s
801 413 816 433 e
829 410 919 441 certa,
944 402 978 432 &
991 401 1047 431 fide
1060 400 1138 430 firma
1153 398 1314 429 convaluit:

257 444 302 476 Fit
324 446 400 476 enim
421 444 586 475 incessanter
610 444 702 473 oratio
719 442 756 473 ab
805 441 904 472 eclesia
922 439 957 470 ad
979 440 1078 470 Deum
1089 448 1143 482 pro
1157 447 1213 482 eo:
1236 436 1316 482 Deus

255 492 367 520 autem,
385 484 433 522 qui
452 485 481 512 in
501 491 632 520 tempore
651 490 772 522 accepto
789 480 914 517 exaudit,
929 480 963 510 &
983 480 1093 516 adjuvat
1108 487 1136 506 in
1152 475 1197 506 die
1211 475 1317 513 salutis,

254 522 381 562 respiciet
404 523 433 551 in
452 523 591 552 orationes
606 520 758 551 humilium
773 542 782 558 ,
815 520 849 549 ὃς
869 528 930 548 non
949 517 1057 558 spernet
1076 525 1172 556 preces
1193 523 1314 544 eorum:

254 559 386 590 Multum
405 561 484 590 enim
503 560 577 592 valet
597 559 758 597 deprecatio
779 557 841 587 'usti
859 555 974 586 assidua:
992 555 1042 585 Sol
1065 554 1100 584 ad
1118 552 1316 597 preces-Josue·

253 597 344 636 stetit,
361 600 395 630 &
417 599 499 629 Luna
519 606 620 629 contra
640 598 744 628 vallem
793 595 888 626 chilon
909 604 967 623 non
988 592 1029 637 est
1046 600 1141 636 mota:
1161 590 1240 629 Qua
1253 591 1316 628 iusti

251 637 383 677 precibus
402 638 563 676 obtinetur,
580 645 612 667 ut
630 638 646 666 a
665 635 753 665 corde
767 633 921 674 peccatoris
935 631 975 661 sol
989 631 1100 673 justitiae
1114 640 1174 660 non
1189 629 1316 667 recedat,

254 675 288 705 &
303 685 384 706 mens
396 676 518 706 hominis
529 698 538 713 ,
559 675 686 714 quamvis
699 674 727 702 in
740 671 884 702 defectum
897 680 986 710 prona
1002 672 1049 706 sit,
1068 677 1205 712 Virtutum
1219 676 1314 698 tamen

254 712 399 746 stabilitate
419 715 550 745 firmatur.
587 712 664 742 Non
685 711 762 740 enim
783 718 893 740 tantum
914 709 1062 752 remittitur
1072 715 1201 737 oratione
1214 715 1316 746 pecca-

253 759 317 783 tum
325 777 335 792 ,
353 753 398 784 sed
410 755 444 785 δε
459 762 543 790 poena
556 751 665 791 peccati
679 749 830 779 declinatur
842 747 982 778 beneficio
995 756 1120 787 precum.
1259 784 1265 790 .
1291 784 1296 790 ·

289 791 359 822 Ideo
377 793 487 822 bonum
507 790 549 822 est
569 789 645 828 Regi
685 787 817 818 raestolari
838 796 908 817 cum
929 786 1037 817 silentio
1049 785 1160 829 salutare
1173 783 1315 828 Domini,

252 839 320 860 nam
334 831 353 860 si
368 839 445 860 nunc
459 831 488 859 in
503 829 619 859 fornace
631 798 812 857 iugulationis
824 833 955 866 purgatur
969 835 984 854 a
999 824 1083 867 Deo,
1099 834 1148 863 qui
1161 833 1236 867 circa
1247 833 1314 853 eum

251 867 362 898 adversa
376 869 409 899 &
426 867 553 908 prospera
564 865 742 897 saluberrimi
756 864 950 895 moderatione
962 862 1215 900 disponit,vexatio
1228 870 1317 892 trans-

252 906 304 937 ibit
323 907 352 936 in
372 907 490 946 gloriam
503 929 512 944 ,
535 914 618 945 atque
636 915 690 946 pro
711 903 876 934 confusione
896 902 1020 943 duplici,
1037 902 1071 933 &
1083 901 1231 943 ruborehin
1245 908 1316 931 terra

252 943 374 986 duplicia
387 944 544 984 poffidebit.
581 944 679 974 Beatus
691 944 782 982 itaque
795 943 855 980 vir,
871 942 920 982 qui
932 940 1050 971 confidit
1061 950 1090 984 in
1105 939 1258 983 Domino,
1281 940 1315 970 &

252 984 303 1013 erit
327 983 470 1014 Dominus
487 982 589 1013 fiducia
607 984 671 1020 ejus.
709 981 782 1012 Sane
797 981 867 1011 sicut
882 989 960 1011 nunc
973 980 999 1009 ei
1011 978 1266 1021 publici-gemitus,
1282 978 1316 1009 &

252 1022 390 1061 generales
411 1022 614 1059 impenduntur
629 1022 648 1040 ²*
665 1021 795 1062 lacrymae
804 1043 813 1057 ,
829 1019 865 1049 sic
878 1018 1040 1062 desideratus
1054 1018 1182 1061 gentibus
1197 1024 1318 1056 tempes-

252 1062 313 1090 tive
338 1061 544 1091 communibus
569 1061 721 1098 excipietur
741 1060 814 1088 votis
832 1059 862 1088 in
883 1057 1054 1088 exulmtione
1073 1054 1207 1086 universae
1225 1064 1314 1086 terrae.

252 1098 400 1138 Domine,
415 1100 445 1130 in
459 1101 563 1129 virtute
576 1098 620 1129 turi
636 1098 799 1128 exaltabitur
812 1097 935 1135 Rex,&
948 1095 1072 1126 Ecclesia
1087 1093 1236 1137 Romana,
1253 1104 1319 1134 quae

251 1147 330 1168 nunc
346 1139 429 1168 nimis
442 1138 613 1179 culpabiliter
626 1139 654 1167 in
668 1139 725 1176 ejus
739 1137 901 1166 liberatione
916 1134 1041 1165 lentescit
1055 1156 1076 1176 ,¹
1089 1143 1149 1163 non
1159 1136 1215 1162 sine
1228 1132 1319 1172 lacry-

250 1177 304 1219 mis
324 1176 484 1215 erubescet,
506 1175 586 1217 quod
606 1176 637 1206 in
657 1176 737 1206 tantis
758 1173 888 1215 augustiis
908 1181 1018 1204 tantum
1040 1171 1129 1202 filium
1148 1181 1209 1202 non
1229 1181 1317 1211 agno-

246 1223 297 1245 vrt.

249 1343 397 1378 Alienorae
424 1348 537 1394 Reginae
558 1348 677 1379 Littera
702 1345 802 1378 altera
823 1343 867 1377 ad
884 1342 1024 1377 Eundem
1043 1370 1053 1387 ‚
1090 1342 1222 1390 ejusdem
1243 1356 1315 1390 quo-

639 1407 695 1441 que
716 1396 916 1442 Argumenti.

250 1477 465 1539 REverendo
478 1480 554 1511 Patri
568 1480 601 1511 ὅ(
616 1480 750 1511 Domino
764 1478 919 1510 Caelestino
932 1478 990 1509 Dei
1003 1477 1103 1509 Gratic'i
1117 1478 1228 1509 summo
1234 1477 1315 1509 Pon-

332 1518 401 1549 tifici
414 1518 450 1548 A.
469 1519 565 1549 misera
597 1519 630 1549 &
645 1520 750 1549 utinam
765 1518 922 1548 miserabilis
938 1517 1101 1557 Anglorum
1116 1517 1313 1556 Regina,Du-

249 1555 315 1586 ciffi
329 1556 364 1587 N
366 1559 523 1595 osmanniae
528 1580 538 1596 ,
556 1542 709 1588 Comitisfa
724 1557 912 1597 Andegaviae,
931 1556 1038 1587 miserae
1051 1557 1131 1586 matri
1143 1556 1274 1587 exhibere
1288 1556 1314 1587 se

246 1594 443 1627 misericordiae
456 1596 577 1627 Patrem.

282 1633 430 1665 Invidente
447 1634 579 1666 locorum
598 1634 724 1666 distantia
745 1634 916 1675 prohibeor,
939 1633 1095 1664 beatissime
1115 1633 1209 1674 Papa,
1231 1635 1315 1666 vobis

246 1672 449 1712 praesentialiter
463 1674 557 1714 loqui:
576 1673 704 1704 Neceffe
716 1682 809 1704 tamen
824 1672 866 1702 est
878 1682 909 1703 ut
924 1673 987 1712 plan
1008 1682 1056 1703 am
1070 1673 1213 1711 paululum
1231 1673 1314 1704 dolo-

246 1721 308 1741 rem
328 1722 446 1751 meum,
462 1714 495 1744 ὅ(
509 1714 569 1753 quis
580 1713 652 1743 mihi
664 1713 766 1743 tribuat
781 1720 812 1742 ut
823 1711 975 1742 scribantur
1001 1721 1129 1742 ermones
1144 1712 1200 1742 mei
1214 1711 1226 1740 ?
1248 1711 1313 1743 To-

246 1757 274 1780 ta
285 1751 398 1781 interius
412 1752 446 1782 &
459 1752 576 1782 exterius
589 1753 702 1789 anxior,
720 1749 796 1781 unde
811 1750 844 1781 &
859 1750 944 1780 verba
959 1759 1022 1780 mea
1035 1749 1135 1780 dolore
1147 1750 1209 1781 sunt
1221 1750 1310 1788 plena.

247 1788 327 1819 Foris
341 1790 402 1821 sunt
416 1792 531 1822 timores
545 1814 555 1828 ,
576 1791 649 1822 intus
664 1799 785 1829 pugnae,
802 1799 856 1819 nec
869 1789 904 1819 ad
918 1797 1101 1819 momentum
1113 1789 1186 1820 mihi
1201 1789 1312 1829 respira-

247 1837 278 1857 re
297 1828 418 1859 liberum
436 1828 479 1859 est
498 1840 513 1860 a
532 1828 714 1859 tribulatione
732 1828 873 1859 malorum
891 1828 925 1858 &
944 1828 1044 1858 dolore
1062 1839 1077 1858 a
1090 1828 1313 1860 tribulationibus

245 1875 310 1904 quae
327 1868 495 1898 invenerunt
516 1877 568 1898 nos
587 1868 679 1898 nimis.
703 1867 781 1897 Tota
799 1866 900 1896 dolore
915 1867 1066 1904 contabui,
1086 1866 1206 1906 pellique
1220 1877 1311 1908 meae,

246 1905 420 1945 consumptis
441 1907 587 1944 carnibus,
605 1905 716 1936 adhaesit
735 1915 767 1935 os
787 1915 894 1935 meum.
927 1904 1105 1936 Defecerunt
1126 1907 1189 1935 anni
1210 1907 1266 1936 mei
1279 1908 1309 1937 in

245 1945 397 1982 gemitibus
411 1968 421 1982 ,
440 1946 474 1976 &
496 1946 603 1975 utinam
624 1945 747 1975 omnino
759 1943 906 1981 deficiant,
923 1945 1031 1974 utinam
1045 1952 1119 1975 totus
1130 1944 1234 1984 sanguis
1247 1955 1312 1976 cor-

246 1983 324 2021 poris
343 1984 401 2014 mei
415 1985 475 2022 jam
496 1984 636 2022 emortui,
659 1983 809 2014 cerebrum
829 1983 925 2023 capitis
945 1982 1105 2023 ossiumque
1124 1984 1255 2014 medullae
1273 1985 1310 2015 ita

246 2019 430 2052 dissolvantur
448 2023 479 2052 in
497 2022 649 2062 lacrymas,
666 2031 697 2052 ut
719 2023 748 2052 in
761 2022 840 2053 fletus
852 2030 912 2052 tota
926 2021 1098 2059 pereffluam.
1134 2021 1236 2053 Avulsa
1248 2022 1309 2054 sunt

245 2059 261 2089 ὲ
283 2068 331 2089 me
353 2061 457 2091 viscera
477 2071 556 2098 mea,
574 2061 708 2092 baculum
730 2059 874 2092 senedffltis
894 2069 983 2098 meze,
1003 2060 1037 2091 &
1050 2060 1146 2090 lumen
1157 2061 1310 2092 oculorum

244 2097 367 2136 perdidi:
389 2099 518 2139 Meisque
539 2101 613 2130 votis
632 2098 779 2130 accederet
799 2099 818 2129 si
839 2099 935 2136 Deus,
951 2098 1074 2129 infelices
1092 2099 1192 2130 oculos
1213 2110 1310 2140 meos,

245 2137 284 2166 ne
306 2138 376 2168 mala
395 2139 484 2178 gentis
505 2148 577 2169 meae
598 2138 709 2169 ulterius
721 2139 853 2176 videant,
872 2147 1004 2176 perpetua
1014 2138 1142 2169 caecitate
1156 2138 1309 2170 damnaret.

245 2173 322 2214 Qiis
334 2176 381 2206 det
393 2177 463 2206 mihi
479 2186 510 2207 ut
524 2187 576 2215 pro
589 2186 616 2208 te
631 2178 751 2216 moriar,
764 2176 802 2207 fili
817 2177 878 2207 mi?
894 2176 1021 2207 Matrem
1036 2186 1122 2207 tantae
1136 2177 1254 2209 miseriae
1267 2188 1311 2209 re-

243 2213 319 2254 spice
331 2214 527 2246 misericordiae
542 2225 647 2254 mater,
666 2224 713 2246 aut
727 2217 747 2246 si
760 2216 830 2247 silius
846 2224 925 2253 tuus,
943 2216 1006 2246 sons
1018 2215 1216 2247 misericordiae
1230 2217 1309 2247 inex-

243 2251 370 2292 haustus,
390 2263 504 2293 peccata
525 2256 618 2285 matris
641 2255 754 2292 requirit
775 2256 790 2285 a
813 2254 888 2293 filio,
905 2255 941 2285 ab
961 2264 1009 2292 ea,
1028 2264 1093 2293 quae
1114 2254 1169 2285 sola
1183 2255 1230 2286 dili
1252 2257 1291 2286 uit
1298 2279 1309 2295 ,

243 2298 339 2322 toturn
355 2295 470 2333 exigat,
488 2294 583 2333 puniat
605 2295 737 2333 impiam,
752 2294 785 2324 ὃς
809 2293 844 2324 de
859 2294 950 2332 poenis
965 2294 1122 2324 innocentis
1137 2303 1196 2324 non
1210 2296 1234 2324 ri
1255 2303 1305 2326 eat.

242 2329 305 2368 Qi
317 2332 420 2371 caepit,
438 2332 494 2372 ipse
509 2342 557 2362 me
572 2341 698 2362 conterat
708 2356 717 2369 ,
736 2332 813 2362 tollat
828 2342 946 2362 manum
959 2331 1094 2370 suam,&
1107 2332 1228 2363 succidat
1243 2343 1306 2372 me,

241 2369 292 2406 ἃ,
309 2369 373 2400 haec
395 2370 426 2400 sit
449 2370 605 2401 consolatio
626 2381 705 2408 mea,
723 2380 753 2401 ut
771 2370 897 2410 affligens
917 2380 964 2400 me
984 2371 1100 2409 dolore,
1118 2381 1177 2402 non
1201 2381 1304 2412 parcat.

240 2405 307 2447 Ego
321 2408 435 2448 misera,
454 2411 488 2441 ὅ(
504 2409 573 2440 nulli
585 2409 760 2447 miserabilis,
777 2420 828 2440 cur
842 2412 871 2440 in
884 2410 963 2440 hu'us
975 2409 1144 2440 detestandae
1159 2410 1308 2441 senectutis

239 2447 429 2516 {nonnniam
458 2450 545 2492 veni,
570 2447 708 2479 Duorum
727 2448 898 2488 Regnorum
921 2419 1078 2479 Domina?
1112 2447 1307 2490 Duorumque

328 2495 358 2516 m
372 2494 461 2517 mater
474 2496 626 2517 extiteram.

305 2524 378 2555 vulsa
390 2525 451 2556 sunt
465 2537 480 2556 a
494 2536 541 2556 me
555 2525 658 2557 viscera
670 2535 748 2564 mea,
766 2526 908 2565 generatio
923 2535 985 2555 mea
1001 2525 1089 2556 ablata
1102 2525 1160 2564 est,
1185 2526 1219 2557 &
1234 2536 1307 2558 con-

241 2563 338 2594 voluta
360 2563 401 2594 est
422 2566 436 2594 a
458 2574 523 2602 me,
542 2564 607 2595 Rex
632 2566 723 2602 iunior
735 2566 768 2596 &
783 2565 893 2595 Comes
908 2564 1057 2594 Britanniae
1069 2566 1099 2595 in
1112 2565 1226 2603 pulvere
1239 2565 1306 2596 dor-

240 2602 351 2641 miunt,
370 2604 404 2634 &
422 2613 523 2634 eorum
546 2611 634 2634 mater
648 2602 832 2634 infelicissima
844 2605 940 2634 vivere
956 2604 1066 2642 cogitur
1103 2612 1134 2633 ut
1147 2604 1306 2635 irremedia-

239 2638 333 2670 biliter
350 2639 385 2671 de
404 2651 584 2673 mortuorum
606 2644 744 2672 memoria
766 2651 934 2681 torqueatur.
973 2642 1044 2672 Duo
1055 2627 1102 2672 filii
1116 2641 1185 2672 mihi
1197 2642 1306 2680 supere-

240 2687 301 2708 rant
314 2679 348 2708 ad
363 2679 510 2718 solatium,
528 2681 575 2718 qui
590 2679 675 2710 hodie
690 2680 759 2710 mihi
769 2680 892 2717 ,miserie
906 2681 939 2711 δε
952 2679 1256 2717 damnatae,supersunt
1269 2682 1304 2713 ad

238 2716 412 2757 supplicium.
449 2720 513 2749 Rex
529 2719 687 2750 Richatdus
700 2728 810 2750 tenetur
821 2721 851 2749 in
866 2718 1002 2749 vinculis:
1027 2718 1150 2756 joannes
1164 2719 1247 2750 frater
1261 2721 1303 2760 ip-

239 2755 290 2786 sius
303 2765 422 2795 regnum
437 2759 538 2795 captivi
553 2759 588 2789 de
629 2758 736 2796 pulatui·
751 2757 824 2787 ferro
837 2758 869 2788 &
881 2757 969 2788 vastat
981 2756 1116 2788 incendiis
1129 2769 1139 2795 3
1165 2758 1193 2787 in
1207 2761 1303 2789 omni-

239 2793 291 2824 bus
311 2795 402 2826 versus
423 2795 464 2825 est
483 2796 555 2826 mihi
576 2767 721 2827 Iggminus
742 2797 772 2826 in
793 2796 953 2834 crudelem,
969 2796 1002 2826 δε
1016 2796 1172 2826 adversatur
1186 2797 1255 2826 mihi
1271 2798 1301 2827 in

240 2832 342 2863 duritia
362 2844 459 2865 manus
479 2834 542 2865 suae.
580 2836 656 2866 Vere
677 2843 781 2875 pugnat
800 2836 838 2865 ira
857 2835 913 2873 ejus
928 2843 1028 2865 contra
1048 2845 1111 2872 me,
1125 2834 1192 2866 ideo
1206 2836 1239 2866 ὃτ-
1254 2835 1302 2866 filii

241 2872 298 2900 mei
313 2881 436 2911 pugnant
454 2874 524 2904 inter
538 2873 564 2903 se
572 2886 582 2912 ·,
590 2874 610 2904 si
624 2883 718 2905 tamen
730 2883 821 2914 pugna
835 2873 876 2904 est
885 2897 896 2913 ,
909 2874 958 2904 ubi
969 2883 1040 2904 unus
1053 2873 1173 2904 vinculis
1185 2874 1302 2905 ardiatus

240 2908 386 2949 affligitur,
405 2912 488 2950 alius,
505 2911 610 2942 addens
629 2912 775 2950 dolorem,
790 2912 870 2952 ipsius
888 2912 994 2944 crudeli
1015 2911 1160 2953 tyrannide
1179 2913 1227 2944 fibi
1239 2923 1301 2953 reg-

241 2957 312 2978 num
325 2950 408 2979 exulis
422 2951 548 2991 usurpare
559 2951 685 2981 molitur.

279 2984 360 3016 Bone
374 2987 452 3025 jesu!
478 2991 538 3027 quis
551 2990 622 3020 mihi
635 2990 736 3021 tribuat
749 2998 780 3020 ut
793 2991 821 3020 in
835 2989 948 3021 inferno
961 2998 1089 3030 protegas
1102 3000 1164 3028 me,
1189 2990 1223 3021 &
1239 2991 1300 3021 abs-

240 3024 347 3069 condas
368 3036 414 3056 me
430 3049 439 3064 ,
461 3026 554 3058 donec
576 3028 740 3065 pertranseat
756 3029 835 3059 furor
853 3038 915 3059 tuus
927 3053 936 3067 ,
959 3030 1053 3060 donec
1072 3028 1178 3059 cessent
1196 3029 1300 3073 sagittae

260 3073 305 3093 uae
325 3073 356 3107 in
374 3074 422 3094 me
435 3064 512 3102 sunt,
529 3076 646 3109 quarum
659 3067 851 3107 indignatione
863 3067 967 3107 spiritus
978 3078 1057 3098 meus
1071 3076 1145 3098 totus
1157 3068 1300 3099 ebibitur?

280 3111 327 3132 ors
350 3112 380 3132 in
401 3112 471 3133 voto
493 3104 562 3134 mihi
575 3104 616 3134 est
629 3105 662 3135 &
674 3107 729 3135 vita
743 3107 772 3136 in
785 3106 880 3137 taedio.
918 3106 956 3137 Et
967 3116 1034 3137 curn
1049 3107 1086 3137 sic
1099 3108 1202 3137 moriar
1213 3107 1301 3138 inces-

239 3139 344 3183 santer,
359 3141 388 3171 in
408 3141 542 3185 desideriis
562 3150 656 3185 tamen
678 3144 771 3174 habco
791 3147 865 3175 mori
886 3144 1011 3185 plenius,
1024 3146 1119 3176 vivere
1141 3146 1300 3186 compellor

238 3180 343 3222 invita,
360 3188 391 3210 ut
403 3189 459 3210 Vita
471 3180 541 3210 inihi
554 3183 584 3210 sit
598 3181 730 3220 pabulum
743 3185 856 3223 moitis,
874 3185 907 3214 &
920 3185 1033 3215 materia
1047 3185 1191 3215 cruciatus.
1214 3185 1244 3215 O
1258 3185 1299 3216 fe-

239 3217 322 3261 lices,
340 3219 388 3258 qui
403 3220 539 3259 inexperti
552 3219 670 3250 ludibria
682 3221 748 3250 vicie
764 3220 860 3261 hujus,
874 3223 907 3253 &
924 3224 1084 3260 inopinatos
1097 3231 1213 3253 eventus
1226 3233 1300 3254 con-

242 3255 354 3287 ditionis
367 3258 480 3287 incertae
495 3258 577 3288 beato
589 3267 784 3298 praevenerunt
797 3259 908 3290 aborsu!
924 3261 991 3300 quid
1006 3261 1154 3292 facio?cur
1170 3261 1303 3292 subsisto?

239 3303 324 3332 quare
344 3305 443 3326 moror
462 3296 576 3327 misera?
595 3297 628 3328 δε
650 3306 710 3327 non
730 3297 804 3328 vado
823 3307 853 3328 ut
874 3298 1096 3339 videam,quem
1109 3301 1197 3340 diligit
1210 3302 1300 3331 anima

240 3341 319 3371 mea,
336 3335 465 3364 vinstum
484 3336 513 3365 in
534 3336 711 3366 mendicitate
726 3336 759 3366 ὅ(
772 3336 866 3366 ferro?
881 3339 990 3376 utquid
1005 3340 1080 3368 enim
1093 3347 1171 3369 tanto
1185 3348 1298 3379 tempo-

240 3379 271 3399 re
288 3380 377 3414 mater
395 3373 486 3412 potuit
506 3374 632 3405 oblivisci
654 3373 717 3404 Filii
733 3375 801 3404 uteri
809 3374 867 3405 sui?
885 3375 986 3416 Tigres
997 3385 1061 3416 erga
1074 3376 1155 3407 faetos
1168 3377 1245 3417 suos,
1261 3378 1295 3408 &

239 3407 332 3440 lamias
345 3412 429 3441 etiam
442 3411 568 3443 saeviores
581 3412 689 3443 emollit
699 3410 822 3444 affectio.

276 3446 398 3480 Fluctuo
420 3458 514 3481 tamen
543 3452 573 3481 in
601 3451 699 3482 dubio.
732 3451 763 3482 Si
790 3452 867 3482 enim
886 3452 1003 3491 abiem,
1026 3453 1152 3484 deserens
1168 3453 1218 3484 filii
1239 3455 1296 3485 mei

239 3482 391 3526 Regnum,
408 3489 486 3527 quod
506 3489 630 3527 undique
650 3490 727 3530 gravi
747 3490 897 3520 hostilitate
915 3490 1051 3530 vastatur,
1067 3493 1117 3522 erit
1132 3493 1160 3522 in
1175 3492 1296 3523 absentia

239 3531 302 3553 mea
320 3528 468 3557 communi
486 3528 604 3558 consilio
626 3529 660 3559 δε
679 3528 776 3559 solatio
790 3528 969 3560 destitutum:
986 3529 1017 3560 Si
1030 3538 1124 3560 autem
1136 3531 1298 3570 substitero,

239 3559 489 3608 desideratissimam
511 3566 580 3596 mihi
601 3566 702 3598 faciem
723 3567 771 3598 filii
785 3568 842 3598 mei
851 3577 912 3598 non
925 3567 1047 3606 videbo,
1061 3578 1122 3598 non
1135 3570 1186 3599 erit
1200 3571 1248 3610 qui
1261 3570 1297 3600 li-

240 3599 413 3646 berationem
434 3603 482 3633 filii
503 3605 559 3634 mei
573 3604 692 3635 studiose
708 3614 854 3645 procuret,
873 3607 923 3645 δε,
939 3606 1016 3645 quod
1029 3608 1115 3646 magis
1128 3617 1245 3647 vereor,
1259 3608 1295 3638 ad

239 3638 450 3684 lmpos'sibilem
461 3645 590 3679 pecuniae
611 3645 791 3681 quantitatem
812 3646 831 3665 ³*
846 3644 1051 3676 delicatissimus
1068 3645 1225 3676 adolescens
1237 3655 1298 3676 tor-

240 3684 341 3720 mentis
349 3680 512 3722 'urgebituss
526 3689 667 3721 tantaeque
687 3683 845 3714 afflietionis
864 3684 1009 3721 impatiens
1029 3683 1109 3715 facile
1129 3684 1158 3714 in
1171 3694 1294 3715 mortem

240 3715 378 3759 suppliciis
400 3717 530 3756 adigetur.
553 3720 584 3750 O
603 3721 706 3759 impie,
724 3722 841 3752 crudelis
857 3723 892 3753 &
910 3722 970 3753 dire
981 3722 1110 3759 tyranne!
1129 3723 1178 3761 qui
1192 3732 1253 3753 non
1269 3733 1296 3753 es

239 3761 343 3796 ventus
355 3763 452 3797 manus
462 3756 602 3797 sacrilegas
616 3760 765 3790 immittere
778 3761 806 3790 in
819 3760 967 3792 Christum
980 3761 1118 3800 Domini,
1143 3770 1198 3791 nec
1212 3769 1241 3791 te
1253 3771 1297 3792 re-

239 3791 306 3830 galis
324 3791 438 3836 υζιᾶὴο,
457 3804 510 3837 nec
529 3796 630 3839 sanstae
643 3799 698 3829 viae
709 3800 880 3839 reverentia,
897 3810 952 3832 nec
965 3800 1024 3831 Dei
1036 3801 1123 3831 timor
1135 3809 1151 3830 a
1162 3806 1237 3830 tanta
1251 3800 1295 3830 in-

240 3831 410 3862 humanitate
421 3831 556 3864 cohibuit.

276 3868 368 3913 Borso
389 3869 522 3915 Princeps
544 3872 746 3911 Apostolorum
765 3874 856 3905 adhuc
877 3878 906 3906 in
928 3877 1093 3916 Apostoliea
1113 3876 1186 3908 Sede
1198 3887 1212 3907 r
1267 3885 1295 3908 at

239 3907 274 3938 &
293 3917 426 3946 imperat,
448 3909 487 3953 &q
504 3919 532 3954 iri
552 3911 646 3942 medio
664 3912 832 3944 constitutus
844 3913 885 3944 est
897 3915 1052 3951 judiciarius
1065 3917 1154 3957 rigor,
1171 3915 1200 3945 ill
1239 3925 1295 3955 que

239 3944 329 3989 restat¹
340 3955 370 3990 ut
389 3956 501 3978 exeratis
522 3958 551 3978 in
565 3950 719 3989 maleficos,
733 3951 829 3990 Pater,
844 3952 966 3984 cladium
980 3955 1071 3994 Petri,
1088 3963 1175 3994 quem
1186 3954 1222 3985 ad
1236 3953 1294 3985 hoc

239 3983 384 4027 constituit
404 3985 481 4031 super
500 3986 609 4030 Gentes
628 3988 662 4018 &
681 3989 790 4029 Regna.
824 3976 930 4021 (shristi
945 4002 1013 4024 crux
1026 3994 1166 4025 antecellit
1177 3991 1295 4024 Caesaris

238 4023 357 4063 aquilas,
371 4023 475 4064 gladius
487 4024 564 4058 Petn
577 4025 670 4066 gladio
685 4027 884 4068 Coniunmii,
900 4031 934 4063 &
948 4030 1114 4071 Apostolioe
1124 4031 1208 4065 Sedes
1220 4041 1293 4073 prae-

686 117 1494 172 CONVENTIONES,

1551 120 1948 173 LITERAE,

1350 206 1457 245 judicat
1469 206 1659 247 imperatoriae
1674 207 1811 248 potestati.
1829 207 1928 239 Vestra
1941 205 2062 248 potestas
2072 215 2087 237 a
2100 205 2168 238 Deo
2182 203 2239 246 est,
2256 216 2292 239 an
2303 208 2340 240 ab
2352 208 2408 240 ho-
2431 209 2509 241 Ann.
2522 212 2560 244 D,

1354 245 1616 276 minibus?Nonne
1630 246 1709 276 Deus
1722 247 1854 277 Deorum
1868 247 1978 277 locutus
1990 245 2032 276 est
2044 247 2125 277 vobis
2140 247 2170 276 in
2184 245 2270 276 Petro
2283 246 2411 287 Aposto-

1355 283 1386 313 lo
1403 283 1514 322 dicens,
1528 284 1719 324 quodcunque
1740 285 1864 324 ligaveris
1883 285 1962 322 super
1979 292 2096 324 terram,
2118 286 2170 315 erit
2190 285 2306 315 sicarum
2327 287 2362 317 &
2380 288 2411 319 in

1355 321 1463 360 Coelisz,
1479 324 1512 353 &
1532 323 1721 363 quodcunque
1742 324 1857 354 solveris
1873 323 1951 361 super
1973 331 2092 362 terram,
2111 324 2162 354 erit
2183 309 2306 354 solutum
2326 326 2361 356 &
2380 327 2412 358 in

1347 358 1463 391 Coelis?
1482 361 1580 399 Qare
1600 370 1669 401 ergo
1687 370 1766 392 tanto
1784 370 1912 401 tempore
1924 362 1982 392 tam
1995 362 2186 402 negligenter,
2204 363 2265 393 imo
2279 363 2337 392 tam
2349 373 2415 395 cru-

1354 398 1451 429 deliter
1472 398 1560 430 filium
1582 409 1679 429 meum
1697 400 1803 431 solvere
1814 399 1948 439 differtis,
1965 408 2011 430 aut
2022 403 2114 440 potius
2127 412 2187 432 non
2203 401 2307 432 audetis
2321 401 2333 431 ?
2356 402 2413 434 Sed

1353 436 1450 468 dicetis
1477 438 1551 468 hanc
1576 437 1741 475 potestatem
1764 439 1847 470 vobis
1870 439 1897 469 in
1919 439 2064 469 animabus
2079 463 2088 478 ,
2118 450 2179 471 non
2198 441 2227 470 in
2247 441 2415 480 corporibus

1352 474 1432 506 fuisse
1451 477 1651 507 commistam:
1673 477 1760 516 Esto,
1788 478 1864 508 certe
1885 476 1987 508 sufficit
2007 478 2090 509 nobis
2110 478 2130 509 fi
2151 489 2250 509 eorum
2269 479 2414 519 ligaveritis

1353 515 1475 555 animas,
1493 516 1540 555 qui
1560 515 1648 546 filium
1668 525 1765 546 metim
1787 517 1903 546 licratum
1916 516 1945 546 in
1956 525 2068 546 carcere
2079 524 2184 548 tenent.
2200 517 2303 548 Filium
2315 527 2413 549 meum

1353 550 1461 595 solvere
1481 555 1563 585 vobis
1582 556 1613 585 in
1631 555 1761 594 expedito
1781 541 1838 594 ess,
1853 554 2013 585 dummodo
2034 555 2190 586 humanum
2211 557 2343 587 timorem
2355 557 2415 588 Dei

1353 597 1440 621 timor
1452 601 1577 623 evacuet.
1609 593 1711 624 Redde
1723 595 1806 634 igitur
1819 593 1889 624 mihi
1904 593 1991 623 filium
2005 603 2102 623 meum
2111 616 2121 632 ,
2137 595 2179 624 vir
2191 593 2249 624 Dei
2283 595 2304 625 fi
2318 603 2412 627 tamen

1353 628 1396 657 vir
1409 629 1467 660 Dei
1478 640 1524 670 es,
1543 632 1576 663 &
1590 642 1651 662 non
1663 633 1755 673 potius
1768 634 1812 664 vir
1830 632 1992 671 sanguinum
2005 655 2014 670 ,
2041 632 2060 662 si
2076 632 2106 662 in
2117 631 2167 662 filii
2181 633 2237 662 mei
2250 617 2414 666 liberatione

1352 674 1477 706 torpeas,
1495 677 1526 700 ut
1545 669 1706 710 sanguinem
1725 673 1782 710 ejus
1802 671 1838 701 de
1852 680 1938 701 manu
1949 679 1995 702 tua
2009 672 2125 711 requirat
2139 670 2289 702 altiffimzis.
2325 671 2412 705 Heu!

1353 704 1420 750 heu-l
1442 706 1462 736 si
1472 706 1594 738 summus
1607 709 1702 753 pastor
1715 710 1745 740 in
1757 710 1960 740 mercenarium
1975 717 2143 750 pervertatur
2157 733 2168 749 ,
2194 710 2214 740 si
2225 720 2241 741 a
2253 709 2323 741 facie
2335 709 2412 752 Lupi

1351 743 1456 788 fugiat,
1474 745 1494 776 fi
1506 746 1684 778 commissam
1699 748 1749 778 sibi
1762 748 1922 787 oviculam,
1941 749 2002 778 imo
2013 749 2126 779 arietem
2141 749 2280 787 elestum,
2305 748 2412 781 ducem

1353 781 1505 814 Dominici
1527 786 1634 824 gregis,
1649 787 1680 815 in
1697 786 1822 817 faucibus
1842 795 1967 817 cruentae
1986 786 2082 818 bestiae
2103 786 2282 827 derelinquat.
2317 786 2413 819 Bonus

1351 819 1452 852 Pastor
1463 823 1529 853 alios
1542 823 1670 854 Pastores
1682 824 1792 855 instruit
1823 825 1858 856 &
1870 825 2018 866 informat,
2032 835 2092 856 non
2105 833 2133 855 ut
2147 825 2274 865 fugiant,
2299 826 2319 857 fi
2332 827 2412 858 vide-

1352 860 1410 904 rint
1427 860 1543 902 Lupum
1561 863 1740 906 venientem,
1756 849 1806 894 sets
1818 865 1921 894 animas
1940 864 1997 894 suas
2020 873 2073 901 pro
2094 863 2205 895 Ovibus
2226 863 2278 895 suis
2293 873 2410 904 ponant.

1354 898 1458 929 Anima
1471 910 1526 943 'tua
1548 902 1599 931 tibi
1619 900 1713 940 quaeso
1732 902 1804 933 salva
1822 902 1854 932 sit
1871 901 2047 941 dummodo,
2066 912 2126 934 non
2142 903 2236 934 dicam
2257 902 2328 934 Ovis
2341 911 2413 944 tuae,

1354 937 1399 968 sed
1424 938 1487 969 Filii
1509 940 1550 969 tui
1563 940 1756 970 liberationem
1769 941 1873 972 crebris
1886 941 2085 980 levationibus,
2101 940 2260 972 salutaribus
2279 943 2412 982 monitis,

1354 979 1612 1009 comminationum
1635 979 1780 1018 tonitruis,
1800 966 1970 1019 generalibus
1989 980 2156 1019 interdictis,
2174 980 2312 1011 sententiis
2334 982 2413 1012 terri-

1353 1015 1454 1046 bilibus
1468 1016 1575 1048 studeas
1588 1017 1756 1055 procurare?
1779 1016 1852 1047 Sane
1864 1017 1923 1048 sero
1935 1017 2056 1050 vestram
2069 1029 2122 1060 pro
2136 1028 2173 1049 eo
2186 1020 2309 1049 animam
2323 1029 2414 1060 pone-

1354 1055 1432 1092 retis,
1449 1057 1498 1095 qui
1512 1065 1565 1096 pro
1578 1056 1680 1086 eodem
1693 1056 1784 1086 adhuc
1799 1066 1889 1086 unum
1902 1057 2023 1087 verbum
2034 1057 2144 1096 dicere,
2165 1065 2212 1088 aut
2226 1057 2345 1089 scribere
2359 1069 2414 1089 rio-

1354 1091 1448 1123 luistis.
1489 1094 1547 1125 Dei
1562 1094 1663 1133 Filius,
1681 1094 1844 1125 testimonio
1857 1094 2026 1135 Prophetae,
2053 1095 2091 1126 de
2105 1095 2191 1126 Caelo
2204 1096 2363 1136 descendit,
2381 1107 2414 1130 ut

1354 1131 1485 1163 educeret
1496 1133 1607 1164 vinetos
1623 1133 1658 1164 de
1672 1133 1749 1172 lacu,
1767 1134 1797 1163 in
1808 1143 1867 1173 quo
1881 1143 1941 1163 non
1954 1142 2011 1164 erat
2023 1144 2109 1174 aqua,
2135 1134 2260 1174 nunquid
2272 1136 2350 1176 quod
2362 1136 2413 1167 de-

1355 1171 1414 1201 cuit
1435 1171 1549 1211 Deum,
1567 1172 1685 1203 dedecet
1706 1172 1765 1202 Dei
1777 1172 1905 1203 servum?
1925 1172 2008 1202 Filius
2020 1182 2098 1203 meus
2109 1181 2251 1213 torquetur
2265 1175 2294 1204 in
2308 1175 2411 1210 vincu-

1353 1209 1402 1247 lis,
1423 1220 1477 1240 nec
1495 1212 1531 1242 ad
1551 1221 1617 1242 eum
1637 1210 1793 1249 descendis,
1811 1221 1865 1242 nec
1883 1212 1985 1249 mittis,
2003 1220 2058 1241 nec
2077 1212 2197 1241 moveris
2211 1212 2288 1252 super
2303 1215 2411 1244 contri-

1353 1248 1434 1278 tione
1447 1249 1563 1290 Joseph,
1602 1249 1730 1281 Christus
1750 1249 1807 1280 hoc
1829 1250 1907 1280 videt
1921 1250 1954 1280 &
1968 1249 2036 1280 silet!
2056 1249 2099 1280 sed
2110 1259 2181 1287 opus
2194 1249 2252 1281 Dei
2266 1251 2410 1291 negligen-

1354 1294 1396 1317 ter
1410 1289 1554 1327 agentibus
1567 1289 1739 1319 abundanter
1752 1290 1781 1319 in
1793 1288 1900 1319 summa
1914 1287 2089 1318 distriCtione
2102 1289 2242 1320 retribuet.

1391 1325 1491 1366 Legati
1511 1328 1592 1358 nobis
1610 1329 1665 1365 jam
1686 1329 1769 1358 tertio
1789 1326 1916 1368 promissi
1929 1327 2006 1365 sunt,
2019 1336 2073 1357 nec
2083 1327 2144 1357 sunt
2159 1327 2250 1366 missi,
2267 1335 2299 1358 ut
2310 1338 2412 1360 verum

1353 1363 1453 1404 fatear,
1474 1365 1548 1405 ligati
1563 1367 1672 1404 potius,
1696 1376 1780 1406 quam
1796 1367 1886 1404 legati.
1921 1365 1951 1396 Si
1967 1366 2052 1396 Filius
2064 1375 2142 1396 metis
2153 1366 2182 1396 in
2198 1366 2332 1406 prosperis
2347 1376 2411 1407 age-

1353 1411 1413 1442 ret,
1438 1404 1472 1434 ad
1491 1405 1647 1445 simplicem
1669 1406 1724 1443 ejus
1740 1406 1923 1435 vocationem
1943 1403 2114 1435 festinantius
2131 1405 2324 1444 accessissent,
2347 1407 2413 1446 quia

1353 1441 1390 1471 de
1409 1443 1558 1482 magnifica
1579 1445 1636 1482 ejus
1655 1443 1846 1473 munificentia
1873 1444 1907 1474 &
1925 1443 1962 1473 de
1983 1444 2098 1480 publico
2119 1442 2214 1484 Regni
2229 1444 2336 1483 quaestu
2356 1445 2414 1476 suaa

1352 1479 1496 1519 legationis
1519 1482 1617 1512 uberes
1637 1481 1794 1521 manipulos
1812 1482 1997 1521 expesstarent.
2031 1481 2069 1512 Et
2090 1482 2150 1522 quis
2169 1482 2289 1520 quaestus
2303 1484 2339 1513 eis
2350 1483 2414 1523 glo-

1352 1519 1451 1549 riosior
1464 1519 1520 1550 esse
1574 1521 1639 1560 sset,
1653 1530 1738 1560 quam
1751 1519 1865 1558 Regem
1878 1520 1990 1549 liberare
2003 1521 2165 1557 captivum,
2182 1521 2296 1552 reddere
2310 1532 2412 1562 pacem

1352 1558 1463 1626 populis
1471 1581 1481 1597 ,
1499 1569 1528 1588 re
1539 1560 1626 1599 igiosis
1640 1561 1764 1599 quietem
1773 1582 1783 1597 ,
1792 1560 1825 1590 &
1840 1558 1973 1597 gaudium
1985 1558 2134 1588 universis?
2146 1558 2180 1588 N
2184 1569 2239 1589 unc
2254 1568 2347 1590 autem
2361 1560 2411 1592 filii

1380 1597 1479 1637 phrem
1501 1597 1713 1629 intendentes&
1722 1599 1863 1628 mittentes
1875 1606 1973 1628 arcum
1986 1597 2068 1627 indie
2076 1596 2141 1627 belli
2155 1599 2282 1629 conversi
2290 1599 2366 1638 sunt,
2375 1600 2409 1630 δε

1350 1636 1383 1665 in
1396 1643 1524 1673 tempore
1537 1636 1686 1676 angustiae,
1699 1637 1770 1667 dum
1785 1637 1881 1674 Lupus
1893 1635 1995 1674 praed-:e
2010 1635 2239 1673 incubat,Canes
2248 1638 2319 1667 muti
2331 1637 2411 1669 latra-

1352 1683 1382 1704 re
1395 1683 1509 1705 autnon
1559 1677 1696 1714 isunnam
1710 1675 1818 1706 nolunt.
1827 1675 1970 1705 Haeccine
1982 1673 2128 1715 promissio
2138 1675 2183 1704 illa
2197 1675 2250 1713 est,
2259 1685 2344 1716 quam
2358 1686 2412 1707 no-

1352 1713 1410 1751 bis,
1418 1714 1491 1754 apud
1503 1684 1636 1744 &sirum
1651 1714 1886 1754 Radulphi,cum
1902 1722 1976 1744 tanta
1987 1713 2144 1743 dileeticnis
2154 1713 2187 1744 &
2200 1713 2264 1744 fidei
2278 1714 2412 1753 protesta-

1353 1752 1431 1782 tione
1439 1775 1448 1790 ,
1456 1753 1579 1783 fecistis?
1591 1753 1671 1791 Quid
1688 1754 1792 1791 profuit
1805 1753 1886 1783 vobis
1898 1751 2070 1792 simplicibus
2082 1751 2146 1782 dare
2159 1752 2241 1783 verba
2249 1776 2258 1791 ,
2266 1754 2299 1784 ὃς
2313 1753 2413 1784 illude-

1350 1800 1380 1820 re
1399 1800 1465 1821 vota
1488 1792 1688 1822 innocentium
1706 1793 1780 1822 inani
1800 1791 1925 1822 fiducia?
1952 1791 1999 1822 Sic
2017 1790 2089 1821 olim
2109 1790 2173 1821 Rex
2194 1790 2294 1822 Achab
2315 1792 2411 1823 foedus

1348 1830 1481 1861 amicitiae
1495 1830 1662 1862 contraxisse
1676 1841 1745 1861 cum
1758 1829 1887 1861 Benadab
1899 1829 2078 1868 perhibetur,
2100 1829 2267 1868 illorumque
2279 1839 2409 1862 mutuam

1349 1868 1530 1900 dileffionem
1550 1877 1666 1900 eventus
1682 1870 1806 1899 habuisse
1824 1867 1955 1899 infaustos
1975 1868 2139 1899 audivimus.
2175 1867 2285 1908 Pugnas
2301 1869 2385 1907 Judae
2400 1893 2413 1908 ,

1343 1907 1496 1947 johannis,
1519 1908 1656 1946 Simonis,
1683 1907 1920 1938 Machabaeorum
1941 1907 2083 1945 Fratrum,
2106 1906 2227 1937 coelestis
2246 1908 2411 1945 dispensatio

1347 1946 1475 1977 felicibus
1494 1947 1669 1988 prosperabat
1690 1947 1829 1987 auspiciis,
1853 1945 1933 1976 missa
1952 1956 2022 1977 vero
2043 1946 2180 1986 legatione
2199 1946 2250 1977 sibi
2269 1946 2412 1978 firmantes

1347 1986 1501 2016 amicitiam
1518 1985 1740 2025 Romanorum,
1757 1985 1814 2016 Dei
1825 1985 2004 2029 perdiderunt
2016 1986 2166 2027 auxilium,
2189 1995 2243 2015 nec
2257 1986 2294 2016 eis
2307 1985 2411 2024 semel,

1347 2023 1392 2054 sed
1413 2025 1510 2063 saepius
1530 2025 1633 2055 venalis
1650 2034 1750 2056 eorum
1770 2024 1935 2054 farruliaritas
1957 2023 2031 2054 versa
2043 2023 2083 2053 est
2095 2024 2124 2053 in
2137 2023 2296 2063 singultum.
2327 2024 2410 2055 Solus

1347 2062 1401 2093 des
1415 2072 1488 2093 erare
1509 2072 1557 2093 me
1578 2064 1694 2103 cogitis,
1739 2063 1767 2093 ui
1781 2063 1866 2101 solus,
1885 2062 1948 2100 1:0st
1963 2061 2079 2101 Deum,
2094 2061 2152 2101 spes
2165 2072 2244 2100 mea,
2256 2062 2409 2103 populique

1346 2111 1386 2131 no
1413 2103 1436 2132 ii
1451 2101 1553 2132 fiducia
1566 2102 1684 2132 fueratis.
1704 2102 1726 2132 lx
1744 2102 1891 2139 aledistus,
1906 2102 1954 2142 qui
1971 2100 2089 2132 confidit
2103 2102 2132 2131 in
2146 2100 2280 2139 homine,
2298 2102 2347 2131 ubi
2366 2101 2408 2132 est

1347 2149 1415 2180 ergo
1434 2150 1511 2171 nunc
1532 2141 1701 2179 praestolatio
1713 2141 1792 2171 mea?
1808 2141 1857 2171 Tu
1872 2150 1919 2182 es,
1935 2140 2066 2170 Domine
2079 2163 2089 2178 ,
2108 2139 2187 2178 Deus
2202 2149 2296 2178 meus,
2317 2140 2353 2170 ad
2365 2149 2409 2180 te,

1346 2177 1495 2218 Domine,
1514 2181 1562 2217 qui
1575 2180 1701 2210 laborem
1714 2178 1884 2218 consideras,
1901 2182 1962 2209 sunt
1977 2179 2053 2209 oculi
2067 2177 2175 2216 ancillae
2191 2186 2256 2208 tuae.
2278 2178 2328 2209 Tu
2342 2179 2408 2210 Rex

1343 2215 1459 2256 Regum
1507 2219 1541 2249 &
1563 2218 1706 2249 Dominus
1726 2218 1948 2249 Dominantium
1965 2239 1974 2255 ,
2005 2217 2052 2247 res
2067 2218 2110 2247 ice
2127 2217 2157 2247 in
2177 2215 2280 2247 faciem
2300 2216 2408 2249 Christi

1344 2257 1401 2294 tui,
1419 2256 1452 2287 da
1466 2241 1622 2297 smperium
1634 2266 1722 2297 puero
1735 2265 1801 2294 tuo,
1819 2257 1853 2287 ὃ(
1865 2256 1972 2287 salvum
1985 2256 2029 2286 sac
2060 2256 2130 2299 lium
2145 2256 2253 2286 ancill-x
2266 2263 2405 2295 tuae,nec

1343 2295 1373 2325 in
1385 2305 1421 2325 eo
1434 2297 1530 2335 punias
1543 2296 1643 2326 delleta
1656 2295 1696 2326 sui
1709 2296 1805 2335 patris,
1823 2304 1869 2326 aut
1886 2295 2018 2324 malitiam
2032 2302 2125 2325 matris
2136 2293 2200 2324 suae.

1382 2332 1427 2363 Ex
1441 2343 1515 2365 certa
1528 2336 1562 2365 &
1577 2335 1689 2375 publica
1700 2334 1832 2364 relatione
1843 2334 2048 2373 cognovimus,
2067 2333 2145 2373 quod
2158 2332 2404 2374 Imperator,post

1344 2370 1486 2411 Legiensis
1500 2373 1633 2413 Episcopi
1645 2382 1786 2410 moi-tem,
1810 2382 1896 2410 quem
1910 2371 2022 2402 funesto
2035 2371 2127 2412 gladio
2142 2371 2225 2411 longa
2235 2379 2330 2402 tamen
2344 2382 2405 2403 ma-

1343 2419 1383 2440 nu
1396 2412 1499 2442 dicitur
1513 2411 1666 2450 occidi'ile,
1696 2410 1886 2442 Ostunensem
1900 2410 2090 2449 Episcopum,
2109 2410 2143 2441 &
2177 2419 2275 2440 uatuor
2287 2410 2406 2450 Episco-

1344 2457 1395 2488 pos
1415 2451 1669 2490 comprovinciales
1686 2451 1760 2489 ejus,
1776 2449 1980 2480 Salernitanum
1999 2449 2099 2488 etiam,
2117 2449 2150 2479 &
2194 2449 2339 2479 ranensem
2351 2450 2406 2480 Ar-

1343 2488 1536 2529 chiepiscopos
1547 2490 1670 2519 coarctat
1684 2488 1790 2519 miseria
1804 2488 2008 2526 carcerali,&,
2025 2488 2103 2527 quod
2116 2487 2264 2518 auetoritas
2279 2487 2404 2528 Aposto-

1341 2526 1395 2556 lica
1416 2528 1569 2558 nullatenus
1588 2527 1756 2558 dissimulare
1775 2526 1924 2565 debuerat,
1943 2526 2084 2564 Siciliam,
2103 2536 2187 2566 quam
2200 2537 2214 2557 a
2230 2527 2404 2566 temporibus

1342 2563 1524 2597 Constantini
1545 2565 1655 2597 constat
1678 2566 1733 2596 esse
1756 2566 1958 2607 patrimonium
1983 2564 2011 2595 S.
2032 2565 2123 2603 Petri,
2145 2564 2210 2604 post
2230 2565 2402 2604 legationffl,

1341 2603 1407 2640 post
1426 2604 1652 2644 supplicationes,
1720 2604 1743 2634 st
1765 2604 2037 2635 communicationes
2057 2603 2233 2644 Apostolicae
2252 2604 2348 2642 Sedis,
2372 2605 2403 2635 in

1339 2651 1508 2682 perpetuum
1522 2644 1665 2674 Romame
1706 2643 1830 2674 ccclesiae
1843 2642 2054 2682 praejudicium,
2071 2643 2244 2681 usurpatione
2256 2642 2399 2681 tyrannica

1338 2683 1498 2721 occupavit.
1533 2681 1568 2712 In
1581 2683 1715 2712 omnibus
1728 2681 1770 2712 his
1783 2691 1842 2711 non
1856 2682 1875 2700 *
1891 2681 1932 2711 est
1946 2680 2054 2710 aversus
2067 2681 2144 2711 furor
2156 2681 2229 2717 ejus,
2246 2680 2292 2711 sed
2305 2681 2398 2712 adhuc

1338 2728 1437 2749 manus
1447 2721 1504 2758 ejus
1518 2728 1635 2750 extenta.
1669 2719 1776 2750 Gravia
1788 2719 1903 2758 quidem
1915 2719 2007 2748 intulit
2023 2741 2033 2756 ,
2057 2717 2103 2749 sed
2120 2718 2269 2749 certissime
2282 2719 2398 2758 potestis

1337 2758 1484 2796 expestare
1503 2758 1533 2788 in
1556 2760 1689 2796 proximo
1707 2759 1840 2797 graviora.
1873 2756 1917 2787 Hi
1938 2758 2031 2794 enim,
2049 2758 2097 2796 qui
2111 2755 2262 2787 debuerant
2274 2757 2330 2787 esse
2344 2768 2398 2789 co-

1337 2795 1445 2827 lumnae
1465 2796 1599 2827 Ecclesiae
1612 2820 1622 2834 ,
1643 2797 1673 2826 in
1691 2806 1791 2826 omnes
1813 2804 1913 2826 ventos
1931 2795 2082 2825 arundinea
2103 2794 2214 2825 levitate
2234 2805 2395 2828 moventur.

1339 2833 1461 2866 Utinam
1475 2836 1631 2866 recolerent
1645 2835 1738 2874 quod,
1775 2843 1867 2873 ropter
1879 2834 2076 2902 neglilgentiam
2091 2832 2160 2863 Heli
2173 2834 2327 2866 Sacerdotis
2342 2837 2398 2868 mi-

1338 2873 1474 2904 nistrantis
1492 2875 1522 2904 in
1543 2874 1622 2913 Silo,
1642 2874 1729 2913 gloria
1748 2845 1872 2904 Domini
1892 2873 1928 2903 de
1963 2872 2025 2902 srael
2045 2871 2168 2903 transsata
2188 2872 2245 2911 est,
2263 2883 2318 2904 nec
2339 2875 2396 2912 jam

1337 2912 1465 2951 parabola
1477 2913 1611 2954 temporis
1625 2913 1754 2952 praeteriti
1768 2911 1827 2950 est,
1841 2909 1885 2941 sed
1899 2911 2052 2953 praesentis:
2081 2911 2158 2950 Quia
2173 2921 2202 2942 re
2224 2912 2274 2942 ulit
2286 2912 2397 2943 Domi-

1336 2961 1389 2980 nus
1410 2951 1640 2982 Tabernaculum
1662 2950 1740 2989 Silo,
1755 2949 1983 2981 Tabernaculum
2003 2953 2082 2980 suum
2097 2972 2106 2987 ,
2130 2950 2178 2980 ubi
2224 2950 2338 2982 abitavit
2363 2952 2397 2983 in

1335 2988 1513 3029 hominibus,
1531 2991 1565 3021 &
1579 2989 1690 3020 tradidit
1703 2991 1732 3020 in
1746 2989 1933 3029 captivitatem
1947 2989 2080 3018 virtutem
2092 2997 2209 3027 eorum,
2225 2989 2260 3020 &
2273 2989 2398 3030 pulchri-

1341 3028 1469 3059 tudinem
1489 3038 1588 3059 eorum
1608 3029 1638 3059 in
1652 3038 1750 3058 manus
1767 3027 1882 3058 inimici.
1911 3025 2066 3065 Imputatut
2080 3037 2180 3058 eorum
2193 3027 2400 3065 pusillanimita-

1337 3067 1376 3105 ti,
1392 3067 1469 3108 quod
1489 3066 1614 3098 Ecclesia
1631 3066 1831 3104 conculcatur,
1845 3065 2015 3103 periclitatur
2029 3065 2113 3105 fides,
2131 3076 2170 3106 op
2192 3067 2299 3097 rimitur
2313 3067 2398 3098 liber-

1335 3114 1392 3144 tas,
1412 3106 1491 3136 dolus
1524 3106 1648 3145 atientia,
1666 3105 1838 3143 &iniquitas
1851 3105 2014 3144 impunitate
2026 3106 2151 3136 nutritur.
2171 3076 2237 3136 {Jbi
2252 3104 2397 3145 est,qu0d

1334 3143 1481 3175 Dominus
1528 3144 1636 3175 cclesiae
1652 3143 1708 3174 suae
1732 3143 1901 3182 quandoque
1921 3143 2063 3182 promisit,
2080 3143 2167 3183 Suges
2180 3143 2223 3173 lac
2237 3143 2397 3182 Gentium,

1336 3183 1370 3214 &
1391 3184 1544 3213 mammilla
1562 3183 1678 3222 Regum
1695 3182 1852 3219 lastaberis,
1876 3191 1981 3223 pona-m
2004 3190 2032 3212 te
2050 3183 2080 3212 in
2102 3182 2131 3212 su
2153 3181 2258 3212 erbiam
2278 3182 2396 3213 saeculo-

1334 3231 1416 3260 rum,
1435 3222 1568 3261 gaudium
1589 3222 1617 3251 in
1637 3222 1813 3260 generatione
1833 3221 1868 3252 &
1881 3220 2110 3260 generationem?
2145 3221 2253 3252 ‘eclesia
2266 3221 2337 3251 olim
2350 3222 2395 3251 su-

1334 3261 1485 3297 perborum
1514 3262 1548 3292 &
1567 3258 1727 3290 sublimium
1748 3260 1821 3290 colla
1839 3260 1950 3300 propria
1969 3259 2072 3290 virtute
2096 3260 2220 3291 calcabat
2233 3282 2244 3299 ,
2266 3259 2395 3299 legesque

1335 3298 1541 3338 Imperatorum
1567 3297 1654 3328 sacros
1673 3308 1795 3328 canones
1817 3299 2009 3337 sequebantur.
2044 3298 2139 3329 Nunc
2158 3307 2266 3336 autem,
2291 3297 2394 3329 ordine

1334 3339 1462 3375 turbato,
1479 3347 1539 3367 non
1557 3336 1652 3366 dicam
1672 3346 1809 3376 canones,
1827 3337 1873 3368 sed
1893 3346 2039 3367 canonum
2052 3337 2213 3368 conditores
2224 3337 2312 3377 pravis
2325 3335 2394 3376 legi-

1333 3375 1385 3406 bus
1398 3376 1432 3407 &
1445 3374 1694 3406 consuetudinibus
1707 3376 1864 3406 execrandis
1875 3375 2022 3406 areentur.
2059 3374 2229 3407 Detestanda
2240 3382 2392 3414 potentum

1334 3413 1434 3454 flagitia
1448 3414 1617 3452 tolerantur,
1635 3424 1689 3445 nec
1701 3414 1742 3444 est
1755 3415 1803 3453 qui
1817 3415 1918 3445 mutire
1931 3414 2028 3445 audeat
2070 3416 2105 3447 &
2117 3415 2144 3444 in
2159 3422 2311 3453 pauperum
2345 3423 2393 3444 ec-

1333 3462 1394 3484 cata
1414 3452 1545 3483 duntaxat
1567 3453 1642 3492 rigor
1657 3455 1810 3484 canonicus
1823 3462 1974 3485 exercetur.
2002 3437 2072 3484 ld'eo
2085 3462 2143 3483 non
2157 3452 2299 3482 immerito
2341 3462 2391 3484 na-

1333 3492 1432 3522 charsis
1451 3491 1635 3530 Philosophus
1659 3492 1719 3522 telis
1736 3501 1894 3523 aranearum
1913 3492 1986 3532 leges
2002 3493 2036 3524 &
2049 3500 2169 3522 canones
2185 3491 2367 3530 comparabat
2377 3513 2390 3531 ‚

1332 3540 1397 3570 quae
1408 3530 1535 3560 animalia
1546 3530 1681 3560 debiliora
1694 3531 1830 3570 retinent,
1849 3531 1932 3562 fortia
1945 3539 2039 3562 autem
2051 3527 2244 3559 tranfinittunt.

1370 3568 1527 3600 Astiterunt
1547 3567 1578 3598 R
1613 3578 1641 3599 es
1659 3568 1758 3600 Terrae
1776 3570 1809 3601 &
1830 3569 1973 3611 Principes
1992 3575 2185 3600 convenerunt
2198 3568 2226 3597 in
2239 3577 2329 3598 urium
2341 3568 2392 3600 ad-

1332 3608 1424 3639 versus
1436 3607 1584 3638 Christum
1631 3608 1721 3638 omini
1735 3609 1836 3639 Filium
1849 3619 1956 3639 meum.
1985 3605 2070 3637 Unus
2083 3615 2149 3636 eum
2162 3613 2273 3646 torquet
2282 3607 2311 3637 in
2325 3608 2392 3637 vin-

1333 3647 1418 3685 culis,
1437 3646 1503 3676 alter
1526 3654 1608 3676 terras
1626 3646 1696 3676 illius
1717 3648 1822 3678 crudeli
1843 3647 1990 3678 hostilimte
2007 3643 2148 3682 devastat,
2175 3645 2227 3683 &,
2249 3653 2281 3677 ut
2299 3646 2391 3676 verbo

1331 3685 1436 3724 vulgari
1457 3692 1518 3715 utar
1548 3695 1619 3715 unus
1637 3685 1753 3725 tondet,
1771 3687 1839 3717 alter
1855 3685 1971 3723 expilat,
1992 3692 2064 3713 unus
2084 3683 2186 3722 pedem
2207 3691 2302 3725 tenet,
2321 3684 2390 3714 alter

1330 3723 1462 3753 excoriat.
1531 3732 1574 3754 aec
1593 3722 1670 3754 videt
1689 3725 1812 3756 summus
1832 3722 1979 3759 Pontifex,
1992 3721 2027 3753 &
2044 3721 2167 3761 gladium
2189 3721 2264 3752 Petri
2283 3723 2390 3761 suppri-

1330 3762 1383 3792 mit
1392 3762 1421 3791 in
1434 3761 1532 3800 vagina
1546 3762 1712 3806 repositum,
1738 3764 1776 3794 sic
1790 3762 1866 3794 addit
1876 3769 1982 3792 cornua
1995 3761 2151 3800 peccatori,
2175 3759 2231 3796 ipsa
2245 3760 2389 3803 taciturni-

1329 3807 1368 3830 tas
1387 3801 1443 3838 ejus
1460 3800 1632 3839 praesumitur
1650 3801 1686 3832 ad
1706 3801 1878 3833 consensum.
1914 3798 2031 3830 Videtur
2045 3799 2121 3828 enim
2134 3797 2304 3841 consentu‘ey
2321 3800 2387 3838 qui,

1331 3847 1399 3869 curn
1418 3837 1502 3879 possit
1515 3839 1549 3870 ὃς
1563 3839 1696 3878 deberet,
1709 3851 1770 3871 non
1783 3840 1914 3878 corripit,
1932 3837 1967 3868 &
1978 3836 2167 3867 dissimulatrix
2214 3844 2326 3873 nentia,
2342 3837 2389 3880 sq-

1328 3877 1432 3908 cietatis
1459 3878 1583 3909 occultae
1608 3878 1741 3916 scrupolo
1767 3889 1827 3909 non
1846 3876 1959 3908 carebit.
1993 3874 2128 3918 Imminet
2140 3896 2151 3913 ,
2183 3882 2242 3905 icut
2259 3874 2390 3915 praedixit

1328 3914 1498 3955 Apostolus,
1517 3924 1628 3957 tempus
1645 3917 1831 3955 diffensionis,
1849 3923 1881 3946 ut
1900 3913 2062 3957 perditionis
2079 3912 2150 3957 filius
2168 3912 2388 3957 reveletuuin-

1328 3953 1454 3994 stantque
1466 3962 1593 3994 tempora
1606 3955 1756 3996 periculosa
1776 3963 1807 3985 ut
1818 3953 1955 3985 scindatur
1966 3960 2062 3983 tunica
2076 3950 2184 3994 Christi
2199 3951 2389 3995 inconsutilis,

1327 4001 1359 4024 ut
1378 4001 1519 4031 rumpatur
1539 4003 1598 4025 rete
1615 3994 1708 4032 Petri,
1723 3994 1758 4026 &
1776 3992 1936 4024 Catholicae
1956 3991 2066 4021 unitatis
2085 3989 2202 4021 soliditas
2217 3989 2388 4021 dissolvatur.

1328 4030 1410 4064 Initia
1422 4031 1564 4065 uelorum
1574 4033 1637 4067 sunt
1649 4034 1730 4072 haec,
1744 4031 1875 4065 sentimus
1888 4030 1999 4069 gravia,
2015 4029 2141 4069 graviora
2152 4029 2292 4062 timemus
2316 4026 2389 4097 §te-c·

2452 259 2536 292 1193.

2419 2694 2435 2710 ⁸¹³
2451 2695 2474 2723 1.
2488 2696 2534 2731 76.
