2570 4261
711 180 823 224 ET
904 181 1173 222 ACTA

0 254 72 287 Am·
87 251 127 283 D·
184 267 225 301 Et
236 269 321 300 etiam
337 276 421 301 terras
431 267 487 299 illas
504 275 569 308 quae
588 267 669 299 nobis
686 265 840 311 secundum
853 268 1089 311 compositionem
1104 267 1204 309 &pa-

9 300 94 331 1259.
145 317 229 346 cem,
246 308 317 338 inter
330 319 398 347 nos,
416 309 450 338 ὅ(
465 306 553 344 ipsum
569 306 682 345 Regem
695 305 818 336 habitam
831 328 841 343 ,
861 305 942 335 nobis
956 329 967 345 ,
990 306 1034 336 vel
1049 305 1204 335 haeredibus

0 335 57 360 ³²⁷¹·
75 339 103 368 3·
144 345 246 378 nostris
293 347 398 377 debent
412 346 448 376 ab
466 345 525 390 ipso
539 367 550 383 ‚
574 345 619 375 vei
638 344 794 374 haeredibus
812 343 864 373 suis
877 343 1001 383 assignari
1017 345 1051 375 ac
1067 343 1152 380 tradi3
1170 343 1206 373 de

166 384 247 416 uibus
259 367 423 425 iiomagium
435 384 534 422 ligium
546 383 637 426 facere
649 381 784 412 debemus
799 381 910 420 eidem,
926 382 998 426 facta
1017 383 1092 425 prius
1105 381 1206 420 nobis,

142 395 178 455 ἓ(
191 422 348 454 haeredibus
366 421 481 459 nostris,
499 421 516 450 a
530 421 667 460 praedic‘to
686 420 768 459 Rege
801 420 835 450 &
854 420 1008 451 haeredibus
1023 421 1075 450 suis
1090 443 1100 459 ,
1123 419 1205 459 plena

145 463 180 494 &
193 460 341 493 sufficienti
353 459 494 489 securitate
506 459 543 488 de
554 458 656 489 eisdem
667 459 758 502 terris:
774 443 816 502 lit
828 459 912 502 etiarn
922 459 958 489 de
970 460 1086 497 pecunia
1094 482 1103 496 ,
1118 467 1205 497 quam

144 499 221 532 idem
234 500 315 537 Rex,
331 498 365 529 &
377 497 416 527 sui
428 496 567 535 haeredes,
580 506 632 536 pro
647 504 804 535 quingentis
820 495 961 527 Militibus
974 520 983 536 ,
1007 508 1057 536 per
1069 497 1139 528 duos
1157 506 1205 526 an-

148 549 201 570 nos
214 537 357 573 tenendis,
376 536 458 566 nobis
469 534 503 566 &
516 534 670 565 haeredibus
683 534 782 564 nostris
793 533 908 565 reddere
920 544 1056 567 tenentur.

184 575 308 608 Dictum
322 575 406 605 etiam
420 572 533 613 Regem
545 573 568 603 F
569 574 670 604 ranciae
686 596 696 611 ,
721 573 815 603 fratres
835 572 909 611 suos,
927 584 1040 604 necnon
1052 572 1206 604 anteceffo-

146 625 207 653 res,
223 612 362 651 haeredes,
379 612 414 643 &
424 611 591 643 successores
605 621 721 648 eorum,
738 611 774 642 de
786 612 919 641 omnibus
937 614 1075 651 arreragiis
1091 613 1124 643 &
1139 621 1206 651 pro-

146 651 278 684 ventibus
290 652 442 695 perceptis,
462 651 496 681 &
514 650 562 688 qui
574 651 679 689 percipi
694 656 862 687 potuerunt,
879 651 908 679 in
924 652 1057 681 omnibus
1070 650 1207 690 supradic-

148 691 200 729 tist,
215 690 249 721 &
262 687 297 720 de
307 699 388 720 omni
402 697 518 719 rancore
532 687 565 718 &
577 689 760 718 contentione
772 687 837 718 inde
850 688 963 726 habitis3
980 690 1013 720 ὃς
1027 688 1063 718 de
1074 689 1208 719 omnibus

146 777 274 805 cumque
285 766 374 797 modo
386 765 524 804 irrogatis,
540 765 678 803 quitamus
691 765 799 803 penitus
812 765 845 795 &
858 764 985 804 expresse.

185 804 271 836 Facta
284 812 378 835 autern
393 804 464 833 inter
476 813 526 833 nos
535 825 544 840 ,
561 803 594 833 ὃς
609 802 718 833 dietum
732 802 845 842 Regem
863 802 885 833 F
887 803 989 833 ranciae
1004 826 1014 841 ,
1036 811 1104 833 cum
1120 802 1211 840 perso-

150 844 248 876 naliter
263 842 498 879 convenerimus,
515 841 593 880 super
611 839 755 880 praemiffis
773 841 892 880 plenaria
904 841 1044 872 securitate
1060 863 1070 879 ,
1095 840 1211 880 praesens

149 883 284 921 scriptum
292 902 303 918 ,
318 881 352 911 &
365 880 462 910 omnia
474 880 525 910 alia
535 880 634 919 scripta
642 902 651 918 ,
666 878 739 909 istud
758 881 904 918 negotium
916 879 1070 919 tangentia,
1088 879 1156 908 hinc
1169 879 1213 907 in-

149 921 188 953 de
200 927 330 950 tenentur
344 917 465 956 restitui,
482 918 532 956 &,
558 917 578 947 si
593 927 658 955 quae
671 916 829 956 hujusmodi
849 918 943 956 scripta
963 917 1149 957 postmodum
1168 917 1213 946 in-

153 966 239 1003 venta
250 958 368 997 fuerint,
385 956 490 989 viribus
499 956 619 988 omnino
632 956 781 996 carebunt,
799 958 832 989 &
848 966 900 997 pro
917 957 997 989 nullis
1013 955 1118 987 debent
1130 964 1213 995 repu-

152 1005 213 1030 tan.

190 1033 227 1068 In
241 1037 336 1074 cujus,
353 1034 415 1066 &c-

187 1114 279 1150 Teste
292 1114 375 1156 Rege
387 1115 462 1155 apud
476 1115 601 1148 Westm.
618 1124 656 1155 24
671 1115 716 1147 die
730 1115 811 1148 Febr.

178 1249 228 1283 De
244 1245 381 1295 homagio
397 1250 471 1295 Regi
484 1248 616 1280 franciae
631 1245 810 1293 prestando,
836 1257 870 1279 ut
884 1249 916 1279 in
927 1257 1002 1292 pace
1017 1248 1192 1278 continetur.

0 1340 77 1374 Ann.
93 1340 136 1373 D.

24 1388 108 1421 1259.

0 1425 53 1450 Aa.
68 1431 116 1457 4²·

158 1336 286 1394 REX
305 1336 468 1374 Univerfis,
487 1337 546 1367 &c.
559 1335 680 1366 salutem.

255 1373 403 1406 Noveritis
418 1374 494 1414 quod
510 1383 578 1404 cum
590 1373 656 1404 Rex
670 1372 694 1403 F
695 1373 796 1404 ranciae
816 1381 865 1410 per
883 1381 982 1410 pacem
995 1394 1004 1410 ,
1029 1372 1101 1402 inter
1114 1380 1167 1401 nos
1183 1371 1217 1402 δε

159 1418 169 1448 i
190 1414 250 1447 sum
262 1414 401 1452 habitam,
417 1415 451 1445 ὅ(
466 1413 622 1450 iuramentis
634 1410 771 1442 firmatam
784 1433 794 1449 ,
819 1419 944 1441 teneatur
962 1411 1045 1441 nobis
1063 1418 1164 1440 terram
1178 1419 1219 1439 as-

173 1463 283 1495 ignare,
300 1453 333 1484 &
348 1462 399 1491 pro
407 1450 547 1482 Militibus
558 1450 664 1481 solvere
675 1458 780 1480 certam
791 1450 919 1493 pecuniae
953 1450 1114 1479 uantitatem
1123 1471 1133 1486 ,
1150 1448 1220 1478 sicut

161 1495 193 1524 in
206 1492 301 1523 forma
316 1492 406 1531 pacis,
424 1489 522 1520 nostro
537 1489 571 1520 &
584 1489 666 1527 ipsius
679 1488 769 1527 figillis
784 1488 894 1527 iigillata
902 1511 912 1527 ,
926 1498 945 1525 p
955 1488 1032 1518 enius
1045 1488 1221 1525 continetur,

161 1531 341 1570 intelligimus
354 1528 431 1568 quod
444 1527 478 1558 ad
492 1527 660 1558 solutionem
674 1526 759 1557 diecae
773 1528 919 1564 pecuniae,
937 1526 982 1556 vel
999 1525 1033 1556 ad
1048 1534 1128 1556 terrae
1141 1524 1222 1564 assig-

162 1571 328 1606 nationem,
345 1567 390 1598 seu
404 1566 582 1598 traditionem
594 1589 604 1607 ,
627 1564 770 1605 quousque
783 1565 833 1595 sibi
852 1565 1016 1606 homagium
1033 1564 1131 1606 ligium
1147 1564 1223 1595 fece-

159 1610 262 1647 rimus,
279 1605 371 1638 dietus
382 1605 447 1636 Rex
462 1603 589 1636 Franciae
603 1605 723 1637 minime
737 1612 869 1636 teneatur-

197 1687 276 1720 Data
287 1686 362 1726 apud
376 1685 502 1719 Westm.
516 1695 556 1717 20
568 1685 615 1717 die
628 1685 710 1717 Febr.

0 1482 106 1527 ibidem.

146 1826 157 1872 ζ
209 1820 330 1853 Littera
345 1819 473 1853 Domini
490 1816 646 1853 Edwardi
658 1817 695 1851 de
712 1818 958 1867 Qittationibus
970 1822 1001 1853 in
1010 1830 1085 1866 pace
1102 1816 1180 1852 disto

498 1869 575 1914 Regi
592 1868 723 1902 Franci-e
736 1868 896 1914 faciendis.

7 1944 83 2021 ζΑιῐξιις
99 1941 142 1974 θ’
170 1954 377 2019 EDWffllus
422 1956 533 2002 illustri-³
549 1955 638 1998 Regis
653 1957 764 2003 Angliae
784 1959 985 1999 primogenitus
997 1981 1007 1996 ,
1028 1955 1175 1996 universis,
1192 1955 1228 1987 ad

85 1992 112 2022 9'
235 2005 305 2035 quos
316 1980 434 2041 Rraesens
445 1996 577 2041 scriptum
589 2006 762 2036 pervenerit,
780 1997 902 2029 salutem.

4 2026 57 2053 An.
77 2031 125 2059 43⁸
208 2033 357 2066 Noventls
370 2034 448 2074 qUOd
460 2044 512 2066 ¹²08
529 2036 708 2074 quittationes
725 2037 759 2067 δε
774 2037 946 2068 τεῐηίίΐιοηεε
960 2058 970 2074 ,
993 2040 1060 2076 quas
1079 2033 1229 2065 carissimus

7 2065 43 2091 Η·
65 2070 91 2098 3·
169 2071 252 2103 Pater
266 2072 361 2104 noster
396 2072 541 2105 Dominus
552 2073 709 2111 Henricus,
727 2074 786 2105 Dei
797 2074 883 2114 gratia
895 2097 905 2113 ,
929 2074 995 2104 Rex
1013 2073 1142 2112 Angliae,
1160 2072 1228 2103 feeit

6 2102 142 2166 {gh-533*
166 2110 265 2143 illustri
277 2111 353 2156 Regi
367 2096 493 2143 Franciae
505 2112 542 2143 de
556 2113 647 2151 terris,
666 2114 847 2151 rancoribus,
865 2113 899 2144 &
918 2112 977 2144 aliis
989 2135 999 2150 ,
1019 2121 1085 2151 quae
1097 2112 1134 2142 in-
1146 2111 1228 2150 ipsius

165 2150 261 2181 litteris
273 2158 468 2188 continentur,
486 2157 554 2180 ratas
567 2150 702 2181 habemus
714 2152 747 2182 &
761 2160 864 2191 gratas,

27 2215 33 2220 .
205 2188 243 2219 Et
254 2188 352 2219 eadem
361 2189 459 2218 omnia
471 2198 504 2218 ac
521 2189 638 2228 singula,
676 2199 719 2220 uae
735 2191 761 2220 ei
774 2200 822 2228 per
834 2189 943 2220 dictum
956 2196 1064 2229 patrem
1082 2187 1228 2227 nostrum,

8 2224 44 2242 ‘¹'
50 2216 139 2250 43.H.
162 2228 277 2268 quittata
290 2227 352 2257 sunt
364 2227 398 2257 δε
411 2226 538 2265 remilla,
554 2236 607 2257 nos
623 2199 716 2259 eidlem
736 2228 811 2267 Regi
826 2228 850 2259 F
851 2229 953 2259 ranciae
972 2228 1121 2267 quittamus
1133 2227 1167 2258 &
1182 2236 1225 2258 re-

11 2261 26 2290 3
34 2261 119 2288 *⁷⁸4⁶
163 2266 302 2297 mittimus
309 2265 421 2313 penitus
435 2266 470 2296 &
481 2265 612 2302 expresse.

201 2303 255 2343 Et,
275 2304 353 2335 tactis
367 2303 554 2335 Sacrosamfitis
564 2303 722 2346 Evangeliis
756 2306 905 2343 juravimus
919 2314 1037 2345 pacem,
1050 2305 1123 2335 inter
1136 2303 1227 2345 ipsum

163 2342 277 2375 Patrem
291 2341 422 2373 nostrum
439 2351 473 2373 ex
486 2341 542 2373 una
555 2351 647 2382 parte,
664 2344 698 2375 &
721 2328 832 2375 dictum
846 2344 959 2384 Regem
974 2344 1103 2374 Franciae
1115 2352 1149 2373 ex
1163 2343 1231 2374 alte-

163 2381 195 2413 ra
210 2381 348 2420 habitam,
365 2380 399 2412 &
412 2382 571 2419 juramentis
577 2381 797 2413 Procurator-um
809 2382 979 2413 eorumdem
989 2382 1143 2420 firmatam,
1160 2382 1232 2412 sicut

5 2430 30 2453 u
43 2430 141 2462 1536,
161 2421 195 2452 in
208 2419 331 2458 ipsorum
345 2419 441 2450 litteris
453 2421 633 2458 continetur,
650 2429 786 2461 quantum
804 2423 820 2439 ³*
832 2421 866 2452 ad
881 2430 981 2451 omnes
993 2421 1026 2451 &
1041 2420 1161 2459 singulos
1175 2420 1231 2450 Ar-

165 2459 283 2496 ticulos,
300 2459 330 2489 in
342 2458 418 2488 dicta
432 2467 502 2498 pace
519 2466 690 2497 contentos,
709 2468 762 2489 nos
780 2459 895 2489 firmiter
912 2460 946 2490 &
966 2458 1161 2490 inviolabiliter
1177 2459 1232 2489 ob-

162 2496 332 2535 servaturos,
351 2497 385 2527 ὃς
398 2496 428 2526 in
442 2496 521 2526 nullo
533 2496 627 2534 aliqua
640 2498 747 2528 ratione
761 2505 1000 2528 contraventuros.

204 2534 239 2566 In
253 2535 330 2572 eujus
342 2535 383 2565 rei
397 2533 592 2565 testimonium
605 2536 733 2573 praesenti
745 2534 847 2576 scripto
866 2535 995 2575 Sigillum
1013 2533 1143 2566 nostrum
1154 2533 1234 2564 duxi-

167 2582 232 2605 mus
245 2572 454 2613 apponendum.

206 2652 318 2684 Datum
331 2664 346 2685 a
367 2653 405 2685 ud
417 2653 704 2685 westmonasterium
750 2664 827 2685 anno
845 2655 882 2685 ab
900 2653 1094 2685 Incamatione
1113 2649 1234 2683 Domini

172 2700 247 2731 1259
255 2715 266 2732 ,
283 2692 328 2723 die
370 2693 459 2724 eneris
471 2694 501 2724 in
514 2692 589 2724 festo
602 2692 700 2724 saneti
709 2677 813 2733 jacobi
823 2692 963 2734 Apostoli.

7 2185 70 2205 num
76 2181 123 2212 pa-

390 2824 511 2857 Litterae
531 2825 656 2857 Domini
673 2822 835 2858 Edmundi
853 2823 890 2857 de
905 2823 1021 2869 iisdem.

241 2912 413 2952 Dmundus,
431 2911 539 2944 illustris
544 2911 634 2958 Regis
647 2912 759 2954 Angliae
772 2911 860 2953 filius,
877 2913 1022 2954 universis,
1035 2914 1070 2946 ad
1081 2924 1153 2954 quos
1165 2922 1238 2953 pm-

241 2952 301 2983 sens
313 2952 448 2989 scriptum
463 2960 635 2991 pervenerit,
653 2952 776 2983 [alutem.

215 2990 367 3021 Noveritis
381 2988 459 3027 quod
472 2999 525 3020 nos
536 2991 714 3028 quittationes
732 2992 767 3023 &
784 2990 955 3022 remissiones
969 3014 980 3030 ,
1003 3001 1070 3032 quas
1086 2989 1239 3022 carissimus

178 3026 263 3058 Pater
275 3027 371 3058 noster
405 3026 550 3058 Dominus
564 3027 724 3068 Henricus,
739 3029 799 3060 Dei
810 3031 896 3069 gratia
909 3052 919 3067 ,
942 3029 1007 3060 Rex
1023 3030 1153 3069 Angliae,
1171 3029 1239 3060 fecit

175 3065 272 3096 illustn'
287 3064 363 3109 Regi
376 3050 502 3096 Francia:
516 3066 552 3096 de
564 3068 660 3106 terris,
678 3069 839 3099 rancoribus
850 3091 861 3107 ,
884 3068 918 3100 &
931 3069 989 3099 aliis
1001 3091 1012 3107 ,
1036 3079 1101 3110 quae
1114 3069 1143 3098 in
1160 3068 1241 3105 ipsius

174 3104 272 3172 gttens
284 3111 465 3171 cgntmentur
477 3128 487 3143 ,
511 3112 579 3136 ratas
599 3105 733 3137 habemus
747 3107 781 3139 &
796 3115 883 3146 gratas
895 3130 906 3146 ,
931 3106 992 3142 &a
1012 3114 1044 3137 ut
1053 3107 1139 3147 fiapra
1160 3105 1240 3147 usque

195 3153 233 3173 aec
246 3152 297 3173 ver
316 3153 351 3181 a,
369 3152 431 3172 viz.

212 3180 247 3211 In
260 3181 338 3219 cujus
351 3182 390 3225 rei
405 3179 600 3224 testimonium
612 3180 740 3221 Sigillum
753 3184 916 3215 venerabilis
923 3182 1012 3214 Patris
1024 3183 1150 3215 Domini
1156 3182 1240 3214 Wal-

174 3220 225 3252 teri
236 3218 370 3260 Episcopi
382 3218 587 3260 Wigorniensis
598 3220 726 3258 praesenti
740 3219 843 3262 scripto
855 3224 958 3263 apponi
972 3224 1191 3264 procuravimus.

212 3298 324 3343 Datum
338 3298 472 3342 London.
487 3309 564 3332 anno
577 3300 672 3341 gratiae.
688 3307 763 3340 1259
774 3323 786 3340 ,
808 3300 854 3334 die
866 3300 983 3335 Veneris
995 3304 1026 3334 in
1041 3302 1127 3334 Festo
1142 3302 1240 3334 Sanffl

174 3338 281 3385 Jacobi
291 3336 433 3376 Apostoli.

247 3483 368 3516 Littera
386 3478 432 3513 ad
444 3482 554 3526 Regem
570 3481 702 3512 Franciae
715 3478 865 3525 defhrma
882 3484 967 3516 Pacis
982 3494 1075 3530 nuper
1093 3485 1179 3519 initae.

158 3586 165 3595 ·
184 3567 399 3633 MAgnifico
415 3568 543 3608 Principi
556 3592 567 3608 ,
590 3568 796 3608 consanguineo
809 3571 844 3602 &
857 3570 989 3604 Domino
1006 3573 1056 3604 suo
1069 3595 1078 3609 ,
1105 3571 1175 3603 Deo
1190 3584 1240 3604 ari-

124 3625 131 3632 ·
269 3616 389 3646 nuente,
405 3608 435 3638 iri
452 3609 603 3648 proximo,
618 3607 770 3638 Ludovico
781 3630 791 3646 ‚
816 3607 874 3639 Dei
886 3612 972 3650 gratia
985 3635 996 3650 ,
1020 3610 1050 3641 R
1090 3610 1094 3615 '
1114 3610 1240 3643 Franciae

133 3661 140 3669 ·
182 3647 300 3687 illustri,
316 3645 457 3677 Henricus
470 3647 569 3678 eadem
580 3647 664 3686 gratia
677 3644 743 3676 Rex
760 3645 871 3685 Angliae
882 3671 892 3686 ,
917 3648 1062 3680 Dominus
1109 3649 1242 3691 iberniae,

183 3687 218 3719 &
229 3687 300 3718 Dux
310 3685 484 3726 Aquitaniae,
501 3684 615 3716 mutem
622 3707 632 3723 ,
649 3685 684 3716 &
696 3684 809 3714 sincerae
821 3685 978 3718 dilectionis
988 3688 1132 3719 affectum.

215 3724 296 3756 Cum
309 3733 360 3755 vos
372 3724 521 3754 teneamini
532 3723 616 3754 nobis
625 3724 656 3753 in
672 3723 823 3761 quantitate
836 3726 964 3764 pecuniae
979 3748 989 3763 ,
1014 3736 1068 3763 pro
1082 3727 1241 3767 quingentis

126 3771 138 3776 ·
182 3762 323 3795 Militibus
336 3772 386 3803 per
401 3763 548 3793 biennium
560 3761 686 3793 tenendis
694 3785 704 3800 ,
722 3761 755 3792 &
769 3760 806 3791 de
817 3761 874 3791 hoc
889 3762 1062 3794 securitatem
1074 3765 1156 3796 nobis
1168 3777 1241 3807 prx-

183 3801 254 3832 stare
265 3802 387 3833 debeatis
398 3811 447 3842 per
459 3800 561 3831 domos
566 3799 740 3841 Hospitilaris
749 3822 759 3838 ,
775 3799 820 3829 vel
825 3798 939 3843 Templi
946 3824 957 3840 ,
974 3801 1020 3832 seu
1030 3803 1141 3843 ambas,
1156 3814 1240 3845 prout

182 3840 213 3870 in
226 3839 316 3872 forma
350 3841 422 3878 acis,
439 3840 509 3871 inter
523 3849 590 3877 vos,
605 3840 639 3870 &
657 3849 729 3877 nOS,
756 3847 845 3875 nuper
858 3840 936 3869 initae
953 3840 987 3870 &
1006 3841 1100 3878 juratae
1112 3864 1122 3879 ,
1148 3845 1242 3875 conti-

138 3887 146 3895 ·
182 3885 263 3908 netur
281 3901 292 3916 ,
317 3849 352 3909 ἑ
374 3878 484 3909 summa
508 3878 637 3919 pecuniae
663 3876 806 3918 praedictae
828 3877 957 3908 nondum
982 3877 1119 3910 aestimata
1141 3882 1174 3914 fit
1195 3884 1241 3914 vel

139 3928 146 3936 ·
184 3924 288 3948 taxata·

222 3939 418 3986 Coricedimus
441 3956 519 3995 quod
539 3956 637 3987 litterae
661 3954 808 3985 securitatis
832 3953 975 3995 praedictae
996 3964 1080 3992 penes
1103 3967 1156 3989 vos
1180 3960 1244 3991 refi-

185 3994 269 4025 deant
279 4015 290 4031 ,
300 3992 393 4023 donec
405 3996 524 4034 pecunia
538 3995 583 4027 illa
597 4001 686 4027 taxata
698 3993 798 4032 fuerit,
812 3993 847 4026 ὃς
865 3993 949 4028 vobis
966 3992 1132 4036 homagium
1145 3997 1245 4031 feceri-

185 4041 266 4069 mus,
282 4039 314 4062 ut
325 4038 462 4100 tegetrffr.
824 4064 827 4067 ,

219 4072 290 4101 Tam.
311 4071 337 4101 Ι.
381 4092 388 4099 .
441 4093 448 4100 .

1254 179 1718 228 PnssLicA.
2244 197 2300 245 49

1241 265 1408 335 tenItr‘izscujus
1425 267 1465 297 rei
1486 268 1681 302 testimonium
1705 272 1752 303 has
1772 272 1872 305 litteras
1895 274 2002 307 nostras
2022 275 2081 308 fieri
2104 277 2221 309 fecimus
2244 275 2298 307 Pa·
2311 276 2445 353 Almam

1278 383 1367 415 Teste
1382 383 1464 424 Rege
1476 385 1549 425 apud
1562 386 1687 420 Westm.
1702 389 1740 421 28
1754 391 1798 422 die
1808 392 1884 431 Juffi¹
2312 358 2373 382 Hm.
2388 363 2416 390 3.

1426 519 1546 551 Litterae
1562 515 1599 550 de
1620 519 1777 554 Crede-ntia
1794 523 1838 557 ad
1854 527 1962 572 Regem
1980 528 2120 562 Franciae.

1244 604 1597 667 MAgnificonprincipi
1612 631 1621 646 ‚
1645 607 1863 655 Conlanguineo
1882 613 1914 644 &
1929 613 2060 659 Domino
2071 616 2120 661 suo
2165 618 2233 650 Deo
2250 628 2299 650 an-
2314 613 2391 644 Ann.
2407 612 2447 643 D.

1326 654 1448 683 nuente,
1466 656 1496 676 in
1509 656 1657 687 proximo,
1676 647 1829 680 Ludovoeo
1844 650 1901 681 Dei
1916 661 2014 692 gratia,
2033 653 2107 694 Regi
2124 640 2249 688 ss'ranciae
2266 658 2297 688 il·
2318 660 2401 690 1259.

1241 681 1335 720 lustri,
1352 682 1510 722 Henricus,
1523 685 1621 715 eadem
1634 686 1735 725 gratia,
1755 686 1819 718 Rex
1833 689 1880 721 An
1901 691 1959 728 liae,
1978 692 2121 723 Dominus
2133 696 2281 727 Hibemiae
2310 695 2364 719 An.
2376 700 2423 726 43.

146 729 318 770 sumptibus,
337 727 426 765 misis,
443 727 478 757 &
491 725 618 763 dampnis
636 725 784 756 occasione
797 735 956 765 guerrarum
971 750 982 765 ,
1003 727 1049 758 vel
1065 727 1119 757 alio
1136 735 1208 765 quo-
1242 721 1276 751 &
2287 720 2298 735 ’

1290 720 1360 750 Dux
1366 722 1543 762 Aquitanniae
1556 723 1684 768 salutem,
1702 726 1736 756 ὃς
1750 725 1861 758 sincerae
1895 729 2029 760 ilec'tionis
2042 731 2184 764 affectum.
2313 733 2347 757 H·
2382 746 2390 755 ·

1281 758 1328 788 Ad
1346 759 1444 804 vestrae
1463 760 1639 792 Celsitudinis
1661 763 1831 802 praesentiam
1854 767 1988 798 mittimus
2010 768 2127 801 dilectos
2149 774 2182 804 ὅ(
2207 773 2300 804 fideles
2314 738 2417 796 mig-’'²'‘

1246 795 1374 834 nostros,
1390 798 1538 842 Simonem
1551 800 1587 844 de
1601 799 1774 832 Monteforti
1786 803 1933 836 Comitem
1942 806 2099 839 Leicestriae
2109 832 2118 847 ,
2137 810 2252 842 Petrum
2266 811 2303 843 de

1247 833 1419 880 Monteforti
1429 860 1438 875 ,
1456 837 1490 868 &
1505 837 1673 877 Magistrum
1682 839 1844 878 Johannem
1857 843 1991 875 Suthevill
2004 869 2014 883 ‚
2038 857 2090 884 pro
2103 851 2222 888 negotiis
2237 860 2302 889 quae

1247 873 1345 911 vobis,
1363 884 1428 904 vice
1441 874 1551 914 nostra,
1565 886 1615 919 ore
1627 885 1706 909 tenus
1724 889 1888 920 exponent,
1910 884 2009 922 quibus
2021 908 2030 923 ,
2052 885 2071 915 si
2084 887 2191 926 placet,
2209 890 2304 918 omni-

1249 911 1319 948 bus,
1339 912 1385 941 vel
1396 912 1551 957 duobusvex
1563 915 1640 958 ipsis,
1656 916 1737 954 super
1751 917 1802 948 hiis
1822 919 1906 950 fidem
1919 921 2081 961 adhibeatis,
2099 925 2306 965 beneplacitum

1251 948 1377 980 vestrum
1389 950 1467 988 super
1482 951 1534 982 hiis
1546 952 1578 984 δε
1591 954 1649 984 aliis
1662 955 1761 996 nobis,
1779 956 1798 986 si
1810 958 1915 998 placet,
1932 960 2112 999 significantes
2125 973 2173 1003 per
2185 963 2306 995 eosdem.

1289 1027 1378 1060 Teste
1392 1039 1422 1062 ut
1440 1030 1525 1072 supra.

1320 1161 1370 1194 De
1390 1163 1536 1208 Scriptis,
1555 1174 1610 1211 pro
1618 1165 1911 1250 formffbpacizcum
1930 1172 2061 1204 Francia
2074 1199 2084 1214 ‚
2109 1177 2247 1219 utrinque

1713 1228 1723 1246 1
1745 1228 1815 1248 eran
1837 1230 1872 1250 15.

1258 1296 1333 1359 M
1343 1299 1477 1339 Agnifico
1492 1299 1615 1345 Principi
1631 1325 1641 1341 ,
1663 1302 1882 1350 Consanguineo
1896 1306 2081 1355 &.D0“!{¹¹0
2098 1308 2148 1339 suo
2155 1331 2169 1353 ‚·
2183 1308 2252 1338 Deo
2266 1318 2315 1353 an—
2331 1314 2409 1346 Arm,
2421 1313 2464 1349 D:

1259 1377 1264 1381 Π
1340 1347 1462 1382 nuente,
1477 1339 1506 1383 in
1520 1348 1667 1379 proximo,
1686 1342 1859 1388 Ludovico,
1886 1344 1944 1375 Dei
1983 1355 2047 1378 rana
2096 1345 2171 1391 Regi
2189 1346 2314 1391 Franciae
2350 1362 2431 1391 1259,

1257 1375 1383 1446 illustrigc
1390 1376 1762 1450 Ιόουῐέἔιὲιιςῶῐὲῗὲἑωὲεῑια
1775 1405 1785 1421 ,
1796 1382 1873 1452 &Rex
1892 1383 1958 1423 Ang
1969 1394 2003 1429 iae
2016 1408 2026 1423 ,
2047 1370 2191 1429 Dominus
2208 1384 2315 1416 Hiber-
2331 1396 2382 1419 An.
2400 1400 2446 1429 43.

1259 1424 1382 1484 ωἶῗἈᾱ
1397 1453 1497 1484 vestrae
1508 1426 1686 1488 {Zelfitudii’iis
1700 1422 2317 1501 ssrtffmuassnfiiiffaffleffioffieifffflffls,
2331 1434 2437 1496 {iiiia

1259 1489 1375 1537 Petrum
1397 1491 1435 1537 de
1458 1491 1631 1538 Monteforti
1679 1496 1714 1528 &
1736 1496 1907 1538 Magistrum
1923 1499 2084 1538 Johannem
2104 1500 2140 1531 de
2164 1500 2320 1539 Suthevill‚
2334 1507 2352 1524 ⁴·
2368 1507 2391 1535 1.
2403 1506 2471 1539 68ss

1260 1530 1468 1561 transmittimus
1478 1531 1513 1562 ad
1525 1518 1699 1565 liberandum
1709 1536 1790 1566 vobis
1801 1537 1930 1577 quaedam
1943 1538 2055 1579 scripta,
2069 1548 2134 1578 quae
2148 1538 2164 1568 {i
2176 1539 2258 1570 nobis
2270 1538 2321 1570 ha-

1263 1568 1329 1599 bere
1342 1569 1478 1600 volebatis
1489 1570 1568 1612 super
1580 1581 1649 1610 pace
1658 1573 1730 1604 inter
1746 1583 1798 1605 vos
1811 1576 1845 1606 δε
1859 1586 1911 1606 nos
1924 1574 2047 1615 firmata,
2062 1577 2245 1608 Serenitatem
2259 1588 2322 1609 ves-

1261 1616 1333 1652 tram
1349 1615 1476 1648 rogantes
1485 1611 1611 1654 quatinus
1624 1610 1740 1655 scripta,
1756 1622 1821 1651 quae
1833 1614 1916 1644 nobis
1928 1615 1994 1645 vice
2007 1614 2083 1646 versa
2096 1615 2188 1647 facere
2201 1618 2321 1647 tenemi-

1262 1656 1293 1676 m
1306 1645 1588 1693 de‘pacepraedieta,
1606 1649 1710 1680 eisdem
1722 1649 1756 1681 ad
1769 1661 1841 1690 opus
1860 1652 1990 1684 nostrum
2008 1653 2117 1684 liberari
2133 1653 2234 1686 faciatis
2247 1667 2258 1693 :,
2282 1653 2321 1687 Et

1263 1685 1522 1756 noffliberatioiggm
1534 1687 1609 1719 illam
1620 1696 1706 1720 ratam
1719 1689 1882 1723 habebimus
1893 1692 1928 1724 ὃς
1940 1699 2093 1731 acceptam.

1350 1733 1443 1763 Cujus,
1491 1734 1518 1757 c.

1301 1804 1392 1837 Teste
1406 1815 1437 1838 ut
1450 1806 1535 1849 supra.

1267 1938 1315 1971 De
1326 1941 1428 1985 promi
1446 1950 1508 1971 wne
1522 1940 1651 1974 Henrici
1669 1940 1706 1975 de
1721 1939 1866 1985 castella,
1891 1943 1972 1990 quod
1986 1957 2042 1977 non
2057 1956 2206 1992 guerram
2222 1956 2324 1978 move-

1473 1985 1519 2021 bit
1528 1987 1633 2032 fratri
1641 1989 1700 2035 st¹⁰
1715 1988 1866 2037 Alphonsb
1884 1995 1958 2040 Regi
1974 1992 2111 2037 Castetlae.

1343 2077 1465 2154 [13¹1ng
1496 2077 1715 2148 ffigml-lenricus
1727 2078 1764 2111 de
1778 2078 1898 2114 Castella
1911 2105 1922 2121 ‚
1945 2082 2027 2114 frater
2044 2083 2152 2115 illustris
2166 2082 2254 2124 Regis
2271 2082 2330 2115 Ca-
2344 2090 2420 2123 Αῃῃ,
2435 2091 2474 2122 ι),

1288 2155 1452 2201 ,Noveritis
1463 2165 1515 2201 nos
1528 2156 1603 2186 bona
1616 2154 1673 2200 fide
1685 2157 1837 2201 promifisse
1852 2157 1988 2190 Domino
2006 2158 2138 2191 Henrico
2154 2160 2251 2192 illustri
2265 2161 2328 2192 Re-
2341 2138 2437 2205 [1ξὲςέ
2434 2154 2459 2197 ζ,

1266 2194 1828 2272 aaissaeiaifflia‘tzssrse
1841 2197 2328 2268 exeredeffffiroesfflr
2343 2212 2377 2236 H·

1267 2243 1423 2317 ²5³>rz³estitiffe
1437 2272 1638 2303 fiicramentum
1651 2272 1745 2312 quod,
1764 2274 1794 2303 in
1807 2258 1868 2318 haic,
1882 2246 2172 2313 prdsfegtitritr'ignnolfir’a
2182 2247 2328 2314 {grffii‘tei
2341 2250 2406 2322 ἵης
2412 2255 2464 2312 ,4731

1270 2309 1443 2350 Affricanas,
1461 2311 1566 2355 nullam
1583 2319 1708 2350 guerram
1722 2334 1733 2350 ,
1758 2312 1939 2358 molestiam,
1962 2321 2009 2343 aut
2022 2323 2170 2358 gravamen
2189 2316 2330 2358 perquire·
2347 2332 2407 2359 5.n.
2419 2326 2460 2349 ιο.

1270 2358 1334 2393 mus
1347 2357 1394 2380 aut
1407 2348 1619 2394 procurabimus
1633 2350 1750 2388 praefato
1763 2349 1839 2392 Regi
1855 2351 1930 2383 fratri
1943 2351 2059 2390 nostro,
2074 2351 2152 2384 affiiu
2165 2352 2253 2393 Regis
2267 2353 2332 2385 An-

1270 2387 1342 2457 g¹¹1²52
1348 2387 1528 2466 i‘sssffha..

1308 2505 1382 2538 Data
1396 2506 1470 2547 apud
1490 2506 1779 2539 Westmonasterium
1793 2530 1804 2547 ‚
1828 2505 1985 2540 Dominica
1999 2511 2127 2550 proxima
2141 2510 2205 2554 post
2220 2510 2336 2542 Festum

1272 2544 1368 2575 Sanffi
1378 2545 1480 2582 Jacobi
1493 2545 1642 2586 Apostoli,
1659 2556 1736 2577 anno
1751 2546 1858 2578 Gratiae
1873 2547 2020 2579 millefimo
2038 2548 2232 2581 ducentelimo
2251 2551 2335 2588 quin-

1273 2583 1435 2624 quagesimo
1448 2593 1538 2614 nono.

1391 2720 1450 2752 Pro
1466 2719 1602 2752 Henrico
1618 2717 1655 2753 de
1674 2718 1799 2764 Castelta
1811 2718 1902 2766 super
1913 2720 2049 2767 promiffi
2063 2730 2221 2766 praeeunte.

1595 2847 1677 2877 nobis
1687 2869 1698 2885 ,
1722 2845 1865 2879 Dominus
1878 2847 2021 2879 Henricus
2034 2847 2069 2878 de
2085 2847 2204 2880 castella
2216 2874 2225 2888 ,
2251 2850 2333 2883 frater
2351 2812 2430 2889 Ag}
2436 2809 2476 2890 91.)
2475 2833 2486 2843 ’

1274 2844 1492 2931 ὓῐᾳῆῐίεςῆὶεςςίς
1511 2882 1642 2915 Castellae
1658 2884 1792 2926 obligavit
1804 2886 1831 2916 se
1844 2909 1855 2931 ,
1875 2887 1934 2917 tam
1951 2896 2001 2924 per
2019 2886 2220 2930 sacramentum
2238 2888 2336 2928 suum,
2352 2894 2403 2919 An.
2413 2901 2460 2928 43.

1274 2932 1360 2963 quam
1375 2932 1425 2961 per
1434 2924 1534 2954 litteras
1544 2923 1601 2954 suas
1614 2931 1755 2962 patentes,
1770 2934 1835 2963 quas
1847 2925 1914 2956 inde
1924 2926 2007 2955 nobis
2020 2925 2105 2964 fecit,
2122 2926 2199 2965 quod
2208 2950 2218 2965 ‚
2237 2929 2267 2959 in
2282 2929 2336 2960 hac
2353 2933 2387 2958 H.
2398 2939 2424 2965 3.

1277 2961 1497 2992 transfretatione
1507 2961 1552 2992 sua
1565 2962 1600 2992 ad
1612 2970 1700 3001 partes
1708 2961 1877 3001 Affiicanas,
1889 2963 1993 2994 nullam
2005 2973 2147 3003 guerram,
2162 2965 2320 3005 dampnum
2328 2991 2339 3008 ‚
2354 2968 2458 2996 ibidem.

1276 3008 1489 3069 aghggavamen
1501 3001 1639 3040 perquiret
1653 3008 1700 3031 aut
1714 3001 1874 3039 procurabit
1888 3002 2005 3041 praefato
2025 3001 2102 3043 Regi
2116 3002 2247 3036 Castellae
2260 3005 2340 3039 affini

1276 3049 1296 3069 n
1342 3049 1354 3068 r
1382 3061 1392 3077 ‚

1315 3076 1513 3108 Conceffimus
1524 3076 1616 3107 eidem
1629 3075 1761 3108 Henrico
1775 3077 1850 3116 quod
1864 3077 1950 3109 libere
1963 3079 2047 3117 possit
2059 3079 2109 3111 fibi
2142 3083 2279 3122 erquirere
2286 3107 2296 3123 ,
2312 3085 2343 3115 in

1278 3114 1402 3146 Civitate
1419 3115 1514 3146 nostra
1532 3114 1605 3146 Burd
1641 3116 1700 3146 aliae
1715 3140 1725 3155 ,
1749 3117 1879 3147 homines
1892 3139 1901 3154 ,
1925 3127 2008 3148 naves
2023 3141 2033 3156 ,
2057 3118 2092 3148 &
2110 3121 2162 3151 aia
2176 3122 2342 3160 necessaria,

1277 3154 1424 3223 prpetgteskibi
1439 3154 1537 3186 viderit
1552 3163 1620 3192 expe
1642 3155 1681 3184 ire
1695 3176 1705 3192 ,
1726 3155 1761 3185 ad
1780 3155 2029 3187 transfretationem
2050 3157 2127 3189 suam
2142 3159 2234 3191 versus
2253 3169 2341 3199 partes

1298 3203 1315 3223 r¹
1356 3203 1365 3223 1
1396 3202 1431 3222 as.

1277 3202 1297 3233 p
1315 3231 1354 3262 Et
1368 3231 1433 3261 ideo
1445 3231 1526 3262 vobis
1540 3229 1703 3261 mandamus
1715 3231 1792 3271 quod
1803 3231 1919 3272 praefato
1926 3232 2058 3264 Henrico
2069 3234 2177 3266 nullum
2190 3235 2269 3274 super
2282 3236 2340 3268 hoc

1278 3268 1512 3309 impedimentum
1526 3269 1661 3307 inferatis,
1679 3269 1723 3300 vel
1733 3269 1834 3313 ‘inferri
1851 3272 2031 3310 permittatis,
2048 3282 2166 3312 accepto
2185 3282 2281 3305 tamen
2293 3276 2338 3312 ju-

1278 3316 1406 3339 ramento
1419 3318 1435 3338 a
1449 3306 1619 3345 MarinelliS,
1639 3308 1673 3337 &
1695 3307 1753 3337 aliis
1774 3308 1937 3340 hominibus
1956 3309 2039 3340 Villae
2059 3310 2158 3341 vestrae
2172 3334 2181 3350 ‚
2205 3321 2273 3342 cum
2288 3323 2339 3344 eo-

1278 3347 1345 3378 dem
1357 3345 1488 3376 Henrico
1523 3346 1666 3375 rofedturis
1680 3368 1690 3383 ,
1714 3346 1792 3390 quod
1815 3348 1863 3385 ipfi
1883 3348 1992 3378 nullum
2006 3348 2178 3392 dampnum,
2198 3350 2241 3380 vel
2255 3359 2338 3389 guera

1279 3395 1338 3416 ram
1354 3385 1471 3428 praefato
1519 3384 1563 3422 egi
1581 3382 1710 3415 Castellae
1723 3406 1734 3423 ,
1757 3395 1787 3416 in
1807 3386 1940 3427 praediCta
1955 3386 2174 3418 transfretatione
2186 3410 2197 3426 ,
2217 3388 2339 3428 facient,

1277 3424 1322 3455 vel
1335 3423 1394 3453 fieri
1407 3422 1604 3461 procurabunt.

1314 3461 1349 3492 In
1363 3463 1441 3501 cujus
1448 3484 1459 3500 ,
1476 3461 1536 3492 &c.

1312 3540 1402 3573 Teste
1409 3565 1419 3579 ,
1435 3542 1496 3573 &c-

1274 2805 1401 2862 REX
1409 2806 1674 2877 ulilgffinggsuratis,
1691 2807 1725 2839 δε
1738 2806 1947 2841 Communitati
1960 2808 2145 2849 Burdegaliae,
2161 2810 2284 2843 saluoerrn

1277 3623 1380 3654 Eodem
1395 3622 1468 3653 modo
1482 3620 1642 3651 mandatum
1654 3619 1691 3661 est
1700 3622 1807 3661 Majori
1817 3646 1826 3661 ,
1843 3622 1961 3662 Juratis
1973 3620 2012 3658 ῤ’
2026 3626 2223 3657 communitati
2237 3628 2340 3660 Baion.

1407 3755 1458 3787 De
1467 3750 1590 3799 petendo
1605 3755 1754 3800 Legatum
1765 3764 1821 3800 pro
1835 3757 1956 3801 negotiis
1973 3757 2070 3804 Regni
2085 3759 2200 3793 Sicilia.

1278 3843 1344 3905 D
1353 3842 1466 3872 Omino
1481 3839 1566 3879 Papae
1579 3840 1644 3872 Rex
1659 3840 1771 3882 Angliae
1783 3863 1795 3880 ,
1816 3838 1930 3874 salutem
1942 3865 1953 3883 ,
1976 3853 2046 3875 cum
2064 3847 2217 3879 reverentia
2230 3848 2264 3878 &
2282 3846 2336 3878 ho-
2348 3845 2426 3877 Asin.
2440 3845 2483 3877 D.

1317 3890 1464 3951 Ngffii'tis
1483 3917 1560 3955 quod
1582 3917 1751 3949 venerabiles
1773 3917 1867 3950 Patres
1891 3917 2176 3955 Ebredunensem&
2193 3923 2333 3955 Tarentas.
2348 3893 2463 3960 211155493'.

1281 3956 1515 3995 Arcliiepiscopos
1534 3979 1545 3995 ‚
1582 3954 1753 4025 ΜεῗξΙὴυ-ῐη
1773 3957 1954 3989 Rostandum
1978 3959 2189 4005 Subdiaconum
2219 3963 2253 3993 &
2276 3960 2334 3992 Ca-
2343 3964 2409 3988 Hen.
2427 3971 2453 3996 3·

1281 3998 1423 4037 pellanum
1435 3994 1628 4038 vestrum‚w&
1688 3995 1835 4039 illielmum
1850 3996 1987 4036 Bonquor
2000 3996 2129 4030 Militem
2143 4001 2176 4031 &
2192 3999 2338 4031 Marescal-
2348 4003 2462 4035 Patm-

1282 4039 1343 4071 lum
1355 4033 1498 4072 nostrum,
1512 4033 1623 4065 nostros
1635 4032 1837 4103 constimimtg
1839 4033 2052 4077 Procuratores,
2066 4037 2101 4071 ad
2113 4038 2266 4078 petendum
2279 4038 2338 4069 Le·
2347 4041 2381 4065 H·
2400 4047 2425 4072 3-

2244 4084 2340 4117 gatusn
2347 4085 2373 4104 n·
2392 4082 2435 4111 ¹²2
