2570 4261
611 178 739 228 ET
854 182 1178 230 ACTA

2220 207 2299 247 105

0 264 64 298 Anii.
79 264 130 295 D-.·
2311 260 2387 291 Ληη.
2400 261 2440 293 D..

0 312 104 370 Εέἑῗῖῑ
146 310 161 313 ”
1244 309 1378 315 ’'T‘'
1389 314 1460 317 ’“’
1582 315 1667 318 ‘Q
2161 317 2174 319 “
2181 317 2264 320 ””””””
2313 309 2422 367 εὲὲῗίζ

136 359 194 393 Ad
213 363 329 407 papam
341 370 395 406 pro
413 359 632 407 Archiepiftop0
649 364 872 407 Camuarjenst,
899 367 936 403 &
954 362 989 396 dc
1009 366 1198 398 coronatione
1241 354 1339 402 Qod
1358 369 1453 390 omnes
1473 362 1505 390 in
1522 359 1700 405 Templariis
1718 359 1919 393 attachiandis
1937 362 2090 394 auxilium
2118 360 2294 407 praestarent.

600 414 643 443 lx’e
663 415 696 444 is.

0 494 47 520 An.
60 500 84 517 1.

0 534 22 557 E.
42 539 68 556 2.

0 589 62 632 LE..
77 613 104 632 2.

0 652 72 679 νι.9·.

0 2516 130 2552 '111.45.

0 2621 74 2654 Ann.
91 2621 132 2652 D.

45 2670 110 2701 307.

0 2741 31 2765 Ε.
46 2722 88 2764 a..

0 2775 87 2811 Claus.
107 2785 130 2803 1.

0 2815 34 2843 E„
46 2822 72 2839 2.
89 2823 126 2842 m.

1 2851 101 2887 ¹3.d..

138 494 176 548 P
186 492 294 524 APAE
312 492 378 523 Rex
393 493 492 525 devota
506 493 613 525 Pedum
628 494 719 525 oscula
733 496 886 526 beatorum.

214 531 296 562 Pium
314 531 496 562 Humanitatis
515 543 583 569 opus
601 535 761 571 exequimur
776 557 786 571 ,
804 534 823 563 si
843 534 917 571 lapsis
937 534 1074 565 interdum
1092 534 1197 565 miseri-

139 569 245 599 cordiae
260 569 344 600 celeri
360 570 484 599 remedio
495 569 700 610 succurramus,
717 572 749 601 ad
774 572 849 609 quod
869 572 1034 609 praefidentis
1054 573 1197 603 auetoritas

139 615 175 635 eo
187 607 316 638 libentius
328 609 449 645 praebere
464 608 561 645 debet,
581 611 686 639 virtutis
702 620 813 647 amore,
829 610 854 640 se
866 611 997 648 facilem,
1014 612 1070 647 qu'o
1084 611 1133 640 sibi
1148 621 1195 648 per

136 643 167 673 id
181 645 292 676 lionoris
306 654 455 682 augmenta
470 647 650 685 proveniunt,
668 648 701 678 ὃς
712 657 778 684 erga
793 659 859 678 eum
872 651 901 678 in
914 648 1025 679 subditis
1039 648 1196 679 devotionis

138 682 173 712 &
186 682 250 714 fidei
263 685 347 721 vigor
360 684 466 714 crescit.

176 721 265 759 Super
278 723 362 760 igitur
376 723 518 751 amotione
530 722 691 752 venerabilis
707 722 810 760 Patris,
828 722 951 753 Domini
960 723 1000 752 R.
1017 723 1075 753 Dei
1092 723 1196 762 gratia,

139 758 351 798 Archiepiscopi
371 759 585 798 Cantuarienlis,
606 761 641 790 ab
664 761 742 797 ipsius
762 761 842 798 sede,
859 762 898 791 ob
921 770 1006 791 certas
1022 762 1126 800 causas,
1144 762 1197 792 sta-

140 804 217 835 tum,
235 798 316 828 clarae
339 799 502 836 memoriae,
521 797 604 828 Patris
626 799 711 828 nostri
731 799 859 829 defuncti
872 807 1029 837 tangenteS,
1047 811 1094 837 per
1113 800 1198 830 Nun-

142 836 200 865 cios
213 835 340 874 speciales
352 858 361 873 ‚
384 836 483 865 litteras
504 835 652 867 credentiae
673 837 844 875 optinentes,
863 837 961 868 vestra:
975 838 1135 868 beatitudini
1148 839 1198 868 hu-

141 874 245 904 militer
258 874 387 904 duximus
397 874 614 911 supplicandum.

176 910 230 950 Et,
245 912 311 942 licet
334 920 454 949 paternae
477 913 661 950 providentiae
684 913 900 951 circumspeetio
923 913 951 944 id
967 936 977 951 ,
994 913 1093 951 absque
1112 914 1199 944 causae

139 950 320 988 cognitione,
337 950 427 980 facere
447 950 606 988 recusasset,
627 960 753 988 prompta
772 959 863 981 tamen
886 952 921 982 de
946 952 1101 989 hujusmodi
1118 963 1200 982 amo-

140 989 234 1026 tione,
254 988 287 1019 ad
300 988 386 1018 nostri
398 988 636 1027 prosecutionem,
656 990 826 1026 cognoscere
847 991 981 1021 extitit&
994 998 1101 1029 parata,
1119 999 1200 1027 prout

139 1025 237 1056 vestrae
250 1025 534 1057 PaternitatisNuncii
546 1027 625 1057 nobis
637 1027 745 1058 aflertio
759 1028 897 1065 patefecit.

175 1063 299 1103 Verum,
317 1063 397 1096 Pater
417 1064 536 1103 Sanite,
555 1075 622 1095 curn
642 1065 717 1095 idem
745 1066 973 1104 Archiepiscopus
991 1067 1073 1097 nobis
1093 1077 1151 1096 non
1170 1066 1201 1097 fit

137 1102 292 1141 obnoxius,
309 1103 358 1133 nisi
376 1102 573 1133 tantummodo
594 1104 697 1133 ratione
717 1102 829 1134 offensae
850 1105 920 1134 diffi
943 1104 1028 1136 Patris
1048 1104 1150 1142 nostri3
1167 1114 1200 1134 ae

135 1140 195 1176 jam
209 1163 218 1178 ,
235 1151 270 1171 ex
280 1141 413 1172 relatione
426 1141 569 1179 veredica,
588 1141 796 1172 intellexerimus
811 1143 886 1180 quod
900 1143 990 1173 didius
1013 1142 1093 1173 Pater
1108 1143 1200 1173 noster

138 1188 256 1210 ornnem
279 1189 441 1217 rancorem,
460 1179 561 1209 malam
580 1179 749 1213 voluntatem
763 1202 773 1217 ,
799 1191 831 1210 ac
855 1182 941 1211 animi
964 1180 1200 1220 indignationem,

139 1227 210 1254 quos
225 1228 290 1255 erga
313 1217 422 1250 didmm
443 1218 693 1257 Archiepiscopum
714 1227 902 1257 conceperat,
927 1219 1047 1256 dimisit,
1065 1219 1202 1249 salvatoris

139 1255 288 1287 clementia
302 1256 446 1295 inspirante
463 1255 548 1293 (quod
563 1265 630 1292 nOS,
647 1264 773 1292 tempore
787 1257 931 1287 dic‘torum
947 1256 979 1286 N
983 1259 1129 1286 unciorum
1147 1268 1197 1287 no—

141 1292 275 1332 strorum,
293 1295 391 1325 vestrae
406 1294 559 1323 paternitati
573 1293 788 1332 destinatorum,
805 1295 878 1325 latuit
894 1296 1025 1332 omnino)
1043 1306 1075 1326 ac
1083 1296 1200 1329 demum

139 1332 219 1369 ipsius
235 1332 447 1370 Archiepiscopi
462 1330 640 1370 suffiaganei,
658 1333 805 1369 caeterique
819 1333 854 1362 de
869 1332 945 1363 clero
952 1334 1071 1370 ejusdem
1086 1336 1201 1372 provin-

138 1371 210 1408 ciae,
227 1370 278 1400 suis
290 1370 423 1407 angustiis
438 1379 496 1399 non
510 1370 658 1400 modicum
670 1369 866 1407 condolentes,
884 1381 935 1408 pro
950 1372 1144 1401 consolationis
1153 1383 1200 1410 pa·

141 1416 241 1446 ternae,
252 1409 312 1446 jam
328 1418 343 1437 a
358 1408 449 1438 multis
459 1408 632 1445 temporibus
646 1407 789 1438 subtractae
803 1409 838 1438 ab
851 1409 952 1438 eisdem
961 1431 970 1447 ,
989 1410 1112 1440 remedio
1126 1413 1200 1448 opti-

139 1446 251 1484 nendo,
268 1456 317 1483 per
329 1447 434 1476 votivas
449 1456 545 1483 preces
558 1456 608 1476 nos
623 1445 763 1484 pulsarunt
777 1446 918 1477 instantius
932 1447 966 1477 ὃς
980 1448 1129 1487 rogabunt,

172 1484 237 1514 Nos
287 1493 428 1523 cernentes
445 1484 520 1522 quod
539 1484 615 1514 idem
634 1485 714 1515 Pater
729 1484 821 1524 noster
839 1485 958 1516 misereri
982 1487 1068 1517 voluit
1094 1488 1200 1526 potius,

140 1532 225 1560 quam
238 1507 352 1561 u’lcisci,
369 1521 586 1560 aestimantesque
603 1517 687 1553 sanius
705 1523 739 1553 de
756 1523 956 1562 misericordia,
975 1526 1058 1563 quam
1076 1525 1112 1555 de
1127 1525 1200 1556 seve-

119 1585 121 1587 .
140 1562 216 1591 ritate
231 1561 346 1591 reddere
360 1563 493 1592 rationem
502 1583 512 1599 ,
551 1571 582 1590 ro
596 1560 675 1591 salute
688 1562 791 1591 animae
804 1562 883 1599 ipsius
906 1561 992 1592 Patris
1003 1563 1106 1602 nostri,
1121 1565 1154 1594 &
1167 1564 1201 1594 ad

140 1599 348 1637 requisitionem
371 1599 515 1630 mdiorum
556 1599 710 1629 raelatorum
733 1599 899 1638 instantem,
915 1602 1029 1639 omnia,
1046 1602 1081 1631 ab
1099 1602 1201 1632 eodem

140 1637 362 1677 Archiepiscopo
377 1636 543 1675 commiffi,
560 1648 608 1675 per
630 1648 691 1676 quae
711 1638 933 1675 indignationem
950 1638 1033 1669 Patris
1046 1639 1149 1678 nostri,
1167 1641 1200 1670 &

138 1676 263 1706 nostram
278 1677 416 1706 incurrere
432 1677 522 1714 posuit
542 1676 640 1713 quovis
658 1675 766 1713 modo,
782 1676 872 1706 eidem
898 1677 1137 1717 Archiepiscopo,
1153 1679 1201 1709 fla-

134 1713 230 1752 gellis,
248 1722 278 1745 ut
291 1715 446 1752 credimus,
463 1715 628 1751 emendato,
642 1715 807 1745 remittimus
820 1715 993 1751 ignoscentes
1003 1739 1013 1754 ,

174 1750 211 1782 Et
225 1753 287 1790 quia
301 1751 420 1790 Regum
436 1752 549 1789 Angliae
558 1751 714 1782 Coronatio
731 1752 765 1782 ad
783 1753 1035 1791 Archiepiscopum
1057 1752 1202 1784 Cantuari-

102 1799 104 1801 ·
135 1790 247 1828 ensem,
262 1791 309 1828 qui
329 1801 380 1829 pro
401 1799 529 1828 tempore
552 1790 646 1828 fuerit,
665 1791 795 1828 pertinet,
812 1792 845 1821 &
869 1793 996 1829 pertinuit
1018 1793 1054 1822 ab
1070 1794 1201 1831 antiquo,

137 1828 246 1866 nosque
269 1830 299 1858 in
319 1829 396 1860 brevi
413 1829 539 1859 coronari
557 1830 738 1866 proponimus
751 1852 761 1867 ,
780 1828 848 1859 Deo
863 1831 963 1868 dante,
980 1832 1054 1868 cujus
1072 1830 1201 1861 Corona-

137 1867 390 1935 }onisstexpeditio,
409 1875 438 1898 ut
454 1866 567 1897 firmiter
580 1867 734 1906 credimus,
752 1878 835 1905 quam
853 1868 1008 1906 plurimum
1025 1869 1121 1900 insidet
1136 1879 1199 1899 cor-

163 1915 172 1934 1
186 1916 221 1935 ve
247 1915 278 1936 ro

177 1928 293 1974 Vestrae’
305 1943 451 1975 Sanffitati
469 1943 647 1974 devotiffime
662 1942 843 1985 supplicamus
857 1967 867 1983 ,
892 1946 1014 1984 quatinus
1034 1943 1111 1976 statui
1129 1956 1202 1983 prae-

139 1981 211 2012 dieti
228 1981 454 2021 Archiepiscopi,
472 1982 709 2020 compassionabili
729 1983 761 2012 ὃς
784 1983 911 2021 depresso
917 2006 927 2022 ,
947 1985 1145 2022 compatientes
1161 1984 1203 2015 af-

141 2018 217 2050 sedni
225 2042 236 2058 ,
253 2021 398 2058 praefatum
412 2021 662 2058 Archiepiscopum
678 2020 711 2050 ad
725 2020 879 2051 Ecclesiam
894 2021 967 2052 suam
976 2022 1138 2059 przedistam
1149 2045 1158 2060 ‚

175 2058 242 2097 Ne,
261 2059 409 2097 multiplici
421 2059 574 2089 afflifflone
596 2067 737 2096 correptus
769 2059 869 2091 diutius
887 2060 1036 2099 affligatur,
1053 2071 1088 2090 eo
1102 2061 1203 2100 gratio-

141 2097 194 2129 fius
205 2098 237 2127 &
252 2097 380 2136 celerius,
400 2108 456 2135 quo
470 2097 523 2135 ipsa
533 2096 730 2127 Cantuariensis
743 2082 864 2128 licelesia
877 2099 905 2127 iri
921 2099 999 2136 iplius
1007 2099 1203 2137 Archiepisco-

140 2136 170 2175 pi
180 2135 272 2166 reditu
287 2135 401 2167 salubria
415 2136 547 2174 suscipere
561 2137 749 2173 incrementa,
766 2136 887 2174 clerique
902 2137 1023 2174 ejusdem
1043 2136 1203 2168 Provinciae

142 2174 247 2212 sperant
262 2175 364 2204 vilione
379 2174 488 2214 paterna
502 2175 616 2204 recreati
625 2196 634 2211 ,
650 2173 752 2212 nosque
765 2173 961 2205 Coronationis
975 2174 1076 2206 nostrae
1084 2175 1204 2214 solemp-

143 2213 190 2244 nia
202 2212 237 2242 ab
250 2211 350 2242 eodeni
364 2213 486 2251 recipere
502 2212 688 2250 intendimus,

175 2247 344 2290 Dignemini
357 2250 525 2282 remandare.

177 2287 349 2327 Conservet,
365 2289 425 2320 &c.

182 2364 248 2396 Dat.
265 2365 337 2403 apud
358 2365 482 2396 Westm.
512 2366 553 2397 16.
579 2366 626 2397 die
638 2364 804 2397 Decembris
819 2390 829 2405 ,
847 2367 933 2398 Anno
949 2366 1072 2398 Domini
1087 2366 1205 2398 Millefi-

146 2412 213 2441 mo,
230 2403 462 2443 Trecentesimo,
479 2405 614 2443 septimo,
631 2404 746 2444 Regni,
765 2406 826 2436 &c.
846 2407 946 2443 primo.

150 2529 224 2563 *De
247 2531 425 2579 Templariis
449 2535 481 2564 in
503 2528 783 2574 Scotia‚Hibernia
803 2533 840 2569 &
865 2529 975 2564 Willia
995 2528 1206 2563 attachiandis.

215 2619 278 2651 EX
299 2620 403 2651 &lesio
421 2621 454 2652 δε
472 2620 545 2651 fideli
563 2619 617 2657 suo*
637 2642 647 2658 ,
677 2619 798 2659 johanni
816 2618 937 2656 Wogan
953 2640 963 2654 ,
984 2617 1141 2656 Justiciario
1161 2618 1209 2649 suo

233 2659 393 2697 Hiberniae,
411 2660 444 2691 ὃς
461 2658 641 2690 Thesaurario
657 2657 705 2688 suo
723 2658 759 2688 de
776 2657 925 2687 Scaccario
943 2655 1071 2694 Dublin,
1087 2656 1209 2688 salutem.

187 2697 328 2728 Mittimus
344 2699 426 2729 vobis
443 2697 579 2736 quandam
594 2697 814 2734 ordinationem,
831 2705 880 2735 pet
893 2701 944 2725 rios
954 2694 988 2724 &
1000 2694 1145 2726 confilium
1158 2705 1211 2726 no-

147 2735 233 2767 strum
248 2737 329 2767 certis
346 2737 496 2767 rationibus
510 2736 628 2774 fastam,
799 2772 804 2777 ¹
956 2771 970 2777 ..

144 2772 148 2775 ’
185 2775 284 2813 Qam
298 2776 455 2805 executioni
469 2776 499 2804 in
514 2774 634 2812 partibus
649 2772 761 2810 Angliae
776 2772 822 2802 die
838 2770 990 2810 Mercurii,
1008 2773 1138 2809 proximo
1145 2771 1208 2810 post

148 2811 248 2843 festum
270 2812 433 2851 Epiphaniae
454 2812 599 2851 Domini,
616 2811 746 2850 proximo
768 2809 891 2841 futurum
903 2832 914 2848 ,
939 2809 1073 2840 faciendae
1090 2809 1209 2841 fecimus

147 2850 313 2882 demandari
321 2863 327 2882 :

185 2889 221 2920 Et
235 2900 318 2928 quam
332 2891 360 2920 in
376 2890 497 2928 partibus
514 2888 679 2925 Hiberniae,
698 2886 766 2917 sicut
792 2887 822 2916 in
842 2887 949 2917 caeteris
960 2886 1059 2916 Terris
1072 2885 1206 2917 Dominii

146 2927 251 2966 nostri,
269 2930 377 2966 teneri,
394 2929 442 2966 &,
460 2928 494 2959 ad
508 2927 628 2966 aliquem
649 2934 755 2956 certum
777 2925 874 2963 diem,
894 2935 943 2962 per
957 2934 1022 2963 vos,
1041 2934 1108 2968 curn
1126 2935 1207 2959 omni

146 2965 299 3004 celeritate,
317 2967 370 3004 qua
390 2966 548 2996 commode
570 2963 630 2996 fieri
648 2964 748 3003 poterit
759 2985 770 3001 ,
790 2962 982 3001 statuendum,
998 2964 1156 2994 executioni
1172 2963 1206 2994 si-

149 3004 252 3034 militer
272 3005 401 3035 volumus
415 3003 575 3034 demandari
583 3027 593 3043 ,

182 3041 362 3073 Praesentibus
377 3041 559 3073 interclusam.
1088 3078 1094 3083 ι

183 3079 274 3112 Vobis
287 3080 446 3112 mandantes
458 3081 486 3110 in
500 3079 571 3117 fide,
589 3078 643 3117 qua
656 3078 738 3109 nobis
749 3078 902 3117 tenemini,
920 3077 1034 3108 firmiter
1055 3079 1205 3115 injungena

146 3119 202 3158 do,
220 3118 296 3158 quod
312 3118 418 3157 statim,
435 3119 496 3148 visis
515 3117 709 3156 praesentibus,
728 3116 902 3155 inspectaque
915 3117 948 3148 &
962 3116 1104 3155 diligenter
1125 3116 1204 3146 intel-

146 3157 221 3188 lecta
234 3157 407 3188 ordinatione
421 3156 484 3195 illa,
502 3156 693 3187 executionem
713 3155 833 3192 ejusdem
853 3155 1031 3185 ordinationis
1050 3155 1080 3183 in
1096 3153 1206 3197 singulis

147 3196 198 3226 suis
213 3196 349 3234 articulis,
366 3206 416 3233 per
437 3204 526 3226 totam
547 3194 665 3224 Terram
684 3192 805 3223 nostram
821 3193 981 3231 Hiberniae,
999 3194 1054 3223 sine
1076 3191 1206 3223 dilatione

147 3234 255 3273 aliqua,
273 3233 332 3264 fieri
347 3234 464 3264 faciatis:
483 3234 520 3263 ita
534 3231 610 3270 quod
626 3241 676 3268 ea,
695 3241 756 3268 quae
775 3233 805 3261 in
826 3232 903 3262 dista
924 3232 1095 3262 ordinatione
1115 3232 1206 3261 conti-

146 3280 264 3310 nentur,
282 3273 439 3302 executioni
460 3270 678 3307 demandentur,
696 3276 843 3307 antequam
864 3279 959 3300 rumor
977 3281 992 3299 a
1006 3270 1124 3307 partibus
1144 3269 1206 3299 An-

146 3309 214 3347 gli-ae
229 3309 294 3340 inde
309 3309 342 3340 ad
359 3319 444 3348 partes
458 3309 602 3340 Hiberniae
616 3307 714 3346 poterit
726 3309 887 3347 pervenire,
907 3307 942 3338 Et
956 3308 1013 3338 hoc
1025 3307 1100 3338 nullo
1115 3307 1205 3337 modo

146 3356 292 3378 omittatis.
689 3367 692 3372 -

181 3385 218 3416 Et
239 3386 274 3416 de
295 3394 356 3416 toto
378 3385 454 3416 saeco
468 3384 578 3422 vestro,
596 3385 624 3414 in
640 3383 692 3413 hac
709 3391 799 3420 parte,
816 3382 884 3413 scire
898 3383 1018 3423 faciatis,
1035 3393 1084 3422 per
1103 3382 1204 3413 litteras

147 3424 262 3461 vestm,
279 3423 411 3454 distinete
433 3423 465 3454 &
484 3424 576 3460 aperte
596 3421 779 3452 Thesaurario
794 3421 827 3451 &
844 3420 994 3453 Baronibus
1015 3422 1050 3453 de
1063 3421 1205 3452 scaccario

147 3462 221 3501 apud
236 3461 528 3493 Westmonasterium.

182 3541 271 3574 Teste
284 3541 368 3580 Rege
380 3541 453 3580 apud
466 3540 587 3582 Byflete,
606 3549 645 3571 20
662 3538 709 3570 die
724 3537 902 3571 Decembris.

182 3619 284 3652 Eodem
303 3619 376 3648 modo
393 3618 553 3664 mandatum
570 3616 607 3657 est
623 3615 752 3655 Johanm·
769 3617 801 3646 de
818 3613 998 3662 Riclaemuud,
1016 3615 1121 3657 Custodi
1143 3618 1204 3647 Sco-

144 3653 638 3742 tiaefiogessmaffizhzanssdiogssaselfi
651 3658 1003 3723 cl‘ss'zstZZlchms’Zlerton
1014 3718 1025 3731 ,
1049 3691 1204 3733 Justict'ario

147 3733 376 3819 ἭῖἴέΙΙῖοάο
401 3771 560 3801 mandatum
577 3768 614 3810 ist
631 3766 739 3806 Hugoni
755 3769 788 3798 de
806 3766 987 3806 Aldithelegh
999 3792 1009 3808 ,
1040 3768 1203 3809 Justiciario

147 3810 389 3925 'Zlfizwuzda
412 3847 574 3879 mandatum
597 3845 634 3887 est
665 3844 781 3876 Roberto
805 3845 838 3875 de
864 3843 980 3876 Holand
998 3868 1008 3884 ,
1042 3844 1203 3886 Justiciario

172 3896 185 3914 e
209 3895 265 3915 rte.

178 4066 250 4110 Tm.
267 4076 292 4107 ι.
311 4076 344 4106 Ρ.
362 4076 410 4107 ιγ,

1234 438 1355 493 REX
1374 442 1503 472 universis
1520 444 1553 473 &
1568 443 1677 487 singulis
1694 443 1828 488 Dominis
1844 445 2020 489 libertatum,
2040 445 2194 490 Ministris',
2213 445 2293 476 Billi-
2310 460 2350 483 An
2380 466 2402 486 1„

1237 480 1581 550 quosvugZCisscsa-lolitieirxiribiis
1598 482 1655 512 alus
1674 481 1798 513 fidelibus
1811 505 1821 521 ,
1845 494 1874 513 in
1891 484 2009 521 partibus
2026 484 2208 516 Westwalliae
2223 507 2232 522 ,
2256 484 2290 515 ad
2314 499 2330 521 ,3
2356 505 2380 522 2,

1272 538 1349 583 Cu’m
1365 554 1400 584 de
1417 543 1542 586 concilio
1552 556 1647 588 nostro
1660 557 1879 588 ordinaverimus
1887 559 2030 598 quaedam,
2050 569 2097 597 per
2111 561 2246 591 dileetum
2256 561 2289 592 ὅ(
2310 535 2441 600 gizzismi

1232 588 1343 658 &jaffari
1358 592 1481 661 ιέξςίῖἓέἓη
1495 595 1655 648 walterum
1667 596 1702 625 de
1716 595 2040 635 PedertonJusticiarium
2055 598 2180 629 nostrum
2193 598 2290 628 West-
2305 618 2347 646 ¹3,
2362 610 2388 638 d,

1274 649 1362 696 Vob'is
1384 643 1547 700 mandgmus
1568 670 1643 708 quod
1664 670 1755 701 eidem
1776 671 1903 701 Waltero
1926 673 1954 702 in
1973 674 2026 703 hiis
2042 695 2051 711 ,
2070 684 2132 711 quae
2154 673 2291 712 praemiffii

1233 710 1368 747 tangunt,
1386 716 1452 749 curn
1468 718 1516 750 per
1529 708 1672 745 praefatum
1688 709 1847 739 Walterum
1862 719 1894 739 ex
1910 719 1983 747 parte
1997 711 2090 742 nostra
2105 711 2169 742 iride
2188 712 2293 743 fueritis

1237 745 1380 810 {iiiia}
1394 746 1652 814 3ἓίῑῖἔὲἓὲεέἐὶἶί
1667 747 1901 822 ἓὲἶιῗῗέἓῗαῗξ.
1913 748 2069 779 mmm&
2083 772 2092 788 ’
2117 759 2199 788 ΡΜ
2214 750 2293 781 “³⁶⁰⁰

1270 816 1304 846 In
1319 819 1412 857 cujus,
1427 821 1488 851 δερ.
1507 822 1637 859 quamdiu
1651 823 1733 852 nobis
1747 822 1878 862 placuerit
1894 823 2015 855 duratur.

1272 891 1359 924 Teste
1376 894 1457 932 Rege
1472 897 1544 934 apud
1558 896 1679 937 Byflete,
1696 907 1736 928 20
1752 897 1798 928 die
1816 898 1993 930 Decembris.

1273 971 1379 999 Eodem
1399 972 1472 1014 ruodo
1492 974 1650 1002 mandatum
1671 972 1707 1011 est
1730 975 1870 1013 Univerfis
1885 996 1894 1012 ,
1912 974 1972 1010 &c.
1991 975 2208 1015 Northwalliae‚
2226 964 2299 1017 quod

1238 1009 1391 1046 Hugom'de
1406 1009 1592 1048 Aldithelegh.
1610 1011 1711 1050 Justic.
1731 1012 1791 1048 &a
1807 1013 1876 1052 fint,
1893 1012 1952 1047 &c.

1274 1084 1361 1115 Teste
1377 1084 1459 1123 Rege
1473 1086 1545 1124 apud
1559 1086 1671 1126 Byflete.
1692 1098 1730 1118 20
1749 1088 1795 1118 die
1813 1087 1991 1119 Decembris.

1238 1207 1295 1241 Ad
1311 1208 1503 1253 Cardinales‚
1526 1210 1562 1243 de
1587 1210 1675 1258 Jure
1700 1211 2038 1292 Regislmanutenendo,
2064 1223 2168 1245 contra
2192 1214 2296 1247 Bullas

1705 1263 1787 1307 Papa
1801 1273 1839 1294 es.

1308 1342 1446 1373 Enerabili
1462 1343 1490 1373 in
1507 1343 1622 1375 Christo
1641 1342 1717 1375 Patri
1740 1344 1872 1376 Domino
1885 1345 1911 1384 J.
1929 1343 1989 1375 Dei
2003 1345 2105 1384 gratia,
2123 1344 2214 1376 Tituli
2229 1345 2285 1377 San
2440 1375 2443 1379 .

1240 1348 1295 1424 V
1316 1382 1428 1411 <storum
1455 1381 1612 1412 Marcellini
1629 1383 1662 1413 &
1678 1380 1753 1414 Petri
1772 1383 1929 1414 Presbitero
1949 1383 2092 1414 Cardinali
2107 1384 2222 1422 ,Amico
2265 1394 2297 1415 0·
2313 1370 2386 1401 Ann·
2402 1370 2442 1403 D·

1238 1418 1562 1488 canffiqugefdwardus
1568 1419 1696 1462 ,eadem
1714 1421 1815 1460 gratia,
1830 1422 1891 1453 &c.
1907 1421 2018 1453 salutem
2032 1423 2065 1454 &
2081 1423 2192 1453 sincerae
2209 1423 2297 1454 dilec-
2314 1417 2418 1474 ΛῙΠΞΟΙΊ·

1240 1465 1323 1487 tionis
1338 1468 1352 1487 a
1422 1468 1480 1488 um.
2361 1469 2366 1474 '
2403 1468 2409 1475 ”

1276 1495 1382 1534 Nova,
1401 1496 1639 1534 quamplurimum
1660 1496 1817 1528 admiranda
1835 1521 1845 1537 ,
1875 1498 1909 1529 &
1924 1498 1977 1535 juri
1995 1497 2120 1530 Coronae
2139 1500 2239 1533 nostrae
2255 1512 2298 1533 re-
2314 1489 2344 1512 E'
2363 1495 2389 1513 ²¹

1239 1535 1415 1602 {issnffiia’e
1424 1535 1600 1604 ffiaecss‘fissa
1617 1535 2207 1607 Zdssisscsssffitbnefflssssmimr*iitssse'dscli’
2227 1540 2297 1608 Stin*

1241 1608 1310 1653 licas¹
1324 1620 1409 1648 nuper
1426 1612 1566 1643 extiterant
1583 1584 1725 1650 niinciata,
1741 1586 1866 1643 nostrisrfn
1880 1586 2299 1655 mimdmpepertmbaiismnffqsae

1241 1648 1340 1687 vobls,
1358 1649 1538 1688 zelatoribus,
1554 1659 1584 1680 ut
1603 1650 1741 1681 credimus
1774 1652 1840 1689 juris
1856 1651 1960 1690 nostri,
1978 1652 2104 1683 duximus
2119 1655 2278 1686 intimanda.

1277 1686 1377 1724 Nuper
1390 1687 1540 1727 liquidem,
1558 1688 1644 1719 felicis
1657 1699 1737 1720 recor
1758 1691 1871 1728 ationis,
1890 1689 1968 1720 Pater
1980 1690 2071 1721 noster
2086 1692 2299 1725 Thesaurariam

1243 1723 1476 1766 &hPraebendam
1533 1728 1561 1756 in
1581 1726 1706 1757 Ecclefia
1727 1727 1852 1758 Eborum
1874 1736 2025 1767 vacantes,
2049 1730 2174 1761 custodia
2195 1732 2299 1763 Archi-

1242 1761 1428 1832 {pigplopatuss
1439 1749 1611 1833 ejugtciemstin
1634 1775 1718 1833 wal
1741 1765 1814 1834 diCt‘ii
1826 1765 1909 1834 chtrig
1923 1765 2009 1835 [1οῆἓὶ
2024 1767 2177 1836 existirlilte,
2190 1770 2299 1801 dileffis

1241 1811 1776 1880 amissis
1815 1814 1848 1885 ἑ
1875 1814 1990 1845 ww,
2016 1805 2078 1843 ’ἃ
2133 1807 2298 1848 ²gffi‘0J0·

1239 1914 1256 1944 s
1277 1876 1364 1946 Supler
1383 1889 1440 1917 quo
1453 1901 1463 1917 ,
1493 1878 1624 1909 Domino
1641 1879 1750 1910 summo
1767 1878 1898 1911 Pontifici
1915 1880 2014 1912 litteras
2031 1880 2134 1914 nostras
2152 1883 2296 1924 dirigimus

1250 1925 1325 1952 pecia
1337 1927 1372 1946 es.

1277 1952 1328 1992 Et,
1347 1955 1411 1985 licet
1427 1954 1502 1985 idem
1517 1954 1594 1986 Pater
1607 1955 1716 1995 noster,
1734 1956 1805 1987 dum
1821 1957 1939 1996 vixerat,
1955 1957 2035 1988 dieto
2059 1957 2191 1990 Domino
2213 1961 2295 1993 Fran-

1241 1991 1316 2022 cisco
1332 1993 1367 2022 de
1378 1993 1438 2031 jure
1452 1993 1514 2032 suo,
1532 1995 1561 2023 in
1582 1995 1634 2024 hac
1654 2004 1744 2033 parte,
1764 2005 1810 2033 per
1831 1995 1928 2026 litteras
1942 1996 1997 2026 suas
2013 1998 2168 2028 innotuisset
2189 2000 2221 2029 ad
2235 2001 2294 2038 ple-

1240 2039 1329 2072 num,
1348 2030 1478 2062 Praefatus
1499 2040 1589 2062 autem
1614 2032 1786 2071 Francffcus,
1804 2033 1913 2064 dietum
1940 2033 2049 2064 Patrem
2077 2036 2204 2067 nostrum
2226 2049 2297 2076 prae-

1241 2066 1328 2098 dieras
1343 2069 1555 2100 Thesaurariam
1569 2071 1601 2102 δε
1613 2071 1789 2108 praebendam
1805 2071 1966 2109 quibusdam
1974 2073 2108 2112 personis,
2123 2075 2223 2113 absque
2231 2087 2296 2108 cau-

1241 2105 1270 2136 sa
1284 2108 1455 2147 rationabili,
1473 2118 1525 2146 pro
1536 2108 1590 2139 suae
1604 2108 1750 2140 voluntatis
1762 2109 1859 2148 libito,
1876 2110 2026 2147 suggerens
2040 2112 2200 2152 contuliffe,
2218 2115 2295 2146 littei

1241 2154 1281 2175 ras
1298 2145 1471 2183 Apostolicas
1486 2146 1622 2185 nobis‚ad
1638 2148 1828 2178 revocandum
1844 2148 2003 2179 collationes
2017 2150 2136 2180 easdem:

1281 2183 1326 2213 Ac
1339 2184 1545 2223 subsequenter,
1564 2185 1720 2223 priusquam
1741 2186 1817 2224 super
1845 2186 1989 2225 praemiffis
2010 2186 2103 2217 litteris
2128 2189 2298 2228 Apostolicis

1244 2220 1464 2254 deliberassemus
1482 2223 1516 2254 ad
1528 2224 1658 2264 plenum,
1675 2223 1737 2254 alias
1751 2224 1849 2255 litteras
1864 2224 2038 2262 Apostolicas
2051 2227 2242 2267 citatorias,ad
2259 2231 2301 2260 ci-

1244 2260 1359 2292 tandum
1373 2261 1500 2300 eosdem,
1517 2261 1674 2292 Walterum
1698 2263 1730 2293 &
1749 2262 1925 2301 Johannem,
1943 2263 2019 2300 quod
2038 2274 2217 2303 compareant
2234 2277 2296 2304 per-

1243 2298 1370 2330 sonaliter
1385 2310 1480 2331 coram
1492 2300 1572 2331 dieto
1587 2299 1718 2330 Domino
1732 2299 1845 2331 summo
1865 2301 2019 2337 Pontifice,
2034 2301 2111 2339 super
2131 2302 2296 2337 assecutione

1244 2338 1406 2368 earumdem
1419 2339 1606 2370 Thesaurariae
1623 2339 1656 2369 &
1678 2337 1841 2369 Praebendae
1854 2361 1864 2376 ,
1893 2340 1962 2370 dieti
1986 2338 2137 2371 Cardinalis
2149 2344 2243 2380 nepoti
2258 2343 2295 2375 de

1241 2374 1344 2413 justitia
1357 2376 1523 2415 responsuri,
1542 2377 1622 2407 certis
1636 2377 1825 2407 executoribus
1838 2376 1915 2415 super
1930 2378 1986 2408 hoc
2001 2377 2150 2418 deputatis,
2167 2381 2295 2419 impetra-

1246 2414 1285 2444 vit
1297 2414 1380 2453 dirigi
1391 2415 1452 2453 jam
1465 2415 1501 2446 de
1514 2425 1599 2445 novo.

1281 2452 1371 2483 Unde
1387 2454 1465 2490 angit
1482 2464 1533 2484 cor
1550 2452 1677 2484 nostrum
1694 2454 1816 2484 intimius
1833 2454 1951 2485 turbatio
1969 2453 2043 2492 quod
2057 2478 2066 2492 ,
2083 2456 2153 2487 dum
2174 2456 2230 2496 hii,
2248 2459 2296 2496 qui

1244 2498 1368 2522 tenentur
1392 2492 1426 2522 &s
1450 2491 1553 2522 debent
1579 2501 1629 2529 pro
1649 2492 1710 2529 jure
1736 2491 1830 2522 nostro
1848 2491 1943 2529 Regio
1962 2493 1987 2522 se
2005 2503 2117 2524 murum
2134 2494 2297 2527 defensionis

1244 2538 1406 2568 opponere,
1423 2530 1501 2568 ipsius
1519 2530 1716 2567 insurgentibus
1733 2539 1767 2560 ex
1783 2529 1896 2560 adverso
1910 2553 1920 2569 ,
1939 2533 2108 2563 contrarium
2125 2532 2279 2566 toleramus.

1282 2567 1346 2598 Nos
1360 2569 1445 2605 igitur
1457 2568 1624 2599 attendentes
1637 2568 1730 2606 quod,
1747 2568 1766 2598 si
1780 2568 1916 2598 distarum
1932 2568 2111 2601 collationum
2124 2569 2200 2602 fieret
2214 2583 2297 2604 revo-

1246 2608 1335 2644 catio,
1352 2606 1477 2645 dietique
1492 2606 1612 2637 mandati
1632 2606 1790 2644 Apostolici
1804 2609 1931 2637 executio
1945 2607 1980 2637 de
1994 2608 2106 2638 citando
2118 2610 2298 2650 procederet,

1247 2652 1277 2675 ut
1296 2645 1439 2675 mandatur
1455 2667 1465 2683 ,
1490 2645 1791 2675 in¹exhaeredationem
1819 2643 1945 2675 Coronae
1965 2645 2085 2684 nostrae,
2102 2656 2135 2676 ac
2152 2657 2298 2681 enormem

1245 2682 1385 2713 laesionem
1400 2683 1428 2713 R
1463 2685 1497 2714 iae
1503 2683 1642 2719 dignitatis
1655 2682 1767 2713 cederet
1779 2682 2086 2721 manifeste,potiffirne
2099 2685 2118 2715 fi
2131 2687 2300 2719 eorumdem

1246 2724 1427 2759 negotiorum
1461 2721 1569 2752 iscuffio
1588 2721 1674 2757 (circa
1685 2731 1748 2759 quae
1761 2719 1887 2751 nostrum
1907 2721 2057 2759 specialiter
2069 2722 2196 2755 interesse
2209 2725 2299 2758 versa·-

1247 2760 1299 2797 tur)
1320 2761 1385 2791 alibi
1401 2761 1486 2798 quam
1501 2760 1530 2790 in
1545 2759 1623 2790 dieto
1638 2759 1743 2797 Regno
1757 2758 1852 2789 nostro
1867 2758 1940 2790 fieret
1955 2761 2053 2798 quovis
2065 2761 2155 2792 modo
2172 2772 2178 2792 :

1283 2799 1395 2838 Quibus
1411 2800 1494 2829 etiam
1513 2798 1668 2837 praediffis,
1683 2797 1810 2828 Waltero
1828 2798 1861 2828 &
1879 2797 2016 2836 johanni,
2033 2808 2067 2829 ex
2083 2799 2135 2829 hac
2155 2800 2253 2839 causa,
2269 2801 2298 2832 fi:

1245 2837 1312 2868 sedis
1340 2837 1511 2878 Apostolicae
1529 2835 1688 2874 conspeetui
1707 2836 1752 2866 via
1769 2845 1817 2873 per
1836 2845 1886 2866 nos
1904 2836 2081 2874 praecluditur
2105 2838 2301 2878 praesentandi3

1284 2875 1413 2906 Vestram
1432 2875 1623 2906 Paternitatem
1641 2875 1802 2913 requirimus
1822 2875 1948 2905 attentius
1960 2875 2003 2917 .&
2018 2885 2149 2913 rogamus
2168 2898 2178 2915 ‚
2212 2878 2300 2915 quati-

1246 2925 1295 2945 nus
1322 2924 1387 2952 erga
1409 2914 1518 2944 dietum
1539 2912 1701 2944 Dominum
1726 2911 1866 2953 summum
1884 2911 2068 2951 Pontificem,
2087 2913 2185 2953 quod,
2203 2917 2303 2946 virtute

1245 2953 1381 2984 diffluum
1400 2951 1609 2990 suggestionum
1624 2974 1634 2989 ‚
1659 2950 1817 2989 proceflum
1838 2949 1897 2980 fieri
1916 2960 1973 2981 non
1987 2953 2146 2991 permittat,
2163 2963 2196 2983 ac
2214 2954 2299 2984 etiam

1245 2991 1320 3030 quod
1344 2991 1466 3029 praefati,
1485 2989 1636 3020 Cardinalis
1655 2988 1793 3027 neposque
1814 2988 1934 3027 ejusdem
1948 3011 1958 3027 ‚
1974 2989 2010 3019 ab
2033 2989 2189 3027 hujusmodi
2209 2993 2301 3029 irnpe-

1243 3031 1403 3061 trationibus
1416 3029 1449 3060 &
1465 3028 1699 3066 prosecutionibus
1709 3028 1830 3058 omnino
1841 3026 1985 3065 desistant,
2001 3027 2089 3059 velitis
2097 3051 2107 3067 ‚
2121 3028 2209 3060 nostri
2215 3030 2300 3061 inter-

1245 3077 1331 3100 ventu
1348 3068 1499 3105 rogaminis
1513 3089 1522 3105 ,
1541 3067 1714 3104 interponere
1729 3074 1814 3102 partes
1831 3065 1944 3095 vestras:

1278 3107 1326 3138 Sic
1342 3106 1417 3145 quod
1428 3108 1470 3144 jus
1485 3104 1609 3135 nostrum
1645 3103 1776 3146 &didiae
1789 3103 1946 3133 collationes
1959 3104 1987 3133 in
2001 3103 2093 3142 aliquo
2115 3115 2174 3136 non
2195 3105 2299 3137 laedan-

1242 3154 1304 3184 tur,
1321 3145 1452 3184 quodque
1465 3143 1571 3182 praefati
1584 3126 1689 3172 Cl'erici
1702 3141 1786 3171 nostri
1805 3142 1933 3179 (quorum
1949 3141 2116 3183 defensioni,
2134 3145 2163 3174 in
2176 3143 2229 3175 hac
2238 3154 2299 3182 par-

1244 3193 1286 3222 te,
1302 3182 1393 3214 deeffe
1405 3193 1463 3212 non
1477 3180 1635 3219 poffumus,
1653 3180 1730 3210 sicuti
1743 3190 1795 3211 nec
1810 3179 1955 3219 debemus)
1964 3190 2000 3211 eo
2015 3190 2165 3222 praetextu,
2182 3192 2240 3213 non
2253 3183 2296 3213 in-

1244 3224 1398 3262 quietentur
1411 3220 1548 3257 indebite,
1565 3218 1609 3248 seu
1625 3225 1782 3256 graventur.

2312 1527 2381 1551 Rom.
2401 1532 2425 1550 x.

2311 1565 2340 1589 Ε.
2351 1569 2443 1597 2.m.9.

1281 3298 1349 3330 Dat.
1368 3297 1441 3337 apud
1448 3295 1617 3331 Westm.24
1626 3294 1672 3325 die
1687 3286 1969 3334 Decembris‚Anno
1982 3294 2173 3333 Regninostri
2188 3296 2295 3334 primo.

1307 3374 1420 3406 Eodem
1434 3372 1521 3405 modo
1533 3370 1660 3402 scribitur
1677 3369 1868 3403 Cardinalibus
1881 3371 2055 3410 subscriptis;
2072 3371 2224 3410 videlicet,

1278 3455 1397 3483 Domino
1415 3453 1445 3480 T.
1462 3447 1547 3479 Tituli
1562 3449 1672 3478 Sanaae
1691 3447 1815 3486 Sabinae,
1833 3447 1985 3477 Presbitero
2002 3446 2150 3477 cardinali.

1281 3493 1397 3521 Domino
1415 3491 1455 3518 A.
1473 3488 1581 3517 Santlae
1602 3489 1706 3516 Mariae
1721 3490 1749 3516 in
1761 3489 1882 3524 porticu,
1899 3489 2020 3515 Diacono
2035 3483 2185 3515 Cardinali.

1277 3532 1392 3560 Domino
1411 3528 1451 3557 N.
1470 3525 1554 3555 Tituli
1565 3527 1659 3556 Sanc'li
1672 3523 1795 3563 Eusebii,
1812 3523 1961 3553 Presbitero
1975 3523 2126 3553 Cardinali.

1281 3570 1396 3598 Domino
1412 3568 1448 3595 L.
1466 3565 1573 3593 Sanciae
1591 3564 1694 3593 Mariae
1707 3566 1736 3591 ia
1754 3565 1805 3592 Via
1819 3561 1899 3600 lata,
1916 3564 2035 3591 Diacono
2049 3559 2199 3591 cardinali.

1280 3608 1396 3635 Domino
1413 3605 1453 3633 N.
1471 3601 1591 3641 Hostien.
1610 3601 1648 3637 &
1666 3599 1764 3631 Vellen.
1782 3599 1914 3639 Epiftopo.

1280 3647 1397 3674 Domino
1414 3644 1446 3670 R.
1463 3639 1508 3669 del
1521 3643 1591 3670 Gote
1603 3641 1711 3669 Saneiae
1728 3641 1832 3668 Mariae
1850 3639 1943 3669 Novae
1960 3640 2082 3668 Diacono
2098 3634 2249 3670 cardinali.

1278 3684 1392 3713 Domino
1411 3682 1443 3709 Ρ.
1460 3677 1585 3708 sabinen.
1602 3676 1724 3716 Episcopo
1739 3675 1886 3707 cardinali.

1277 3723 1391 3751 Domino
1410 3718 1453 3747 W.
1467 3715 1554 3746 Tituli
1569 3717 1663 3745 Saniii
1677 3714 1821 3753 Martelli,
1839 3713 1993 3744 presbitero
2010 3711 2161 3745 Cardinali.

1279 3761 1395 3789 Domino
1414 3753 1445 3785 P.
1462 3754 1545 3784 Tituli
1561 3756 1654 3784 Sanlli
1667 3752 1815 3792 Apolinar.
1829 3751 1980 3782 Presbitero
1995 3752 2143 3782 Cardinali.

1281 3799 1396 3828 Domino
1423 3793 1458 3831 J.
1481 3791 1566 3860 :ll'ituli
1593 3793 1752 3823 SanHorum
1777 3789 1936 3822 Marcellini
1958 3788 1997 3827 ό·
2019 3792 2125 3831 Petri,
2149 3787 2300 3821 Presbitero

1374 3832 1492 3863 Cardina
1503 3834 1523 3861 i.
