<?xml version="1.0" encoding="UTF-8"?>
<!DOCTYPE html PUBLIC "-//W3C//DTD XHTML 1.0 Transitional//EN"
    "http://www.w3.org/TR/xhtml1/DTD/xhtml1-transitional.dtd">
<html xmlns="http://www.w3.org/1999/xhtml" xml:lang="en" lang="en">
 <head>
  <title>
</title>
<meta http-equiv="Content-Type" content="text/html;charset=utf-8" />
  <meta name='ocr-system' content='tesseract 3.04.00' />
  <meta name='ocr-capabilities' content='ocr_page ocr_carea ocr_par ocr_line ocrx_word'/>
</head>
<body>
  <div class='ocr_page' id='page_1' title='image "./fderaconventione01ryme/fderaconventione01ryme_0349.png"; bbox 0 0 2570 4261; ppageno 0'>
   <div class='ocr_carea' id='block_1_1' title="bbox 0 2740 36 4261">
    <p class='ocr_par' dir='ltr' id='par_1_1' title="bbox 0 2740 36 4261">
     <span class='ocr_line' id='line_1_1' title="bbox 0 2740 36 4261; baseline 0 0"><span class='ocrx_word' id='word_1_1' title='bbox 0 2740 36 4261; x_wconf 95' lang='lat' dir='ltr'> </span> 
     </span>
    </p>
   </div>
   <div class='ocr_carea' id='block_1_2' title="bbox 755 229 1217 275">
    <p class='ocr_par' dir='ltr' id='par_1_2' title="bbox 755 229 1217 275">
     <span class='ocr_line' id='line_1_2' title="bbox 755 229 1217 275; baseline 0.006 -6"><span class='ocrx_word' id='word_1_2' title='bbox 755 229 866 269; x_wconf 93' lang='lat' dir='ltr'>ET</span> <span class='ocrx_word' id='word_1_3' title='bbox 948 232 1217 275; x_wconf 82' lang='lat' dir='ltr'>ACTA</span> 
     </span>
    </p>
   </div>
   <div class='ocr_carea' id='block_1_3' title="bbox 19 318 156 398">
    <p class='ocr_par' dir='ltr' id='par_1_3' title="bbox 19 318 156 398">
     <span class='ocr_line' id='line_1_3' title="bbox 19 318 156 355; baseline -0.044 0"><span class='ocrx_word' id='word_1_4' title='bbox 19 323 99 355; x_wconf 81' lang='lat' dir='ltr'>&#39;Ann.</span> <span class='ocrx_word' id='word_1_5' title='bbox 114 318 156 351; x_wconf 92' lang='lat' dir='ltr'>D.</span> 
     </span>
     <span class='ocr_line' id='line_1_4' title="bbox 44 359 126 398; baseline -0.049 -7"><span class='ocrx_word' id='word_1_6' title='bbox 44 359 126 398; x_wconf 86' lang='lat'>1264.</span> 
     </span>
    </p>
   </div>
   <div class='ocr_carea' id='block_1_4' title="bbox 22 405 905 447">
    <p class='ocr_par' dir='ltr' id='par_1_4' title="bbox 22 405 905 447">
     <span class='ocr_line' id='line_1_5' title="bbox 22 405 905 447; baseline 0.008 -7"><span class='ocrx_word' id='word_1_7' title='bbox 22 405 84 430; x_wconf 72' lang='lat' dir='ltr'>Hm.</span> <span class='ocrx_word' id='word_1_8' title='bbox 96 409 121 436; x_wconf 87' lang='lat'>3·</span> <span class='ocrx_word' id='word_1_9' title='bbox 503 417 563 447; x_wconf 89' lang='lat' dir='ltr'>Pro</span> <span class='ocrx_word' id='word_1_10' title='bbox 586 416 671 446; x_wconf 88' lang='lat' dir='ltr'>Petro</span> <span class='ocrx_word' id='word_1_11' title='bbox 686 411 722 445; x_wconf 86' lang='lat' dir='ltr'>de</span> <span class='ocrx_word' id='word_1_12' title='bbox 738 411 905 447; x_wconf 77' lang='lat' dir='ltr'>Sabaudia.</span> 
     </span>
    </p>
   </div>
   <div class='ocr_carea' id='block_1_5' title="bbox 22 502 1235 664">
    <p class='ocr_par' dir='ltr' id='par_1_5' title="bbox 22 502 1174 564">
     <span class='ocr_line' id='line_1_6' title="bbox 22 502 1174 564; baseline -0.003 -28"><span class='ocrx_word' id='word_1_13' title='bbox 22 516 76 543; x_wconf 69' lang='lat' dir='ltr'>An.</span> <span class='ocrx_word' id='word_1_14' title='bbox 90 512 137 548; x_wconf 72' lang='lat'>48,</span> <span class='ocrx_word' id='word_1_15' title='bbox 174 506 262 564; x_wconf 75' lang='lat' dir='ltr'>RE</span> <span class='ocrx_word' id='word_1_16' title='bbox 272 505 302 536; x_wconf 92' lang='lat' dir='ltr'>X</span> <span class='ocrx_word' id='word_1_17' title='bbox 321 503 425 535; x_wconf 68' lang='lat' dir='ltr'>dileeto</span> <span class='ocrx_word' id='word_1_18' title='bbox 438 503 472 534; x_wconf 90' lang='lat'>&amp;</span> <span class='ocrx_word' id='word_1_19' title='bbox 485 502 557 533; x_wconf 86' lang='lat' dir='ltr'>fideli</span> <span class='ocrx_word' id='word_1_20' title='bbox 571 504 637 547; x_wconf 71' lang='lat' dir='ltr'>suo,</span> <span class='ocrx_word' id='word_1_21' title='bbox 655 502 823 547; x_wconf 71' lang='lat' dir='ltr'>Wychardo</span> <span class='ocrx_word' id='word_1_22' title='bbox 836 503 872 533; x_wconf 90' lang='lat' dir='ltr'>de</span> <span class='ocrx_word' id='word_1_23' title='bbox 885 503 1014 534; x_wconf 90' lang='lat' dir='ltr'>Charrun</span> <span class='ocrx_word' id='word_1_24' title='bbox 1022 527 1033 543; x_wconf 92' lang='lat'>,</span> <span class='ocrx_word' id='word_1_25' title='bbox 1052 504 1174 535; x_wconf 73' lang='lat' dir='ltr'>salutem.</span> 
     </span>
    </p>

    <p class='ocr_par' dir='ltr' id='par_1_6' title="bbox 23 541 1235 664">
     <span class='ocr_line' id='line_1_7' title="bbox 23 541 1235 587; baseline -0.002 -13"><span class='ocrx_word' id='word_1_26' title='bbox 23 556 59 581; x_wconf 75' lang='lat' dir='ltr'>H,</span> <span class='ocrx_word' id='word_1_27' title='bbox 77 560 102 587; x_wconf 82' lang='lat'>3.</span> <span class='ocrx_word' id='word_1_28' title='bbox 273 543 353 574; x_wconf 91' lang='lat' dir='ltr'>Cum</span> <span class='ocrx_word' id='word_1_29' title='bbox 373 553 461 587; x_wconf 85' lang='lat' dir='ltr'>nuper</span> <span class='ocrx_word' id='word_1_30' title='bbox 480 541 702 587; x_wconf 83' lang='lat' dir='ltr'>commiserimus</span> <span class='ocrx_word' id='word_1_31' title='bbox 718 542 798 585; x_wconf 77' lang='lat' dir='ltr'>vobis</span> <span class='ocrx_word' id='word_1_32' title='bbox 817 551 916 586; x_wconf 83' lang='lat' dir='ltr'>omnes</span> <span class='ocrx_word' id='word_1_33' title='bbox 929 551 1009 573; x_wconf 88' lang='lat' dir='ltr'>terras</span> <span class='ocrx_word' id='word_1_34' title='bbox 1030 544 1063 574; x_wconf 74' lang='grc' dir='ltr'>δε</span> <span class='ocrx_word' id='word_1_35' title='bbox 1075 549 1235 572; x_wconf 83' lang='lat' dir='ltr'>tenementa</span> 
     </span>
     <span class='ocr_line' id='line_1_8' title="bbox 23 579 1235 660; baseline -0.007 -42"><span class='ocrx_word' id='word_1_36' title='bbox 23 594 92 654; x_wconf 53' lang='lat' dir='ltr'>Pan!</span> <span class='ocrx_word' id='word_1_37' title='bbox 108 626 142 660; x_wconf 47' lang='grc' dir='ltr'>ό.</span> <span class='ocrx_word' id='word_1_38' title='bbox 174 583 279 651; x_wconf 60' lang='grc' dir='ltr'>(1ἰ1ιῖξ,(ὶ)ι’ἀ</span> <span class='ocrx_word' id='word_1_39' title='bbox 282 583 316 613; x_wconf 88' lang='lat'>&amp;</span> <span class='ocrx_word' id='word_1_40' title='bbox 326 581 424 650; x_wconf 47' lang='lat' dir='ltr'>{idelis}</span> <span class='ocrx_word' id='word_1_41' title='bbox 426 579 515 611; x_wconf 87' lang='lat' dir='ltr'>nostri</span> <span class='ocrx_word' id='word_1_42' title='bbox 530 579 605 648; x_wconf 55' lang='grc' dir='ltr'>Ρῗὶῑι</span> <span class='ocrx_word' id='word_1_43' title='bbox 618 579 654 609; x_wconf 91' lang='lat' dir='ltr'>de</span> <span class='ocrx_word' id='word_1_44' title='bbox 668 579 817 649; x_wconf 56' lang='lat' dir='ltr'>Sabaudhian</span> <span class='ocrx_word' id='word_1_45' title='bbox 836 581 983 649; x_wconf 56' lang='grc' dir='ltr'>ιιιὲιοῃῗτε</span> <span class='ocrx_word' id='word_1_46' title='bbox 999 580 1235 626; x_wconf 76' lang='lat' dir='ltr'>Richemundiae,</span> 
     </span>
     <span class='ocr_line' id='line_1_9' title="bbox 23 628 1068 664; baseline -0.005 -10"><span class='ocrx_word' id='word_1_47' title='bbox 23 631 100 664; x_wconf 85' lang='lat' dir='ltr'>Ang.</span> <span class='ocrx_word' id='word_1_48' title='bbox 177 631 213 652; x_wconf 93' lang='lat' dir='ltr'>cu</span> <span class='ocrx_word' id='word_1_49' title='bbox 281 630 324 650; x_wconf 87' lang='lat' dir='ltr'>ieri</span> <span class='ocrx_word' id='word_1_50' title='bbox 346 631 376 659; x_wconf 82' lang='lat' dir='ltr'>a,</span> <span class='ocrx_word' id='word_1_51' title='bbox 390 630 405 649; x_wconf 88' lang='lat' dir='ltr'>a</span> <span class='ocrx_word' id='word_1_52' title='bbox 434 629 505 657; x_wconf 87' lang='lat' dir='ltr'>opus</span> <span class='ocrx_word' id='word_1_53' title='bbox 518 629 557 648; x_wconf 92' lang='lat' dir='ltr'>no</span> <span class='ocrx_word' id='word_1_54' title='bbox 583 628 663 656; x_wconf 88' lang='lat' dir='ltr'>rum,</span> <span class='ocrx_word' id='word_1_55' title='bbox 681 628 767 656; x_wconf 88' lang='lat' dir='ltr'>quam</span> <span class='ocrx_word' id='word_1_56' title='bbox 797 629 815 648; x_wconf 91' lang='lat' dir='ltr'>u</span> <span class='ocrx_word' id='word_1_57' title='bbox 828 630 868 650; x_wconf 92' lang='lat' dir='ltr'>no</span> <span class='ocrx_word' id='word_1_58' title='bbox 889 630 909 649; x_wconf 85' lang='lat' dir='ltr'>is</span> <span class='ocrx_word' id='word_1_59' title='bbox 921 628 1068 664; x_wconf 73' lang='lat' dir='ltr'>pacuer1t3</span> 
     </span>
    </p>
   </div>
   <div class='ocr_carea' id='block_1_6' title="bbox 222 1170 804 1182">
    <p class='ocr_par' dir='ltr' id='par_1_7' title="bbox 222 1170 804 1182">
     <span class='ocr_line' id='line_1_10' title="bbox 222 1170 804 1182; baseline 0 0"><span class='ocrx_word' id='word_1_60' title='bbox 222 1170 804 1182; x_wconf 95' lang='lat' dir='ltr'> </span> 
     </span>
    </p>
   </div>
   <div class='ocr_carea' id='block_1_7' title="bbox 23 656 1248 1715">
    <p class='ocr_par' dir='ltr' id='par_1_8' title="bbox 23 656 1248 1715">
     <span class='ocr_line' id='line_1_11' title="bbox 23 656 1235 697; baseline -0.006 -4"><span class='ocrx_word' id='word_1_61' title='bbox 23 671 112 694; x_wconf 79' lang='lat' dir='ltr'>franc.</span> <span class='ocrx_word' id='word_1_62' title='bbox 215 659 305 691; x_wconf 87' lang='lat' dir='ltr'>Vobis</span> <span class='ocrx_word' id='word_1_63' title='bbox 319 658 482 689; x_wconf 85' lang='lat' dir='ltr'>mandamus</span> <span class='ocrx_word' id='word_1_64' title='bbox 498 656 575 697; x_wconf 91' lang='lat' dir='ltr'>quod</span> <span class='ocrx_word' id='word_1_65' title='bbox 595 666 695 686; x_wconf 89' lang='lat' dir='ltr'>omnes</span> <span class='ocrx_word' id='word_1_66' title='bbox 710 658 796 688; x_wconf 83' lang='lat' dir='ltr'>exitus</span> <span class='ocrx_word' id='word_1_67' title='bbox 808 681 818 695; x_wconf 88' lang='lat'>,</span> <span class='ocrx_word' id='word_1_68' title='bbox 843 667 1036 696; x_wconf 84' lang='lat' dir='ltr'>provenientes</span> <span class='ocrx_word' id='word_1_69' title='bbox 1051 658 1086 688; x_wconf 89' lang='lat' dir='ltr'>de</span> <span class='ocrx_word' id='word_1_70' title='bbox 1107 658 1185 687; x_wconf 84' lang='lat' dir='ltr'>terris</span> <span class='ocrx_word' id='word_1_71' title='bbox 1202 658 1235 687; x_wconf 72' lang='grc' dir='ltr'>ὃς</span> 
     </span>
     <span class='ocr_line' id='line_1_12' title="bbox 25 694 1236 741; baseline -0.005 -10"><span class='ocrx_word' id='word_1_72' title='bbox 25 704 72 740; x_wconf 77' lang='lat'>48.</span> <span class='ocrx_word' id='word_1_73' title='bbox 86 708 119 731; x_wconf 83' lang='lat' dir='ltr'>H.</span> <span class='ocrx_word' id='word_1_74' title='bbox 132 712 157 741; x_wconf 86' lang='lat'>3.</span> <span class='ocrx_word' id='word_1_75' title='bbox 179 699 346 728; x_wconf 83' lang='lat' dir='ltr'>tenementis</span> <span class='ocrx_word' id='word_1_76' title='bbox 360 697 497 735; x_wconf 50' lang='lat' dir='ltr'>praedictis</span> <span class='ocrx_word' id='word_1_77' title='bbox 511 719 520 735; x_wconf 81' lang='lat'>‚</span> <span class='ocrx_word' id='word_1_78' title='bbox 546 694 638 727; x_wconf 85' lang='lat' dir='ltr'>eidem</span> <span class='ocrx_word' id='word_1_79' title='bbox 654 695 738 726; x_wconf 91' lang='lat' dir='ltr'>Petro</span> <span class='ocrx_word' id='word_1_80' title='bbox 751 719 761 734; x_wconf 93' lang='lat'>,</span> <span class='ocrx_word' id='word_1_81' title='bbox 785 695 831 727; x_wconf 84' lang='lat' dir='ltr'>vel</span> <span class='ocrx_word' id='word_1_82' title='bbox 845 697 893 727; x_wconf 90' lang='lat' dir='ltr'>suo</span> <span class='ocrx_word' id='word_1_83' title='bbox 908 704 986 727; x_wconf 88' lang='lat' dir='ltr'>certo</span> <span class='ocrx_word' id='word_1_84' title='bbox 1004 704 1161 733; x_wconf 73' lang='lat' dir='ltr'>arremaro,</span> <span class='ocrx_word' id='word_1_85' title='bbox 1179 695 1236 725; x_wconf 88' lang='lat' dir='ltr'>sine</span> 
     </span>
     <span class='ocr_line' id='line_1_13' title="bbox 25 735 566 778; baseline -0.011 -8"><span class='ocrx_word' id='word_1_86' title='bbox 25 752 63 771; x_wconf 76' lang='lat' dir='ltr'>m.</span> <span class='ocrx_word' id='word_1_87' title='bbox 75 751 100 778; x_wconf 86' lang='lat'>3.</span> <span class='ocrx_word' id='word_1_88' title='bbox 179 736 326 774; x_wconf 85' lang='lat' dir='ltr'>dilatione,</span> <span class='ocrx_word' id='word_1_89' title='bbox 341 736 442 766; x_wconf 86' lang='lat' dir='ltr'>habere</span> <span class='ocrx_word' id='word_1_90' title='bbox 455 735 566 766; x_wconf 81' lang='lat' dir='ltr'>faciatis,</span> 
     </span>
     <span class='ocr_line' id='line_1_14' title="bbox 215 775 436 814; baseline -0.014 -8"><span class='ocrx_word' id='word_1_91' title='bbox 215 775 251 806; x_wconf 89' lang='lat' dir='ltr'>In</span> <span class='ocrx_word' id='word_1_92' title='bbox 263 776 357 814; x_wconf 87' lang='lat' dir='ltr'>cujus,</span> <span class='ocrx_word' id='word_1_93' title='bbox 375 775 436 805; x_wconf 88' lang='lat' dir='ltr'>&amp;c.</span> 
     </span>
     <span class='ocr_line' id='line_1_15' title="bbox 215 853 1018 894; baseline -0.001 -7"><span class='ocrx_word' id='word_1_94' title='bbox 215 855 304 887; x_wconf 89' lang='lat' dir='ltr'>Teste</span> <span class='ocrx_word' id='word_1_95' title='bbox 318 854 401 894; x_wconf 88' lang='lat' dir='ltr'>Rege</span> <span class='ocrx_word' id='word_1_96' title='bbox 413 853 487 893; x_wconf 86' lang='lat' dir='ltr'>apud</span> <span class='ocrx_word' id='word_1_97' title='bbox 500 853 634 885; x_wconf 87' lang='lat' dir='ltr'>Ambian.</span> <span class='ocrx_word' id='word_1_98' title='bbox 647 853 821 886; x_wconf 85' lang='lat' dir='ltr'>duodecimo</span> <span class='ocrx_word' id='word_1_99' title='bbox 834 854 879 885; x_wconf 87' lang='lat' dir='ltr'>die</span> <span class='ocrx_word' id='word_1_100' title='bbox 887 854 1018 893; x_wconf 77' lang='lat' dir='ltr'>januarii.</span> 
     </span>
     <span class='ocr_line' id='line_1_16' title="bbox 215 933 1237 977; baseline -0.003 -12"><span class='ocrx_word' id='word_1_101' title='bbox 215 934 379 977; x_wconf 80' lang='lat' dir='ltr'>Confimilem</span> <span class='ocrx_word' id='word_1_102' title='bbox 399 933 523 974; x_wconf 72' lang='lat' dir='ltr'><em>litteram</em></span> <span class='ocrx_word' id='word_1_103' title='bbox 541 934 624 964; x_wconf 81' lang='lat' dir='ltr'>habet</span> <span class='ocrx_word' id='word_1_104' title='bbox 638 935 787 973; x_wconf 74' lang='lat' dir='ltr'>Johanner</span> <span class='ocrx_word' id='word_1_105' title='bbox 805 936 837 964; x_wconf 83' lang='lat' dir='ltr'>de</span> <span class='ocrx_word' id='word_1_106' title='bbox 851 936 917 965; x_wconf 82' lang='lat' dir='ltr'>Rud</span> <span class='ocrx_word' id='word_1_107' title='bbox 930 959 939 974; x_wconf 86' lang='lat'>,</span> <span class='ocrx_word' id='word_1_108' title='bbox 964 937 997 967; x_wconf 85' lang='lat' dir='ltr'>de</span> <span class='ocrx_word' id='word_1_109' title='bbox 1015 934 1136 966; x_wconf 78' lang='lat' dir='ltr'>omnibus</span> <span class='ocrx_word' id='word_1_110' title='bbox 1156 935 1237 963; x_wconf 79' lang='lat' dir='ltr'>terris</span> 
     </span>
     <span class='ocr_line' id='line_1_17' title="bbox 177 972 922 1013; baseline 0 -9"><span class='ocrx_word' id='word_1_111' title='bbox 177 972 216 1009; x_wconf 61' lang='grc' dir='ltr'><strong><em>ὠ</em></strong></span> <span class='ocrx_word' id='word_1_112' title='bbox 230 976 387 1004; x_wconf 82' lang='lat' dir='ltr'><em>tenementis</em></span> <span class='ocrx_word' id='word_1_113' title='bbox 396 974 521 1011; x_wconf 64' lang='lat' dir='ltr'>praedieli</span> <span class='ocrx_word' id='word_1_114' title='bbox 537 975 614 1003; x_wconf 85' lang='lat' dir='ltr'>Petri</span> <span class='ocrx_word' id='word_1_115' title='bbox 631 977 660 1004; x_wconf 78' lang='lat' dir='ltr'>in</span> <span class='ocrx_word' id='word_1_116' title='bbox 674 977 810 1004; x_wconf 79' lang='lat' dir='ltr'>Comitatu</span> <span class='ocrx_word' id='word_1_117' title='bbox 823 973 922 1013; x_wconf 71' lang='lat' dir='ltr'>Stffix.</span> 
     </span>
     <span class='ocr_line' id='line_1_18' title="bbox 215 1012 438 1050; baseline -0.013 -6"><span class='ocrx_word' id='word_1_118' title='bbox 215 1012 250 1044; x_wconf 86' lang='lat' dir='ltr'>Iri</span> <span class='ocrx_word' id='word_1_119' title='bbox 265 1014 359 1050; x_wconf 82' lang='lat' dir='ltr'>cujus,</span> <span class='ocrx_word' id='word_1_120' title='bbox 378 1012 438 1042; x_wconf 89' lang='lat' dir='ltr'>&amp;c.</span> 
     </span>
     <span class='ocr_line' id='line_1_19' title="bbox 188 1091 450 1141; baseline -0.008 -16"><span class='ocrx_word' id='word_1_121' title='bbox 188 1138 191 1141; x_wconf 13' lang='grc' dir='ltr'><strong><em>Δ</em></strong></span> <span class='ocrx_word' id='word_1_122' title='bbox 216 1092 305 1125; x_wconf 87' lang='lat' dir='ltr'>Teste</span> <span class='ocrx_word' id='word_1_123' title='bbox 319 1100 350 1124; x_wconf 90' lang='lat' dir='ltr'>ut</span> <span class='ocrx_word' id='word_1_124' title='bbox 363 1091 450 1131; x_wconf 85' lang='lat' dir='ltr'>supra.</span> 
     </span>
     <span class='ocr_line' id='line_1_20' title="bbox 230 1224 1198 1271; baseline -0.006 -10"><span class='ocrx_word' id='word_1_125' title='bbox 230 1224 392 1261; x_wconf 74' lang='lat' dir='ltr'>Ordinatio</span> <span class='ocrx_word' id='word_1_126' title='bbox 396 1227 464 1270; x_wconf 82' lang='lat' dir='ltr'>five</span> <span class='ocrx_word' id='word_1_127' title='bbox 478 1225 592 1258; x_wconf 57' lang='lat' dir='ltr'>ditium</span> <span class='ocrx_word' id='word_1_128' title='bbox 609 1225 760 1258; x_wconf 79' lang='lat' dir='ltr'>Ludovici</span> <span class='ocrx_word' id='word_1_129' title='bbox 772 1228 860 1271; x_wconf 79' lang='lat' dir='ltr'>Regis</span> <span class='ocrx_word' id='word_1_130' title='bbox 876 1225 1101 1270; x_wconf 75' lang='lat' dir='ltr'>Franciaesitper</span> <span class='ocrx_word' id='word_1_131' title='bbox 1117 1235 1198 1256; x_wconf 80' lang='lat' dir='ltr'>com-</span> 
     </span>
     <span class='ocr_line' id='line_1_21' title="bbox 373 1273 1048 1322; baseline -0.001 -14"><span class='ocrx_word' id='word_1_132' title='bbox 373 1274 508 1322; x_wconf 82' lang='lat' dir='ltr'>promiffo</span> <span class='ocrx_word' id='word_1_133' title='bbox 523 1285 577 1321; x_wconf 87' lang='lat' dir='ltr'>per</span> <span class='ocrx_word' id='word_1_134' title='bbox 598 1277 707 1320; x_wconf 80' lang='lat' dir='ltr'><em>Regem</em></span> <span class='ocrx_word' id='word_1_135' title='bbox 722 1277 759 1312; x_wconf 65' lang='grc' dir='ltr'>ὠ·</span> <span class='ocrx_word' id='word_1_136' title='bbox 779 1276 905 1306; x_wconf 80' lang='lat' dir='ltr'>Barones</span> <span class='ocrx_word' id='word_1_137' title='bbox 923 1273 1048 1319; x_wconf 78' lang='lat' dir='ltr'>Angliae.</span> 
     </span>
     <span class='ocr_line' id='line_1_22' title="bbox 31 1360 1245 1403; baseline -0.009 -1"><span class='ocrx_word' id='word_1_138' title='bbox 31 1371 109 1402; x_wconf 76' lang='lat' dir='ltr'>&#39;Ar-in.</span> <span class='ocrx_word' id='word_1_139' title='bbox 122 1368 163 1400; x_wconf 83' lang='lat' dir='ltr'>D.</span> <span class='ocrx_word' id='word_1_140' title='bbox 245 1363 414 1402; x_wconf 90' lang='lat' dir='ltr'>Udovicus,</span> <span class='ocrx_word' id='word_1_141' title='bbox 433 1363 490 1394; x_wconf 87' lang='lat' dir='ltr'>Dei</span> <span class='ocrx_word' id='word_1_142' title='bbox 505 1362 606 1403; x_wconf 72' lang='lat' dir='ltr'>gratia,</span> <span class='ocrx_word' id='word_1_143' title='bbox 624 1361 800 1394; x_wconf 85' lang='lat' dir='ltr'>Francorum</span> <span class='ocrx_word' id='word_1_144' title='bbox 814 1361 896 1399; x_wconf 88' lang='lat' dir='ltr'>Rex,</span> <span class='ocrx_word' id='word_1_145' title='bbox 915 1360 1082 1400; x_wconf 88' lang='lat' dir='ltr'>Universis,</span> <span class='ocrx_word' id='word_1_146' title='bbox 1099 1360 1245 1402; x_wconf 67' lang='lat' dir='ltr'>praesentes</span> 
     </span>
     <span class='ocr_line' id='line_1_23' title="bbox 56 1401 893 1447; baseline -0.018 -7"><span class='ocrx_word' id='word_1_147' title='bbox 56 1410 139 1447; x_wconf 86' lang='lat'>1264.</span> <span class='ocrx_word' id='word_1_148' title='bbox 249 1404 336 1435; x_wconf 80' lang='lat' dir='ltr'>literas</span> <span class='ocrx_word' id='word_1_149' title='bbox 350 1402 526 1441; x_wconf 62' lang='lat' dir='ltr'>inspecturis,</span> <span class='ocrx_word' id='word_1_150' title='bbox 543 1401 664 1444; x_wconf 79' lang='lat' dir='ltr'>salutern.</span> <span class='ocrx_word' id='word_1_151' title='bbox 888 1439 893 1444; x_wconf 27' lang='lat' dir='ltr'>q</span> 
     </span>
     <span class='ocr_line' id='line_1_24' title="bbox 32 1437 1246 1484; baseline -0.006 -8"><span class='ocrx_word' id='word_1_152' title='bbox 32 1452 84 1477; x_wconf 89' lang='lat' dir='ltr'>An.</span> <span class='ocrx_word' id='word_1_153' title='bbox 99 1448 146 1484; x_wconf 86' lang='lat'>48.</span> <span class='ocrx_word' id='word_1_154' title='bbox 222 1442 339 1473; x_wconf 90' lang='lat' dir='ltr'>Notum</span> <span class='ocrx_word' id='word_1_155' title='bbox 352 1442 470 1472; x_wconf 89' lang='lat' dir='ltr'>facimus</span> <span class='ocrx_word' id='word_1_156' title='bbox 486 1439 561 1480; x_wconf 90' lang='lat' dir='ltr'>quod</span> <span class='ocrx_word' id='word_1_157' title='bbox 577 1438 729 1470; x_wconf 77' lang='lat' dir='ltr'>carissimus</span> <span class='ocrx_word' id='word_1_158' title='bbox 744 1437 964 1478; x_wconf 82' lang='lat' dir='ltr'>consanguineus</span> <span class='ocrx_word' id='word_1_159' title='bbox 979 1438 1073 1469; x_wconf 88' lang='lat' dir='ltr'>noster</span> <span class='ocrx_word' id='word_1_160' title='bbox 1087 1438 1246 1477; x_wconf 85' lang='lat' dir='ltr'>Henricus,</span> 
     </span>
     <span class='ocr_line' id='line_1_25' title="bbox 30 1475 1247 1524; baseline -0.005 -10"><span class='ocrx_word' id='word_1_161' title='bbox 30 1492 65 1515; x_wconf 82' lang='lat' dir='ltr'>H.</span> <span class='ocrx_word' id='word_1_162' title='bbox 86 1497 112 1524; x_wconf 89' lang='lat'>3.</span> <span class='ocrx_word' id='word_1_163' title='bbox 186 1480 295 1511; x_wconf 88' lang='lat' dir='ltr'>illustris</span> <span class='ocrx_word' id='word_1_164' title='bbox 308 1480 374 1511; x_wconf 83' lang='lat' dir='ltr'>Rex</span> <span class='ocrx_word' id='word_1_165' title='bbox 387 1479 514 1519; x_wconf 83' lang='lat' dir='ltr'>Angliae,</span> <span class='ocrx_word' id='word_1_166' title='bbox 530 1479 563 1509; x_wconf 90' lang='lat'>&amp;</span> <span class='ocrx_word' id='word_1_167' title='bbox 583 1477 723 1522; x_wconf 76' lang='lat' dir='ltr'>subscripti</span> <span class='ocrx_word' id='word_1_168' title='bbox 736 1475 863 1521; x_wconf 30' lang='lat' dir='ltr'>*Batones</span> <span class='ocrx_word' id='word_1_169' title='bbox 878 1477 990 1518; x_wconf 67' lang='lat' dir='ltr'>Anglize</span> <span class='ocrx_word' id='word_1_170' title='bbox 1004 1478 1034 1508; x_wconf 92' lang='lat' dir='ltr'>in</span> <span class='ocrx_word' id='word_1_171' title='bbox 1047 1487 1099 1507; x_wconf 87' lang='lat' dir='ltr'>nos</span> <span class='ocrx_word' id='word_1_172' title='bbox 1111 1487 1247 1515; x_wconf 85' lang='lat' dir='ltr'>compro-</span> 
     </span>
     <span class='ocr_line' id='line_1_26' title="bbox 31 1516 1247 1557; baseline -0.006 -4"><span class='ocrx_word' id='word_1_173' title='bbox 31 1530 62 1553; x_wconf 83' lang='lat' dir='ltr'>L.</span> <span class='ocrx_word' id='word_1_174' title='bbox 81 1530 110 1553; x_wconf 83' lang='grc' dir='ltr'>Β.</span> <span class='ocrx_word' id='word_1_175' title='bbox 187 1519 332 1557; x_wconf 84' lang='lat' dir='ltr'>miserunt,</span> <span class='ocrx_word' id='word_1_176' title='bbox 347 1526 431 1556; x_wconf 88' lang='lat' dir='ltr'>prout</span> <span class='ocrx_word' id='word_1_177' title='bbox 443 1518 605 1548; x_wconf 83' lang='lat' dir='ltr'>continetur</span> <span class='ocrx_word' id='word_1_178' title='bbox 619 1527 647 1547; x_wconf 89' lang='lat' dir='ltr'>in</span> <span class='ocrx_word' id='word_1_179' title='bbox 660 1517 755 1547; x_wconf 83' lang='lat' dir='ltr'>litteris</span> <span class='ocrx_word' id='word_1_180' title='bbox 769 1526 869 1547; x_wconf 90' lang='lat' dir='ltr'>eorum</span> <span class='ocrx_word' id='word_1_181' title='bbox 883 1516 952 1547; x_wconf 86' lang='lat' dir='ltr'>infra</span> <span class='ocrx_word' id='word_1_182' title='bbox 966 1517 1088 1555; x_wconf 66' lang='lat' dir='ltr'>imptis,</span> <span class='ocrx_word' id='word_1_183' title='bbox 1105 1525 1185 1547; x_wconf 89' lang='lat' dir='ltr'>tenor</span> <span class='ocrx_word' id='word_1_184' title='bbox 1199 1527 1247 1547; x_wconf 90' lang='lat' dir='ltr'>au-</span> 
     </span>
     <span class='ocr_line' id='line_1_27' title="bbox 24 1555 732 1601; baseline -0.008 -10"><span class='ocrx_word' id='word_1_185' title='bbox 24 1563 77 1601; x_wconf 81' lang='lat' dir='ltr'>fal.</span> <span class='ocrx_word' id='word_1_186' title='bbox 92 1574 118 1590; x_wconf 87' lang='lat'>2.</span> <span class='ocrx_word' id='word_1_187' title='bbox 185 1564 243 1589; x_wconf 85' lang='lat' dir='ltr'>tem</span> <span class='ocrx_word' id='word_1_188' title='bbox 257 1558 408 1588; x_wconf 87' lang='lat' dir='ltr'>litterarum</span> <span class='ocrx_word' id='word_1_189' title='bbox 421 1556 502 1596; x_wconf 90' lang='lat' dir='ltr'>ipsius</span> <span class='ocrx_word' id='word_1_190' title='bbox 516 1555 603 1595; x_wconf 85' lang='lat' dir='ltr'>Regis</span> <span class='ocrx_word' id='word_1_191' title='bbox 614 1555 671 1586; x_wconf 87' lang='lat' dir='ltr'>talis</span> <span class='ocrx_word' id='word_1_192' title='bbox 684 1555 732 1586; x_wconf 88' lang='lat' dir='ltr'>est.</span> 
     </span>
     <span class='ocr_line' id='line_1_28' title="bbox 32 1605 1248 1676; baseline -0.002 -8"><span class='ocrx_word' id='word_1_193' title='bbox 32 1605 165 1668; x_wconf 50' lang='lat' dir='ltr'>ssssejfa&#39;</span> <span class='ocrx_word' id='word_1_194' title='bbox 270 1635 520 1676; x_wconf 78' lang='lat' dir='ltr'>ENRicUs,</span> <span class='ocrx_word' id='word_1_195' title='bbox 547 1635 631 1667; x_wconf 85' lang='lat' dir='ltr'>DEI</span> <span class='ocrx_word' id='word_1_196' title='bbox 651 1633 873 1673; x_wconf 85' lang='lat' dir='ltr'>GRAT1A‚</span> <span class='ocrx_word' id='word_1_197' title='bbox 898 1634 1001 1666; x_wconf 78' lang='lat' dir='ltr'>REX</span> <span class='ocrx_word' id='word_1_198' title='bbox 1020 1634 1248 1675; x_wconf 82' lang='lat' dir='ltr'>ANGLtAE,</span> 
     </span>
     <span class='ocr_line' id='line_1_29' title="bbox 33 1673 1248 1715; baseline 0 -10"><span class='ocrx_word' id='word_1_199' title='bbox 33 1682 147 1707; x_wconf 65' lang='lat' dir='ltr'>scaccar.</span> <span class='ocrx_word' id='word_1_200' title='bbox 271 1676 416 1707; x_wconf 86' lang='lat' dir='ltr'>Dominus</span> <span class='ocrx_word' id='word_1_201' title='bbox 430 1674 592 1713; x_wconf 87' lang='lat' dir='ltr'>Hiberniae,</span> <span class='ocrx_word' id='word_1_202' title='bbox 609 1675 642 1705; x_wconf 78' lang='grc' dir='ltr'>δε</span> <span class='ocrx_word' id='word_1_203' title='bbox 658 1673 729 1703; x_wconf 90' lang='lat' dir='ltr'>Dux</span> <span class='ocrx_word' id='word_1_204' title='bbox 743 1673 902 1713; x_wconf 82' lang='lat' dir='ltr'>Aquitaniae</span> <span class='ocrx_word' id='word_1_205' title='bbox 914 1697 923 1712; x_wconf 88' lang='lat'>,</span> <span class='ocrx_word' id='word_1_206' title='bbox 947 1675 1080 1705; x_wconf 84' lang='lat' dir='ltr'>omnibus</span> <span class='ocrx_word' id='word_1_207' title='bbox 1091 1698 1102 1713; x_wconf 92' lang='lat'>,</span> <span class='ocrx_word' id='word_1_208' title='bbox 1127 1674 1161 1705; x_wconf 88' lang='lat' dir='ltr'>ad</span> <span class='ocrx_word' id='word_1_209' title='bbox 1178 1685 1248 1715; x_wconf 89' lang='lat' dir='ltr'>quos</span> 
     </span>
    </p>
   </div>
   <div class='ocr_carea' id='block_1_8' title="bbox 184 1712 1258 2451">
    <p class='ocr_par' dir='ltr' id='par_1_9' title="bbox 186 1712 794 1753">
     <span class='ocr_line' id='line_1_30' title="bbox 186 1712 794 1753; baseline -0.003 -9"><span class='ocrx_word' id='word_1_210' title='bbox 186 1713 336 1753; x_wconf 84' lang='lat' dir='ltr'>praesentes</span> <span class='ocrx_word' id='word_1_211' title='bbox 346 1715 445 1745; x_wconf 86' lang='lat' dir='ltr'>litterae</span> <span class='ocrx_word' id='word_1_212' title='bbox 478 1714 652 1750; x_wconf 84' lang='lat' dir='ltr'>ervenerint,</span> <span class='ocrx_word' id='word_1_213' title='bbox 672 1712 794 1742; x_wconf 87' lang='lat' dir='ltr'>salutem.</span> 
     </span>
    </p>

    <p class='ocr_par' dir='ltr' id='par_1_10' title="bbox 184 1750 1252 2054">
     <span class='ocr_line' id='line_1_31' title="bbox 222 1750 1249 1792; baseline -0.002 -8"><span class='ocrx_word' id='word_1_214' title='bbox 222 1753 373 1784; x_wconf 87' lang='lat' dir='ltr'>Noveritis</span> <span class='ocrx_word' id='word_1_215' title='bbox 387 1762 445 1792; x_wconf 87' lang='lat' dir='ltr'>quo</span> <span class='ocrx_word' id='word_1_216' title='bbox 487 1762 538 1782; x_wconf 90' lang='lat' dir='ltr'>nos</span> <span class='ocrx_word' id='word_1_217' title='bbox 558 1752 804 1792; x_wconf 66' lang='lat' dir='ltr'>compromisimus</span> <span class='ocrx_word' id='word_1_218' title='bbox 816 1751 845 1781; x_wconf 92' lang='lat' dir='ltr'>in</span> <span class='ocrx_word' id='word_1_219' title='bbox 864 1750 1028 1783; x_wconf 90' lang='lat' dir='ltr'>Dominum</span> <span class='ocrx_word' id='word_1_220' title='bbox 1048 1751 1249 1790; x_wconf 83' lang='lat' dir='ltr'>Ludovicum,</span> 
     </span>
     <span class='ocr_line' id='line_1_32' title="bbox 184 1789 1249 1835; baseline -0.001 -13"><span class='ocrx_word' id='word_1_221' title='bbox 184 1791 299 1830; x_wconf 84' lang='lat' dir='ltr'>Regem</span> <span class='ocrx_word' id='word_1_222' title='bbox 313 1791 488 1821; x_wconf 85' lang='lat' dir='ltr'>Francorum</span> <span class='ocrx_word' id='word_1_223' title='bbox 502 1789 651 1835; x_wconf 52' lang='lat' dir='ltr'>illustrem,</span> <span class='ocrx_word' id='word_1_224' title='bbox 669 1789 747 1829; x_wconf 87' lang='lat' dir='ltr'>super</span> <span class='ocrx_word' id='word_1_225' title='bbox 760 1789 984 1829; x_wconf 86' lang='lat' dir='ltr'>Provisionibus,</span> <span class='ocrx_word' id='word_1_226' title='bbox 1002 1790 1249 1829; x_wconf 88' lang='lat' dir='ltr'>Ordinationibus,</span> 
     </span>
     <span class='ocr_line' id='line_1_33' title="bbox 184 1828 1250 1869; baseline 0.001 -10"><span class='ocrx_word' id='word_1_227' title='bbox 184 1828 298 1861; x_wconf 82' lang='lat' dir='ltr'>statutis</span> <span class='ocrx_word' id='word_1_228' title='bbox 311 1830 346 1860; x_wconf 90' lang='lat'>&amp;</span> <span class='ocrx_word' id='word_1_229' title='bbox 357 1829 587 1868; x_wconf 85' lang='lat' dir='ltr'>Obligationibus</span> <span class='ocrx_word' id='word_1_230' title='bbox 599 1829 732 1861; x_wconf 90' lang='lat' dir='ltr'>omnibus</span> <span class='ocrx_word' id='word_1_231' title='bbox 750 1828 956 1859; x_wconf 85' lang='lat' dir='ltr'>Oxoniensibus</span> <span class='ocrx_word' id='word_1_232' title='bbox 970 1839 975 1859; x_wconf 92' lang='lat'>:</span> <span class='ocrx_word' id='word_1_233' title='bbox 1002 1828 1040 1860; x_wconf 90' lang='lat' dir='ltr'>Et</span> <span class='ocrx_word' id='word_1_234' title='bbox 1054 1830 1133 1869; x_wconf 89' lang='lat' dir='ltr'>super</span> <span class='ocrx_word' id='word_1_235' title='bbox 1153 1831 1250 1862; x_wconf 88' lang='lat' dir='ltr'>omni-</span> 
     </span>
     <span class='ocr_line' id='line_1_34' title="bbox 186 1867 1251 1908; baseline 0.001 -10"><span class='ocrx_word' id='word_1_236' title='bbox 186 1868 239 1899; x_wconf 89' lang='lat' dir='ltr'>bus</span> <span class='ocrx_word' id='word_1_237' title='bbox 253 1868 482 1900; x_wconf 89' lang='lat' dir='ltr'>contentionibus</span> <span class='ocrx_word' id='word_1_238' title='bbox 498 1868 532 1899; x_wconf 89' lang='lat'>&amp;</span> <span class='ocrx_word' id='word_1_239' title='bbox 546 1867 704 1906; x_wconf 85' lang='lat' dir='ltr'>discordiis,</span> <span class='ocrx_word' id='word_1_240' title='bbox 722 1877 787 1908; x_wconf 87' lang='lat' dir='ltr'>quas</span> <span class='ocrx_word' id='word_1_241' title='bbox 798 1867 934 1898; x_wconf 88' lang='lat' dir='ltr'>habemus</span> <span class='ocrx_word' id='word_1_242' title='bbox 947 1891 957 1906; x_wconf 86' lang='lat'>,</span> <span class='ocrx_word' id='word_1_243' title='bbox 980 1868 1014 1899; x_wconf 90' lang='lat'>&amp;</span> <span class='ocrx_word' id='word_1_244' title='bbox 1028 1867 1191 1908; x_wconf 84' lang='lat' dir='ltr'>habuimus,</span> <span class='ocrx_word' id='word_1_245' title='bbox 1207 1879 1251 1899; x_wconf 89' lang='lat' dir='ltr'>us-</span> 
     </span>
     <span class='ocr_line' id='line_1_35' title="bbox 187 1906 1252 1947; baseline 0 -10"><span class='ocrx_word' id='word_1_246' title='bbox 187 1917 246 1944; x_wconf 85' lang='lat' dir='ltr'>que</span> <span class='ocrx_word' id='word_1_247' title='bbox 259 1908 293 1939; x_wconf 93' lang='lat' dir='ltr'>ad</span> <span class='ocrx_word' id='word_1_248' title='bbox 314 1907 429 1938; x_wconf 91' lang='lat' dir='ltr'>Festum</span> <span class='ocrx_word' id='word_1_249' title='bbox 449 1906 591 1938; x_wconf 88' lang='lat' dir='ltr'>Omnium</span> <span class='ocrx_word' id='word_1_250' title='bbox 611 1906 780 1938; x_wconf 69' lang='lat' dir='ltr'>Sanctorum</span> <span class='ocrx_word' id='word_1_251' title='bbox 797 1915 885 1946; x_wconf 85' lang='lat' dir='ltr'>nuper</span> <span class='ocrx_word' id='word_1_252' title='bbox 903 1907 1077 1946; x_wconf 69' lang='lat' dir='ltr'>praeteritum</span> <span class='ocrx_word' id='word_1_253' title='bbox 1091 1931 1101 1947; x_wconf 88' lang='lat'>,</span> <span class='ocrx_word' id='word_1_254' title='bbox 1124 1908 1252 1938; x_wconf 85' lang='lat' dir='ltr'>adversus</span> 
     </span>
     <span class='ocr_line' id='line_1_36' title="bbox 189 1944 1251 1987; baseline 0 -11"><span class='ocrx_word' id='word_1_255' title='bbox 189 1944 311 1977; x_wconf 82' lang='lat' dir='ltr'>Barones</span> <span class='ocrx_word' id='word_1_256' title='bbox 321 1947 417 1986; x_wconf 81' lang='lat' dir='ltr'>Regni</span> <span class='ocrx_word' id='word_1_257' title='bbox 429 1945 535 1984; x_wconf 86' lang='lat' dir='ltr'>nostri,</span> <span class='ocrx_word' id='word_1_258' title='bbox 555 1948 589 1977; x_wconf 73' lang='grc' dir='ltr'>δε</span> <span class='ocrx_word' id='word_1_259' title='bbox 603 1946 651 1987; x_wconf 83' lang='lat' dir='ltr'>ipfi</span> <span class='ocrx_word' id='word_1_260' title='bbox 666 1944 792 1976; x_wconf 86' lang='lat' dir='ltr'>adversus</span> <span class='ocrx_word' id='word_1_261' title='bbox 810 1955 861 1975; x_wconf 92' lang='lat' dir='ltr'>nos</span> <span class='ocrx_word' id='word_1_262' title='bbox 873 1945 1020 1976; x_wconf 76' lang='lat' dir='ltr'>occasione</span> <span class='ocrx_word' id='word_1_263' title='bbox 1038 1945 1251 1984; x_wconf 83' lang='lat' dir='ltr'>Provisioiium,</span> 
     </span>
     <span class='ocr_line' id='line_1_37' title="bbox 187 1983 1252 2054; baseline 0 -39"><span class='ocrx_word' id='word_1_264' title='bbox 187 1984 430 2054; x_wconf 50' lang='grc' dir='ltr'>ἓὲῗίηἱιῑίοῃιιω,</span> <span class='ocrx_word' id='word_1_265' title='bbox 447 1985 639 2024; x_wconf 86' lang='lat' dir='ltr'>Statutorum,</span> <span class='ocrx_word' id='word_1_266' title='bbox 653 1984 700 2017; x_wconf 90' lang='lat' dir='ltr'>vel</span> <span class='ocrx_word' id='word_1_267' title='bbox 718 1983 936 2024; x_wconf 86' lang='lat' dir='ltr'>Obligationum</span> <span class='ocrx_word' id='word_1_268' title='bbox 955 1983 1160 2016; x_wconf 74' lang='lat' dir='ltr'>oxoniensium</span> <span class='ocrx_word' id='word_1_269' title='bbox 1178 1995 1252 2023; x_wconf 85' lang='lat' dir='ltr'>prae-</span> 
     </span>
    </p>

    <p class='ocr_par' dir='ltr' id='par_1_11' title="bbox 209 2033 345 2062">
     <span class='ocr_line' id='line_1_38' title="bbox 209 2033 345 2062; baseline 0.007 -9"><span class='ocrx_word' id='word_1_270' title='bbox 209 2033 217 2053; x_wconf 91' lang='lat' dir='ltr'>i</span> <span class='ocrx_word' id='word_1_271' title='bbox 249 2034 345 2062; x_wconf 67' lang='lat' dir='ltr'>arum,</span> 
     </span>
    </p>

    <p class='ocr_par' dir='ltr' id='par_1_12' title="bbox 188 2060 1258 2365">
     <span class='ocr_line' id='line_1_39' title="bbox 227 2060 1253 2101; baseline -0.002 -8"><span class='ocrx_word' id='word_1_272' title='bbox 227 2062 444 2101; x_wconf 69' lang='lat' dir='ltr'>promittentes,</span> <span class='ocrx_word' id='word_1_273' title='bbox 459 2062 493 2093; x_wconf 91' lang='lat'>&amp;</span> <span class='ocrx_word' id='word_1_274' title='bbox 507 2072 555 2100; x_wconf 88' lang='lat' dir='ltr'>per</span> <span class='ocrx_word' id='word_1_275' title='bbox 570 2061 689 2093; x_wconf 66' lang='lat' dir='ltr'>dilectos</span> <span class='ocrx_word' id='word_1_276' title='bbox 703 2062 736 2093; x_wconf 91' lang='lat'>&amp;</span> <span class='ocrx_word' id='word_1_277' title='bbox 750 2061 843 2092; x_wconf 86' lang='lat' dir='ltr'>fideles</span> <span class='ocrx_word' id='word_1_278' title='bbox 855 2060 980 2099; x_wconf 78' lang='lat' dir='ltr'>nostros,</span> <span class='ocrx_word' id='word_1_279' title='bbox 998 2061 1192 2092; x_wconf 87' lang='lat' dir='ltr'>Willielmum</span> <span class='ocrx_word' id='word_1_280' title='bbox 1199 2060 1253 2092; x_wconf 90' lang='lat' dir='ltr'>Be-</span> 
     </span>
     <span class='ocr_line' id='line_1_40' title="bbox 190 2099 1254 2140; baseline -0.001 -9"><span class='ocrx_word' id='word_1_281' title='bbox 190 2100 229 2132; x_wconf 89' lang='lat' dir='ltr'>let</span> <span class='ocrx_word' id='word_1_282' title='bbox 242 2101 387 2140; x_wconf 84' lang='lat' dir='ltr'>Militem,</span> <span class='ocrx_word' id='word_1_283' title='bbox 405 2101 438 2132; x_wconf 87' lang='lat'>&amp;</span> <span class='ocrx_word' id='word_1_284' title='bbox 454 2100 617 2132; x_wconf 90' lang='lat' dir='ltr'>Robertum</span> <span class='ocrx_word' id='word_1_285' title='bbox 638 2100 661 2130; x_wconf 91' lang='lat' dir='ltr'>F</span> <span class='ocrx_word' id='word_1_286' title='bbox 663 2101 770 2131; x_wconf 89' lang='lat' dir='ltr'>ulconis</span> <span class='ocrx_word' id='word_1_287' title='bbox 788 2099 934 2130; x_wconf 89' lang='lat' dir='ltr'>Clericum</span> <span class='ocrx_word' id='word_1_288' title='bbox 947 2123 956 2138; x_wconf 87' lang='lat'>,</span> <span class='ocrx_word' id='word_1_289' title='bbox 983 2099 1017 2130; x_wconf 92' lang='lat' dir='ltr'>de</span> <span class='ocrx_word' id='word_1_290' title='bbox 1036 2100 1170 2131; x_wconf 90' lang='lat' dir='ltr'>mandato</span> <span class='ocrx_word' id='word_1_291' title='bbox 1188 2110 1254 2130; x_wconf 77' lang='lat' dir='ltr'>nos-</span> 
     </span>
     <span class='ocr_line' id='line_1_41' title="bbox 189 2138 1252 2180; baseline 0 -11"><span class='ocrx_word' id='word_1_292' title='bbox 189 2148 235 2170; x_wconf 84' lang='lat' dir='ltr'>tro</span> <span class='ocrx_word' id='word_1_293' title='bbox 249 2140 373 2180; x_wconf 89' lang='lat' dir='ltr'>speciali,</span> <span class='ocrx_word' id='word_1_294' title='bbox 389 2140 419 2170; x_wconf 84' lang='lat' dir='ltr'>in</span> <span class='ocrx_word' id='word_1_295' title='bbox 432 2140 556 2169; x_wconf 88' lang='lat' dir='ltr'>animam</span> <span class='ocrx_word' id='word_1_296' title='bbox 569 2138 694 2170; x_wconf 88' lang='lat' dir='ltr'>nostram</span> <span class='ocrx_word' id='word_1_297' title='bbox 706 2140 838 2177; x_wconf 81' lang='lat' dir='ltr'>jurantes,</span> <span class='ocrx_word' id='word_1_298' title='bbox 857 2139 937 2170; x_wconf 66' lang='lat' dir='ltr'>raetis</span> <span class='ocrx_word' id='word_1_299' title='bbox 951 2138 1136 2169; x_wconf 66' lang='lat' dir='ltr'>Sacrosanetis</span> <span class='ocrx_word' id='word_1_300' title='bbox 1155 2138 1252 2169; x_wconf 86' lang='lat' dir='ltr'>Evan-</span> 
     </span>
     <span class='ocr_line' id='line_1_42' title="bbox 188 2177 1254 2218; baseline 0 -10"><span class='ocrx_word' id='word_1_301' title='bbox 188 2178 283 2218; x_wconf 82' lang='lat' dir='ltr'>geliis‚</span> <span class='ocrx_word' id='word_1_302' title='bbox 322 2178 379 2209; x_wconf 90' lang='lat' dir='ltr'>uod</span> <span class='ocrx_word' id='word_1_303' title='bbox 394 2201 404 2217; x_wconf 95' lang='lat'>,</span> <span class='ocrx_word' id='word_1_304' title='bbox 430 2178 564 2216; x_wconf 90' lang='lat' dir='ltr'>quicquid</span> <span class='ocrx_word' id='word_1_305' title='bbox 579 2177 655 2208; x_wconf 91' lang='lat' dir='ltr'>idem</span> <span class='ocrx_word' id='word_1_306' title='bbox 669 2178 734 2209; x_wconf 85' lang='lat' dir='ltr'>Rex</span> <span class='ocrx_word' id='word_1_307' title='bbox 757 2177 883 2208; x_wconf 82' lang='lat' dir='ltr'>Franciae</span> <span class='ocrx_word' id='word_1_308' title='bbox 904 2177 984 2215; x_wconf 84' lang='lat' dir='ltr'>super</span> <span class='ocrx_word' id='word_1_309' title='bbox 998 2178 1132 2208; x_wconf 91' lang='lat' dir='ltr'>omnibus</span> <span class='ocrx_word' id='word_1_310' title='bbox 1151 2177 1254 2217; x_wconf 83' lang='lat' dir='ltr'>praedi-</span> 
     </span>
     <span class='ocr_line' id='line_1_43' title="bbox 189 2215 1255 2256; baseline -0.002 -8"><span class='ocrx_word' id='word_1_311' title='bbox 189 2218 259 2256; x_wconf 67' lang='lat' dir='ltr'>etis,</span> <span class='ocrx_word' id='word_1_312' title='bbox 278 2228 312 2249; x_wconf 88' lang='lat' dir='ltr'>ve</span> <span class='ocrx_word' id='word_1_313' title='bbox 335 2227 435 2248; x_wconf 90' lang='lat' dir='ltr'>eorum</span> <span class='ocrx_word' id='word_1_314' title='bbox 448 2217 597 2256; x_wconf 79' lang='lat' dir='ltr'>aliquibus,</span> <span class='ocrx_word' id='word_1_315' title='bbox 617 2216 653 2247; x_wconf 92' lang='lat' dir='ltr'>de</span> <span class='ocrx_word' id='word_1_316' title='bbox 667 2217 724 2247; x_wconf 85' lang='lat' dir='ltr'>alto</span> <span class='ocrx_word' id='word_1_317' title='bbox 743 2216 777 2246; x_wconf 89' lang='lat'>&amp;</span> <span class='ocrx_word' id='word_1_318' title='bbox 792 2215 889 2254; x_wconf 78' lang='lat' dir='ltr'>baffo,</span> <span class='ocrx_word' id='word_1_319' title='bbox 910 2216 1079 2246; x_wconf 75' lang='lat' dir='ltr'>ordinaverit</span> <span class='ocrx_word' id='word_1_320' title='bbox 1095 2216 1139 2247; x_wconf 86' lang='lat' dir='ltr'>vel</span> <span class='ocrx_word' id='word_1_321' title='bbox 1154 2216 1255 2247; x_wconf 84' lang='lat' dir='ltr'>statue-</span> 
     </span>
     <span class='ocr_line' id='line_1_44' title="bbox 190 2254 1255 2294; baseline -0.001 -8"><span class='ocrx_word' id='word_1_322' title='bbox 190 2257 239 2294; x_wconf 83' lang='lat' dir='ltr'>rit,</span> <span class='ocrx_word' id='word_1_323' title='bbox 256 2266 309 2286; x_wconf 88' lang='lat' dir='ltr'>iios</span> <span class='ocrx_word' id='word_1_324' title='bbox 329 2256 537 2287; x_wconf 83' lang='lat' dir='ltr'>observabimus</span> <span class='ocrx_word' id='word_1_325' title='bbox 557 2256 633 2286; x_wconf 92' lang='lat' dir='ltr'>bona</span> <span class='ocrx_word' id='word_1_326' title='bbox 647 2254 724 2293; x_wconf 79' lang='lat' dir='ltr'>fide3</span> <span class='ocrx_word' id='word_1_327' title='bbox 747 2255 783 2285; x_wconf 79' lang='lat' dir='ltr'>ita</span> <span class='ocrx_word' id='word_1_328' title='bbox 803 2263 898 2285; x_wconf 91' lang='lat' dir='ltr'>tamen</span> <span class='ocrx_word' id='word_1_329' title='bbox 918 2254 995 2294; x_wconf 91' lang='lat' dir='ltr'>quod</span> <span class='ocrx_word' id='word_1_330' title='bbox 1009 2254 1087 2285; x_wconf 86' lang='lat' dir='ltr'>idem</span> <span class='ocrx_word' id='word_1_331' title='bbox 1108 2254 1255 2286; x_wconf 85' lang='lat' dir='ltr'>Dominus</span> 
     </span>
     <span class='ocr_line' id='line_1_45' title="bbox 190 2292 1258 2334; baseline -0.003 -7"><span class='ocrx_word' id='word_1_332' title='bbox 190 2295 257 2327; x_wconf 87' lang='lat' dir='ltr'>Rex</span> <span class='ocrx_word' id='word_1_333' title='bbox 269 2295 394 2326; x_wconf 78' lang='lat' dir='ltr'>Franciae</span> <span class='ocrx_word' id='word_1_334' title='bbox 405 2295 481 2327; x_wconf 86' lang='lat' dir='ltr'>dicat</span> <span class='ocrx_word' id='word_1_335' title='bbox 494 2295 573 2333; x_wconf 86' lang='lat' dir='ltr'>super</span> <span class='ocrx_word' id='word_1_336' title='bbox 587 2294 627 2325; x_wconf 88' lang='lat' dir='ltr'>his</span> <span class='ocrx_word' id='word_1_337' title='bbox 639 2294 750 2325; x_wconf 68' lang='lat' dir='ltr'>dietum</span> <span class='ocrx_word' id='word_1_338' title='bbox 764 2292 844 2324; x_wconf 88' lang='lat' dir='ltr'>suum</span> <span class='ocrx_word' id='word_1_339' title='bbox 858 2294 929 2324; x_wconf 88' lang='lat' dir='ltr'>citra</span> <span class='ocrx_word' id='word_1_340' title='bbox 942 2292 1143 2325; x_wconf 88' lang='lat' dir='ltr'>Pentecostem</span> <span class='ocrx_word' id='word_1_341' title='bbox 1160 2295 1258 2334; x_wconf 75' lang='lat' dir='ltr'>proxi-</span> 
     </span>
     <span class='ocr_line' id='line_1_46' title="bbox 189 2336 410 2365; baseline -0.005 0"><span class='ocrx_word' id='word_1_342' title='bbox 189 2336 243 2365; x_wconf 82' lang='lat' dir='ltr'>mo</span> <span class='ocrx_word' id='word_1_343' title='bbox 255 2342 410 2365; x_wconf 86' lang='lat' dir='ltr'>venturam.</span> 
     </span>
    </p>

    <p class='ocr_par' dir='ltr' id='par_1_13' title="bbox 192 2370 1256 2451">
     <span class='ocr_line' id='line_1_47' title="bbox 212 2370 1256 2418; baseline -0.001 -15"><span class='ocrx_word' id='word_1_344' title='bbox 212 2413 217 2418; x_wconf 30' lang='grc' dir='ltr'><em>Π</em></span> <span class='ocrx_word' id='word_1_345' title='bbox 229 2373 263 2404; x_wconf 88' lang='lat' dir='ltr'>In</span> <span class='ocrx_word' id='word_1_346' title='bbox 277 2375 354 2412; x_wconf 85' lang='lat' dir='ltr'>cujus</span> <span class='ocrx_word' id='word_1_347' title='bbox 368 2374 407 2417; x_wconf 81' lang='lat' dir='ltr'>rei</span> <span class='ocrx_word' id='word_1_348' title='bbox 419 2372 615 2404; x_wconf 89' lang='lat' dir='ltr'>testimonium</span> <span class='ocrx_word' id='word_1_349' title='bbox 627 2370 806 2411; x_wconf 79' lang='lat' dir='ltr'>praesentibus</span> <span class='ocrx_word' id='word_1_350' title='bbox 821 2370 916 2402; x_wconf 89' lang='lat' dir='ltr'>litteris</span> <span class='ocrx_word' id='word_1_351' title='bbox 931 2371 1049 2410; x_wconf 76' lang='lat' dir='ltr'>sigillum</span> <span class='ocrx_word' id='word_1_352' title='bbox 1070 2370 1201 2402; x_wconf 82' lang='lat' dir='ltr'>nostrum</span> <span class='ocrx_word' id='word_1_353' title='bbox 1215 2371 1256 2402; x_wconf 90' lang='lat' dir='ltr'>fe-</span> 
     </span>
     <span class='ocr_line' id='line_1_48' title="bbox 192 2421 407 2451; baseline -0.009 -8"><span class='ocrx_word' id='word_1_354' title='bbox 192 2422 283 2443; x_wconf 88' lang='lat' dir='ltr'>cimus</span> <span class='ocrx_word' id='word_1_355' title='bbox 295 2421 407 2451; x_wconf 82' lang='lat' dir='ltr'>apponi.</span> 
     </span>
    </p>
   </div>
   <div class='ocr_carea' id='block_1_9' title="bbox 0 2488 1267 3343">
    <p class='ocr_par' dir='ltr' id='par_1_14' title="bbox 0 2488 1267 3264">
     <span class='ocr_line' id='line_1_49' title="bbox 231 2488 1257 2530; baseline -0.003 -7"><span class='ocrx_word' id='word_1_356' title='bbox 231 2492 302 2523; x_wconf 91' lang='lat' dir='ltr'>Nos</span> <span class='ocrx_word' id='word_1_357' title='bbox 314 2500 406 2523; x_wconf 85' lang='lat' dir='ltr'>autem</span> <span class='ocrx_word' id='word_1_358' title='bbox 420 2490 592 2530; x_wconf 76' lang='lat' dir='ltr'>EdwarduS,</span> <span class='ocrx_word' id='word_1_359' title='bbox 609 2489 737 2530; x_wconf 67' lang='lat' dir='ltr'>praedicsti</span> <span class='ocrx_word' id='word_1_360' title='bbox 751 2489 874 2520; x_wconf 90' lang='lat' dir='ltr'>Domini</span> <span class='ocrx_word' id='word_1_361' title='bbox 888 2488 976 2529; x_wconf 87' lang='lat' dir='ltr'>Regis</span> <span class='ocrx_word' id='word_1_362' title='bbox 990 2489 1036 2521; x_wconf 89' lang='lat' dir='ltr'>Ari</span> <span class='ocrx_word' id='word_1_363' title='bbox 1056 2489 1101 2520; x_wconf 87' lang='lat' dir='ltr'>liae</span> <span class='ocrx_word' id='word_1_364' title='bbox 1114 2491 1209 2527; x_wconf 88' lang='lat' dir='ltr'>primo</span> <span class='ocrx_word' id='word_1_365' title='bbox 1228 2500 1257 2520; x_wconf 87' lang='lat' dir='ltr'>e-</span> 
     </span>
     <span class='ocr_line' id='line_1_50' title="bbox 194 2528 1258 2568; baseline -0.003 -7"><span class='ocrx_word' id='word_1_366' title='bbox 194 2532 280 2562; x_wconf 89' lang='lat' dir='ltr'>nitus:</span> <span class='ocrx_word' id='word_1_367' title='bbox 301 2530 443 2561; x_wconf 90' lang='lat' dir='ltr'>Henricus</span> <span class='ocrx_word' id='word_1_368' title='bbox 462 2529 532 2560; x_wconf 83' lang='lat' dir='ltr'>filius</span> <span class='ocrx_word' id='word_1_369' title='bbox 552 2529 670 2560; x_wconf 90' lang='lat' dir='ltr'>Ricardi</span> <span class='ocrx_word' id='word_1_370' title='bbox 689 2528 776 2567; x_wconf 74' lang='lat' dir='ltr'>Regis</span> <span class='ocrx_word' id='word_1_371' title='bbox 797 2528 974 2559; x_wconf 81' lang='lat' dir='ltr'>Alemanniae</span> <span class='ocrx_word' id='word_1_372' title='bbox 990 2539 996 2557; x_wconf 82' lang='lat'>2</span> <span class='ocrx_word' id='word_1_373' title='bbox 1056 2538 1155 2568; x_wconf 82' lang='lat' dir='ltr'>ogerus</span> <span class='ocrx_word' id='word_1_374' title='bbox 1168 2528 1193 2558; x_wconf 86' lang='lat' dir='ltr'>le</span> <span class='ocrx_word' id='word_1_375' title='bbox 1235 2531 1258 2558; x_wconf 89' lang='lat' dir='ltr'>i-</span> 
     </span>
     <span class='ocr_line' id='line_1_51' title="bbox 193 2566 1258 2608; baseline -0.002 -8"><span class='ocrx_word' id='word_1_376' title='bbox 193 2569 250 2608; x_wconf 83' lang='lat' dir='ltr'>god</span> <span class='ocrx_word' id='word_1_377' title='bbox 259 2593 268 2608; x_wconf 90' lang='lat'>,</span> <span class='ocrx_word' id='word_1_378' title='bbox 285 2568 394 2600; x_wconf 86' lang='lat' dir='ltr'>Comes</span> <span class='ocrx_word' id='word_1_379' title='bbox 408 2568 571 2599; x_wconf 78' lang='lat' dir='ltr'>Norfolciae</span> <span class='ocrx_word' id='word_1_380' title='bbox 585 2569 618 2599; x_wconf 69' lang='grc' dir='ltr'>ὃς</span> <span class='ocrx_word' id='word_1_381' title='bbox 632 2567 809 2598; x_wconf 90' lang='lat' dir='ltr'>Marescallus</span> <span class='ocrx_word' id='word_1_382' title='bbox 825 2567 936 2606; x_wconf 81' lang='lat' dir='ltr'>Angliae</span> <span class='ocrx_word' id='word_1_383' title='bbox 951 2577 957 2597; x_wconf 81' lang='lat' dir='ltr'>t</span> <span class='ocrx_word' id='word_1_384' title='bbox 979 2566 1122 2605; x_wconf 86' lang='lat' dir='ltr'>Johannes</span> <span class='ocrx_word' id='word_1_385' title='bbox 1135 2567 1170 2597; x_wconf 90' lang='lat' dir='ltr'>de</span> <span class='ocrx_word' id='word_1_386' title='bbox 1184 2567 1258 2598; x_wconf 88' lang='lat' dir='ltr'>Wa-</span> 
     </span>
     <span class='ocr_line' id='line_1_52' title="bbox 195 2604 1258 2643; baseline -0.004 -4"><span class='ocrx_word' id='word_1_387' title='bbox 195 2618 294 2640; x_wconf 84' lang='lat' dir='ltr'>renna:</span> <span class='ocrx_word' id='word_1_388' title='bbox 311 2608 485 2638; x_wconf 82' lang='lat' dir='ltr'>willielmus</span> <span class='ocrx_word' id='word_1_389' title='bbox 497 2607 533 2638; x_wconf 90' lang='lat' dir='ltr'>de</span> <span class='ocrx_word' id='word_1_390' title='bbox 546 2606 689 2637; x_wconf 83' lang='lat' dir='ltr'>Valentia:</span> <span class='ocrx_word' id='word_1_391' title='bbox 708 2605 872 2636; x_wconf 86' lang='lat' dir='ltr'>Hunfredus</span> <span class='ocrx_word' id='word_1_392' title='bbox 886 2605 922 2635; x_wconf 92' lang='lat' dir='ltr'>de</span> <span class='ocrx_word' id='word_1_393' title='bbox 934 2604 1037 2635; x_wconf 88' lang='lat' dir='ltr'>Bohun</span> <span class='ocrx_word' id='word_1_394' title='bbox 1046 2628 1055 2643; x_wconf 90' lang='lat'>,</span> <span class='ocrx_word' id='word_1_395' title='bbox 1071 2604 1181 2635; x_wconf 87' lang='lat' dir='ltr'>Comes</span> <span class='ocrx_word' id='word_1_396' title='bbox 1194 2604 1258 2635; x_wconf 80' lang='lat' dir='ltr'>He·-</span> 
     </span>
     <span class='ocr_line' id='line_1_53' title="bbox 196 2642 1259 2713; baseline -0.004 -35"><span class='ocrx_word' id='word_1_397' title='bbox 196 2648 285 2690; x_wconf 77' lang='lat' dir='ltr'>refort</span> <span class='ocrx_word' id='word_1_398' title='bbox 296 2647 330 2677; x_wconf 89' lang='lat'>&amp;</span> <span class='ocrx_word' id='word_1_399' title='bbox 346 2645 441 2676; x_wconf 84' lang='lat' dir='ltr'>Effex:</span> <span class='ocrx_word' id='word_1_400' title='bbox 461 2645 553 2684; x_wconf 90' lang='lat' dir='ltr'>Hugo</span> <span class='ocrx_word' id='word_1_401' title='bbox 565 2645 590 2675; x_wconf 88' lang='lat' dir='ltr'>le</span> <span class='ocrx_word' id='word_1_402' title='bbox 607 2645 640 2676; x_wconf 86' lang='lat' dir='ltr'>Bi</span> <span class='ocrx_word' id='word_1_403' title='bbox 659 2645 718 2675; x_wconf 86' lang='lat' dir='ltr'>od:</span> <span class='ocrx_word' id='word_1_404' title='bbox 742 2642 886 2713; x_wconf 54' lang='lat' dir='ltr'>Philirffius</span> <span class='ocrx_word' id='word_1_405' title='bbox 898 2643 988 2674; x_wconf 88' lang='lat' dir='ltr'>Basset</span> <span class='ocrx_word' id='word_1_406' title='bbox 1002 2653 1009 2672; x_wconf 76' lang='lat' dir='ltr'>z</span> <span class='ocrx_word' id='word_1_407' title='bbox 1028 2642 1172 2682; x_wconf 86' lang='lat' dir='ltr'>Johannes</span> <span class='ocrx_word' id='word_1_408' title='bbox 1189 2643 1259 2675; x_wconf 85' lang='lat' dir='ltr'>filius</span> 
     </span>
     <span class='ocr_line' id='line_1_54' title="bbox 0 2682 1260 2725; baseline -0.003 -9"><span class='ocrx_word' id='word_1_409' title='bbox 0 2717 1 2720; x_wconf 61' lang='grc'>,</span> <span class='ocrx_word' id='word_1_410' title='bbox 195 2684 293 2716; x_wconf 82' lang='lat' dir='ltr'>Alam:</span> <span class='ocrx_word' id='word_1_411' title='bbox 314 2683 458 2725; x_wconf 86' lang='lat' dir='ltr'>Robertus</span> <span class='ocrx_word' id='word_1_412' title='bbox 471 2683 506 2714; x_wconf 87' lang='lat' dir='ltr'>de</span> <span class='ocrx_word' id='word_1_413' title='bbox 529 2683 610 2714; x_wconf 84' lang='lat' dir='ltr'>Brus:</span> <span class='ocrx_word' id='word_1_414' title='bbox 662 2693 761 2723; x_wconf 87' lang='lat' dir='ltr'>ogerus</span> <span class='ocrx_word' id='word_1_415' title='bbox 774 2682 810 2713; x_wconf 92' lang='lat' dir='ltr'>de</span> <span class='ocrx_word' id='word_1_416' title='bbox 862 2691 946 2714; x_wconf 89' lang='lat' dir='ltr'>ortuo</span> <span class='ocrx_word' id='word_1_417' title='bbox 963 2683 1052 2714; x_wconf 81' lang='lat' dir='ltr'>Mari:</span> <span class='ocrx_word' id='word_1_418' title='bbox 1065 2683 1210 2721; x_wconf 87' lang='lat' dir='ltr'>Johannes</span> <span class='ocrx_word' id='word_1_419' title='bbox 1223 2683 1260 2713; x_wconf 86' lang='lat' dir='ltr'>de</span> 
     </span>
     <span class='ocr_line' id='line_1_55' title="bbox 0 2720 1260 2759; baseline -0.002 -5"><span class='ocrx_word' id='word_1_420' title='bbox 0 2729 1 2741; x_wconf 68' lang='lat'><strong>³</strong></span> <span class='ocrx_word' id='word_1_421' title='bbox 42 2727 60 2747; x_wconf 58' lang='grc' dir='ltr'>ὓ</span> <span class='ocrx_word' id='word_1_422' title='bbox 75 2723 98 2751; x_wconf 86' lang='lat'>1-</span> <span class='ocrx_word' id='word_1_423' title='bbox 112 2730 176 2757; x_wconf 89' lang='lat'>777·</span> <span class='ocrx_word' id='word_1_424' title='bbox 195 2723 329 2754; x_wconf 86' lang='lat' dir='ltr'>Verdun:</span> <span class='ocrx_word' id='word_1_425' title='bbox 349 2723 520 2753; x_wconf 89' lang='lat' dir='ltr'>Willielmus</span> <span class='ocrx_word' id='word_1_426' title='bbox 534 2723 570 2753; x_wconf 90' lang='lat' dir='ltr'>de</span> <span class='ocrx_word' id='word_1_427' title='bbox 584 2720 683 2753; x_wconf 83' lang='lat' dir='ltr'>Breus:</span> <span class='ocrx_word' id='word_1_428' title='bbox 699 2721 842 2759; x_wconf 82' lang='lat' dir='ltr'>Johannes</span> <span class='ocrx_word' id='word_1_429' title='bbox 859 2722 878 2742; x_wconf 69' lang='lat'>²¹²</span> <span class='ocrx_word' id='word_1_430' title='bbox 892 2722 918 2752; x_wconf 90' lang='lat' dir='ltr'>le</span> <span class='ocrx_word' id='word_1_431' title='bbox 940 2721 1053 2753; x_wconf 84' lang='lat' dir='ltr'>Baillol:</span> <span class='ocrx_word' id='word_1_432' title='bbox 1070 2721 1211 2752; x_wconf 89' lang='lat' dir='ltr'>Henricus</span> <span class='ocrx_word' id='word_1_433' title='bbox 1223 2722 1260 2752; x_wconf 90' lang='lat' dir='ltr'>de</span> 
     </span>
     <span class='ocr_line' id='line_1_56' title="bbox 195 2760 1261 2802; baseline -0.002 -9"><span class='ocrx_word' id='word_1_434' title='bbox 195 2762 297 2802; x_wconf 86' lang='lat' dir='ltr'>Percy:</span> <span class='ocrx_word' id='word_1_435' title='bbox 316 2761 487 2801; x_wconf 84' lang='lat' dir='ltr'>Reginaldus</span> <span class='ocrx_word' id='word_1_436' title='bbox 501 2760 570 2791; x_wconf 83' lang='lat' dir='ltr'>filius</span> <span class='ocrx_word' id='word_1_437' title='bbox 585 2760 674 2791; x_wconf 85' lang='lat' dir='ltr'>Petri:</span> <span class='ocrx_word' id='word_1_438' title='bbox 687 2761 813 2799; x_wconf 86' lang='lat' dir='ltr'>Jacobus</span> <span class='ocrx_word' id='word_1_439' title='bbox 827 2761 863 2791; x_wconf 91' lang='lat' dir='ltr'>de</span> <span class='ocrx_word' id='word_1_440' title='bbox 871 2760 1028 2791; x_wconf 88' lang='lat' dir='ltr'>Aldithele:</span> <span class='ocrx_word' id='word_1_441' title='bbox 1045 2760 1150 2792; x_wconf 88' lang='lat' dir='ltr'>Alanus</span> <span class='ocrx_word' id='word_1_442' title='bbox 1164 2761 1190 2791; x_wconf 93' lang='lat' dir='ltr'>le</span> <span class='ocrx_word' id='word_1_443' title='bbox 1198 2760 1261 2791; x_wconf 88' lang='lat' dir='ltr'>Zu—</span> 
     </span>
     <span class='ocr_line' id='line_1_57' title="bbox 195 2797 1262 2842; baseline -0.004 -9"><span class='ocrx_word' id='word_1_444' title='bbox 195 2801 263 2833; x_wconf 89' lang='lat' dir='ltr'>che:</span> <span class='ocrx_word' id='word_1_445' title='bbox 283 2801 359 2831; x_wconf 70' lang='lat' dir='ltr'>Roo.</span> <span class='ocrx_word' id='word_1_446' title='bbox 373 2800 410 2831; x_wconf 91' lang='lat' dir='ltr'>de</span> <span class='ocrx_word' id='word_1_447' title='bbox 424 2797 567 2830; x_wconf 89' lang='lat' dir='ltr'>Clifford:</span> <span class='ocrx_word' id='word_1_448' title='bbox 596 2798 696 2829; x_wconf 89' lang='lat' dir='ltr'>Hamo</span> <span class='ocrx_word' id='word_1_449' title='bbox 714 2797 881 2830; x_wconf 85' lang='lat' dir='ltr'>Extraneus:</span> <span class='ocrx_word' id='word_1_450' title='bbox 896 2799 1001 2838; x_wconf 84' lang='lat' dir='ltr'>Johan.</span> <span class='ocrx_word' id='word_1_451' title='bbox 1021 2799 1058 2830; x_wconf 89' lang='lat' dir='ltr'>de</span> <span class='ocrx_word' id='word_1_452' title='bbox 1079 2799 1173 2842; x_wconf 87' lang='lat' dir='ltr'>Grey:</span> <span class='ocrx_word' id='word_1_453' title='bbox 1194 2799 1262 2830; x_wconf 81' lang='lat' dir='ltr'>Phi-</span> 
     </span>
     <span class='ocr_line' id='line_1_58' title="bbox 195 2825 1262 2880; baseline -0.003 -9"><span class='ocrx_word' id='word_1_454' title='bbox 195 2840 285 2880; x_wconf 85' lang='lat' dir='ltr'>lippus</span> <span class='ocrx_word' id='word_1_455' title='bbox 298 2825 462 2870; x_wconf 62' lang='lat' dir='ltr'>M‘irmion:</span> <span class='ocrx_word' id='word_1_456' title='bbox 482 2838 603 2869; x_wconf 90' lang='lat' dir='ltr'>Robert.</span> <span class='ocrx_word' id='word_1_457' title='bbox 617 2838 654 2868; x_wconf 91' lang='lat' dir='ltr'>de</span> <span class='ocrx_word' id='word_1_458' title='bbox 673 2837 805 2868; x_wconf 89' lang='lat' dir='ltr'>Neville:</span> <span class='ocrx_word' id='word_1_459' title='bbox 821 2837 926 2877; x_wconf 90' lang='lat' dir='ltr'>Johan.</span> <span class='ocrx_word' id='word_1_460' title='bbox 942 2838 978 2869; x_wconf 91' lang='lat' dir='ltr'>de</span> <span class='ocrx_word' id='word_1_461' title='bbox 991 2838 1114 2870; x_wconf 87' lang='lat' dir='ltr'>Vallibus</span> <span class='ocrx_word' id='word_1_462' title='bbox 1128 2849 1134 2868; x_wconf 80' lang='lat' dir='ltr'><strong><em>z</em></strong></span> <span class='ocrx_word' id='word_1_463' title='bbox 1159 2838 1262 2877; x_wconf 83' lang='lat' dir='ltr'>Johan.</span> 
     </span>
     <span class='ocr_line' id='line_1_59' title="bbox 196 2876 1264 2918; baseline -0.003 -8"><span class='ocrx_word' id='word_1_464' title='bbox 196 2879 233 2910; x_wconf 91' lang='lat' dir='ltr'>de</span> <span class='ocrx_word' id='word_1_465' title='bbox 248 2878 428 2918; x_wconf 87' lang='lat' dir='ltr'>Muscegros:</span> <span class='ocrx_word' id='word_1_466' title='bbox 447 2877 580 2908; x_wconf 88' lang='lat' dir='ltr'>Warinus</span> <span class='ocrx_word' id='word_1_467' title='bbox 593 2876 628 2907; x_wconf 91' lang='lat' dir='ltr'>de</span> <span class='ocrx_word' id='word_1_468' title='bbox 640 2876 838 2916; x_wconf 80' lang='lat' dir='ltr'>Baffmgburn:</span> <span class='ocrx_word' id='word_1_469' title='bbox 855 2876 949 2907; x_wconf 88' lang='lat' dir='ltr'>Adam</span> <span class='ocrx_word' id='word_1_470' title='bbox 961 2877 998 2908; x_wconf 91' lang='lat' dir='ltr'>de</span> <span class='ocrx_word' id='word_1_471' title='bbox 1012 2877 1183 2908; x_wconf 82' lang='lat' dir='ltr'>Gesemuth:</span> <span class='ocrx_word' id='word_1_472' title='bbox 1199 2877 1264 2907; x_wconf 89' lang='lat' dir='ltr'>Ro-</span> 
     </span>
     <span class='ocr_line' id='line_1_60' title="bbox 218 2915 1264 2957; baseline -0.003 -9"><span class='ocrx_word' id='word_1_473' title='bbox 218 2928 278 2948; x_wconf 88' lang='lat' dir='ltr'>erus</span> <span class='ocrx_word' id='word_1_474' title='bbox 290 2917 326 2948; x_wconf 90' lang='lat' dir='ltr'>de</span> <span class='ocrx_word' id='word_1_475' title='bbox 337 2917 468 2955; x_wconf 88' lang='lat' dir='ltr'>Somery:</span> <span class='ocrx_word' id='word_1_476' title='bbox 487 2915 646 2947; x_wconf 84' lang='lat' dir='ltr'>Richardus</span> <span class='ocrx_word' id='word_1_477' title='bbox 654 2915 762 2947; x_wconf 85' lang='lat' dir='ltr'>Foliot:</span> <span class='ocrx_word' id='word_1_478' title='bbox 780 2915 912 2955; x_wconf 87' lang='lat' dir='ltr'>Rogerus</span> <span class='ocrx_word' id='word_1_479' title='bbox 925 2915 961 2946; x_wconf 91' lang='lat' dir='ltr'>de</span> <span class='ocrx_word' id='word_1_480' title='bbox 978 2916 1129 2957; x_wconf 74' lang='lat' dir='ltr'>Leyburn3</span> <span class='ocrx_word' id='word_1_481' title='bbox 1146 2916 1264 2948; x_wconf 90' lang='lat' dir='ltr'>&amp;Wil-</span> 
     </span>
     <span class='ocr_line' id='line_1_61' title="bbox 220 2953 1266 2994; baseline -0.003 -7"><span class='ocrx_word' id='word_1_482' title='bbox 220 2957 309 2987; x_wconf 91' lang='lat' dir='ltr'>elmus</span> <span class='ocrx_word' id='word_1_483' title='bbox 322 2956 348 2986; x_wconf 87' lang='lat' dir='ltr'>le</span> <span class='ocrx_word' id='word_1_484' title='bbox 362 2954 507 2984; x_wconf 90' lang='lat' dir='ltr'>Latimero</span> <span class='ocrx_word' id='word_1_485' title='bbox 521 2977 531 2992; x_wconf 92' lang='lat'>,</span> <span class='ocrx_word' id='word_1_486' title='bbox 553 2954 692 2994; x_wconf 68' lang='lat' dir='ltr'>praedicto</span> <span class='ocrx_word' id='word_1_487' title='bbox 706 2953 915 2992; x_wconf 85' lang='lat' dir='ltr'>compromisso</span> <span class='ocrx_word' id='word_1_488' title='bbox 928 2977 938 2993; x_wconf 85' lang='lat'><em>‚</em></span> <span class='ocrx_word' id='word_1_489' title='bbox 963 2964 1012 2992; x_wconf 87' lang='lat' dir='ltr'>per</span> <span class='ocrx_word' id='word_1_490' title='bbox 1032 2955 1143 2986; x_wconf 65' lang='lat' dir='ltr'>dietum</span> <span class='ocrx_word' id='word_1_491' title='bbox 1158 2954 1266 2985; x_wconf 87' lang='lat' dir='ltr'>Domi-</span> 
     </span>
     <span class='ocr_line' id='line_1_62' title="bbox 198 2992 1264 3033; baseline -0.003 -7"><span class='ocrx_word' id='word_1_492' title='bbox 198 3005 271 3026; x_wconf 91' lang='lat' dir='ltr'>num</span> <span class='ocrx_word' id='word_1_493' title='bbox 284 2993 413 3024; x_wconf 86' lang='lat' dir='ltr'>nostrum</span> <span class='ocrx_word' id='word_1_494' title='bbox 426 2992 538 3032; x_wconf 78' lang='lat' dir='ltr'>Regem</span> <span class='ocrx_word' id='word_1_495' title='bbox 553 2993 664 3032; x_wconf 84' lang='lat' dir='ltr'>Angliae</span> <span class='ocrx_word' id='word_1_496' title='bbox 679 2993 772 3031; x_wconf 61' lang='lat' dir='ltr'>facito,</span> <span class='ocrx_word' id='word_1_497' title='bbox 793 2993 863 3023; x_wconf 91' lang='lat' dir='ltr'>sicut</span> <span class='ocrx_word' id='word_1_498' title='bbox 881 2992 1050 3033; x_wconf 66' lang='lat' dir='ltr'>praedidtum</span> <span class='ocrx_word' id='word_1_499' title='bbox 1069 2992 1128 3032; x_wconf 91' lang='lat' dir='ltr'>est,</span> <span class='ocrx_word' id='word_1_500' title='bbox 1146 2994 1264 3023; x_wconf 89' lang='lat' dir='ltr'>consen-</span> 
     </span>
     <span class='ocr_line' id='line_1_63' title="bbox 199 3030 1264 3072; baseline -0.002 -9"><span class='ocrx_word' id='word_1_501' title='bbox 199 3034 284 3064; x_wconf 87' lang='lat' dir='ltr'>timus</span> <span class='ocrx_word' id='word_1_502' title='bbox 303 3033 337 3063; x_wconf 90' lang='lat'>&amp;</span> <span class='ocrx_word' id='word_1_503' title='bbox 355 3031 492 3069; x_wconf 82' lang='lat' dir='ltr'>juramus,</span> <span class='ocrx_word' id='word_1_504' title='bbox 509 3031 588 3061; x_wconf 67' lang='lat' dir='ltr'>taCiis</span> <span class='ocrx_word' id='word_1_505' title='bbox 609 3031 795 3062; x_wconf 66' lang='lat' dir='ltr'>sacrosanctis</span> <span class='ocrx_word' id='word_1_506' title='bbox 813 3030 987 3071; x_wconf 86' lang='lat' dir='ltr'>Evangeliis,</span> <span class='ocrx_word' id='word_1_507' title='bbox 1004 3032 1082 3072; x_wconf 86' lang='lat' dir='ltr'>quod</span> <span class='ocrx_word' id='word_1_508' title='bbox 1096 3055 1107 3071; x_wconf 83' lang='lat'>,</span> <span class='ocrx_word' id='word_1_509' title='bbox 1129 3031 1264 3071; x_wconf 90' lang='lat' dir='ltr'>quidquid</span> 
     </span>
     <span class='ocr_line' id='line_1_64' title="bbox 200 3068 1265 3109; baseline -0.002 -8"><span class='ocrx_word' id='word_1_510' title='bbox 200 3070 347 3101; x_wconf 90' lang='lat' dir='ltr'>Dominus</span> <span class='ocrx_word' id='word_1_511' title='bbox 360 3069 425 3099; x_wconf 83' lang='lat' dir='ltr'>Rex</span> <span class='ocrx_word' id='word_1_512' title='bbox 440 3068 567 3099; x_wconf 84' lang='lat' dir='ltr'>Franciae</span> <span class='ocrx_word' id='word_1_513' title='bbox 578 3093 589 3107; x_wconf 90' lang='lat'>,</span> <span class='ocrx_word' id='word_1_514' title='bbox 609 3070 689 3108; x_wconf 86' lang='lat' dir='ltr'>super</span> <span class='ocrx_word' id='word_1_515' title='bbox 707 3070 841 3101; x_wconf 89' lang='lat' dir='ltr'>omnibus</span> <span class='ocrx_word' id='word_1_516' title='bbox 879 3070 1017 3109; x_wconf 70' lang='lat' dir='ltr'>raedietis,</span> <span class='ocrx_word' id='word_1_517' title='bbox 1036 3070 1083 3102; x_wconf 92' lang='lat' dir='ltr'>vel</span> <span class='ocrx_word' id='word_1_518' title='bbox 1103 3080 1201 3101; x_wconf 85' lang='lat' dir='ltr'>eorum</span> <span class='ocrx_word' id='word_1_519' title='bbox 1215 3070 1265 3100; x_wconf 89' lang='lat' dir='ltr'>ali-</span> 
     </span>
     <span class='ocr_line' id='line_1_65' title="bbox 201 3106 1266 3147; baseline 0.001 -10"><span class='ocrx_word' id='word_1_520' title='bbox 201 3109 320 3147; x_wconf 83' lang='lat' dir='ltr'>quibuS,</span> <span class='ocrx_word' id='word_1_521' title='bbox 334 3107 371 3138; x_wconf 89' lang='lat' dir='ltr'>de</span> <span class='ocrx_word' id='word_1_522' title='bbox 391 3107 449 3138; x_wconf 88' lang='lat' dir='ltr'>alto</span> <span class='ocrx_word' id='word_1_523' title='bbox 463 3107 497 3138; x_wconf 88' lang='lat'>&amp;</span> <span class='ocrx_word' id='word_1_524' title='bbox 514 3107 591 3138; x_wconf 82' lang='lat' dir='ltr'>baffo</span> <span class='ocrx_word' id='word_1_525' title='bbox 603 3130 613 3146; x_wconf 87' lang='lat'>,</span> <span class='ocrx_word' id='word_1_526' title='bbox 638 3108 806 3139; x_wconf 84' lang='lat' dir='ltr'>ordinaverit</span> <span class='ocrx_word' id='word_1_527' title='bbox 827 3119 862 3139; x_wconf 91' lang='lat' dir='ltr'>ve</span> <span class='ocrx_word' id='word_1_528' title='bbox 886 3106 1008 3139; x_wconf 86' lang='lat' dir='ltr'>statuerit</span> <span class='ocrx_word' id='word_1_529' title='bbox 1020 3132 1030 3146; x_wconf 87' lang='lat'>,</span> <span class='ocrx_word' id='word_1_530' title='bbox 1055 3108 1266 3140; x_wconf 87' lang='lat' dir='ltr'>observabimus</span> 
     </span>
     <span class='ocr_line' id='line_1_66' title="bbox 202 3145 1267 3186; baseline -0.001 -8"><span class='ocrx_word' id='word_1_531' title='bbox 202 3148 279 3178; x_wconf 85' lang='lat' dir='ltr'>bona</span> <span class='ocrx_word' id='word_1_532' title='bbox 290 3145 362 3184; x_wconf 75' lang='lat' dir='ltr'>fide3</span> <span class='ocrx_word' id='word_1_533' title='bbox 378 3146 416 3176; x_wconf 87' lang='lat' dir='ltr'>ita</span> <span class='ocrx_word' id='word_1_534' title='bbox 427 3153 523 3176; x_wconf 88' lang='lat' dir='ltr'>tamen</span> <span class='ocrx_word' id='word_1_535' title='bbox 534 3146 615 3184; x_wconf 82' lang='lat' dir='ltr'>quod</span> <span class='ocrx_word' id='word_1_536' title='bbox 634 3147 710 3177; x_wconf 90' lang='lat' dir='ltr'>idem</span> <span class='ocrx_word' id='word_1_537' title='bbox 731 3147 876 3177; x_wconf 89' lang='lat' dir='ltr'>Dominus</span> <span class='ocrx_word' id='word_1_538' title='bbox 895 3147 960 3177; x_wconf 86' lang='lat' dir='ltr'>Rex</span> <span class='ocrx_word' id='word_1_539' title='bbox 980 3147 1106 3177; x_wconf 85' lang='lat' dir='ltr'>Franciae</span> <span class='ocrx_word' id='word_1_540' title='bbox 1118 3147 1206 3186; x_wconf 85' lang='lat' dir='ltr'>dicat,</span> <span class='ocrx_word' id='word_1_541' title='bbox 1226 3146 1267 3177; x_wconf 89' lang='lat' dir='ltr'>su-</span> 
     </span>
     <span class='ocr_line' id='line_1_67' title="bbox 203 3183 1267 3226; baseline -0.001 -10"><span class='ocrx_word' id='word_1_542' title='bbox 203 3196 254 3225; x_wconf 81' lang='lat' dir='ltr'>per</span> <span class='ocrx_word' id='word_1_543' title='bbox 267 3185 325 3223; x_wconf 88' lang='lat' dir='ltr'>his,</span> <span class='ocrx_word' id='word_1_544' title='bbox 340 3183 451 3215; x_wconf 61' lang='lat' dir='ltr'>dietum</span> <span class='ocrx_word' id='word_1_545' title='bbox 462 3184 543 3215; x_wconf 89' lang='lat' dir='ltr'>suum</span> <span class='ocrx_word' id='word_1_546' title='bbox 556 3185 625 3216; x_wconf 89' lang='lat' dir='ltr'>citra</span> <span class='ocrx_word' id='word_1_547' title='bbox 630 3184 830 3217; x_wconf 90' lang='lat' dir='ltr'>Pentecostem</span> <span class='ocrx_word' id='word_1_548' title='bbox 842 3187 976 3224; x_wconf 82' lang='lat' dir='ltr'>proximo</span> <span class='ocrx_word' id='word_1_549' title='bbox 988 3185 1110 3217; x_wconf 80' lang='lat' dir='ltr'>fiituram</span> <span class='ocrx_word' id='word_1_550' title='bbox 1118 3210 1128 3226; x_wconf 82' lang='lat'>,</span> <span class='ocrx_word' id='word_1_551' title='bbox 1146 3186 1213 3216; x_wconf 85' lang='lat' dir='ltr'>sicut</span> <span class='ocrx_word' id='word_1_552' title='bbox 1225 3185 1267 3215; x_wconf 84' lang='lat' dir='ltr'>su-</span> 
     </span>
     <span class='ocr_line' id='line_1_68' title="bbox 203 3222 528 3264; baseline -0.003 -10"><span class='ocrx_word' id='word_1_553' title='bbox 203 3225 294 3264; x_wconf 87' lang='lat' dir='ltr'>perius</span> <span class='ocrx_word' id='word_1_554' title='bbox 306 3222 348 3254; x_wconf 89' lang='lat' dir='ltr'>est</span> <span class='ocrx_word' id='word_1_555' title='bbox 360 3223 528 3260; x_wconf 85' lang='lat' dir='ltr'>expressum.</span> 
     </span>
    </p>

    <p class='ocr_par' dir='ltr' id='par_1_15' title="bbox 206 3260 1267 3343">
     <span class='ocr_line' id='line_1_69' title="bbox 244 3260 1267 3302; baseline -0.001 -9"><span class='ocrx_word' id='word_1_556' title='bbox 244 3263 277 3294; x_wconf 89' lang='lat' dir='ltr'>In</span> <span class='ocrx_word' id='word_1_557' title='bbox 292 3263 370 3300; x_wconf 84' lang='lat' dir='ltr'>cujus</span> <span class='ocrx_word' id='word_1_558' title='bbox 382 3262 422 3292; x_wconf 89' lang='lat' dir='ltr'>rei</span> <span class='ocrx_word' id='word_1_559' title='bbox 436 3260 630 3292; x_wconf 89' lang='lat' dir='ltr'>testimonium</span> <span class='ocrx_word' id='word_1_560' title='bbox 644 3260 770 3300; x_wconf 79' lang='lat' dir='ltr'>praesenti</span> <span class='ocrx_word' id='word_1_561' title='bbox 784 3261 886 3302; x_wconf 91' lang='lat' dir='ltr'>scripto</span> <span class='ocrx_word' id='word_1_562' title='bbox 901 3286 911 3302; x_wconf 92' lang='lat'>,</span> <span class='ocrx_word' id='word_1_563' title='bbox 938 3263 1026 3302; x_wconf 82' lang='lat' dir='ltr'>sigillo</span> <span class='ocrx_word' id='word_1_564' title='bbox 1040 3263 1163 3295; x_wconf 87' lang='lat' dir='ltr'>Domini</span> <span class='ocrx_word' id='word_1_565' title='bbox 1178 3261 1267 3294; x_wconf 88' lang='lat' dir='ltr'>nostri</span> 
     </span>
     <span class='ocr_line' id='line_1_70' title="bbox 206 3298 1163 3343; baseline 0.001 -12"><span class='ocrx_word' id='word_1_566' title='bbox 206 3300 334 3339; x_wconf 70' lang='lat' dir='ltr'>praediffl</span> <span class='ocrx_word' id='word_1_567' title='bbox 350 3298 437 3339; x_wconf 82' lang='lat' dir='ltr'>Regis</span> <span class='ocrx_word' id='word_1_568' title='bbox 452 3300 564 3340; x_wconf 83' lang='lat' dir='ltr'>Angliae</span> <span class='ocrx_word' id='word_1_569' title='bbox 578 3300 699 3339; x_wconf 86' lang='lat' dir='ltr'>signato,</span> <span class='ocrx_word' id='word_1_570' title='bbox 713 3301 797 3339; x_wconf 83' lang='lat' dir='ltr'>sigilla</span> <span class='ocrx_word' id='word_1_571' title='bbox 810 3301 905 3333; x_wconf 82' lang='lat' dir='ltr'>nostra</span> <span class='ocrx_word' id='word_1_572' title='bbox 919 3301 1037 3333; x_wconf 83' lang='lat' dir='ltr'>fecimus</span> <span class='ocrx_word' id='word_1_573' title='bbox 1051 3304 1163 3343; x_wconf 86' lang='lat' dir='ltr'>apponi.</span> 
     </span>
    </p>
   </div>
   <div class='ocr_carea' id='block_1_10' title="bbox 244 3379 1270 3422">
    <p class='ocr_par' dir='ltr' id='par_1_16' title="bbox 244 3379 1270 3422">
     <span class='ocr_line' id='line_1_71' title="bbox 244 3379 1270 3422; baseline 0.002 -10"><span class='ocrx_word' id='word_1_574' title='bbox 244 3382 354 3413; x_wconf 89' lang='lat' dir='ltr'>Datum</span> <span class='ocrx_word' id='word_1_575' title='bbox 372 3379 445 3420; x_wconf 89' lang='lat' dir='ltr'>apud</span> <span class='ocrx_word' id='word_1_576' title='bbox 462 3379 661 3411; x_wconf 84' lang='lat' dir='ltr'>windesoram</span> <span class='ocrx_word' id='word_1_577' title='bbox 677 3379 836 3412; x_wconf 88' lang='lat' dir='ltr'>Dominica</span> <span class='ocrx_word' id='word_1_578' title='bbox 849 3384 978 3421; x_wconf 86' lang='lat' dir='ltr'>proxima</span> <span class='ocrx_word' id='word_1_579' title='bbox 993 3383 1057 3422; x_wconf 85' lang='lat' dir='ltr'>post</span> <span class='ocrx_word' id='word_1_580' title='bbox 1074 3383 1188 3416; x_wconf 92' lang='lat' dir='ltr'>Festum</span> <span class='ocrx_word' id='word_1_581' title='bbox 1201 3383 1270 3416; x_wconf 90' lang='lat' dir='ltr'>San-</span> 
     </span>
    </p>
   </div>
   <div class='ocr_carea' id='block_1_11' title="bbox 210 3418 1271 3491">
    <p class='ocr_par' dir='ltr' id='par_1_17' title="bbox 210 3418 1271 3491">
     <span class='ocr_line' id='line_1_72' title="bbox 210 3418 1271 3491; baseline 0.002 -40"><span class='ocrx_word' id='word_1_582' title='bbox 210 3420 381 3491; x_wconf 48' lang='lat' dir='ltr'>gtaeolutgrctiiag</span> <span class='ocrx_word' id='word_1_583' title='bbox 401 3418 542 3459; x_wconf 77' lang='lat' dir='ltr'>Virginis,</span> <span class='ocrx_word' id='word_1_584' title='bbox 557 3429 634 3450; x_wconf 89' lang='lat' dir='ltr'>anno</span> <span class='ocrx_word' id='word_1_585' title='bbox 647 3418 771 3450; x_wconf 89' lang='lat' dir='ltr'>Domini</span> <span class='ocrx_word' id='word_1_586' title='bbox 785 3419 933 3451; x_wconf 89' lang='lat' dir='ltr'>millesimo</span> <span class='ocrx_word' id='word_1_587' title='bbox 951 3422 1144 3454; x_wconf 85' lang='lat' dir='ltr'>ducentesimo</span> <span class='ocrx_word' id='word_1_588' title='bbox 1164 3423 1271 3463; x_wconf 86' lang='lat' dir='ltr'>sexage-</span> 
     </span>
     <span class='ocr_line' id='line_1_73' title="bbox 232 3470 388 3490; baseline -0.013 0"><span class='ocrx_word' id='word_1_589' title='bbox 232 3470 262 3490; x_wconf 89' lang='lat' dir='ltr'>m</span> <span class='ocrx_word' id='word_1_590' title='bbox 381 3481 388 3488; x_wconf 94' lang='lat'><strong>.</strong></span> 
     </span>
    </p>
   </div>
   <div class='ocr_carea' id='block_1_12' title="bbox 211 3537 1272 3619">
    <p class='ocr_par' dir='ltr' id='par_1_18' title="bbox 211 3537 1272 3619">
     <span class='ocr_line' id='line_1_74' title="bbox 249 3537 1272 3578; baseline 0 -7"><span class='ocrx_word' id='word_1_591' title='bbox 249 3539 436 3571; x_wconf 72' lang='lat' dir='ltr'>Confeffloni</span> <span class='ocrx_word' id='word_1_592' title='bbox 450 3537 527 3569; x_wconf 81' lang='lat' dir='ltr'>istius</span> <span class='ocrx_word' id='word_1_593' title='bbox 538 3537 719 3570; x_wconf 80' lang='lat' dir='ltr'>Instrumenti</span> <span class='ocrx_word' id='word_1_594' title='bbox 733 3540 916 3570; x_wconf 84' lang='lat' dir='ltr'>interfuerunt</span> <span class='ocrx_word' id='word_1_595' title='bbox 925 3539 1069 3578; x_wconf 85' lang='lat' dir='ltr'>Johannes</span> <span class='ocrx_word' id='word_1_596' title='bbox 1081 3540 1117 3572; x_wconf 90' lang='lat' dir='ltr'>de</span> <span class='ocrx_word' id='word_1_597' title='bbox 1135 3540 1254 3573; x_wconf 85' lang='lat' dir='ltr'>Chissiul</span> <span class='ocrx_word' id='word_1_598' title='bbox 1263 3564 1272 3578; x_wconf 90' lang='lat'>,</span> 
     </span>
     <span class='ocr_line' id='line_1_75' title="bbox 211 3576 1272 3619; baseline 0 -9"><span class='ocrx_word' id='word_1_599' title='bbox 211 3579 385 3611; x_wconf 88' lang='lat' dir='ltr'>Willielmus</span> <span class='ocrx_word' id='word_1_600' title='bbox 403 3578 439 3609; x_wconf 93' lang='lat' dir='ltr'>de</span> <span class='ocrx_word' id='word_1_601' title='bbox 460 3577 576 3608; x_wconf 86' lang='lat' dir='ltr'>Wilton</span> <span class='ocrx_word' id='word_1_602' title='bbox 590 3600 600 3615; x_wconf 90' lang='lat'>,</span> <span class='ocrx_word' id='word_1_603' title='bbox 621 3576 704 3607; x_wconf 84' lang='lat' dir='ltr'>frater</span> <span class='ocrx_word' id='word_1_604' title='bbox 719 3577 748 3616; x_wconf 89' lang='lat' dir='ltr'>J.</span> <span class='ocrx_word' id='word_1_605' title='bbox 770 3577 807 3608; x_wconf 90' lang='lat' dir='ltr'>de</span> <span class='ocrx_word' id='word_1_606' title='bbox 831 3578 1023 3619; x_wconf 86' lang='lat' dir='ltr'>Derlingtoii:</span> <span class='ocrx_word' id='word_1_607' title='bbox 1051 3580 1186 3619; x_wconf 76' lang='lat' dir='ltr'>Magister</span> <span class='ocrx_word' id='word_1_608' title='bbox 1204 3580 1272 3610; x_wconf 91' lang='lat' dir='ltr'>Ern.</span> 
     </span>
    </p>
   </div>
   <div class='ocr_carea' id='block_1_13' title="bbox 212 3615 1273 3689">
    <p class='ocr_par' dir='ltr' id='par_1_19' title="bbox 212 3615 1273 3689">
     <span class='ocr_line' id='line_1_76' title="bbox 212 3615 1273 3687; baseline -0.001 -38"><span class='ocrx_word' id='word_1_609' title='bbox 212 3618 402 3687; x_wconf 69' lang='lat' dir='ltr'>Cantltellarius</span> <span class='ocrx_word' id='word_1_610' title='bbox 423 3616 511 3656; x_wconf 87' lang='lat' dir='ltr'>Regis</span> <span class='ocrx_word' id='word_1_611' title='bbox 529 3615 706 3647; x_wconf 87' lang='lat' dir='ltr'>Alemanniae</span> <span class='ocrx_word' id='word_1_612' title='bbox 721 3639 731 3655; x_wconf 90' lang='lat'>‚</span> <span class='ocrx_word' id='word_1_613' title='bbox 754 3616 884 3657; x_wconf 87' lang='lat' dir='ltr'>Rogerus</span> <span class='ocrx_word' id='word_1_614' title='bbox 902 3619 939 3649; x_wconf 90' lang='lat' dir='ltr'>de</span> <span class='ocrx_word' id='word_1_615' title='bbox 959 3618 1145 3659; x_wconf 82' lang='lat' dir='ltr'>Meffendeii‚</span> <span class='ocrx_word' id='word_1_616' title='bbox 1163 3620 1197 3651; x_wconf 90' lang='lat'>&amp;</span> <span class='ocrx_word' id='word_1_617' title='bbox 1211 3619 1273 3659; x_wconf 86' lang='lat' dir='ltr'>plu-</span> 
     </span>
     <span class='ocr_line' id='line_1_77' title="bbox 214 3667 322 3689; baseline -0.028 0"><span class='ocrx_word' id='word_1_618' title='bbox 214 3667 256 3689; x_wconf 86' lang='lat' dir='ltr'>res</span> <span class='ocrx_word' id='word_1_619' title='bbox 267 3668 284 3688; x_wconf 90' lang='lat' dir='ltr'>a</span> <span class='ocrx_word' id='word_1_620' title='bbox 295 3667 322 3687; x_wconf 91' lang='lat' dir='ltr'>ii.</span> 
     </span>
    </p>
   </div>
   <div class='ocr_carea' id='block_1_14' title="bbox 253 3733 772 3769">
    <p class='ocr_par' dir='ltr' id='par_1_20' title="bbox 253 3733 772 3769">
     <span class='ocr_line' id='line_1_78' title="bbox 253 3733 772 3769; baseline -0.006 0"><span class='ocrx_word' id='word_1_621' title='bbox 253 3737 370 3769; x_wconf 88' lang='lat' dir='ltr'>Litterae</span> <span class='ocrx_word' id='word_1_622' title='bbox 384 3746 454 3768; x_wconf 87' lang='lat' dir='ltr'>vero</span> <span class='ocrx_word' id='word_1_623' title='bbox 468 3734 610 3767; x_wconf 81' lang='lat' dir='ltr'>Baronum</span> <span class='ocrx_word' id='word_1_624' title='bbox 622 3734 688 3767; x_wconf 82' lang='lat' dir='ltr'>tales</span> <span class='ocrx_word' id='word_1_625' title='bbox 701 3733 772 3766; x_wconf 89' lang='lat' dir='ltr'>sunt.</span> 
     </span>
    </p>
   </div>
   <div class='ocr_carea' id='block_1_15' title="bbox 217 3813 1283 4085">
    <p class='ocr_par' dir='ltr' id='par_1_21' title="bbox 217 3813 1283 4085">
     <span class='ocr_line' id='line_1_79' title="bbox 217 3813 1278 3878; baseline 0 -30"><span class='ocrx_word' id='word_1_626' title='bbox 217 3816 537 3878; x_wconf 83' lang='lat' dir='ltr'>UNIVERSIS</span> <span class='ocrx_word' id='word_1_627' title='bbox 550 3840 560 3855; x_wconf 89' lang='lat'>,</span> <span class='ocrx_word' id='word_1_628' title='bbox 581 3813 885 3860; x_wconf 79' lang='lat' dir='ltr'>PRAESENTES</span> <span class='ocrx_word' id='word_1_629' title='bbox 905 3814 1154 3863; x_wconf 72' lang='lat' dir='ltr'>LITTERAS</span> <span class='ocrx_word' id='word_1_630' title='bbox 1171 3817 1278 3858; x_wconf 86' lang='lat' dir='ltr'>inspec-</span> 
     </span>
     <span class='ocr_line' id='line_1_80' title="bbox 219 3853 1278 3926; baseline 0.002 -4"><span class='ocrx_word' id='word_1_631' title='bbox 219 3853 985 3926; x_wconf 49' lang='lat' dir='ltr'>MonissigrziHcoffigd‘i‘fflsssiisss&#39;sivsge‘i&#39;ssifinaiffl</span> <span class='ocrx_word' id='word_1_632' title='bbox 1006 3856 1108 3925; x_wconf 50' lang='grc' dir='ltr'>ι[αἷὲέἑ5</span> <span class='ocrx_word' id='word_1_633' title='bbox 1126 3856 1278 3924; x_wconf 58' lang='lat' dir='ltr'>Si‘imZ‘ie</span> 
     </span>
     <span class='ocr_line' id='line_1_81' title="bbox 220 3903 1280 4001; baseline 0.001 -39"><span class='ocrx_word' id='word_1_634' title='bbox 220 3928 376 3968; x_wconf 81' lang='lat' dir='ltr'>Despenser</span> <span class='ocrx_word' id='word_1_635' title='bbox 385 3932 555 3978; x_wconf 86' lang='lat' dir='ltr'>Justiciarius</span> <span class='ocrx_word' id='word_1_636' title='bbox 571 3903 703 3975; x_wconf 41' lang='lat' dir='ltr'>Aiiigliae,</span> <span class='ocrx_word' id='word_1_637' title='bbox 719 3930 894 3976; x_wconf 79' lang='lat' dir='ltr'>Humfredus</span> <span class='ocrx_word' id='word_1_638' title='bbox 905 3930 941 3961; x_wconf 93' lang='lat' dir='ltr'>de</span> <span class='ocrx_word' id='word_1_639' title='bbox 953 3929 1036 3963; x_wconf 87' lang='lat' dir='ltr'>Boun</span> <span class='ocrx_word' id='word_1_640' title='bbox 1041 3907 1196 4001; x_wconf 34' lang='lat' dir='ltr'>&amp;iveniffiu</span> <span class='ocrx_word' id='word_1_641' title='bbox 1229 3905 1280 3963; x_wconf 70' lang='grc' dir='ltr'>.ἀὲ</span> 
     </span>
     <span class='ocr_line' id='line_1_82' title="bbox 221 3966 1282 4011; baseline 0.004 -12"><span class='ocrx_word' id='word_1_642' title='bbox 221 3966 410 4009; x_wconf 61' lang='grc' dir='ltr'>Μοιπέοηι,</span> <span class='ocrx_word' id='word_1_643' title='bbox 428 3971 458 4003; x_wconf 88' lang='lat' dir='ltr'>S.</span> <span class='ocrx_word' id='word_1_644' title='bbox 473 3972 510 4003; x_wconf 90' lang='lat' dir='ltr'>de</span> <span class='ocrx_word' id='word_1_645' title='bbox 531 3969 832 4008; x_wconf 89' lang='lat' dir='ltr'>MontefortiJuvenis</span> <span class='ocrx_word' id='word_1_646' title='bbox 843 3991 854 4007; x_wconf 82' lang='grc'>,</span> <span class='ocrx_word' id='word_1_647' title='bbox 878 3967 971 3999; x_wconf 85' lang='lat' dir='ltr'>Adam</span> <span class='ocrx_word' id='word_1_648' title='bbox 990 3970 1028 4001; x_wconf 90' lang='lat' dir='ltr'>de</span> <span class='ocrx_word' id='word_1_649' title='bbox 1078 3980 1282 4011; x_wconf 86' lang='lat' dir='ltr'>ovomercato,</span> 
     </span>
     <span class='ocr_line' id='line_1_83' title="bbox 220 4005 1283 4076; baseline 0.004 -39"><span class='ocrx_word' id='word_1_650' title='bbox 220 4006 320 4038; x_wconf 87' lang='lat' dir='ltr'>Petrus</span> <span class='ocrx_word' id='word_1_651' title='bbox 337 4009 374 4039; x_wconf 91' lang='lat' dir='ltr'>de</span> <span class='ocrx_word' id='word_1_652' title='bbox 395 4009 566 4042; x_wconf 72' lang='lat' dir='ltr'>Montefoiti</span> <span class='ocrx_word' id='word_1_653' title='bbox 582 4033 592 4048; x_wconf 82' lang='lat'>,</span> <span class='ocrx_word' id='word_1_654' title='bbox 616 4008 754 4053; x_wconf 77' lang='lat' dir='ltr'>Radulfus</span> <span class='ocrx_word' id='word_1_655' title='bbox 773 4006 863 4039; x_wconf 77' lang='lat' dir='ltr'>Baffet</span> <span class='ocrx_word' id='word_1_656' title='bbox 881 4005 917 4037; x_wconf 91' lang='lat' dir='ltr'>de</span> <span class='ocrx_word' id='word_1_657' title='bbox 938 4007 1060 4076; x_wconf 49' lang='lat' dir='ltr'>sffeCOt</span> <span class='ocrx_word' id='word_1_658' title='bbox 1078 4048 1083 4054; x_wconf 38' lang='grc'><em>·</em></span> <span class='ocrx_word' id='word_1_659' title='bbox 1107 4009 1283 4054; x_wconf 76' lang='lat' dir='ltr'>Baldewinus</span> 
     </span>
     <span class='ocr_line' id='line_1_84' title="bbox 222 4032 1282 4085; baseline 0.003 -9"><span class='ocrx_word' id='word_1_660' title='bbox 222 4045 336 4085; x_wconf 81' lang='lat' dir='ltr'>wake,</span> <span class='ocrx_word' id='word_1_661' title='bbox 351 4047 495 4080; x_wconf 86' lang='lat' dir='ltr'>Robertus</span> <span class='ocrx_word' id='word_1_662' title='bbox 505 4049 541 4081; x_wconf 89' lang='lat' dir='ltr'>de</span> <span class='ocrx_word' id='word_1_663' title='bbox 556 4049 618 4080; x_wconf 88' lang='lat' dir='ltr'>Ros</span> <span class='ocrx_word' id='word_1_664' title='bbox 653 4047 824 4078; x_wconf 88' lang='lat' dir='ltr'>Willielmus</span> <span class='ocrx_word' id='word_1_665' title='bbox 844 4046 870 4076; x_wconf 91' lang='lat' dir='ltr'>le</span> <span class='ocrx_word' id='word_1_666' title='bbox 890 4044 964 4076; x_wconf 88' lang='lat' dir='ltr'>Blon</span> <span class='ocrx_word' id='word_1_667' title='bbox 998 4069 1008 4085; x_wconf 90' lang='lat'>,</span> <span class='ocrx_word' id='word_1_668' title='bbox 1030 4032 1202 4079; x_wconf 68' lang='lat' dir='ltr'>Vlfillielmus</span> <span class='ocrx_word' id='word_1_669' title='bbox 1215 4048 1282 4079; x_wconf 90' lang='lat' dir='ltr'>Ma-</span> 
     </span>
    </p>
   </div>
   <div class='ocr_carea' id='block_1_16' title="bbox 222 4071 1284 4156">
    <p class='ocr_par' dir='ltr' id='par_1_22' title="bbox 222 4071 1284 4156">
     <span class='ocr_line' id='line_1_85' title="bbox 222 4071 1284 4156; baseline 0.003 -40"><span class='ocrx_word' id='word_1_670' title='bbox 222 4083 373 4154; x_wconf 54' lang='lat' dir='ltr'>restanus,</span> <span class='ocrx_word' id='word_1_671' title='bbox 393 4085 538 4156; x_wconf 40' lang='lat' dir='ltr'>{vafinus</span> <span class='ocrx_word' id='word_1_672' title='bbox 557 4087 594 4120; x_wconf 75' lang='lat' dir='ltr'>&lt;ie</span> <span class='ocrx_word' id='word_1_673' title='bbox 607 4071 747 4119; x_wconf 71' lang='lat' dir='ltr'>doieviiie</span> <span class='ocrx_word' id='word_1_674' title='bbox 759 4109 771 4125; x_wconf 89' lang='lat'>,</span> <span class='ocrx_word' id='word_1_675' title='bbox 792 4084 933 4117; x_wconf 73' lang='lat' dir='ltr'>Ricardus</span> <span class='ocrx_word' id='word_1_676' title='bbox 949 4083 1095 4124; x_wconf 83' lang='lat' dir='ltr'>deGrey,</span> <span class='ocrx_word' id='word_1_677' title='bbox 1110 4086 1284 4119; x_wconf 81' lang='lat' dir='ltr'>willielmus</span> 
     </span>
    </p>
   </div>
   <div class='ocr_carea' id='block_1_17' title="bbox 1280 227 2486 891">
    <p class='ocr_par' dir='ltr' id='par_1_23' title="bbox 1301 227 2337 288">
     <span class='ocr_line' id='line_1_86' title="bbox 1301 227 2337 276; baseline 0.004 -6"><span class='ocrx_word' id='word_1_678' title='bbox 1301 231 1333 270; x_wconf 92' lang='lat' dir='ltr'>P</span> <span class='ocrx_word' id='word_1_679' title='bbox 1372 231 1417 272; x_wconf 92' lang='lat' dir='ltr'>U</span> <span class='ocrx_word' id='word_1_680' title='bbox 1457 234 1489 273; x_wconf 90' lang='grc' dir='ltr'><em>Β</em></span> <span class='ocrx_word' id='word_1_681' title='bbox 1525 233 1560 273; x_wconf 98' lang='lat' dir='ltr'>L</span> <span class='ocrx_word' id='word_1_682' title='bbox 1597 234 1614 274; x_wconf 87' lang='lat' dir='ltr'>l</span> <span class='ocrx_word' id='word_1_683' title='bbox 1652 235 1690 276; x_wconf 94' lang='lat' dir='ltr'>C</span> <span class='ocrx_word' id='word_1_684' title='bbox 1728 227 1777 274; x_wconf 88' lang='lat' dir='ltr'>A.</span> <span class='ocrx_word' id='word_1_685' title='bbox 2291 229 2337 274; x_wconf 56' lang='lat' dir='ltr'>&#39;Si</span> 
     </span>
     <span class='ocr_line' id='line_1_87' title="bbox 2318 267 2336 288; baseline 0 0"><span class='ocrx_word' id='word_1_686' title='bbox 2318 267 2336 288; x_wconf 67' lang='lat'>³</span> 
     </span>
    </p>

    <p class='ocr_par' dir='ltr' id='par_1_24' title="bbox 1280 312 2486 436">
     <span class='ocr_line' id='line_1_88' title="bbox 1281 312 2486 388; baseline 0.001 -41"><span class='ocrx_word' id='word_1_687' title='bbox 1281 315 1429 360; x_wconf 70' lang='lat' dir='ltr'>Bardoust,</span> <span class='ocrx_word' id='word_1_688' title='bbox 1446 318 1582 361; x_wconf 84' lang='lat' dir='ltr'>Ricardus</span> <span class='ocrx_word' id='word_1_689' title='bbox 1595 320 1630 350; x_wconf 90' lang='lat' dir='ltr'>de</span> <span class='ocrx_word' id='word_1_690' title='bbox 1641 319 1762 358; x_wconf 84' lang='lat' dir='ltr'>Tanny,</span> <span class='ocrx_word' id='word_1_691' title='bbox 1777 318 1916 350; x_wconf 85' lang='lat' dir='ltr'>Henricus</span> <span class='ocrx_word' id='word_1_692' title='bbox 1935 319 1971 350; x_wconf 89' lang='lat' dir='ltr'>de</span> <span class='ocrx_word' id='word_1_693' title='bbox 1987 317 2135 359; x_wconf 82' lang='lat' dir='ltr'>Hastings,</span> <span class='ocrx_word' id='word_1_694' title='bbox 2149 318 2291 388; x_wconf 50' lang='lat' dir='ltr'>{phanues</span> <span class='ocrx_word' id='word_1_695' title='bbox 2304 319 2337 348; x_wconf 89' lang='lat' dir='ltr'>fi-</span> <span class='ocrx_word' id='word_1_696' title='bbox 2352 315 2427 345; x_wconf 71' lang='lat' dir='ltr'>Anti·</span> <span class='ocrx_word' id='word_1_697' title='bbox 2446 312 2486 348; x_wconf 60' lang='grc' dir='ltr'>Π</span> 
     </span>
     <span class='ocr_line' id='line_1_89' title="bbox 1280 354 2453 398; baseline 0.005 -14"><span class='ocrx_word' id='word_1_698' title='bbox 1280 354 1332 384; x_wconf 86' lang='lat' dir='ltr'>lius</span> <span class='ocrx_word' id='word_1_699' title='bbox 1341 355 1494 394; x_wconf 80' lang='lat' dir='ltr'>Johannis,</span> <span class='ocrx_word' id='word_1_700' title='bbox 1515 357 1656 387; x_wconf 88' lang='lat' dir='ltr'>Robertus</span> <span class='ocrx_word' id='word_1_701' title='bbox 1669 359 1703 387; x_wconf 91' lang='lat' dir='ltr'>de</span> <span class='ocrx_word' id='word_1_702' title='bbox 1718 357 1931 396; x_wconf 71' lang='lat' dir='ltr'>Veteri-Ponte,</span> <span class='ocrx_word' id='word_1_703' title='bbox 1946 358 2090 395; x_wconf 72' lang='lat' dir='ltr'>johannes</span> <span class='ocrx_word' id='word_1_704' title='bbox 2102 359 2137 388; x_wconf 88' lang='lat' dir='ltr'>de</span> <span class='ocrx_word' id='word_1_705' title='bbox 2180 358 2240 398; x_wconf 86' lang='lat' dir='ltr'>escy</span> <span class='ocrx_word' id='word_1_706' title='bbox 2250 381 2260 396; x_wconf 86' lang='lat'>,</span> <span class='ocrx_word' id='word_1_707' title='bbox 2277 357 2337 387; x_wconf 87' lang='lat' dir='ltr'>Ni·</span> <span class='ocrx_word' id='word_1_708' title='bbox 2370 355 2453 390; x_wconf 57' lang='lat'>1264·</span> 
     </span>
     <span class='ocr_line' id='line_1_90' title="bbox 1281 394 2214 436; baseline 0.004 -13"><span class='ocrx_word' id='word_1_709' title='bbox 1281 394 1374 424; x_wconf 84' lang='lat' dir='ltr'>colaus</span> <span class='ocrx_word' id='word_1_710' title='bbox 1387 394 1423 425; x_wconf 88' lang='lat' dir='ltr'>de</span> <span class='ocrx_word' id='word_1_711' title='bbox 1435 396 1569 433; x_wconf 73' lang='lat' dir='ltr'>Segi-ave,</span> <span class='ocrx_word' id='word_1_712' title='bbox 1587 395 1728 425; x_wconf 81' lang='lat' dir='ltr'>Galfridus</span> <span class='ocrx_word' id='word_1_713' title='bbox 1740 395 1775 425; x_wconf 90' lang='lat' dir='ltr'>de</span> <span class='ocrx_word' id='word_1_714' title='bbox 1790 396 1884 436; x_wconf 84' lang='lat' dir='ltr'>Lucy,</span> <span class='ocrx_word' id='word_1_715' title='bbox 1902 396 2014 427; x_wconf 88' lang='lat' dir='ltr'>salutem</span> <span class='ocrx_word' id='word_1_716' title='bbox 2028 399 2057 426; x_wconf 91' lang='lat' dir='ltr'>in</span> <span class='ocrx_word' id='word_1_717' title='bbox 2074 397 2214 427; x_wconf 86' lang='lat' dir='ltr'>Domino.</span> 
     </span>
    </p>

    <p class='ocr_par' dir='ltr' id='par_1_25' title="bbox 1318 431 2337 474">
     <span class='ocr_line' id='line_1_91' title="bbox 1318 431 2337 474; baseline 0.003 -13"><span class='ocrx_word' id='word_1_718' title='bbox 1318 431 1466 463; x_wconf 73' lang='lat' dir='ltr'>Noveritis</span> <span class='ocrx_word' id='word_1_719' title='bbox 1479 433 1555 472; x_wconf 86' lang='lat' dir='ltr'>quod</span> <span class='ocrx_word' id='word_1_720' title='bbox 1569 443 1620 463; x_wconf 86' lang='lat' dir='ltr'>nos</span> <span class='ocrx_word' id='word_1_721' title='bbox 1634 435 1877 474; x_wconf 77' lang='lat' dir='ltr'>compromisimus</span> <span class='ocrx_word' id='word_1_722' title='bbox 1901 436 1928 464; x_wconf 92' lang='lat' dir='ltr'>in</span> <span class='ocrx_word' id='word_1_723' title='bbox 1951 435 2111 466; x_wconf 88' lang='lat' dir='ltr'>Dominum</span> <span class='ocrx_word' id='word_1_724' title='bbox 2134 435 2317 466; x_wconf 84' lang='lat' dir='ltr'>Ludovlcum</span> <span class='ocrx_word' id='word_1_725' title='bbox 2328 457 2337 471; x_wconf 91' lang='lat'>,</span> 
     </span>
    </p>

    <p class='ocr_par' dir='ltr' id='par_1_26' title="bbox 1281 469 2341 741">
     <span class='ocr_line' id='line_1_92' title="bbox 1281 469 2339 511; baseline 0.002 -11"><span class='ocrx_word' id='word_1_726' title='bbox 1281 469 1394 509; x_wconf 86' lang='lat' dir='ltr'>Regem</span> <span class='ocrx_word' id='word_1_727' title='bbox 1412 471 1537 501; x_wconf 79' lang='lat' dir='ltr'>Franciae</span> <span class='ocrx_word' id='word_1_728' title='bbox 1549 471 1681 501; x_wconf 86' lang='lat' dir='ltr'>illustrem</span> <span class='ocrx_word' id='word_1_729' title='bbox 1696 494 1706 509; x_wconf 88' lang='lat'>,</span> <span class='ocrx_word' id='word_1_730' title='bbox 1732 472 1810 511; x_wconf 85' lang='lat' dir='ltr'>super</span> <span class='ocrx_word' id='word_1_731' title='bbox 1831 471 2040 503; x_wconf 72' lang='lat' dir='ltr'>provisionibus</span> <span class='ocrx_word' id='word_1_732' title='bbox 2053 496 2063 511; x_wconf 84' lang='lat'>,</span> <span class='ocrx_word' id='word_1_733' title='bbox 2089 473 2339 511; x_wconf 71' lang='lat' dir='ltr'>Ordinationibus,</span> 
     </span>
     <span class='ocr_line' id='line_1_93' title="bbox 1281 508 2339 549; baseline 0.001 -10"><span class='ocrx_word' id='word_1_734' title='bbox 1281 508 1393 539; x_wconf 82' lang='lat' dir='ltr'>Statutis</span> <span class='ocrx_word' id='word_1_735' title='bbox 1405 532 1414 546; x_wconf 86' lang='lat'>,</span> <span class='ocrx_word' id='word_1_736' title='bbox 1440 510 1473 539; x_wconf 87' lang='lat'>&amp;</span> <span class='ocrx_word' id='word_1_737' title='bbox 1489 509 1714 548; x_wconf 82' lang='lat' dir='ltr'>Obligationibus</span> <span class='ocrx_word' id='word_1_738' title='bbox 1733 510 1864 540; x_wconf 87' lang='lat' dir='ltr'>omnibus</span> <span class='ocrx_word' id='word_1_739' title='bbox 1885 511 2009 541; x_wconf 76' lang='lat' dir='ltr'>Oxoniae</span> <span class='ocrx_word' id='word_1_740' title='bbox 2022 535 2031 549; x_wconf 86' lang='lat'>,</span> <span class='ocrx_word' id='word_1_741' title='bbox 2058 513 2091 542; x_wconf 71' lang='grc' dir='ltr'>ὃς</span> <span class='ocrx_word' id='word_1_742' title='bbox 2111 512 2189 549; x_wconf 85' lang='lat' dir='ltr'>super</span> <span class='ocrx_word' id='word_1_743' title='bbox 2206 513 2339 542; x_wconf 86' lang='lat' dir='ltr'>omnibus</span> 
     </span>
     <span class='ocr_line' id='line_1_94' title="bbox 1281 547 2335 589; baseline 0.004 -13"><span class='ocrx_word' id='word_1_744' title='bbox 1281 548 1510 578; x_wconf 83' lang='lat' dir='ltr'>contentionibus</span> <span class='ocrx_word' id='word_1_745' title='bbox 1523 548 1556 578; x_wconf 86' lang='lat'>&amp;</span> <span class='ocrx_word' id='word_1_746' title='bbox 1567 547 1722 586; x_wconf 78' lang='lat' dir='ltr'>discordiis,</span> <span class='ocrx_word' id='word_1_747' title='bbox 1740 558 1804 588; x_wconf 88' lang='lat' dir='ltr'>quas</span> <span class='ocrx_word' id='word_1_748' title='bbox 1814 548 1962 588; x_wconf 69' lang='lat' dir='ltr'>habemus,</span> <span class='ocrx_word' id='word_1_749' title='bbox 1981 551 2012 580; x_wconf 86' lang='lat'>&amp;</span> <span class='ocrx_word' id='word_1_750' title='bbox 2026 550 2187 589; x_wconf 76' lang='lat' dir='ltr'>habuimus,</span> <span class='ocrx_word' id='word_1_751' title='bbox 2206 551 2288 585; x_wconf 72' lang='lat' dir='ltr'>uliiue</span> <span class='ocrx_word' id='word_1_752' title='bbox 2301 549 2335 579; x_wconf 87' lang='lat' dir='ltr'>ad</span> 
     </span>
     <span class='ocr_line' id='line_1_95' title="bbox 1281 585 2337 625; baseline 0.002 -10"><span class='ocrx_word' id='word_1_753' title='bbox 1281 585 1399 616; x_wconf 88' lang='lat' dir='ltr'>Festum</span> <span class='ocrx_word' id='word_1_754' title='bbox 1413 586 1555 616; x_wconf 88' lang='lat' dir='ltr'>Omnium</span> <span class='ocrx_word' id='word_1_755' title='bbox 1575 586 1745 616; x_wconf 65' lang='lat' dir='ltr'>San&amp;orum</span> <span class='ocrx_word' id='word_1_756' title='bbox 1765 596 1851 625; x_wconf 81' lang='lat' dir='ltr'>nuper</span> <span class='ocrx_word' id='word_1_757' title='bbox 1872 589 2040 625; x_wconf 57' lang='lat' dir='ltr'>praeteritum</span> <span class='ocrx_word' id='word_1_758' title='bbox 2054 611 2063 625; x_wconf 93' lang='lat'>,</span> <span class='ocrx_word' id='word_1_759' title='bbox 2087 589 2212 619; x_wconf 82' lang='lat' dir='ltr'>adversus</span> <span class='ocrx_word' id='word_1_760' title='bbox 2231 589 2337 619; x_wconf 93' lang='lat' dir='ltr'>Domi-</span> 
     </span>
     <span class='ocr_line' id='line_1_96' title="bbox 1282 624 2337 666; baseline 0.003 -14"><span class='ocrx_word' id='word_1_761' title='bbox 1282 634 1351 666; x_wconf 82' lang='lat' dir='ltr'>num</span> <span class='ocrx_word' id='word_1_762' title='bbox 1368 624 1496 654; x_wconf 86' lang='lat' dir='ltr'>nostrum</span> <span class='ocrx_word' id='word_1_763' title='bbox 1511 625 1623 664; x_wconf 83' lang='lat' dir='ltr'>Regem</span> <span class='ocrx_word' id='word_1_764' title='bbox 1640 624 1750 663; x_wconf 77' lang='lat' dir='ltr'>Angliae</span> <span class='ocrx_word' id='word_1_765' title='bbox 1762 624 1895 654; x_wconf 88' lang='lat' dir='ltr'>illustrem</span> <span class='ocrx_word' id='word_1_766' title='bbox 1910 648 1919 662; x_wconf 81' lang='lat'>,</span> <span class='ocrx_word' id='word_1_767' title='bbox 1944 626 1976 654; x_wconf 66' lang='lat' dir='ltr'>&amp;c</span> <span class='ocrx_word' id='word_1_768' title='bbox 1992 625 2046 664; x_wconf 83' lang='lat' dir='ltr'>ipse</span> <span class='ocrx_word' id='word_1_769' title='bbox 2059 626 2181 657; x_wconf 46' lang='lat' dir='ltr'>adversu,</span> <span class='ocrx_word' id='word_1_770' title='bbox 2197 638 2266 665; x_wconf 91' lang='lat' dir='ltr'>nos,</span> <span class='ocrx_word' id='word_1_771' title='bbox 2284 636 2337 656; x_wconf 53' lang='lat' dir='ltr'>oca</span> 
     </span>
     <span class='ocr_line' id='line_1_97' title="bbox 1281 662 2341 705; baseline 0.004 -13"><span class='ocrx_word' id='word_1_772' title='bbox 1281 666 1389 692; x_wconf 75' lang='lat' dir='ltr'>calione</span> <span class='ocrx_word' id='word_1_773' title='bbox 1402 662 1614 699; x_wconf 77' lang='lat' dir='ltr'>provisionum,</span> <span class='ocrx_word' id='word_1_774' title='bbox 1635 663 1856 693; x_wconf 76' lang='lat' dir='ltr'>Ordinationum</span> <span class='ocrx_word' id='word_1_775' title='bbox 1870 685 1880 701; x_wconf 84' lang='lat'>,</span> <span class='ocrx_word' id='word_1_776' title='bbox 1902 663 2074 693; x_wconf 78' lang='lat' dir='ltr'>Staiurorum</span> <span class='ocrx_word' id='word_1_777' title='bbox 2087 688 2097 703; x_wconf 85' lang='lat'>,</span> <span class='ocrx_word' id='word_1_778' title='bbox 2117 666 2162 696; x_wconf 84' lang='lat' dir='ltr'>vel</span> <span class='ocrx_word' id='word_1_779' title='bbox 2176 665 2341 705; x_wconf 77' lang='lat' dir='ltr'>Obligatio-</span> 
     </span>
     <span class='ocr_line' id='line_1_98' title="bbox 1281 700 1771 741; baseline 0 -11"><span class='ocrx_word' id='word_1_780' title='bbox 1281 711 1352 730; x_wconf 89' lang='lat' dir='ltr'>num</span> <span class='ocrx_word' id='word_1_781' title='bbox 1366 700 1550 732; x_wconf 88' lang='lat' dir='ltr'>Oxoiiensum</span> <span class='ocrx_word' id='word_1_782' title='bbox 1562 701 1771 741; x_wconf 73' lang='lat' dir='ltr'>ptaedictamm:</span> 
     </span>
    </p>

    <p class='ocr_par' dir='ltr' id='par_1_27' title="bbox 1280 739 2338 891">
     <span class='ocr_line' id='line_1_99' title="bbox 1293 739 2337 782; baseline 0.002 -14"><span class='ocrx_word' id='word_1_783' title='bbox 1293 777 1308 782; x_wconf 80' lang='lat'>,.</span> <span class='ocrx_word' id='word_1_784' title='bbox 1319 739 1447 769; x_wconf 83' lang='lat' dir='ltr'>Firmiter</span> <span class='ocrx_word' id='word_1_785' title='bbox 1461 741 1652 779; x_wconf 85' lang='lat' dir='ltr'>promittentes</span> <span class='ocrx_word' id='word_1_786' title='bbox 1666 762 1675 776; x_wconf 90' lang='lat'>,</span> <span class='ocrx_word' id='word_1_787' title='bbox 1699 740 1731 769; x_wconf 90' lang='lat'>&amp;</span> <span class='ocrx_word' id='word_1_788' title='bbox 1743 741 1863 778; x_wconf 81' lang='lat' dir='ltr'>jurantes</span> <span class='ocrx_word' id='word_1_789' title='bbox 1877 762 1885 777; x_wconf 84' lang='lat'>,</span> <span class='ocrx_word' id='word_1_790' title='bbox 1913 740 1991 770; x_wconf 56' lang='lat' dir='ltr'>tactis</span> <span class='ocrx_word' id='word_1_791' title='bbox 2007 739 2192 772; x_wconf 66' lang='lat' dir='ltr'>Sacrosanffis</span> <span class='ocrx_word' id='word_1_792' title='bbox 2207 741 2337 779; x_wconf 55' lang='lat' dir='ltr'>Evange⁴</span> 
     </span>
     <span class='ocr_line' id='line_1_100' title="bbox 1280 776 2337 818; baseline 0.003 -12"><span class='ocrx_word' id='word_1_793' title='bbox 1280 776 1339 815; x_wconf 86' lang='lat' dir='ltr'>liis,</span> <span class='ocrx_word' id='word_1_794' title='bbox 1359 778 1434 814; x_wconf 91' lang='lat' dir='ltr'>quod</span> <span class='ocrx_word' id='word_1_795' title='bbox 1444 801 1452 815; x_wconf 78' lang='lat'>,</span> <span class='ocrx_word' id='word_1_796' title='bbox 1468 778 1603 817; x_wconf 85' lang='lat' dir='ltr'>quidquid</span> <span class='ocrx_word' id='word_1_797' title='bbox 1619 778 1694 807; x_wconf 84' lang='lat' dir='ltr'>idem</span> <span class='ocrx_word' id='word_1_798' title='bbox 1708 777 1772 807; x_wconf 86' lang='lat' dir='ltr'>Rex</span> <span class='ocrx_word' id='word_1_799' title='bbox 1791 778 1813 807; x_wconf 89' lang='lat' dir='ltr'>F</span> <span class='ocrx_word' id='word_1_800' title='bbox 1815 779 1916 808; x_wconf 71' lang='lat' dir='ltr'>ranciae</span> <span class='ocrx_word' id='word_1_801' title='bbox 1922 801 1931 816; x_wconf 89' lang='lat'>,</span> <span class='ocrx_word' id='word_1_802' title='bbox 1949 778 2026 818; x_wconf 81' lang='lat' dir='ltr'>super</span> <span class='ocrx_word' id='word_1_803' title='bbox 2039 782 2170 809; x_wconf 72' lang='lat' dir='ltr'>omnibus</span> <span class='ocrx_word' id='word_1_804' title='bbox 2182 779 2337 817; x_wconf 65' lang='lat' dir='ltr'>praedietis,</span> 
     </span>
     <span class='ocr_line' id='line_1_101' title="bbox 1281 815 2338 855; baseline 0.004 -11"><span class='ocrx_word' id='word_1_805' title='bbox 1281 815 1326 845; x_wconf 89' lang='lat' dir='ltr'>vel</span> <span class='ocrx_word' id='word_1_806' title='bbox 1340 825 1437 845; x_wconf 89' lang='lat' dir='ltr'>eorum</span> <span class='ocrx_word' id='word_1_807' title='bbox 1451 817 1603 854; x_wconf 78' lang='lat' dir='ltr'>aliquibus,</span> <span class='ocrx_word' id='word_1_808' title='bbox 1621 817 1656 846; x_wconf 88' lang='lat' dir='ltr'>de</span> <span class='ocrx_word' id='word_1_809' title='bbox 1668 816 1725 845; x_wconf 86' lang='lat' dir='ltr'>alto</span> <span class='ocrx_word' id='word_1_810' title='bbox 1739 817 1771 846; x_wconf 67' lang='grc' dir='ltr'>ὃς</span> <span class='ocrx_word' id='word_1_811' title='bbox 1785 816 1877 854; x_wconf 74' lang='lat' dir='ltr'>basio,</span> <span class='ocrx_word' id='word_1_812' title='bbox 1892 817 2062 847; x_wconf 81' lang='lat' dir='ltr'>ordinaverit</span> <span class='ocrx_word' id='word_1_813' title='bbox 2076 819 2119 847; x_wconf 89' lang='lat' dir='ltr'>vel</span> <span class='ocrx_word' id='word_1_814' title='bbox 2134 818 2269 855; x_wconf 82' lang='lat' dir='ltr'>statuerit,</span> <span class='ocrx_word' id='word_1_815' title='bbox 2286 827 2338 847; x_wconf 73' lang='lat' dir='ltr'>nos</span> 
     </span>
     <span class='ocr_line' id='line_1_102' title="bbox 1280 853 2337 891; baseline 0.003 -9"><span class='ocrx_word' id='word_1_816' title='bbox 1280 853 1488 884; x_wconf 85' lang='lat' dir='ltr'>observabimus</span> <span class='ocrx_word' id='word_1_817' title='bbox 1503 855 1579 884; x_wconf 85' lang='lat' dir='ltr'>bona</span> <span class='ocrx_word' id='word_1_818' title='bbox 1591 854 1664 890; x_wconf 76' lang='lat' dir='ltr'>fide;</span> <span class='ocrx_word' id='word_1_819' title='bbox 1681 855 1717 883; x_wconf 81' lang='lat' dir='ltr'>ita</span> <span class='ocrx_word' id='word_1_820' title='bbox 1732 864 1825 884; x_wconf 77' lang='lat' dir='ltr'>tamen</span> <span class='ocrx_word' id='word_1_821' title='bbox 1839 855 1915 891; x_wconf 89' lang='lat' dir='ltr'>quod</span> <span class='ocrx_word' id='word_1_822' title='bbox 1929 854 2004 884; x_wconf 86' lang='lat' dir='ltr'>idem</span> <span class='ocrx_word' id='word_1_823' title='bbox 2021 855 2163 886; x_wconf 85' lang='lat' dir='ltr'>Dominus</span> <span class='ocrx_word' id='word_1_824' title='bbox 2178 856 2242 886; x_wconf 89' lang='lat' dir='ltr'>Rex</span> <span class='ocrx_word' id='word_1_825' title='bbox 2253 856 2337 885; x_wconf 82' lang='lat' dir='ltr'>Fran-</span> 
     </span>
    </p>
   </div>
   <div class='ocr_carea' id='block_1_18' title="bbox 1282 891 2338 960">
    <p class='ocr_par' dir='ltr' id='par_1_28' title="bbox 1282 891 2338 960">
     <span class='ocr_line' id='line_1_103' title="bbox 1282 891 2338 960; baseline 0.002 -39"><span class='ocrx_word' id='word_1_826' title='bbox 1282 892 1335 960; x_wconf 54' lang='lat' dir='ltr'>{ziae</span> <span class='ocrx_word' id='word_1_827' title='bbox 1348 891 1438 930; x_wconf 85' lang='lat' dir='ltr'>dicat,</span> <span class='ocrx_word' id='word_1_828' title='bbox 1456 892 1603 932; x_wconf 79' lang='lat' dir='ltr'>superbis,</span> <span class='ocrx_word' id='word_1_829' title='bbox 1621 892 1730 922; x_wconf 67' lang='lat' dir='ltr'>diistum</span> <span class='ocrx_word' id='word_1_830' title='bbox 1745 893 1822 922; x_wconf 88' lang='lat' dir='ltr'>suum</span> <span class='ocrx_word' id='word_1_831' title='bbox 1837 894 1904 923; x_wconf 88' lang='lat' dir='ltr'>citra</span> <span class='ocrx_word' id='word_1_832' title='bbox 1911 893 2112 924; x_wconf 75' lang='lat' dir='ltr'>pentecostem</span> <span class='ocrx_word' id='word_1_833' title='bbox 2125 896 2256 935; x_wconf 82' lang='lat' dir='ltr'>proximo</span> <span class='ocrx_word' id='word_1_834' title='bbox 2270 903 2338 924; x_wconf 86' lang='lat' dir='ltr'>vcn-</span> 
     </span>
     <span class='ocr_line' id='line_1_104' title="bbox 1295 939 1381 960; baseline -0.023 0"><span class='ocrx_word' id='word_1_835' title='bbox 1295 939 1381 960; x_wconf 89' lang='lat' dir='ltr'>uram.</span> 
     </span>
    </p>
   </div>
   <div class='ocr_carea' id='block_1_19' title="bbox 2353 397 2457 428">
    <p class='ocr_par' dir='ltr' id='par_1_29' title="bbox 2353 397 2457 428">
     <span class='ocr_line' id='line_1_105' title="bbox 2353 397 2457 428; baseline 0.01 -8"><span class='ocrx_word' id='word_1_836' title='bbox 2353 397 2414 421; x_wconf 59' lang='lat' dir='ltr'>Heu.</span> <span class='ocrx_word' id='word_1_837' title='bbox 2432 403 2457 428; x_wconf 57' lang='lat'>34</span> 
     </span>
    </p>
   </div>
   <div class='ocr_carea' id='block_1_20' title="bbox 1281 997 2342 1074">
    <p class='ocr_par' dir='ltr' id='par_1_30' title="bbox 1281 997 2342 1074">
     <span class='ocr_line' id='line_1_106' title="bbox 1317 997 2342 1040; baseline 0.003 -13"><span class='ocrx_word' id='word_1_838' title='bbox 1317 997 1425 1040; x_wconf 67' lang='lat' dir='ltr'>Aftum</span> <span class='ocrx_word' id='word_1_839' title='bbox 1441 998 1583 1036; x_wconf 81' lang='lat' dir='ltr'>London,</span> <span class='ocrx_word' id='word_1_840' title='bbox 1599 998 1645 1028; x_wconf 90' lang='lat' dir='ltr'>die</span> <span class='ocrx_word' id='word_1_841' title='bbox 1659 998 1769 1028; x_wconf 62' lang='lat' dir='ltr'>Sandlae</span> <span class='ocrx_word' id='word_1_842' title='bbox 1784 998 1881 1028; x_wconf 71' lang='lat' dir='ltr'>Liiciae</span> <span class='ocrx_word' id='word_1_843' title='bbox 1892 998 2031 1038; x_wconf 76' lang='lat' dir='ltr'>Virginis,</span> <span class='ocrx_word' id='word_1_844' title='bbox 2047 1009 2123 1029; x_wconf 88' lang='lat' dir='ltr'>anno</span> <span class='ocrx_word' id='word_1_845' title='bbox 2137 998 2261 1030; x_wconf 88' lang='lat' dir='ltr'>Domini</span> <span class='ocrx_word' id='word_1_846' title='bbox 2277 1000 2342 1030; x_wconf 79' lang='lat' dir='ltr'>mii-</span> 
     </span>
     <span class='ocr_line' id='line_1_107' title="bbox 1281 1035 1867 1074; baseline 0 -8"><span class='ocrx_word' id='word_1_847' title='bbox 1281 1035 1378 1067; x_wconf 86' lang='lat' dir='ltr'>leiimo</span> <span class='ocrx_word' id='word_1_848' title='bbox 1393 1037 1585 1067; x_wconf 84' lang='lat' dir='ltr'>ducentelimo</span> <span class='ocrx_word' id='word_1_849' title='bbox 1597 1037 1762 1074; x_wconf 77' lang='lat' dir='ltr'>sexageiimo</span> <span class='ocrx_word' id='word_1_850' title='bbox 1778 1038 1867 1066; x_wconf 74' lang='lat' dir='ltr'>tertio.</span> 
     </span>
    </p>
   </div>
   <div class='ocr_carea' id='block_1_21' title="bbox 1286 1114 2497 3971">
    <p class='ocr_par' dir='ltr' id='par_1_31' title="bbox 1286 1114 2347 1505">
     <span class='ocr_line' id='line_1_108' title="bbox 1321 1114 2341 1156; baseline -0.002 -8"><span class='ocrx_word' id='word_1_851' title='bbox 1321 1116 1435 1156; x_wconf 90' lang='lat' dir='ltr'>Insuper</span> <span class='ocrx_word' id='word_1_852' title='bbox 1448 1115 1597 1155; x_wconf 64' lang='lat' dir='ltr'>praedictus</span> <span class='ocrx_word' id='word_1_853' title='bbox 1611 1114 1676 1145; x_wconf 83' lang='lat' dir='ltr'>Rex</span> <span class='ocrx_word' id='word_1_854' title='bbox 1692 1115 1801 1154; x_wconf 78' lang='lat' dir='ltr'>Angliae</span> <span class='ocrx_word' id='word_1_855' title='bbox 1813 1139 1822 1152; x_wconf 82' lang='lat'>,</span> <span class='ocrx_word' id='word_1_856' title='bbox 1842 1124 1876 1144; x_wconf 91' lang='lat' dir='ltr'>ex</span> <span class='ocrx_word' id='word_1_857' title='bbox 1891 1126 1944 1145; x_wconf 84' lang='lat' dir='ltr'>una</span> <span class='ocrx_word' id='word_1_858' title='bbox 1957 1124 2048 1156; x_wconf 85' lang='lat' dir='ltr'>parte,</span> <span class='ocrx_word' id='word_1_859' title='bbox 2067 1118 2099 1147; x_wconf 90' lang='lat'>&amp;</span> <span class='ocrx_word' id='word_1_860' title='bbox 2113 1118 2230 1155; x_wconf 72' lang='lat' dir='ltr'>ssiperiiis</span> <span class='ocrx_word' id='word_1_861' title='bbox 2245 1118 2341 1148; x_wconf 70' lang='lat' dir='ltr'>nomi-—</span> 
     </span>
     <span class='ocr_line' id='line_1_109' title="bbox 1287 1153 2341 1194; baseline -0.001 -8"><span class='ocrx_word' id='word_1_862' title='bbox 1287 1157 1362 1194; x_wconf 85' lang='lat' dir='ltr'>nati,</span> <span class='ocrx_word' id='word_1_863' title='bbox 1380 1165 1414 1185; x_wconf 88' lang='lat' dir='ltr'>ex</span> <span class='ocrx_word' id='word_1_864' title='bbox 1429 1155 1477 1185; x_wconf 89' lang='lat' dir='ltr'>alia</span> <span class='ocrx_word' id='word_1_865' title='bbox 1497 1163 1573 1194; x_wconf 79' lang='lat' dir='ltr'>parte</span> <span class='ocrx_word' id='word_1_866' title='bbox 1588 1177 1597 1191; x_wconf 91' lang='lat'>,</span> <span class='ocrx_word' id='word_1_867' title='bbox 1617 1153 1736 1183; x_wconf 66' lang='lat' dir='ltr'>Barones</span> <span class='ocrx_word' id='word_1_868' title='bbox 1752 1177 1761 1191; x_wconf 88' lang='lat'>,</span> <span class='ocrx_word' id='word_1_869' title='bbox 1785 1153 1819 1183; x_wconf 85' lang='lat' dir='ltr'>de</span> <span class='ocrx_word' id='word_1_870' title='bbox 1832 1155 1963 1183; x_wconf 85' lang='lat' dir='ltr'>omnibus</span> <span class='ocrx_word' id='word_1_871' title='bbox 1978 1156 2218 1194; x_wconf 83' lang='lat' dir='ltr'>contentionibus,</span> <span class='ocrx_word' id='word_1_872' title='bbox 2240 1158 2341 1186; x_wconf 78' lang='lat' dir='ltr'>exortis</span> 
     </span>
     <span class='ocr_line' id='line_1_110' title="bbox 1286 1191 2341 1234; baseline 0 -10"><span class='ocrx_word' id='word_1_873' title='bbox 1286 1196 1358 1224; x_wconf 87' lang='lat' dir='ltr'>inter</span> <span class='ocrx_word' id='word_1_874' title='bbox 1371 1205 1418 1224; x_wconf 84' lang='lat' dir='ltr'>eos</span> <span class='ocrx_word' id='word_1_875' title='bbox 1431 1193 1495 1234; x_wconf 88' lang='lat' dir='ltr'>post</span> <span class='ocrx_word' id='word_1_876' title='bbox 1508 1192 1675 1233; x_wconf 68' lang='lat' dir='ltr'>praedicTium</span> <span class='ocrx_word' id='word_1_877' title='bbox 1692 1191 1823 1230; x_wconf 83' lang='lat' dir='ltr'>Festum,</span> <span class='ocrx_word' id='word_1_878' title='bbox 1843 1192 1924 1231; x_wconf 81' lang='lat' dir='ltr'>usque</span> <span class='ocrx_word' id='word_1_879' title='bbox 1942 1192 1971 1221; x_wconf 88' lang='lat' dir='ltr'>in</span> <span class='ocrx_word' id='word_1_880' title='bbox 1994 1195 2163 1229; x_wconf 81' lang='lat' dir='ltr'>praeteritum</span> <span class='ocrx_word' id='word_1_881' title='bbox 2184 1195 2258 1224; x_wconf 88' lang='lat' dir='ltr'>diem</span> <span class='ocrx_word' id='word_1_882' title='bbox 2273 1195 2341 1224; x_wconf 85' lang='lat' dir='ltr'>San-·</span> 
     </span>
     <span class='ocr_line' id='line_1_111' title="bbox 1287 1230 2342 1270; baseline -0.001 -7"><span class='ocrx_word' id='word_1_883' title='bbox 1287 1234 1343 1263; x_wconf 69' lang='lat' dir='ltr'>&amp;ae</span> <span class='ocrx_word' id='word_1_884' title='bbox 1355 1233 1471 1270; x_wconf 86' lang='lat' dir='ltr'>Luciae,</span> <span class='ocrx_word' id='word_1_885' title='bbox 1489 1231 1635 1262; x_wconf 84' lang='lat' dir='ltr'>occasione</span> <span class='ocrx_word' id='word_1_886' title='bbox 1646 1230 1779 1269; x_wconf 63' lang='lat' dir='ltr'>praedicia</span> <span class='ocrx_word' id='word_1_887' title='bbox 1795 1232 1824 1260; x_wconf 89' lang='lat' dir='ltr'>iii</span> <span class='ocrx_word' id='word_1_888' title='bbox 1843 1240 1895 1259; x_wconf 85' lang='lat' dir='ltr'>iios</span> <span class='ocrx_word' id='word_1_889' title='bbox 1915 1231 2164 1269; x_wconf 86' lang='lat' dir='ltr'>compromiserunt</span> <span class='ocrx_word' id='word_1_890' title='bbox 2187 1234 2219 1264; x_wconf 68' lang='grc' dir='ltr'>ὅς</span> <span class='ocrx_word' id='word_1_891' title='bbox 2235 1235 2342 1269; x_wconf 63' lang='lat' dir='ltr'>promi⁴</span> 
     </span>
     <span class='ocr_line' id='line_1_112' title="bbox 1287 1268 2345 1312; baseline -0.002 -10"><span class='ocrx_word' id='word_1_892' title='bbox 1287 1272 1379 1303; x_wconf 87' lang='lat' dir='ltr'>serunt</span> <span class='ocrx_word' id='word_1_893' title='bbox 1387 1282 1435 1312; x_wconf 91' lang='lat' dir='ltr'>per</span> <span class='ocrx_word' id='word_1_894' title='bbox 1448 1272 1616 1309; x_wconf 85' lang='lat' dir='ltr'>juramenta,</span> <span class='ocrx_word' id='word_1_895' title='bbox 1626 1270 1703 1300; x_wconf 56' lang='lat' dir='ltr'>tactis</span> <span class='ocrx_word' id='word_1_896' title='bbox 1717 1269 1890 1299; x_wconf 60' lang='lat' dir='ltr'>iaci—oramen&gt;-</span> <span class='ocrx_word' id='word_1_897' title='bbox 1905 1268 2060 1307; x_wconf 79' lang='lat' dir='ltr'>Evangeliis</span> <span class='ocrx_word' id='word_1_898' title='bbox 2074 1270 2191 1309; x_wconf 82' lang='lat' dir='ltr'>praestita</span> <span class='ocrx_word' id='word_1_899' title='bbox 2199 1293 2209 1308; x_wconf 85' lang='lat'>,</span> <span class='ocrx_word' id='word_1_900' title='bbox 2223 1271 2297 1300; x_wconf 83' lang='lat' dir='ltr'>bona</span> <span class='ocrx_word' id='word_1_901' title='bbox 2312 1271 2345 1300; x_wconf 90' lang='lat' dir='ltr'>fi-</span> 
     </span>
     <span class='ocr_line' id='line_1_113' title="bbox 1288 1307 2344 1348; baseline -0.002 -8"><span class='ocrx_word' id='word_1_902' title='bbox 1288 1310 1324 1340; x_wconf 89' lang='lat' dir='ltr'>de</span> <span class='ocrx_word' id='word_1_903' title='bbox 1339 1311 1363 1340; x_wconf 89' lang='lat' dir='ltr'>se</span> <span class='ocrx_word' id='word_1_904' title='bbox 1376 1313 1525 1340; x_wconf 78' lang='lat' dir='ltr'>lervaturos</span> <span class='ocrx_word' id='word_1_905' title='bbox 1539 1309 1671 1348; x_wconf 86' lang='lat' dir='ltr'>quicquid</span> <span class='ocrx_word' id='word_1_906' title='bbox 1686 1307 1858 1338; x_wconf 85' lang='lat' dir='ltr'>statuerimus</span> <span class='ocrx_word' id='word_1_907' title='bbox 1873 1307 1905 1337; x_wconf 86' lang='lat'>&amp;</span> <span class='ocrx_word' id='word_1_908' title='bbox 1918 1307 2135 1338; x_wconf 82' lang='lat' dir='ltr'>ordinaverimus</span> <span class='ocrx_word' id='word_1_909' title='bbox 2155 1308 2190 1338; x_wconf 87' lang='lat' dir='ltr'>de</span> <span class='ocrx_word' id='word_1_910' title='bbox 2210 1307 2251 1337; x_wconf 88' lang='lat' dir='ltr'>his</span> <span class='ocrx_word' id='word_1_911' title='bbox 2264 1333 2273 1347; x_wconf 80' lang='lat'>,</span> <span class='ocrx_word' id='word_1_912' title='bbox 2297 1309 2344 1339; x_wconf 86' lang='lat' dir='ltr'>vel</span> 
     </span>
     <span class='ocr_line' id='line_1_114' title="bbox 1288 1345 2346 1388; baseline -0.004 -8"><span class='ocrx_word' id='word_1_913' title='bbox 1288 1359 1388 1380; x_wconf 89' lang='lat' dir='ltr'>eorum</span> <span class='ocrx_word' id='word_1_914' title='bbox 1401 1349 1552 1388; x_wconf 64' lang='lat' dir='ltr'>aliquibus,</span> <span class='ocrx_word' id='word_1_915' title='bbox 1572 1349 1608 1378; x_wconf 78' lang='lat' dir='ltr'>ita</span> <span class='ocrx_word' id='word_1_916' title='bbox 1622 1356 1715 1377; x_wconf 87' lang='lat' dir='ltr'>tamen</span> <span class='ocrx_word' id='word_1_917' title='bbox 1731 1346 1807 1385; x_wconf 83' lang='lat' dir='ltr'>quod</span> <span class='ocrx_word' id='word_1_918' title='bbox 1829 1347 1897 1376; x_wconf 80' lang='lat' dir='ltr'>citra</span> <span class='ocrx_word' id='word_1_919' title='bbox 1913 1345 2112 1377; x_wconf 73' lang='lat' dir='ltr'>Pentecosten]</span> <span class='ocrx_word' id='word_1_920' title='bbox 2133 1348 2263 1384; x_wconf 81' lang='lat' dir='ltr'>proximo</span> <span class='ocrx_word' id='word_1_921' title='bbox 2278 1357 2346 1376; x_wconf 78' lang='lat' dir='ltr'>ven-</span> 
     </span>
     <span class='ocr_line' id='line_1_115' title="bbox 1289 1384 2347 1426; baseline -0.003 -8"><span class='ocrx_word' id='word_1_922' title='bbox 1289 1397 1377 1418; x_wconf 78' lang='lat' dir='ltr'>turam</span> <span class='ocrx_word' id='word_1_923' title='bbox 1391 1411 1400 1425; x_wconf 84' lang='lat'>,</span> <span class='ocrx_word' id='word_1_924' title='bbox 1422 1387 1547 1417; x_wconf 82' lang='lat' dir='ltr'>dicamus</span> <span class='ocrx_word' id='word_1_925' title='bbox 1561 1409 1570 1424; x_wconf 89' lang='lat'>,</span> <span class='ocrx_word' id='word_1_926' title='bbox 1596 1385 1673 1426; x_wconf 84' lang='lat' dir='ltr'>super</span> <span class='ocrx_word' id='word_1_927' title='bbox 1693 1385 1753 1422; x_wconf 87' lang='lat' dir='ltr'>his,</span> <span class='ocrx_word' id='word_1_928' title='bbox 1771 1385 1879 1415; x_wconf 62' lang='lat' dir='ltr'>dic‘tum</span> <span class='ocrx_word' id='word_1_929' title='bbox 1900 1384 2046 1425; x_wconf 69' lang='lat' dir='ltr'>nostrum,</span> <span class='ocrx_word' id='word_1_930' title='bbox 2065 1386 2098 1415; x_wconf 63' lang='grc' dir='ltr'>ὃς</span> <span class='ocrx_word' id='word_1_931' title='bbox 2119 1386 2196 1425; x_wconf 85' lang='lat' dir='ltr'>super</span> <span class='ocrx_word' id='word_1_932' title='bbox 2215 1387 2347 1415; x_wconf 87' lang='lat' dir='ltr'>omnibus</span> 
     </span>
     <span class='ocr_line' id='line_1_116' title="bbox 1290 1422 2347 1465; baseline -0.004 -8"><span class='ocrx_word' id='word_1_933' title='bbox 1290 1437 1354 1465; x_wconf 80' lang='lat' dir='ltr'>quae</span> <span class='ocrx_word' id='word_1_934' title='bbox 1369 1426 1446 1465; x_wconf 89' lang='lat' dir='ltr'>super</span> <span class='ocrx_word' id='word_1_935' title='bbox 1457 1426 1554 1463; x_wconf 81' lang='lat' dir='ltr'>rebus,</span> <span class='ocrx_word' id='word_1_936' title='bbox 1573 1426 1602 1455; x_wconf 90' lang='lat' dir='ltr'>in</span> <span class='ocrx_word' id='word_1_937' title='bbox 1613 1424 1849 1464; x_wconf 68' lang='lat' dir='ltr'>compromfflhm</span> <span class='ocrx_word' id='word_1_938' title='bbox 1871 1422 1997 1453; x_wconf 70' lang='lat' dir='ltr'>deductis</span> <span class='ocrx_word' id='word_1_939' title='bbox 2013 1446 2022 1462; x_wconf 88' lang='lat'>,</span> <span class='ocrx_word' id='word_1_940' title='bbox 2047 1424 2091 1454; x_wconf 90' lang='lat' dir='ltr'>vel</span> <span class='ocrx_word' id='word_1_941' title='bbox 2110 1425 2184 1454; x_wconf 85' lang='lat' dir='ltr'>circa</span> <span class='ocrx_word' id='word_1_942' title='bbox 2197 1424 2262 1464; x_wconf 80' lang='lat' dir='ltr'>ipsas</span> <span class='ocrx_word' id='word_1_943' title='bbox 2277 1425 2347 1455; x_wconf 87' lang='lat' dir='ltr'>inte-</span> 
     </span>
     <span class='ocr_line' id='line_1_117' title="bbox 1290 1465 1687 1505; baseline -0.01 -9"><span class='ocrx_word' id='word_1_944' title='bbox 1290 1468 1345 1496; x_wconf 88' lang='lat' dir='ltr'>rim</span> <span class='ocrx_word' id='word_1_945' title='bbox 1361 1465 1509 1505; x_wconf 80' lang='lat' dir='ltr'>contigerit</span> <span class='ocrx_word' id='word_1_946' title='bbox 1522 1465 1687 1503; x_wconf 81' lang='lat' dir='ltr'>attemptari.</span> 
     </span>
    </p>

    <p class='ocr_par' dir='ltr' id='par_1_32' title="bbox 1289 1500 2351 1967">
     <span class='ocr_line' id='line_1_118' title="bbox 1327 1500 2346 1543; baseline -0.003 -9"><span class='ocrx_word' id='word_1_947' title='bbox 1327 1504 1395 1534; x_wconf 89' lang='lat' dir='ltr'>Nos</span> <span class='ocrx_word' id='word_1_948' title='bbox 1409 1514 1494 1541; x_wconf 89' lang='lat' dir='ltr'>vero,</span> <span class='ocrx_word' id='word_1_949' title='bbox 1512 1503 1632 1543; x_wconf 71' lang='lat' dir='ltr'>pastibus</span> <span class='ocrx_word' id='word_1_950' title='bbox 1646 1511 1697 1542; x_wconf 87' lang='lat' dir='ltr'>pro</span> <span class='ocrx_word' id='word_1_951' title='bbox 1718 1511 1759 1531; x_wconf 88' lang='lat' dir='ltr'>ter</span> <span class='ocrx_word' id='word_1_952' title='bbox 1774 1500 1831 1530; x_wconf 90' lang='lat' dir='ltr'>hoc</span> <span class='ocrx_word' id='word_1_953' title='bbox 1847 1501 2010 1530; x_wconf 79' lang='lat' dir='ltr'>convocatis</span> <span class='ocrx_word' id='word_1_954' title='bbox 2025 1500 2172 1538; x_wconf 85' lang='lat' dir='ltr'>Ambiani,</span> <span class='ocrx_word' id='word_1_955' title='bbox 2192 1500 2271 1531; x_wconf 66' lang='lat' dir='ltr'>dieto</span> <span class='ocrx_word' id='word_1_956' title='bbox 2286 1500 2346 1532; x_wconf 50' lang='lat' dir='ltr'>Rea</span> 
     </span>
     <span class='ocr_line' id='line_1_119' title="bbox 1289 1538 2347 1584; baseline -0.005 -11"><span class='ocrx_word' id='word_1_957' title='bbox 1289 1552 1325 1582; x_wconf 83' lang='lat' dir='ltr'>ge</span> <span class='ocrx_word' id='word_1_958' title='bbox 1338 1543 1529 1584; x_wconf 86' lang='lat' dir='ltr'>personaliter,</span> <span class='ocrx_word' id='word_1_959' title='bbox 1547 1542 1579 1572; x_wconf 90' lang='lat'>&amp;</span> <span class='ocrx_word' id='word_1_960' title='bbox 1591 1541 1694 1581; x_wconf 84' lang='lat' dir='ltr'>quibus</span> <span class='ocrx_word' id='word_1_961' title='bbox 1709 1550 1754 1570; x_wconf 84' lang='lat' dir='ltr'>am</span> <span class='ocrx_word' id='word_1_962' title='bbox 1769 1540 1804 1570; x_wconf 89' lang='lat' dir='ltr'>de</span> <span class='ocrx_word' id='word_1_963' title='bbox 1811 1538 1965 1569; x_wconf 83' lang='lat' dir='ltr'>Batonibus</span> <span class='ocrx_word' id='word_1_964' title='bbox 1978 1549 2025 1579; x_wconf 88' lang='lat' dir='ltr'>per</span> <span class='ocrx_word' id='word_1_965' title='bbox 2041 1539 2083 1578; x_wconf 79' lang='lat' dir='ltr'>se,</span> <span class='ocrx_word' id='word_1_966' title='bbox 2101 1540 2134 1570; x_wconf 89' lang='lat'>&amp;</span> <span class='ocrx_word' id='word_1_967' title='bbox 2149 1540 2206 1570; x_wconf 87' lang='lat' dir='ltr'>aliis</span> <span class='ocrx_word' id='word_1_968' title='bbox 2218 1549 2266 1580; x_wconf 88' lang='lat' dir='ltr'>per</span> <span class='ocrx_word' id='word_1_969' title='bbox 2275 1538 2347 1569; x_wconf 51' lang='lat' dir='ltr'>Pro*</span> 
     </span>
     <span class='ocr_line' id='line_1_120' title="bbox 1289 1577 2348 1620; baseline -0.005 -8"><span class='ocrx_word' id='word_1_970' title='bbox 1289 1590 1431 1612; x_wconf 77' lang='lat' dir='ltr'>curatores</span> <span class='ocrx_word' id='word_1_971' title='bbox 1443 1580 1670 1620; x_wconf 84' lang='lat' dir='ltr'>comparentibus</span> <span class='ocrx_word' id='word_1_972' title='bbox 1684 1588 1781 1609; x_wconf 87' lang='lat' dir='ltr'>coram</span> <span class='ocrx_word' id='word_1_973' title='bbox 1797 1578 1895 1615; x_wconf 77' lang='lat' dir='ltr'>nobi53</span> <span class='ocrx_word' id='word_1_974' title='bbox 1913 1577 2010 1608; x_wconf 87' lang='lat' dir='ltr'>auditis</span> <span class='ocrx_word' id='word_1_975' title='bbox 2024 1578 2090 1608; x_wconf 89' lang='lat' dir='ltr'>hinc</span> <span class='ocrx_word' id='word_1_976' title='bbox 2105 1577 2169 1608; x_wconf 92' lang='lat' dir='ltr'>inde</span> <span class='ocrx_word' id='word_1_977' title='bbox 2188 1588 2237 1615; x_wconf 90' lang='lat' dir='ltr'>pro</span> <span class='ocrx_word' id='word_1_978' title='bbox 2258 1578 2348 1616; x_wconf 80' lang='lat' dir='ltr'>olitis,</span> 
     </span>
     <span class='ocr_line' id='line_1_121' title="bbox 1291 1617 2347 1656; baseline -0.006 -5"><span class='ocrx_word' id='word_1_979' title='bbox 1291 1622 1325 1652; x_wconf 68' lang='grc' dir='ltr'>ὅτ</span> <span class='ocrx_word' id='word_1_980' title='bbox 1338 1622 1422 1651; x_wconf 88' lang='lat' dir='ltr'>etiarn</span> <span class='ocrx_word' id='word_1_981' title='bbox 1437 1619 1658 1656; x_wconf 83' lang='lat' dir='ltr'>defensionibus,</span> <span class='ocrx_word' id='word_1_982' title='bbox 1675 1628 1707 1648; x_wconf 87' lang='lat' dir='ltr'>ac</span> <span class='ocrx_word' id='word_1_983' title='bbox 1721 1617 1872 1647; x_wconf 90' lang='lat' dir='ltr'>rationibus</span> <span class='ocrx_word' id='word_1_984' title='bbox 1886 1618 2003 1655; x_wconf 81' lang='lat' dir='ltr'>partium</span> <span class='ocrx_word' id='word_1_985' title='bbox 2017 1617 2122 1653; x_wconf 85' lang='lat' dir='ltr'>plenius</span> <span class='ocrx_word' id='word_1_986' title='bbox 2136 1617 2226 1646; x_wconf 88' lang='lat' dir='ltr'>intelle</span> <span class='ocrx_word' id='word_1_987' title='bbox 2244 1617 2292 1654; x_wconf 87' lang='lat' dir='ltr'>tis,</span> <span class='ocrx_word' id='word_1_988' title='bbox 2306 1625 2347 1646; x_wconf 87' lang='lat' dir='ltr'>at—</span> 
     </span>
     <span class='ocr_line' id='line_1_122' title="bbox 1290 1654 2348 1696; baseline -0.004 -7"><span class='ocrx_word' id='word_1_989' title='bbox 1290 1658 1433 1689; x_wconf 83' lang='lat' dir='ltr'>tendentes</span> <span class='ocrx_word' id='word_1_990' title='bbox 1446 1668 1494 1696; x_wconf 87' lang='lat' dir='ltr'>per</span> <span class='ocrx_word' id='word_1_991' title='bbox 1508 1658 1685 1688; x_wconf 88' lang='lat' dir='ltr'>Provisiones</span> <span class='ocrx_word' id='word_1_992' title='bbox 1698 1679 1707 1694; x_wconf 88' lang='lat'>,</span> <span class='ocrx_word' id='word_1_993' title='bbox 1732 1655 1946 1691; x_wconf 84' lang='lat' dir='ltr'>Ordinationes,</span> <span class='ocrx_word' id='word_1_994' title='bbox 1962 1654 2066 1685; x_wconf 80' lang='lat' dir='ltr'>Statura</span> <span class='ocrx_word' id='word_1_995' title='bbox 2077 1678 2086 1693; x_wconf 94' lang='lat'>,</span> <span class='ocrx_word' id='word_1_996' title='bbox 2104 1657 2137 1686; x_wconf 70' lang='grc' dir='ltr'>ὃς</span> <span class='ocrx_word' id='word_1_997' title='bbox 2153 1655 2221 1685; x_wconf 91' lang='lat' dir='ltr'>Obli</span> <span class='ocrx_word' id='word_1_998' title='bbox 2243 1657 2348 1685; x_wconf 78' lang='lat' dir='ltr'>ationes</span> 
     </span>
     <span class='ocr_line' id='line_1_123' title="bbox 1292 1693 2348 1735; baseline -0.005 -7"><span class='ocrx_word' id='word_1_999' title='bbox 1292 1697 1483 1735; x_wconf 89' lang='lat' dir='ltr'>Oxonienses,</span> <span class='ocrx_word' id='word_1_1000' title='bbox 1498 1697 1531 1727; x_wconf 70' lang='grc' dir='ltr'>ἂ</span> <span class='ocrx_word' id='word_1_1001' title='bbox 1544 1706 1593 1734; x_wconf 86' lang='lat' dir='ltr'>per</span> <span class='ocrx_word' id='word_1_1002' title='bbox 1605 1706 1636 1725; x_wconf 89' lang='lat' dir='ltr'>ea</span> <span class='ocrx_word' id='word_1_1003' title='bbox 1645 1719 1654 1733; x_wconf 90' lang='lat'>,</span> <span class='ocrx_word' id='word_1_1004' title='bbox 1672 1704 1735 1733; x_wconf 82' lang='lat' dir='ltr'>quae</span> <span class='ocrx_word' id='word_1_1005' title='bbox 1749 1703 1782 1723; x_wconf 90' lang='lat' dir='ltr'>ex</span> <span class='ocrx_word' id='word_1_1006' title='bbox 1795 1695 1832 1723; x_wconf 92' lang='lat' dir='ltr'>eis</span> <span class='ocrx_word' id='word_1_1007' title='bbox 1844 1716 1854 1731; x_wconf 87' lang='lat'>,</span> <span class='ocrx_word' id='word_1_1008' title='bbox 1877 1694 1910 1724; x_wconf 66' lang='grc' dir='ltr'>ὃς</span> <span class='ocrx_word' id='word_1_1009' title='bbox 1931 1693 2079 1723; x_wconf 87' lang='lat' dir='ltr'>occasione</span> <span class='ocrx_word' id='word_1_1010' title='bbox 2092 1703 2191 1724; x_wconf 91' lang='lat' dir='ltr'>eorum</span> <span class='ocrx_word' id='word_1_1011' title='bbox 2207 1693 2234 1723; x_wconf 91' lang='lat' dir='ltr'>su</span> <span class='ocrx_word' id='word_1_1012' title='bbox 2257 1694 2348 1723; x_wconf 85' lang='lat' dir='ltr'>secuta</span> 
     </span>
     <span class='ocr_line' id='line_1_124' title="bbox 1291 1731 2348 1775; baseline -0.005 -9"><span class='ocrx_word' id='word_1_1013' title='bbox 1291 1736 1370 1775; x_wconf 86' lang='lat' dir='ltr'>sunt,</span> <span class='ocrx_word' id='word_1_1014' title='bbox 1382 1736 1481 1775; x_wconf 88' lang='lat' dir='ltr'>juri&amp;</span> <span class='ocrx_word' id='word_1_1015' title='bbox 1496 1735 1599 1764; x_wconf 91' lang='lat' dir='ltr'>honori</span> <span class='ocrx_word' id='word_1_1016' title='bbox 1614 1733 1709 1772; x_wconf 83' lang='lat' dir='ltr'>Regio</span> <span class='ocrx_word' id='word_1_1017' title='bbox 1724 1733 1875 1770; x_wconf 84' lang='lat' dir='ltr'>plurimum</span> <span class='ocrx_word' id='word_1_1018' title='bbox 1890 1732 1969 1761; x_wconf 78' lang='lat' dir='ltr'>fuiffe</span> <span class='ocrx_word' id='word_1_1019' title='bbox 1988 1732 2161 1770; x_wconf 69' lang='lat' dir='ltr'>detractum,</span> <span class='ocrx_word' id='word_1_1020' title='bbox 2177 1731 2272 1771; x_wconf 85' lang='lat' dir='ltr'>Regni</span> <span class='ocrx_word' id='word_1_1021' title='bbox 2290 1740 2348 1761; x_wconf 74' lang='lat' dir='ltr'>tur-v</span> 
     </span>
     <span class='ocr_line' id='line_1_125' title="bbox 1291 1769 2351 1811; baseline -0.004 -6"><span class='ocrx_word' id='word_1_1022' title='bbox 1291 1775 1453 1811; x_wconf 88' lang='lat' dir='ltr'>bationem,</span> <span class='ocrx_word' id='word_1_1023' title='bbox 1472 1773 1658 1804; x_wconf 70' lang='lat' dir='ltr'>Ecclesiarum</span> <span class='ocrx_word' id='word_1_1024' title='bbox 1670 1770 1889 1810; x_wconf 76' lang='lat' dir='ltr'>depressionem,</span> <span class='ocrx_word' id='word_1_1025' title='bbox 1908 1770 1941 1800; x_wconf 89' lang='lat'>&amp;</span> <span class='ocrx_word' id='word_1_1026' title='bbox 1955 1769 2227 1809; x_wconf 81' lang='lat' dir='ltr'>depraeditationem,</span> <span class='ocrx_word' id='word_1_1027' title='bbox 2246 1772 2279 1802; x_wconf 88' lang='lat'>&amp;</span> <span class='ocrx_word' id='word_1_1028' title='bbox 2293 1770 2351 1801; x_wconf 78' lang='lat' dir='ltr'>aliis</span> 
     </span>
     <span class='ocr_line' id='line_1_126' title="bbox 1292 1808 2350 1852; baseline -0.004 -8"><span class='ocrx_word' id='word_1_1029' title='bbox 1292 1813 1414 1851; x_wconf 87' lang='lat' dir='ltr'>personis</span> <span class='ocrx_word' id='word_1_1030' title='bbox 1429 1814 1507 1852; x_wconf 89' lang='lat' dir='ltr'>ipsius</span> <span class='ocrx_word' id='word_1_1031' title='bbox 1522 1811 1618 1850; x_wconf 82' lang='lat' dir='ltr'>Regni</span> <span class='ocrx_word' id='word_1_1032' title='bbox 1635 1834 1644 1849; x_wconf 84' lang='lat'>,</span> <span class='ocrx_word' id='word_1_1033' title='bbox 1667 1809 1864 1840; x_wconf 86' lang='lat' dir='ltr'>Ecclesiasticis</span> <span class='ocrx_word' id='word_1_1034' title='bbox 1878 1810 1910 1838; x_wconf 72' lang='grc' dir='ltr'>δε</span> <span class='ocrx_word' id='word_1_1035' title='bbox 1927 1808 2100 1839; x_wconf 85' lang='lat' dir='ltr'>Secularibus</span> <span class='ocrx_word' id='word_1_1036' title='bbox 2111 1832 2121 1848; x_wconf 82' lang='lat'>,</span> <span class='ocrx_word' id='word_1_1037' title='bbox 2146 1809 2297 1848; x_wconf 84' lang='lat' dir='ltr'>indigenis,</span> <span class='ocrx_word' id='word_1_1038' title='bbox 2315 1809 2350 1840; x_wconf 70' lang='grc' dir='ltr'>δε</span> 
     </span>
     <span class='ocr_line' id='line_1_127' title="bbox 1291 1846 2349 1892; baseline -0.007 -9"><span class='ocrx_word' id='word_1_1039' title='bbox 1291 1853 1450 1892; x_wconf 87' lang='lat' dir='ltr'>alienigenis</span> <span class='ocrx_word' id='word_1_1040' title='bbox 1465 1874 1475 1890; x_wconf 82' lang='lat'>,</span> <span class='ocrx_word' id='word_1_1041' title='bbox 1499 1850 1655 1890; x_wconf 70' lang='lat' dir='ltr'>gravissima</span> <span class='ocrx_word' id='word_1_1042' title='bbox 1669 1848 1807 1889; x_wconf 82' lang='lat' dir='ltr'>dispendia</span> <span class='ocrx_word' id='word_1_1043' title='bbox 1823 1846 1979 1884; x_wconf 79' lang='lat' dir='ltr'>provenisse</span> <span class='ocrx_word' id='word_1_1044' title='bbox 1992 1859 2002 1885; x_wconf 86' lang='lat'>·,</span> <span class='ocrx_word' id='word_1_1045' title='bbox 2026 1847 2061 1878; x_wconf 68' lang='grc' dir='ltr'>ὃ(</span> <span class='ocrx_word' id='word_1_1046' title='bbox 2074 1847 2151 1887; x_wconf 90' lang='lat' dir='ltr'>quod</span> <span class='ocrx_word' id='word_1_1047' title='bbox 2170 1848 2349 1878; x_wconf 79' lang='lat' dir='ltr'>verisimiliter</span> 
     </span>
     <span class='ocr_line' id='line_1_128' title="bbox 1291 1885 2350 1928; baseline -0.005 -7"><span class='ocrx_word' id='word_1_1048' title='bbox 1291 1892 1443 1921; x_wconf 77' lang='lat' dir='ltr'>timebatur</span> <span class='ocrx_word' id='word_1_1049' title='bbox 1456 1900 1491 1919; x_wconf 89' lang='lat' dir='ltr'>ne</span> <span class='ocrx_word' id='word_1_1050' title='bbox 1505 1889 1630 1928; x_wconf 84' lang='lat' dir='ltr'>graviora</span> <span class='ocrx_word' id='word_1_1051' title='bbox 1645 1888 1814 1926; x_wconf 87' lang='lat' dir='ltr'>contigerint</span> <span class='ocrx_word' id='word_1_1052' title='bbox 1827 1887 1855 1915; x_wconf 89' lang='lat' dir='ltr'>in</span> <span class='ocrx_word' id='word_1_1053' title='bbox 1868 1885 2010 1924; x_wconf 85' lang='lat' dir='ltr'>futurum,</span> <span class='ocrx_word' id='word_1_1054' title='bbox 2027 1887 2241 1917; x_wconf 83' lang='lat' dir='ltr'>communicato</span> <span class='ocrx_word' id='word_1_1055' title='bbox 2255 1887 2350 1916; x_wconf 67' lang='lat' dir='ltr'>bono⁴</span> 
     </span>
     <span class='ocr_line' id='line_1_129' title="bbox 1292 1926 1739 1967; baseline -0.011 -8"><span class='ocrx_word' id='word_1_1056' title='bbox 1292 1939 1356 1959; x_wconf 90' lang='lat' dir='ltr'>rum</span> <span class='ocrx_word' id='word_1_1057' title='bbox 1368 1931 1401 1960; x_wconf 71' lang='grc' dir='ltr'>δε</span> <span class='ocrx_word' id='word_1_1058' title='bbox 1420 1929 1588 1967; x_wconf 71' lang='lat' dir='ltr'>Magnarum</span> <span class='ocrx_word' id='word_1_1059' title='bbox 1604 1926 1739 1963; x_wconf 81' lang='lat' dir='ltr'>consilio,</span> 
     </span>
    </p>

    <p class='ocr_par' dir='ltr' id='par_1_33' title="bbox 1293 1958 2497 2354">
     <span class='ocr_line' id='line_1_130' title="bbox 1331 1958 2351 2004; baseline -0.005 -7"><span class='ocrx_word' id='word_1_1060' title='bbox 1331 1968 1386 1997; x_wconf 88' lang='lat' dir='ltr'>IN</span> <span class='ocrx_word' id='word_1_1061' title='bbox 1409 1964 1624 1997; x_wconf 80' lang='lat' dir='ltr'>NOMINE</span> <span class='ocrx_word' id='word_1_1062' title='bbox 1649 1962 1827 1994; x_wconf 84' lang='lat' dir='ltr'>PATRIS</span> <span class='ocrx_word' id='word_1_1063' title='bbox 1841 1985 1851 1998; x_wconf 75' lang='lat'>,</span> <span class='ocrx_word' id='word_1_1064' title='bbox 1878 1961 1938 2004; x_wconf 71' lang='lat' dir='ltr'>ET</span> <span class='ocrx_word' id='word_1_1065' title='bbox 1962 1960 2099 2001; x_wconf 83' lang='lat' dir='ltr'>FILII,</span> <span class='ocrx_word' id='word_1_1066' title='bbox 2122 1958 2183 1992; x_wconf 84' lang='lat' dir='ltr'>ET</span> <span class='ocrx_word' id='word_1_1067' title='bbox 2205 1962 2351 1993; x_wconf 86' lang='lat' dir='ltr'>SPIRI-</span> 
     </span>
     <span class='ocr_line' id='line_1_131' title="bbox 1293 2000 2350 2042; baseline -0.004 -6"><span class='ocrx_word' id='word_1_1068' title='bbox 1293 2006 1393 2036; x_wconf 88' lang='lat' dir='ltr'>TUS</span> <span class='ocrx_word' id='word_1_1069' title='bbox 1412 2003 1620 2041; x_wconf 81' lang='lat' dir='ltr'>SANCTI,</span> <span class='ocrx_word' id='word_1_1070' title='bbox 1638 2001 1782 2042; x_wconf 73' lang='lat' dir='ltr'>praediCtas</span> <span class='ocrx_word' id='word_1_1071' title='bbox 1804 2000 1995 2038; x_wconf 79' lang='lat' dir='ltr'>Proviiioiies,</span> <span class='ocrx_word' id='word_1_1072' title='bbox 2013 2000 2227 2039; x_wconf 85' lang='lat' dir='ltr'>Ordinationes,</span> <span class='ocrx_word' id='word_1_1073' title='bbox 2245 2001 2350 2032; x_wconf 79' lang='lat' dir='ltr'>Statura</span> 
     </span>
     <span class='ocr_line' id='line_1_132' title="bbox 1294 2039 2497 2083; baseline -0.007 -8"><span class='ocrx_word' id='word_1_1074' title='bbox 1294 2045 1327 2075; x_wconf 71' lang='grc' dir='ltr'>ὃ(</span> <span class='ocrx_word' id='word_1_1075' title='bbox 1341 2045 1551 2083; x_wconf 67' lang='lat' dir='ltr'>obligationes,</span> <span class='ocrx_word' id='word_1_1076' title='bbox 1568 2050 1753 2083; x_wconf 78' lang='lat' dir='ltr'>quocumque</span> <span class='ocrx_word' id='word_1_1077' title='bbox 1775 2039 1864 2070; x_wconf 87' lang='lat' dir='ltr'>modo</span> <span class='ocrx_word' id='word_1_1078' title='bbox 1882 2039 2042 2069; x_wconf 84' lang='lat' dir='ltr'>censeantur</span> <span class='ocrx_word' id='word_1_1079' title='bbox 2055 2062 2065 2077; x_wconf 94' lang='lat'>,</span> <span class='ocrx_word' id='word_1_1080' title='bbox 2091 2042 2105 2056; x_wconf 66' lang='lat'>*</span> <span class='ocrx_word' id='word_1_1081' title='bbox 2121 2040 2153 2070; x_wconf 60' lang='grc' dir='ltr'>ὃς</span> <span class='ocrx_word' id='word_1_1082' title='bbox 2168 2039 2301 2079; x_wconf 86' lang='lat' dir='ltr'>quidquid</span> <span class='ocrx_word' id='word_1_1083' title='bbox 2318 2050 2351 2071; x_wconf 83' lang='lat' dir='ltr'>ex</span> <span class='ocrx_word' id='word_1_1084' title='bbox 2367 2049 2379 2067; x_wconf 62' lang='grc' dir='ltr'>κ</span> <span class='ocrx_word' id='word_1_1085' title='bbox 2396 2041 2419 2073; x_wconf 85' lang='grc' dir='ltr'>Ι,</span> <span class='ocrx_word' id='word_1_1086' title='bbox 2435 2039 2497 2077; x_wconf 59' lang='lat'>7⁷³⁶</span> 
     </span>
     <span class='ocr_line' id='line_1_133' title="bbox 1293 2076 2353 2119; baseline -0.006 -6"><span class='ocrx_word' id='word_1_1087' title='bbox 1293 2085 1349 2119; x_wconf 79' lang='lat' dir='ltr'>eis,</span> <span class='ocrx_word' id='word_1_1088' title='bbox 1362 2083 1407 2113; x_wconf 86' lang='lat' dir='ltr'>vel</span> <span class='ocrx_word' id='word_1_1089' title='bbox 1420 2082 1567 2113; x_wconf 82' lang='lat' dir='ltr'>occasione</span> <span class='ocrx_word' id='word_1_1090' title='bbox 1580 2090 1680 2111; x_wconf 85' lang='lat' dir='ltr'>eorum</span> <span class='ocrx_word' id='word_1_1091' title='bbox 1692 2078 1865 2109; x_wconf 68' lang='lat' dir='ltr'>subsecutum</span> <span class='ocrx_word' id='word_1_1092' title='bbox 1878 2078 1933 2114; x_wconf 77' lang='lat' dir='ltr'>est,</span> <span class='ocrx_word' id='word_1_1093' title='bbox 1972 2087 2000 2107; x_wconf 83' lang='lat' dir='ltr'>er</span> <span class='ocrx_word' id='word_1_1094' title='bbox 2018 2076 2176 2108; x_wconf 71' lang='lat' dir='ltr'>DICTU</span> <span class='ocrx_word' id='word_1_1095' title='bbox 2187 2077 2225 2108; x_wconf 89' lang='lat' dir='ltr'>M</span> <span class='ocrx_word' id='word_1_1096' title='bbox 2240 2078 2274 2108; x_wconf 89' lang='lat' dir='ltr'>N</span> <span class='ocrx_word' id='word_1_1097' title='bbox 2282 2078 2353 2108; x_wconf 88' lang='lat' dir='ltr'>OS-</span> 
     </span>
     <span class='ocr_line' id='line_1_134' title="bbox 1294 2115 2354 2158; baseline -0.005 -6"><span class='ocrx_word' id='word_1_1098' title='bbox 1294 2121 1400 2152; x_wconf 82' lang='lat' dir='ltr'>TRU</span> <span class='ocrx_word' id='word_1_1099' title='bbox 1412 2121 1467 2158; x_wconf 85' lang='lat' dir='ltr'>M,</span> <span class='ocrx_word' id='word_1_1100' title='bbox 1485 2121 1530 2150; x_wconf 90' lang='lat' dir='ltr'>seu</span> <span class='ocrx_word' id='word_1_1101' title='bbox 1548 2115 1921 2149; x_wconf 86' lang='lat' dir='ltr'>ORDINATIONE</span> <span class='ocrx_word' id='word_1_1102' title='bbox 1990 2115 2246 2147; x_wconf 88' lang='lat' dir='ltr'>NOSTRAM</span> <span class='ocrx_word' id='word_1_1103' title='bbox 2271 2117 2354 2147; x_wconf 74' lang='lat' dir='ltr'>caffa-</span> 
     </span>
     <span class='ocr_line' id='line_1_135' title="bbox 1296 2154 2356 2196; baseline -0.007 -5"><span class='ocrx_word' id='word_1_1104' title='bbox 1296 2170 1359 2191; x_wconf 91' lang='lat' dir='ltr'>mus</span> <span class='ocrx_word' id='word_1_1105' title='bbox 1375 2161 1409 2191; x_wconf 72' lang='grc' dir='ltr'>δε</span> <span class='ocrx_word' id='word_1_1106' title='bbox 1421 2161 1573 2196; x_wconf 77' lang='lat' dir='ltr'>irritamus,</span> <span class='ocrx_word' id='word_1_1107' title='bbox 1591 2157 1711 2187; x_wconf 82' lang='lat' dir='ltr'>maxime</span> <span class='ocrx_word' id='word_1_1108' title='bbox 1730 2165 1798 2186; x_wconf 86' lang='lat' dir='ltr'>curn</span> <span class='ocrx_word' id='word_1_1109' title='bbox 1818 2163 1943 2194; x_wconf 77' lang='lat' dir='ltr'>appareat</span> <span class='ocrx_word' id='word_1_1110' title='bbox 1962 2155 2102 2185; x_wconf 89' lang='lat' dir='ltr'>summum</span> <span class='ocrx_word' id='word_1_1111' title='bbox 2124 2154 2293 2185; x_wconf 81' lang='lat' dir='ltr'>Pontificem</span> <span class='ocrx_word' id='word_1_1112' title='bbox 2311 2166 2356 2185; x_wconf 82' lang='lat' dir='ltr'>eas</span> 
     </span>
     <span class='ocr_line' id='line_1_136' title="bbox 1294 2192 2357 2238; baseline -0.006 -9"><span class='ocrx_word' id='word_1_1113' title='bbox 1294 2208 1343 2238; x_wconf 89' lang='lat' dir='ltr'>per</span> <span class='ocrx_word' id='word_1_1114' title='bbox 1358 2199 1414 2229; x_wconf 86' lang='lat' dir='ltr'>suas</span> <span class='ocrx_word' id='word_1_1115' title='bbox 1428 2198 1527 2229; x_wconf 87' lang='lat' dir='ltr'>litteras</span> <span class='ocrx_word' id='word_1_1116' title='bbox 1542 2196 1625 2227; x_wconf 77' lang='lat' dir='ltr'>casias</span> <span class='ocrx_word' id='word_1_1117' title='bbox 1638 2197 1671 2227; x_wconf 65' lang='grc' dir='ltr'>ὃς</span> <span class='ocrx_word' id='word_1_1118' title='bbox 1688 2195 1775 2225; x_wconf 88' lang='lat' dir='ltr'>irritas</span> <span class='ocrx_word' id='word_1_1119' title='bbox 1789 2193 1947 2231; x_wconf 63' lang='lat' dir='ltr'>nunciasse,</span> <span class='ocrx_word' id='word_1_1120' title='bbox 1965 2192 2134 2223; x_wconf 79' lang='lat' dir='ltr'>Ordinantes</span> <span class='ocrx_word' id='word_1_1121' title='bbox 2148 2194 2225 2233; x_wconf 88' lang='lat' dir='ltr'>quod</span> <span class='ocrx_word' id='word_1_1122' title='bbox 2240 2195 2299 2224; x_wconf 71' lang='lat' dir='ltr'>tam</span> <span class='ocrx_word' id='word_1_1123' title='bbox 2313 2192 2357 2224; x_wconf 73' lang='lat' dir='ltr'>cii-</span> 
     </span>
     <span class='ocr_line' id='line_1_137' title="bbox 1296 2231 2356 2277; baseline -0.007 -8"><span class='ocrx_word' id='word_1_1124' title='bbox 1296 2238 1358 2268; x_wconf 68' lang='lat' dir='ltr'>eius</span> <span class='ocrx_word' id='word_1_1125' title='bbox 1372 2237 1455 2275; x_wconf 87' lang='lat' dir='ltr'>Rex,</span> <span class='ocrx_word' id='word_1_1126' title='bbox 1473 2237 1559 2277; x_wconf 63' lang='lat' dir='ltr'>quiim</span> <span class='ocrx_word' id='word_1_1127' title='bbox 1575 2234 1712 2272; x_wconf 73' lang='lat' dir='ltr'>Baiones,</span> <span class='ocrx_word' id='word_1_1128' title='bbox 1730 2234 1763 2264; x_wconf 67' lang='grc' dir='ltr'>ὃς</span> <span class='ocrx_word' id='word_1_1129' title='bbox 1776 2233 1821 2263; x_wconf 88' lang='lat' dir='ltr'>alii</span> <span class='ocrx_word' id='word_1_1130' title='bbox 1835 2233 2007 2270; x_wconf 85' lang='lat' dir='ltr'>quicumque</span> <span class='ocrx_word' id='word_1_1131' title='bbox 2025 2231 2151 2272; x_wconf 76' lang='lat' dir='ltr'>praesenn‘</span> <span class='ocrx_word' id='word_1_1132' title='bbox 2169 2233 2356 2272; x_wconf 84' lang='lat' dir='ltr'>compromis-</span> 
     </span>
     <span class='ocr_line' id='line_1_138' title="bbox 1295 2270 2357 2313; baseline -0.006 -6"><span class='ocrx_word' id='word_1_1133' title='bbox 1295 2276 1325 2306; x_wconf 88' lang='lat' dir='ltr'>so</span> <span class='ocrx_word' id='word_1_1134' title='bbox 1340 2276 1536 2307; x_wconf 87' lang='lat' dir='ltr'>consenserunt</span> <span class='ocrx_word' id='word_1_1135' title='bbox 1553 2297 1563 2313; x_wconf 81' lang='lat'><strong>&gt;</strong></span> <span class='ocrx_word' id='word_1_1136' title='bbox 1586 2275 1620 2305; x_wconf 92' lang='lat'>&amp;</span> <span class='ocrx_word' id='word_1_1137' title='bbox 1635 2274 1671 2303; x_wconf 89' lang='lat' dir='ltr'>de</span> <span class='ocrx_word' id='word_1_1138' title='bbox 1692 2272 1830 2313; x_wconf 72' lang='lat' dir='ltr'>praediffis</span> <span class='ocrx_word' id='word_1_1139' title='bbox 1849 2270 2026 2301; x_wconf 87' lang='lat' dir='ltr'>observandis</span> <span class='ocrx_word' id='word_1_1140' title='bbox 2047 2270 2073 2299; x_wconf 90' lang='lat' dir='ltr'>se</span> <span class='ocrx_word' id='word_1_1141' title='bbox 2095 2271 2302 2308; x_wconf 82' lang='lat' dir='ltr'>quoquomodo</span> <span class='ocrx_word' id='word_1_1142' title='bbox 2317 2281 2357 2301; x_wconf 73' lang='lat' dir='ltr'>as«</span> 
     </span>
     <span class='ocr_line' id='line_1_139' title="bbox 1295 2308 2160 2354; baseline -0.009 -8"><span class='ocrx_word' id='word_1_1143' title='bbox 1295 2316 1466 2354; x_wconf 82' lang='lat' dir='ltr'>trinxerimt,</span> <span class='ocrx_word' id='word_1_1144' title='bbox 1485 2314 1511 2344; x_wconf 90' lang='lat' dir='ltr'>se</span> <span class='ocrx_word' id='word_1_1145' title='bbox 1523 2313 1558 2344; x_wconf 88' lang='lat' dir='ltr'>de</span> <span class='ocrx_word' id='word_1_1146' title='bbox 1573 2312 1674 2342; x_wconf 89' lang='lat' dir='ltr'>eisdem</span> <span class='ocrx_word' id='word_1_1147' title='bbox 1686 2312 1809 2351; x_wconf 90' lang='lat' dir='ltr'>quietent</span> <span class='ocrx_word' id='word_1_1148' title='bbox 1822 2310 1944 2349; x_wconf 79' lang='lat' dir='ltr'>penitus,</span> <span class='ocrx_word' id='word_1_1149' title='bbox 1962 2310 1995 2339; x_wconf 89' lang='lat'>&amp;</span> <span class='ocrx_word' id='word_1_1150' title='bbox 2007 2308 2160 2339; x_wconf 86' lang='lat' dir='ltr'>absolvant.</span> 
     </span>
    </p>

    <p class='ocr_par' dir='ltr' id='par_1_34' title="bbox 1295 2346 2357 2584">
     <span class='ocr_line' id='line_1_140' title="bbox 1333 2346 2356 2390; baseline -0.008 -5"><span class='ocrx_word' id='word_1_1151' title='bbox 1333 2354 1499 2385; x_wconf 86' lang='lat' dir='ltr'>Addicimus</span> <span class='ocrx_word' id='word_1_1152' title='bbox 1511 2353 1596 2382; x_wconf 78' lang='lat' dir='ltr'>etiam</span> <span class='ocrx_word' id='word_1_1153' title='bbox 1612 2350 1690 2390; x_wconf 88' lang='lat' dir='ltr'>quod</span> <span class='ocrx_word' id='word_1_1154' title='bbox 1705 2374 1715 2389; x_wconf 86' lang='lat'>,</span> <span class='ocrx_word' id='word_1_1155' title='bbox 1742 2359 1775 2380; x_wconf 85' lang='lat' dir='ltr'>ex</span> <span class='ocrx_word' id='word_1_1156' title='bbox 1790 2350 1818 2380; x_wconf 92' lang='lat' dir='ltr'>vi</span> <span class='ocrx_word' id='word_1_1157' title='bbox 1835 2372 1845 2387; x_wconf 83' lang='lat'>,</span> <span class='ocrx_word' id='word_1_1158' title='bbox 1865 2348 1910 2378; x_wconf 88' lang='lat' dir='ltr'>seu</span> <span class='ocrx_word' id='word_1_1159' title='bbox 1927 2348 2030 2379; x_wconf 86' lang='lat' dir='ltr'>viribus</span> <span class='ocrx_word' id='word_1_1160' title='bbox 2045 2346 2241 2385; x_wconf 61' lang='lat' dir='ltr'>praedictarum</span> <span class='ocrx_word' id='word_1_1161' title='bbox 2255 2346 2356 2378; x_wconf 66' lang='lat' dir='ltr'>Provi-a</span> 
     </span>
     <span class='ocr_line' id='line_1_141' title="bbox 1295 2385 2355 2430; baseline -0.007 -7"><span class='ocrx_word' id='word_1_1162' title='bbox 1295 2393 1424 2430; x_wconf 86' lang='lat' dir='ltr'>sionum,</span> <span class='ocrx_word' id='word_1_1163' title='bbox 1442 2392 1497 2422; x_wconf 84' lang='lat' dir='ltr'>five</span> <span class='ocrx_word' id='word_1_1164' title='bbox 1512 2391 1726 2430; x_wconf 82' lang='lat' dir='ltr'>Obligationum</span> <span class='ocrx_word' id='word_1_1165' title='bbox 1741 2412 1750 2426; x_wconf 85' lang='lat'>‚</span> <span class='ocrx_word' id='word_1_1166' title='bbox 1775 2387 1820 2418; x_wconf 89' lang='lat' dir='ltr'>seu</span> <span class='ocrx_word' id='word_1_1167' title='bbox 1838 2387 2058 2417; x_wconf 89' lang='lat' dir='ltr'>Ordinationum</span> <span class='ocrx_word' id='word_1_1168' title='bbox 2072 2408 2082 2424; x_wconf 84' lang='lat'>‚</span> <span class='ocrx_word' id='word_1_1169' title='bbox 2109 2385 2154 2416; x_wconf 89' lang='lat' dir='ltr'>vel</span> <span class='ocrx_word' id='word_1_1170' title='bbox 2174 2385 2286 2422; x_wconf 87' lang='lat' dir='ltr'>alicujus</span> <span class='ocrx_word' id='word_1_1171' title='bbox 2300 2387 2355 2423; x_wconf 84' lang='lat' dir='ltr'>jam</span> 
     </span>
     <span class='ocr_line' id='line_1_142' title="bbox 1296 2423 2357 2466; baseline -0.007 -4"><span class='ocrx_word' id='word_1_1172' title='bbox 1296 2431 1374 2462; x_wconf 78' lang='lat' dir='ltr'>super</span> <span class='ocrx_word' id='word_1_1173' title='bbox 1387 2431 1445 2461; x_wconf 89' lang='lat' dir='ltr'>hoc</span> <span class='ocrx_word' id='word_1_1174' title='bbox 1460 2430 1600 2461; x_wconf 65' lang='lat' dir='ltr'>concessae</span> <span class='ocrx_word' id='word_1_1175' title='bbox 1622 2427 1763 2466; x_wconf 85' lang='lat' dir='ltr'>potestatis</span> <span class='ocrx_word' id='word_1_1176' title='bbox 1783 2437 1798 2456; x_wconf 92' lang='lat' dir='ltr'>a</span> <span class='ocrx_word' id='word_1_1177' title='bbox 1819 2426 1900 2465; x_wconf 86' lang='lat' dir='ltr'>Rege</span> <span class='ocrx_word' id='word_1_1178' title='bbox 1914 2448 1925 2464; x_wconf 84' lang='lat'>,</span> <span class='ocrx_word' id='word_1_1179' title='bbox 1950 2425 2039 2455; x_wconf 88' lang='lat' dir='ltr'>nullus</span> <span class='ocrx_word' id='word_1_1180' title='bbox 2053 2433 2128 2454; x_wconf 88' lang='lat' dir='ltr'>nova</span> <span class='ocrx_word' id='word_1_1181' title='bbox 2144 2423 2242 2454; x_wconf 67' lang='lat' dir='ltr'>statuta</span> <span class='ocrx_word' id='word_1_1182' title='bbox 2257 2424 2357 2462; x_wconf 84' lang='lat' dir='ltr'>faciat,</span> 
     </span>
     <span class='ocr_line' id='line_1_143' title="bbox 1296 2462 2356 2510; baseline -0.008 -10"><span class='ocrx_word' id='word_1_1183' title='bbox 1296 2463 1388 2510; x_wconf 75' lang='lat' dir='ltr'>neque</span> <span class='ocrx_word' id='word_1_1184' title='bbox 1403 2470 1456 2506; x_wconf 75' lang='lat' dir='ltr'>iam</span> <span class='ocrx_word' id='word_1_1185' title='bbox 1469 2469 1541 2499; x_wconf 56' lang='lat' dir='ltr'>faeta</span> <span class='ocrx_word' id='word_1_1186' title='bbox 1556 2476 1647 2499; x_wconf 88' lang='lat' dir='ltr'>teneat</span> <span class='ocrx_word' id='word_1_1187' title='bbox 1661 2467 1706 2497; x_wconf 76' lang='lat' dir='ltr'>vel</span> <span class='ocrx_word' id='word_1_1188' title='bbox 1718 2465 1863 2502; x_wconf 90' lang='lat' dir='ltr'>observet,</span> <span class='ocrx_word' id='word_1_1189' title='bbox 1880 2473 1933 2494; x_wconf 89' lang='lat' dir='ltr'>nec</span> <span class='ocrx_word' id='word_1_1190' title='bbox 1948 2471 2060 2502; x_wconf 87' lang='lat' dir='ltr'>propter</span> <span class='ocrx_word' id='word_1_1191' title='bbox 2080 2472 2139 2505; x_wconf 82' lang='lat' dir='ltr'>non</span> <span class='ocrx_word' id='word_1_1192' title='bbox 2152 2462 2356 2493; x_wconf 81' lang='lat' dir='ltr'>observantiam</span> 
     </span>
     <span class='ocr_line' id='line_1_144' title="bbox 1296 2500 2356 2547; baseline -0.007 -8"><span class='ocrx_word' id='word_1_1193' title='bbox 1296 2508 1498 2547; x_wconf 66' lang='lat' dir='ltr'>praediifilorum</span> <span class='ocrx_word' id='word_1_1194' title='bbox 1513 2507 1612 2537; x_wconf 88' lang='lat' dir='ltr'>debeat</span> <span class='ocrx_word' id='word_1_1195' title='bbox 1627 2506 1722 2545; x_wconf 85' lang='lat' dir='ltr'>aliquis</span> <span class='ocrx_word' id='word_1_1196' title='bbox 1743 2504 1850 2534; x_wconf 88' lang='lat' dir='ltr'>alterius</span> <span class='ocrx_word' id='word_1_1197' title='bbox 1864 2502 1984 2539; x_wconf 83' lang='lat' dir='ltr'>capitalis</span> <span class='ocrx_word' id='word_1_1198' title='bbox 2003 2502 2048 2532; x_wconf 90' lang='lat' dir='ltr'>vel</span> <span class='ocrx_word' id='word_1_1199' title='bbox 2065 2500 2140 2531; x_wconf 84' lang='lat' dir='ltr'>aliter</span> <span class='ocrx_word' id='word_1_1200' title='bbox 2158 2501 2290 2531; x_wconf 87' lang='lat' dir='ltr'>inimicus</span> <span class='ocrx_word' id='word_1_1201' title='bbox 2307 2501 2356 2532; x_wconf 73' lang='lat' dir='ltr'>ha·-</span> 
     </span>
     <span class='ocr_line' id='line_1_145' title="bbox 1296 2539 2044 2584; baseline -0.011 -7"><span class='ocrx_word' id='word_1_1202' title='bbox 1296 2548 1371 2584; x_wconf 85' lang='lat' dir='ltr'>beri,</span> <span class='ocrx_word' id='word_1_1203' title='bbox 1389 2547 1435 2577; x_wconf 89' lang='lat' dir='ltr'>vel</span> <span class='ocrx_word' id='word_1_1204' title='bbox 1449 2555 1565 2584; x_wconf 83' lang='lat' dir='ltr'>poenam</span> <span class='ocrx_word' id='word_1_1205' title='bbox 1577 2552 1691 2583; x_wconf 86' lang='lat' dir='ltr'>propter</span> <span class='ocrx_word' id='word_1_1206' title='bbox 1704 2541 1761 2572; x_wconf 87' lang='lat' dir='ltr'>hoc</span> <span class='ocrx_word' id='word_1_1207' title='bbox 1775 2542 1894 2579; x_wconf 85' lang='lat' dir='ltr'>aliquam</span> <span class='ocrx_word' id='word_1_1208' title='bbox 1907 2539 2044 2570; x_wconf 86' lang='lat' dir='ltr'>sustinere.</span> 
     </span>
    </p>

    <p class='ocr_par' dir='ltr' id='par_1_35' title="bbox 1298 2575 2361 2731">
     <span class='ocr_line' id='line_1_146' title="bbox 1334 2575 2358 2620; baseline -0.007 -5"><span class='ocrx_word' id='word_1_1209' title='bbox 1334 2583 1523 2614; x_wconf 82' lang='lat' dir='ltr'>Decernimus</span> <span class='ocrx_word' id='word_1_1210' title='bbox 1537 2585 1620 2613; x_wconf 82' lang='lat' dir='ltr'>etiam</span> <span class='ocrx_word' id='word_1_1211' title='bbox 1629 2604 1638 2620; x_wconf 80' lang='lat'>‚</span> <span class='ocrx_word' id='word_1_1212' title='bbox 1658 2581 1735 2619; x_wconf 88' lang='lat' dir='ltr'>quod</span> <span class='ocrx_word' id='word_1_1213' title='bbox 1749 2590 1848 2610; x_wconf 86' lang='lat' dir='ltr'>omnes</span> <span class='ocrx_word' id='word_1_1214' title='bbox 1862 2580 1960 2608; x_wconf 87' lang='lat' dir='ltr'>litterae</span> <span class='ocrx_word' id='word_1_1215' title='bbox 1974 2601 1984 2616; x_wconf 88' lang='lat'>,</span> <span class='ocrx_word' id='word_1_1216' title='bbox 2008 2578 2086 2620; x_wconf 78' lang='lat' dir='ltr'>super</span> <span class='ocrx_word' id='word_1_1217' title='bbox 2104 2575 2247 2617; x_wconf 85' lang='lat' dir='ltr'>praemiffis</span> <span class='ocrx_word' id='word_1_1218' title='bbox 2262 2579 2358 2615; x_wconf 74' lang='lat' dir='ltr'>provi=</span> 
     </span>
     <span class='ocr_line' id='line_1_147' title="bbox 1298 2617 2360 2661; baseline -0.006 -8"><span class='ocrx_word' id='word_1_1219' title='bbox 1298 2623 1436 2661; x_wconf 76' lang='lat' dir='ltr'>sionibus,</span> <span class='ocrx_word' id='word_1_1220' title='bbox 1455 2623 1489 2652; x_wconf 74' lang='grc' dir='ltr'>ὃς</span> <span class='ocrx_word' id='word_1_1221' title='bbox 1503 2630 1603 2651; x_wconf 84' lang='lat' dir='ltr'>eorum</span> <span class='ocrx_word' id='word_1_1222' title='bbox 1622 2619 1769 2650; x_wconf 63' lang='lat' dir='ltr'>occasione</span> <span class='ocrx_word' id='word_1_1223' title='bbox 1783 2618 1943 2654; x_wconf 59' lang='lat' dir='ltr'>consediae,</span> <span class='ocrx_word' id='word_1_1224' title='bbox 1959 2617 2041 2646; x_wconf 80' lang='lat' dir='ltr'>irritae</span> <span class='ocrx_word' id='word_1_1225' title='bbox 2062 2618 2112 2645; x_wconf 76' lang='lat' dir='ltr'>lint</span> <span class='ocrx_word' id='word_1_1226' title='bbox 2129 2617 2162 2646; x_wconf 87' lang='lat'>&amp;</span> <span class='ocrx_word' id='word_1_1227' title='bbox 2183 2617 2299 2654; x_wconf 69' lang='lat' dir='ltr'>inanes,</span> <span class='ocrx_word' id='word_1_1228' title='bbox 2326 2617 2360 2647; x_wconf 66' lang='grc' dir='ltr'>ὃς</span> 
     </span>
     <span class='ocr_line' id='line_1_148' title="bbox 1298 2653 2361 2700; baseline -0.006 -9"><span class='ocrx_word' id='word_1_1229' title='bbox 1298 2661 1476 2699; x_wconf 84' lang='lat' dir='ltr'>ordinamus,</span> <span class='ocrx_word' id='word_1_1230' title='bbox 1494 2660 1571 2700; x_wconf 88' lang='lat' dir='ltr'>quod</span> <span class='ocrx_word' id='word_1_1231' title='bbox 1588 2658 1638 2699; x_wconf 80' lang='lat' dir='ltr'>ipsi</span> <span class='ocrx_word' id='word_1_1232' title='bbox 1654 2658 1730 2698; x_wconf 86' lang='lat' dir='ltr'>Regi</span> <span class='ocrx_word' id='word_1_1233' title='bbox 1743 2656 1853 2696; x_wconf 82' lang='lat' dir='ltr'>Angliae</span> <span class='ocrx_word' id='word_1_1234' title='bbox 1869 2654 2043 2687; x_wconf 80' lang='lat' dir='ltr'>restituantur</span> <span class='ocrx_word' id='word_1_1235' title='bbox 2055 2665 2070 2685; x_wconf 86' lang='lat' dir='ltr'>a</span> <span class='ocrx_word' id='word_1_1236' title='bbox 2084 2653 2236 2685; x_wconf 75' lang='lat' dir='ltr'>Batonibus</span> <span class='ocrx_word' id='word_1_1237' title='bbox 2250 2656 2284 2686; x_wconf 66' lang='grc' dir='ltr'>ὃς</span> <span class='ocrx_word' id='word_1_1238' title='bbox 2299 2654 2361 2685; x_wconf 84' lang='lat' dir='ltr'>red-</span> 
     </span>
     <span class='ocr_line' id='line_1_149' title="bbox 1300 2700 1409 2731; baseline -0.009 0"><span class='ocrx_word' id='word_1_1239' title='bbox 1300 2700 1409 2731; x_wconf 83' lang='lat' dir='ltr'>dantur.</span> 
     </span>
    </p>

    <p class='ocr_par' dir='ltr' id='par_1_36' title="bbox 1303 2729 2366 2929">
     <span class='ocr_line' id='line_1_150' title="bbox 1337 2729 2364 2776; baseline -0.006 -7"><span class='ocrx_word' id='word_1_1240' title='bbox 1337 2738 1429 2776; x_wconf 85' lang='lat' dir='ltr'>Item,</span> <span class='ocrx_word' id='word_1_1241' title='bbox 1446 2736 1566 2767; x_wconf 90' lang='lat' dir='ltr'>dicimus</span> <span class='ocrx_word' id='word_1_1242' title='bbox 1579 2736 1614 2766; x_wconf 88' lang='lat'>&amp;</span> <span class='ocrx_word' id='word_1_1243' title='bbox 1627 2734 1802 2772; x_wconf 85' lang='lat' dir='ltr'>ordinamus,</span> <span class='ocrx_word' id='word_1_1244' title='bbox 1816 2731 1894 2772; x_wconf 86' lang='lat' dir='ltr'>quod</span> <span class='ocrx_word' id='word_1_1245' title='bbox 1910 2729 2009 2762; x_wconf 78' lang='lat' dir='ltr'>Castra</span> <span class='ocrx_word' id='word_1_1246' title='bbox 2025 2754 2034 2768; x_wconf 83' lang='lat'>‚</span> <span class='ocrx_word' id='word_1_1247' title='bbox 2058 2740 2245 2771; x_wconf 85' lang='lat' dir='ltr'>quaecumque</span> <span class='ocrx_word' id='word_1_1248' title='bbox 2258 2731 2364 2763; x_wconf 82' lang='lat' dir='ltr'>fuerint</span> 
     </span>
     <span class='ocr_line' id='line_1_151' title="bbox 1303 2770 2362 2813; baseline -0.007 -5"><span class='ocrx_word' id='word_1_1249' title='bbox 1303 2776 1400 2808; x_wconf 85' lang='lat' dir='ltr'>tradita</span> <span class='ocrx_word' id='word_1_1250' title='bbox 1416 2775 1597 2807; x_wconf 88' lang='lat' dir='ltr'>custodienda</span> <span class='ocrx_word' id='word_1_1251' title='bbox 1609 2774 1643 2804; x_wconf 88' lang='lat' dir='ltr'>ad</span> <span class='ocrx_word' id='word_1_1252' title='bbox 1658 2773 1848 2811; x_wconf 85' lang='lat' dir='ltr'>securitatem,</span> <span class='ocrx_word' id='word_1_1253' title='bbox 1865 2771 1909 2802; x_wconf 88' lang='lat' dir='ltr'>seu</span> <span class='ocrx_word' id='word_1_1254' title='bbox 1923 2770 2070 2813; x_wconf 73' lang='lat' dir='ltr'>occasione</span> <span class='ocrx_word' id='word_1_1255' title='bbox 2083 2770 2283 2810; x_wconf 67' lang='lat' dir='ltr'>praedidtorum</span> <span class='ocrx_word' id='word_1_1256' title='bbox 2295 2793 2305 2808; x_wconf 90' lang='lat'>,</span> <span class='ocrx_word' id='word_1_1257' title='bbox 2327 2771 2362 2801; x_wconf 85' lang='lat'>&amp;</span> 
     </span>
     <span class='ocr_line' id='line_1_152' title="bbox 1303 2807 2362 2852; baseline -0.008 -5"><span class='ocrx_word' id='word_1_1258' title='bbox 1303 2816 1396 2847; x_wconf 90' lang='lat' dir='ltr'>adhuc</span> <span class='ocrx_word' id='word_1_1259' title='bbox 1412 2816 1473 2846; x_wconf 89' lang='lat' dir='ltr'>sunt</span> <span class='ocrx_word' id='word_1_1260' title='bbox 1487 2814 1614 2852; x_wconf 88' lang='lat' dir='ltr'>detenta,</span> <span class='ocrx_word' id='word_1_1261' title='bbox 1631 2813 1718 2843; x_wconf 78' lang='lat' dir='ltr'>libere</span> <span class='ocrx_word' id='word_1_1262' title='bbox 1729 2823 1744 2842; x_wconf 89' lang='lat' dir='ltr'>a</span> <span class='ocrx_word' id='word_1_1263' title='bbox 1764 2810 1844 2841; x_wconf 68' lang='lat' dir='ltr'>dietis</span> <span class='ocrx_word' id='word_1_1264' title='bbox 1862 2808 2015 2840; x_wconf 83' lang='lat' dir='ltr'>Baronibus</span> <span class='ocrx_word' id='word_1_1265' title='bbox 2038 2808 2130 2838; x_wconf 88' lang='lat' dir='ltr'>eidem</span> <span class='ocrx_word' id='word_1_1266' title='bbox 2153 2807 2227 2847; x_wconf 88' lang='lat' dir='ltr'>Regi</span> <span class='ocrx_word' id='word_1_1267' title='bbox 2245 2808 2362 2839; x_wconf 69' lang='lat' dir='ltr'>reddan—</span> 
     </span>
     <span class='ocr_line' id='line_1_153' title="bbox 1303 2847 2366 2893; baseline -0.009 -8"><span class='ocrx_word' id='word_1_1268' title='bbox 1303 2863 1366 2893; x_wconf 86' lang='lat' dir='ltr'>tur,</span> <span class='ocrx_word' id='word_1_1269' title='bbox 1383 2853 1502 2885; x_wconf 84' lang='lat' dir='ltr'>tenenda</span> <span class='ocrx_word' id='word_1_1270' title='bbox 1516 2853 1552 2883; x_wconf 89' lang='lat' dir='ltr'>ab</span> <span class='ocrx_word' id='word_1_1271' title='bbox 1567 2851 1670 2882; x_wconf 85' lang='lat' dir='ltr'>eodem</span> <span class='ocrx_word' id='word_1_1272' title='bbox 1682 2851 1780 2890; x_wconf 84' lang='lat' dir='ltr'>Rege,</span> <span class='ocrx_word' id='word_1_1273' title='bbox 1797 2850 1866 2882; x_wconf 86' lang='lat' dir='ltr'>sicut</span> <span class='ocrx_word' id='word_1_1274' title='bbox 1879 2859 1911 2879; x_wconf 84' lang='lat' dir='ltr'>ea</span> <span class='ocrx_word' id='word_1_1275' title='bbox 1931 2847 2042 2878; x_wconf 81' lang='lat' dir='ltr'>tenebat</span> <span class='ocrx_word' id='word_1_1276' title='bbox 2061 2856 2124 2877; x_wconf 86' lang='lat' dir='ltr'>ante</span> <span class='ocrx_word' id='word_1_1277' title='bbox 2145 2855 2255 2885; x_wconf 86' lang='lat' dir='ltr'>tempus</span> <span class='ocrx_word' id='word_1_1278' title='bbox 2273 2847 2366 2878; x_wconf 64' lang='lat' dir='ltr'>dieta-</span> 
     </span>
     <span class='ocr_line' id='line_1_154' title="bbox 1303 2893 2062 2929; baseline -0.011 -5"><span class='ocrx_word' id='word_1_1279' title='bbox 1303 2904 1366 2924; x_wconf 81' lang='lat' dir='ltr'>rum</span> <span class='ocrx_word' id='word_1_1280' title='bbox 1383 2893 1587 2923; x_wconf 85' lang='lat' dir='ltr'>Provisionum.</span> <span class='ocrx_word' id='word_1_1281' title='bbox 2057 2924 2062 2929; x_wconf 38' lang='lat'><em>¹</em></span> 
     </span>
    </p>

    <p class='ocr_par' dir='ltr' id='par_1_37' title="bbox 1304 2921 2366 3164">
     <span class='ocr_line' id='line_1_155' title="bbox 1342 2921 2366 2970; baseline -0.008 -7"><span class='ocrx_word' id='word_1_1282' title='bbox 1342 2932 1434 2970; x_wconf 89' lang='lat' dir='ltr'>Item,</span> <span class='ocrx_word' id='word_1_1283' title='bbox 1451 2931 1569 2961; x_wconf 88' lang='lat' dir='ltr'>dicimus</span> <span class='ocrx_word' id='word_1_1284' title='bbox 1581 2929 1616 2960; x_wconf 87' lang='lat'>&amp;</span> <span class='ocrx_word' id='word_1_1285' title='bbox 1637 2928 1800 2959; x_wconf 86' lang='lat' dir='ltr'>ordinamus</span> <span class='ocrx_word' id='word_1_1286' title='bbox 1813 2949 1822 2964; x_wconf 87' lang='lat'>‚</span> <span class='ocrx_word' id='word_1_1287' title='bbox 1843 2923 1921 2966; x_wconf 79' lang='lat' dir='ltr'>quod</span> <span class='ocrx_word' id='word_1_1288' title='bbox 1937 2924 2022 2955; x_wconf 74' lang='lat' dir='ltr'>libere</span> <span class='ocrx_word' id='word_1_1289' title='bbox 2044 2923 2123 2954; x_wconf 77' lang='lat' dir='ltr'>liceat</span> <span class='ocrx_word' id='word_1_1290' title='bbox 2136 2923 2272 2964; x_wconf 63' lang='lat' dir='ltr'>praedffio</span> <span class='ocrx_word' id='word_1_1291' title='bbox 2290 2921 2366 2965; x_wconf 85' lang='lat' dir='ltr'>Regi</span> 
     </span>
     <span class='ocr_line' id='line_1_156' title="bbox 1304 2962 2366 3009; baseline -0.011 -8"><span class='ocrx_word' id='word_1_1292' title='bbox 1304 2969 1462 3009; x_wconf 86' lang='lat' dir='ltr'>Capitalem</span> <span class='ocrx_word' id='word_1_1293' title='bbox 1475 2968 1663 3007; x_wconf 89' lang='lat' dir='ltr'>Justiciarium</span> <span class='ocrx_word' id='word_1_1294' title='bbox 1678 2991 1687 3005; x_wconf 83' lang='lat'>,</span> <span class='ocrx_word' id='word_1_1295' title='bbox 1710 2965 1918 2997; x_wconf 88' lang='lat' dir='ltr'>Cancellarium</span> <span class='ocrx_word' id='word_1_1296' title='bbox 1934 2987 1943 3002; x_wconf 93' lang='lat'>,</span> <span class='ocrx_word' id='word_1_1297' title='bbox 1965 2963 2178 2994; x_wconf 86' lang='lat' dir='ltr'>Thesaurarium</span> <span class='ocrx_word' id='word_1_1298' title='bbox 2193 2986 2203 3001; x_wconf 83' lang='lat'>‚</span> <span class='ocrx_word' id='word_1_1299' title='bbox 2227 2962 2366 2993; x_wconf 55' lang='lat' dir='ltr'>Confiliii⁴</span> 
     </span>
     <span class='ocr_line' id='line_1_157' title="bbox 1306 2998 2366 3047; baseline -0.008 -8"><span class='ocrx_word' id='word_1_1300' title='bbox 1306 3011 1378 3047; x_wconf 82' lang='lat' dir='ltr'>rios,</span> <span class='ocrx_word' id='word_1_1301' title='bbox 1392 3007 1493 3047; x_wconf 70' lang='lat' dir='ltr'>justic.</span> <span class='ocrx_word' id='word_1_1302' title='bbox 1510 3008 1631 3038; x_wconf 88' lang='lat' dir='ltr'>minores</span> <span class='ocrx_word' id='word_1_1303' title='bbox 1664 3005 1859 3037; x_wconf 90' lang='lat' dir='ltr'>Vicecomites</span> <span class='ocrx_word' id='word_1_1304' title='bbox 1872 3027 1881 3040; x_wconf 83' lang='lat'>‚</span> <span class='ocrx_word' id='word_1_1305' title='bbox 1904 3000 1938 3034; x_wconf 87' lang='lat'>&amp;</span> <span class='ocrx_word' id='word_1_1306' title='bbox 1960 3001 2150 3042; x_wconf 87' lang='lat' dir='ltr'>quoscumque</span> <span class='ocrx_word' id='word_1_1307' title='bbox 2165 3002 2230 3032; x_wconf 88' lang='lat' dir='ltr'>alios</span> <span class='ocrx_word' id='word_1_1308' title='bbox 2245 2998 2366 3045; x_wconf 66' lang='lat' dir='ltr'>Officia⁴</span> 
     </span>
     <span class='ocr_line' id='line_1_158' title="bbox 1306 3029 2366 3086; baseline -0.008 -8"><span class='ocrx_word' id='word_1_1309' title='bbox 1306 3047 1360 3086; x_wconf 76' lang='lat' dir='ltr'>les,</span> <span class='ocrx_word' id='word_1_1310' title='bbox 1379 3058 1412 3078; x_wconf 87' lang='lat' dir='ltr'>ac</span> <span class='ocrx_word' id='word_1_1311' title='bbox 1429 3046 1622 3077; x_wconf 83' lang='lat' dir='ltr'>Ministeriales</span> <span class='ocrx_word' id='word_1_1312' title='bbox 1637 3029 1732 3084; x_wconf 75' lang='lat' dir='ltr'>Regni</span> <span class='ocrx_word' id='word_1_1313' title='bbox 1748 3045 1803 3082; x_wconf 87' lang='lat' dir='ltr'>sui,</span> <span class='ocrx_word' id='word_1_1314' title='bbox 1821 3053 1854 3073; x_wconf 91' lang='lat' dir='ltr'>ac</span> <span class='ocrx_word' id='word_1_1315' title='bbox 1869 3040 1987 3072; x_wconf 75' lang='lat' dir='ltr'>Domsis</span> <span class='ocrx_word' id='word_1_1316' title='bbox 2005 3041 2059 3083; x_wconf 58' lang='lat' dir='ltr'>suae</span> <span class='ocrx_word' id='word_1_1317' title='bbox 2073 3064 2082 3078; x_wconf 88' lang='lat'>,</span> <span class='ocrx_word' id='word_1_1318' title='bbox 2106 3040 2264 3079; x_wconf 69' lang='lat' dir='ltr'>praeficere,</span> <span class='ocrx_word' id='word_1_1319' title='bbox 2281 3040 2366 3070; x_wconf 69' lang='lat' dir='ltr'>dest1÷</span> 
     </span>
     <span class='ocr_line' id='line_1_159' title="bbox 1305 3079 2366 3125; baseline -0.007 -9"><span class='ocrx_word' id='word_1_1320' title='bbox 1305 3095 1399 3125; x_wconf 87' lang='lat' dir='ltr'>tuere,</span> <span class='ocrx_word' id='word_1_1321' title='bbox 1414 3087 1447 3117; x_wconf 92' lang='lat'><strong>&amp;</strong></span> <span class='ocrx_word' id='word_1_1322' title='bbox 1462 3094 1609 3121; x_wconf 86' lang='lat' dir='ltr'>amovere,</span> <span class='ocrx_word' id='word_1_1323' title='bbox 1625 3093 1677 3123; x_wconf 89' lang='lat' dir='ltr'>pro</span> <span class='ocrx_word' id='word_1_1324' title='bbox 1690 3084 1744 3114; x_wconf 74' lang='lat' dir='ltr'>suae</span> <span class='ocrx_word' id='word_1_1325' title='bbox 1758 3083 1837 3112; x_wconf 89' lang='lat' dir='ltr'>libito</span> <span class='ocrx_word' id='word_1_1326' title='bbox 1857 3080 2021 3117; x_wconf 83' lang='lat' dir='ltr'>voluntatis,</span> <span class='ocrx_word' id='word_1_1327' title='bbox 2040 3082 2107 3110; x_wconf 77' lang='lat' dir='ltr'>licut</span> <span class='ocrx_word' id='word_1_1328' title='bbox 2124 3079 2259 3118; x_wconf 79' lang='lat' dir='ltr'>faciebat,</span> <span class='ocrx_word' id='word_1_1329' title='bbox 2277 3079 2310 3110; x_wconf 88' lang='lat'>&amp;</span> <span class='ocrx_word' id='word_1_1330' title='bbox 2323 3079 2366 3109; x_wconf 82' lang='lat' dir='ltr'>fa·</span> 
     </span>
     <span class='ocr_line' id='line_1_160' title="bbox 1306 3119 2120 3164; baseline -0.011 -8"><span class='ocrx_word' id='word_1_1331' title='bbox 1306 3136 1370 3156; x_wconf 90' lang='lat' dir='ltr'>cere</span> <span class='ocrx_word' id='word_1_1332' title='bbox 1384 3133 1491 3164; x_wconf 84' lang='lat' dir='ltr'>poterat</span> <span class='ocrx_word' id='word_1_1333' title='bbox 1504 3132 1566 3154; x_wconf 89' lang='lat' dir='ltr'>ante</span> <span class='ocrx_word' id='word_1_1334' title='bbox 1580 3132 1637 3153; x_wconf 89' lang='lat' dir='ltr'>tem</span> <span class='ocrx_word' id='word_1_1335' title='bbox 1660 3132 1690 3152; x_wconf 84' lang='lat' dir='ltr'>us</span> <span class='ocrx_word' id='word_1_1336' title='bbox 1705 3121 1900 3151; x_wconf 72' lang='lat' dir='ltr'>provisionum</span> <span class='ocrx_word' id='word_1_1337' title='bbox 1935 3119 2120 3148; x_wconf 63' lang='lat' dir='ltr'>raedidtarum.</span> 
     </span>
    </p>

    <p class='ocr_par' dir='ltr' id='par_1_38' title="bbox 1307 3154 2370 3313">
     <span class='ocr_line' id='line_1_161' title="bbox 1346 3154 2370 3202; baseline -0.009 -8"><span class='ocrx_word' id='word_1_1338' title='bbox 1346 3163 1418 3194; x_wconf 90' lang='lat' dir='ltr'>Item</span> <span class='ocrx_word' id='word_1_1339' title='bbox 1428 3186 1437 3202; x_wconf 87' lang='lat'>‚</span> <span class='ocrx_word' id='word_1_1340' title='bbox 1454 3162 1629 3192; x_wconf 64' lang='lat' dir='ltr'>imraetamus</span> <span class='ocrx_word' id='word_1_1341' title='bbox 1687 3159 1819 3190; x_wconf 83' lang='lat' dir='ltr'>cassamus</span> <span class='ocrx_word' id='word_1_1342' title='bbox 1834 3157 1900 3188; x_wconf 88' lang='lat' dir='ltr'>illud</span> <span class='ocrx_word' id='word_1_1343' title='bbox 1938 3164 2045 3188; x_wconf 83' lang='lat' dir='ltr'>atutum</span> <span class='ocrx_word' id='word_1_1344' title='bbox 2060 3157 2184 3194; x_wconf 56' lang='lat' dir='ltr'>saelum,</span> <span class='ocrx_word' id='word_1_1345' title='bbox 2201 3154 2277 3195; x_wconf 87' lang='lat' dir='ltr'>quod</span> <span class='ocrx_word' id='word_1_1346' title='bbox 2291 3154 2370 3194; x_wconf 53' lang='lat' dir='ltr'>Roga</span> 
     </span>
     <span class='ocr_line' id='line_1_162' title="bbox 1310 3195 2368 3240; baseline -0.009 -8"><span class='ocrx_word' id='word_1_1347' title='bbox 1310 3212 1381 3232; x_wconf 92' lang='lat' dir='ltr'>num</span> <span class='ocrx_word' id='word_1_1348' title='bbox 1396 3201 1505 3240; x_wconf 51' lang='lat' dir='ltr'>Angli-‘e</span> <span class='ocrx_word' id='word_1_1349' title='bbox 1519 3200 1555 3230; x_wconf 90' lang='lat' dir='ltr'>de</span> <span class='ocrx_word' id='word_1_1350' title='bbox 1569 3208 1672 3230; x_wconf 84' lang='lat' dir='ltr'>caetero</span> <span class='ocrx_word' id='word_1_1351' title='bbox 1688 3208 1736 3235; x_wconf 82' lang='lat' dir='ltr'>per</span> <span class='ocrx_word' id='word_1_1352' title='bbox 1758 3197 1897 3237; x_wconf 84' lang='lat' dir='ltr'>indigenas</span> <span class='ocrx_word' id='word_1_1353' title='bbox 1911 3196 2080 3235; x_wconf 87' lang='lat' dir='ltr'>gubernetur</span> <span class='ocrx_word' id='word_1_1354' title='bbox 2095 3218 2103 3232; x_wconf 88' lang='lat'>,</span> <span class='ocrx_word' id='word_1_1355' title='bbox 2126 3204 2241 3225; x_wconf 88' lang='lat' dir='ltr'>necnon</span> <span class='ocrx_word' id='word_1_1356' title='bbox 2260 3201 2290 3223; x_wconf 89' lang='lat' dir='ltr'>ut</span> <span class='ocrx_word' id='word_1_1357' title='bbox 2309 3195 2368 3223; x_wconf 76' lang='lat' dir='ltr'>exi-</span> 
     </span>
     <span class='ocr_line' id='line_1_163' title="bbox 1308 3230 2369 3279; baseline -0.008 -10"><span class='ocrx_word' id='word_1_1358' title='bbox 1308 3250 1369 3271; x_wconf 88' lang='lat' dir='ltr'>rent</span> <span class='ocrx_word' id='word_1_1359' title='bbox 1384 3239 1544 3279; x_wconf 67' lang='lat' dir='ltr'>alienigenae</span> <span class='ocrx_word' id='word_1_1360' title='bbox 1555 3261 1563 3276; x_wconf 90' lang='lat'>,</span> <span class='ocrx_word' id='word_1_1361' title='bbox 1579 3248 1639 3267; x_wconf 88' lang='lat' dir='ltr'>nori</span> <span class='ocrx_word' id='word_1_1362' title='bbox 1653 3237 1801 3273; x_wconf 69' lang='lat' dir='ltr'>reversuri3</span> <span class='ocrx_word' id='word_1_1363' title='bbox 1817 3236 1938 3274; x_wconf 85' lang='lat' dir='ltr'>exceptis</span> <span class='ocrx_word' id='word_1_1364' title='bbox 1952 3234 2003 3264; x_wconf 88' lang='lat' dir='ltr'>illis</span> <span class='ocrx_word' id='word_1_1365' title='bbox 2015 3243 2136 3273; x_wconf 84' lang='lat' dir='ltr'>quorum</span> <span class='ocrx_word' id='word_1_1366' title='bbox 2151 3242 2260 3263; x_wconf 89' lang='lat' dir='ltr'>moram</span> <span class='ocrx_word' id='word_1_1367' title='bbox 2275 3230 2369 3261; x_wconf 71' lang='lat' dir='ltr'>fideles</span> 
     </span>
     <span class='ocr_line' id='line_1_164' title="bbox 1307 3277 2345 3313; baseline -0.011 -4"><span class='ocrx_word' id='word_1_1368' title='bbox 1307 3279 1355 3310; x_wconf 82' lang='lat' dir='ltr'>Re</span> <span class='ocrx_word' id='word_1_1369' title='bbox 1375 3279 1404 3308; x_wconf 93' lang='lat' dir='ltr'>ni</span> <span class='ocrx_word' id='word_1_1370' title='bbox 1414 3277 1605 3308; x_wconf 86' lang='lat' dir='ltr'>communiter</span> <span class='ocrx_word' id='word_1_1371' title='bbox 1617 3283 1812 3312; x_wconf 69' lang='lat' dir='ltr'>acceptarent,</span> <span class='ocrx_word' id='word_1_1372' title='bbox 2188 3308 2193 3313; x_wconf 38' lang='lat'><em>¹</em></span> <span class='ocrx_word' id='word_1_1373' title='bbox 2316 3306 2322 3312; x_wconf 84' lang='lat'>.</span> <span class='ocrx_word' id='word_1_1374' title='bbox 2338 3306 2345 3313; x_wconf 80' lang='lat'>.</span> 
     </span>
    </p>

    <p class='ocr_par' dir='ltr' id='par_1_39' title="bbox 1308 3310 2368 3470">
     <span class='ocr_line' id='line_1_165' title="bbox 1379 3310 2368 3352; baseline -0.009 -6"><span class='ocrx_word' id='word_1_1375' title='bbox 1379 3316 1516 3346; x_wconf 87' lang='lat' dir='ltr'>rdinantes</span> <span class='ocrx_word' id='word_1_1376' title='bbox 1530 3324 1577 3352; x_wconf 84' lang='lat' dir='ltr'>per</span> <span class='ocrx_word' id='word_1_1377' title='bbox 1587 3314 1696 3344; x_wconf 63' lang='lat' dir='ltr'>dietum</span> <span class='ocrx_word' id='word_1_1378' title='bbox 1711 3312 1838 3342; x_wconf 87' lang='lat' dir='ltr'>nostrum</span> <span class='ocrx_word' id='word_1_1379' title='bbox 1856 3310 1931 3350; x_wconf 86' lang='lat' dir='ltr'>quod</span> <span class='ocrx_word' id='word_1_1380' title='bbox 1949 3311 2031 3340; x_wconf 84' lang='lat' dir='ltr'>liceat</span> <span class='ocrx_word' id='word_1_1381' title='bbox 2050 3310 2206 3348; x_wconf 83' lang='lat' dir='ltr'>alienigenis</span> <span class='ocrx_word' id='word_1_1382' title='bbox 2221 3315 2323 3336; x_wconf 87' lang='lat' dir='ltr'>morari</span> <span class='ocrx_word' id='word_1_1383' title='bbox 2337 3315 2368 3337; x_wconf 86' lang='lat' dir='ltr'>in</span> 
     </span>
     <span class='ocr_line' id='line_1_166' title="bbox 1308 3345 2368 3393; baseline -0.009 -7"><span class='ocrx_word' id='word_1_1384' title='bbox 1308 3356 1389 3386; x_wconf 66' lang='lat' dir='ltr'>dieto</span> <span class='ocrx_word' id='word_1_1385' title='bbox 1405 3354 1510 3393; x_wconf 84' lang='lat' dir='ltr'>Regno</span> <span class='ocrx_word' id='word_1_1386' title='bbox 1524 3354 1615 3383; x_wconf 84' lang='lat' dir='ltr'>secure</span> <span class='ocrx_word' id='word_1_1387' title='bbox 1629 3376 1638 3390; x_wconf 87' lang='lat'>,</span> <span class='ocrx_word' id='word_1_1388' title='bbox 1661 3353 1695 3383; x_wconf 87' lang='lat'>&amp;</span> <span class='ocrx_word' id='word_1_1389' title='bbox 1709 3351 1785 3390; x_wconf 88' lang='lat' dir='ltr'>quod</span> <span class='ocrx_word' id='word_1_1390' title='bbox 1807 3350 1871 3380; x_wconf 85' lang='lat' dir='ltr'>Rex</span> <span class='ocrx_word' id='word_1_1391' title='bbox 1889 3348 1972 3391; x_wconf 59' lang='lat' dir='ltr'>possit</span> <span class='ocrx_word' id='word_1_1392' title='bbox 1989 3349 2153 3391; x_wconf 77' lang='lat' dir='ltr'>alienigenas</span> <span class='ocrx_word' id='word_1_1393' title='bbox 2174 3347 2206 3376; x_wconf 69' lang='lat' dir='ltr'>&amp;c</span> <span class='ocrx_word' id='word_1_1394' title='bbox 2226 3345 2368 3376; x_wconf 74' lang='lat' dir='ltr'>indioeiias</span> 
     </span>
     <span class='ocr_line' id='line_1_167' title="bbox 1309 3370 2368 3429; baseline -0.01 -5"><span class='ocrx_word' id='word_1_1395' title='bbox 1309 3404 1411 3424; x_wconf 85' lang='lat' dir='ltr'>vocare</span> <span class='ocrx_word' id='word_1_1396' title='bbox 1425 3393 1517 3422; x_wconf 86' lang='lat' dir='ltr'>secure</span> <span class='ocrx_word' id='word_1_1397' title='bbox 1529 3391 1562 3421; x_wconf 85' lang='lat' dir='ltr'>ad</span> <span class='ocrx_word' id='word_1_1398' title='bbox 1577 3390 1724 3420; x_wconf 84' lang='lat' dir='ltr'>consilium</span> <span class='ocrx_word' id='word_1_1399' title='bbox 1738 3390 1818 3420; x_wconf 85' lang='lat' dir='ltr'>suum</span> <span class='ocrx_word' id='word_1_1400' title='bbox 1827 3411 1836 3425; x_wconf 90' lang='lat'>,</span> <span class='ocrx_word' id='word_1_1401' title='bbox 1850 3398 1921 3429; x_wconf 73' lang='lat' dir='ltr'>quos</span> <span class='ocrx_word' id='word_1_1402' title='bbox 1932 3388 1981 3417; x_wconf 78' lang='lat' dir='ltr'>libi</span> <span class='ocrx_word' id='word_1_1403' title='bbox 1994 3386 2092 3417; x_wconf 84' lang='lat' dir='ltr'>viderit</span> <span class='ocrx_word' id='word_1_1404' title='bbox 2110 3385 2187 3414; x_wconf 85' lang='lat' dir='ltr'>utiles</span> <span class='ocrx_word' id='word_1_1405' title='bbox 2200 3384 2233 3414; x_wconf 69' lang='grc' dir='ltr'>ὃς</span> <span class='ocrx_word' id='word_1_1406' title='bbox 2254 3370 2348 3414; x_wconf 63' lang='grc' dir='ltr'><strong>ΗᾸὲΙεε</strong></span> <span class='ocrx_word' id='word_1_1407' title='bbox 2357 3406 2368 3422; x_wconf 85' lang='lat'>,</span> 
     </span>
     <span class='ocr_line' id='line_1_168' title="bbox 1310 3427 2328 3470; baseline -0.013 -7"><span class='ocrx_word' id='word_1_1408' title='bbox 1310 3433 1378 3464; x_wconf 86' lang='lat' dir='ltr'>sicut</span> <span class='ocrx_word' id='word_1_1409' title='bbox 1392 3432 1482 3462; x_wconf 81' lang='lat' dir='ltr'>facere</span> <span class='ocrx_word' id='word_1_1410' title='bbox 1498 3438 1602 3470; x_wconf 85' lang='lat' dir='ltr'>poterat</span> <span class='ocrx_word' id='word_1_1411' title='bbox 1616 3437 1680 3458; x_wconf 87' lang='lat' dir='ltr'>ante</span> <span class='ocrx_word' id='word_1_1412' title='bbox 1690 3436 1798 3466; x_wconf 82' lang='lat' dir='ltr'>tenipus</span> <span class='ocrx_word' id='word_1_1413' title='bbox 1813 3427 1989 3468; x_wconf 54' lang='lat' dir='ltr'>praedictum.</span> <span class='ocrx_word' id='word_1_1414' title='bbox 2326 3455 2328 3457; x_wconf 17' lang='lat' dir='ltr'>v</span> 
     </span>
    </p>

    <p class='ocr_par' dir='ltr' id='par_1_40' title="bbox 1310 3458 2372 3622">
     <span class='ocr_line' id='line_1_169' title="bbox 1350 3458 2372 3507; baseline -0.01 -7"><span class='ocrx_word' id='word_1_1415' title='bbox 1350 3470 1422 3500; x_wconf 85' lang='lat' dir='ltr'>Item</span> <span class='ocrx_word' id='word_1_1416' title='bbox 1432 3493 1440 3507; x_wconf 83' lang='lat'>,</span> <span class='ocrx_word' id='word_1_1417' title='bbox 1457 3470 1575 3500; x_wconf 89' lang='lat' dir='ltr'>dicimus</span> <span class='ocrx_word' id='word_1_1418' title='bbox 1590 3468 1622 3498; x_wconf 76' lang='grc' dir='ltr'>ὃ(</span> <span class='ocrx_word' id='word_1_1419' title='bbox 1635 3466 1796 3497; x_wconf 88' lang='lat' dir='ltr'>ordinamus</span> <span class='ocrx_word' id='word_1_1420' title='bbox 1812 3489 1822 3504; x_wconf 84' lang='lat'>,</span> <span class='ocrx_word' id='word_1_1421' title='bbox 1843 3465 1920 3503; x_wconf 83' lang='lat' dir='ltr'>quod</span> <span class='ocrx_word' id='word_1_1422' title='bbox 1941 3463 2033 3504; x_wconf 55' lang='lat' dir='ltr'>dictus</span> <span class='ocrx_word' id='word_1_1423' title='bbox 2047 3461 2111 3491; x_wconf 81' lang='lat' dir='ltr'>Rex</span> <span class='ocrx_word' id='word_1_1424' title='bbox 2125 3459 2236 3503; x_wconf 87' lang='lat' dir='ltr'>plenam</span> <span class='ocrx_word' id='word_1_1425' title='bbox 2244 3458 2372 3503; x_wconf 38' lang='lat' dir='ltr'>¹potes-itt·-</span> 
     </span>
     <span class='ocr_line' id='line_1_170' title="bbox 1310 3500 2370 3545; baseline -0.013 -5"><span class='ocrx_word' id='word_1_1426' title='bbox 1310 3518 1369 3541; x_wconf 85' lang='lat' dir='ltr'>tem</span> <span class='ocrx_word' id='word_1_1427' title='bbox 1381 3508 1543 3540; x_wconf 89' lang='lat' dir='ltr'>&amp;liberum</span> <span class='ocrx_word' id='word_1_1428' title='bbox 1559 3507 1685 3545; x_wconf 73' lang='lat' dir='ltr'>regimen</span> <span class='ocrx_word' id='word_1_1429' title='bbox 1701 3505 1800 3535; x_wconf 82' lang='lat' dir='ltr'>habeat</span> <span class='ocrx_word' id='word_1_1430' title='bbox 1815 3505 1844 3533; x_wconf 89' lang='lat' dir='ltr'>in</span> <span class='ocrx_word' id='word_1_1431' title='bbox 1861 3503 1966 3541; x_wconf 82' lang='lat' dir='ltr'>Regno</span> <span class='ocrx_word' id='word_1_1432' title='bbox 1979 3506 2043 3537; x_wconf 72' lang='lat' dir='ltr'>luo,</span> <span class='ocrx_word' id='word_1_1433' title='bbox 2061 3500 2093 3530; x_wconf 85' lang='lat'>&amp;</span> <span class='ocrx_word' id='word_1_1434' title='bbox 2112 3508 2167 3535; x_wconf 74' lang='lat' dir='ltr'>eius</span> <span class='ocrx_word' id='word_1_1435' title='bbox 2182 3506 2370 3541; x_wconf 67' lang='lat' dir='ltr'>pertinenti183</span> 
     </span>
     <span class='ocr_line' id='line_1_171' title="bbox 1311 3536 2369 3582; baseline -0.01 -4"><span class='ocrx_word' id='word_1_1436' title='bbox 1311 3549 1344 3579; x_wconf 66' lang='grc' dir='ltr'>ὅς</span> <span class='ocrx_word' id='word_1_1437' title='bbox 1361 3548 1392 3578; x_wconf 92' lang='lat' dir='ltr'>sit</span> <span class='ocrx_word' id='word_1_1438' title='bbox 1404 3548 1432 3577; x_wconf 91' lang='lat' dir='ltr'>in</span> <span class='ocrx_word' id='word_1_1439' title='bbox 1446 3556 1481 3576; x_wconf 88' lang='lat' dir='ltr'>eo</span> <span class='ocrx_word' id='word_1_1440' title='bbox 1499 3546 1568 3575; x_wconf 85' lang='lat' dir='ltr'>statu</span> <span class='ocrx_word' id='word_1_1441' title='bbox 1585 3567 1593 3582; x_wconf 93' lang='lat'>,</span> <span class='ocrx_word' id='word_1_1442' title='bbox 1617 3544 1651 3574; x_wconf 87' lang='lat'>&amp;</span> <span class='ocrx_word' id='word_1_1443' title='bbox 1669 3544 1698 3573; x_wconf 86' lang='lat' dir='ltr'>in</span> <span class='ocrx_word' id='word_1_1444' title='bbox 1716 3553 1747 3573; x_wconf 83' lang='lat' dir='ltr'>ea</span> <span class='ocrx_word' id='word_1_1445' title='bbox 1766 3543 1885 3580; x_wconf 80' lang='lat' dir='ltr'>plenaria</span> <span class='ocrx_word' id='word_1_1446' title='bbox 1906 3539 2059 3578; x_wconf 76' lang='lat' dir='ltr'>potestate,</span> <span class='ocrx_word' id='word_1_1447' title='bbox 2078 3547 2107 3566; x_wconf 90' lang='lat' dir='ltr'>in</span> <span class='ocrx_word' id='word_1_1448' title='bbox 2121 3536 2254 3566; x_wconf 86' lang='lat' dir='ltr'>omnibus</span> <span class='ocrx_word' id='word_1_1449' title='bbox 2268 3536 2301 3567; x_wconf 88' lang='lat'>&amp;</span> <span class='ocrx_word' id='word_1_1450' title='bbox 2320 3545 2369 3574; x_wconf 77' lang='lat' dir='ltr'>per</span> 
     </span>
     <span class='ocr_line' id='line_1_172' title="bbox 1311 3579 2282 3622; baseline -0.014 -5"><span class='ocrx_word' id='word_1_1451' title='bbox 1311 3586 1426 3622; x_wconf 84' lang='lat' dir='ltr'>omnia,</span> <span class='ocrx_word' id='word_1_1452' title='bbox 1442 3585 1511 3615; x_wconf 86' lang='lat' dir='ltr'>sicut</span> <span class='ocrx_word' id='word_1_1453' title='bbox 1526 3591 1582 3612; x_wconf 87' lang='lat' dir='ltr'>erat</span> <span class='ocrx_word' id='word_1_1454' title='bbox 1597 3589 1660 3612; x_wconf 90' lang='lat' dir='ltr'>ante</span> <span class='ocrx_word' id='word_1_1455' title='bbox 1675 3591 1784 3618; x_wconf 85' lang='lat' dir='ltr'>tempus</span> <span class='ocrx_word' id='word_1_1456' title='bbox 1798 3579 1973 3620; x_wconf 58' lang='lat' dir='ltr'>proedffium.</span> <span class='ocrx_word' id='word_1_1457' title='bbox 2219 3610 2224 3618; x_wconf 35' lang='grc' dir='ltr'>ι</span> <span class='ocrx_word' id='word_1_1458' title='bbox 2276 3611 2282 3618; x_wconf 43' lang='lat'><strong>.</strong></span> 
     </span>
    </p>

    <p class='ocr_par' dir='ltr' id='par_1_41' title="bbox 1314 3611 2377 3778">
     <span class='ocr_line' id='line_1_173' title="bbox 1351 3611 2373 3656; baseline -0.011 -3"><span class='ocrx_word' id='word_1_1459' title='bbox 1351 3623 1498 3653; x_wconf 87' lang='lat' dir='ltr'>Nolumus</span> <span class='ocrx_word' id='word_1_1460' title='bbox 1512 3630 1605 3651; x_wconf 84' lang='lat' dir='ltr'>autem</span> <span class='ocrx_word' id='word_1_1461' title='bbox 1619 3643 1628 3655; x_wconf 77' lang='lat'>,</span> <span class='ocrx_word' id='word_1_1462' title='bbox 1654 3630 1706 3650; x_wconf 86' lang='lat' dir='ltr'>nec</span> <span class='ocrx_word' id='word_1_1463' title='bbox 1723 3620 1890 3649; x_wconf 83' lang='lat' dir='ltr'>intendimus</span> <span class='ocrx_word' id='word_1_1464' title='bbox 1912 3627 1960 3654; x_wconf 85' lang='lat' dir='ltr'>per</span> <span class='ocrx_word' id='word_1_1465' title='bbox 1980 3613 2142 3656; x_wconf 79' lang='lat' dir='ltr'>praesenteni</span> <span class='ocrx_word' id='word_1_1466' title='bbox 2164 3611 2373 3656; x_wconf 75' lang='lat' dir='ltr'>ordinationem</span> 
     </span>
     <span class='ocr_line' id='line_1_174' title="bbox 1314 3651 2374 3702; baseline -0.01 -10"><span class='ocrx_word' id='word_1_1467' title='bbox 1314 3663 1448 3702; x_wconf 87' lang='lat' dir='ltr'>derogare</span> <span class='ocrx_word' id='word_1_1468' title='bbox 1463 3662 1491 3690; x_wconf 88' lang='lat' dir='ltr'>iii</span> <span class='ocrx_word' id='word_1_1469' title='bbox 1506 3661 1599 3699; x_wconf 79' lang='lat' dir='ltr'>aliquo</span> <span class='ocrx_word' id='word_1_1470' title='bbox 1619 3657 1717 3698; x_wconf 83' lang='lat' dir='ltr'>Regiis</span> <span class='ocrx_word' id='word_1_1471' title='bbox 1737 3657 1906 3695; x_wconf 73' lang='lat' dir='ltr'>Pi-ivilegiis‚</span> <span class='ocrx_word' id='word_1_1472' title='bbox 1925 3654 2036 3696; x_wconf 78' lang='lat' dir='ltr'>Chattis</span> <span class='ocrx_word' id='word_1_1473' title='bbox 2049 3675 2058 3691; x_wconf 87' lang='lat'>‚</span> <span class='ocrx_word' id='word_1_1474' title='bbox 2086 3651 2291 3695; x_wconf 76' lang='lat' dir='ltr'>Libertanbus,</span> <span class='ocrx_word' id='word_1_1475' title='bbox 2313 3651 2374 3682; x_wconf 82' lang='lat' dir='ltr'>Sta·</span> 
     </span>
     <span class='ocr_line' id='line_1_175' title="bbox 1315 3689 2377 3739; baseline -0.012 -8"><span class='ocrx_word' id='word_1_1476' title='bbox 1315 3701 1379 3732; x_wconf 89' lang='lat' dir='ltr'>tutis</span> <span class='ocrx_word' id='word_1_1477' title='bbox 1394 3724 1403 3739; x_wconf 84' lang='lat'>,</span> <span class='ocrx_word' id='word_1_1478' title='bbox 1428 3701 1461 3731; x_wconf 88' lang='lat'>&amp;</span> <span class='ocrx_word' id='word_1_1479' title='bbox 1480 3697 1658 3729; x_wconf 81' lang='lat' dir='ltr'>laudabilibus</span> <span class='ocrx_word' id='word_1_1480' title='bbox 1674 3695 1929 3727; x_wconf 80' lang='lat' dir='ltr'>Consuetudinibus</span> <span class='ocrx_word' id='word_1_1481' title='bbox 1944 3692 2040 3731; x_wconf 72' lang='lat' dir='ltr'>Regni</span> <span class='ocrx_word' id='word_1_1482' title='bbox 2060 3689 2170 3729; x_wconf 83' lang='lat' dir='ltr'>Angliae</span> <span class='ocrx_word' id='word_1_1483' title='bbox 2183 3712 2193 3727; x_wconf 85' lang='lat'>,</span> <span class='ocrx_word' id='word_1_1484' title='bbox 2215 3699 2280 3729; x_wconf 81' lang='lat' dir='ltr'>quae</span> <span class='ocrx_word' id='word_1_1485' title='bbox 2299 3696 2377 3720; x_wconf 81' lang='lat' dir='ltr'>erant</span> 
     </span>
     <span class='ocr_line' id='line_1_176' title="bbox 1316 3734 2242 3778; baseline -0.015 -7"><span class='ocrx_word' id='word_1_1486' title='bbox 1316 3749 1380 3770; x_wconf 85' lang='lat' dir='ltr'>ante</span> <span class='ocrx_word' id='word_1_1487' title='bbox 1395 3748 1503 3778; x_wconf 88' lang='lat' dir='ltr'>tempus</span> <span class='ocrx_word' id='word_1_1488' title='bbox 1517 3736 1714 3768; x_wconf 81' lang='lat' dir='ltr'>Proviiionum</span> <span class='ocrx_word' id='word_1_1489' title='bbox 1726 3734 1851 3774; x_wconf 88' lang='lat' dir='ltr'>ipsarum.</span> <span class='ocrx_word' id='word_1_1490' title='bbox 1984 3769 1988 3774; x_wconf 93' lang='lat'>.</span> <span class='ocrx_word' id='word_1_1491' title='bbox 2023 3768 2028 3774; x_wconf 87' lang='lat'>.</span> <span class='ocrx_word' id='word_1_1492' title='bbox 2155 3767 2160 3772; x_wconf 31' lang='grc' dir='ltr'>ι</span> <span class='ocrx_word' id='word_1_1493' title='bbox 2237 3768 2242 3773; x_wconf 34' lang='lat'>¹</span> 
     </span>
    </p>

    <p class='ocr_par' dir='ltr' id='par_1_42' title="bbox 1317 3765 2377 3971">
     <span class='ocr_line' id='line_1_177' title="bbox 1353 3765 2376 3813; baseline -0.012 -6"><span class='ocrx_word' id='word_1_1494' title='bbox 1353 3777 1521 3808; x_wconf 86' lang='lat' dir='ltr'>Ordinamus</span> <span class='ocrx_word' id='word_1_1495' title='bbox 1535 3776 1618 3805; x_wconf 81' lang='lat' dir='ltr'>etiam</span> <span class='ocrx_word' id='word_1_1496' title='bbox 1630 3773 1708 3813; x_wconf 86' lang='lat' dir='ltr'>quod</span> <span class='ocrx_word' id='word_1_1497' title='bbox 1730 3774 1806 3802; x_wconf 87' lang='lat' dir='ltr'>idem</span> <span class='ocrx_word' id='word_1_1498' title='bbox 1822 3772 1887 3801; x_wconf 74' lang='lat' dir='ltr'>Rex</span> <span class='ocrx_word' id='word_1_1499' title='bbox 1904 3768 2044 3810; x_wconf 69' lang='lat' dir='ltr'>praediehs</span> <span class='ocrx_word' id='word_1_1500' title='bbox 2061 3765 2214 3797; x_wconf 75' lang='lat' dir='ltr'>Baronibus</span> <span class='ocrx_word' id='word_1_1501' title='bbox 2234 3765 2376 3809; x_wconf 73' lang='lat' dir='ltr'>indulgeat</span> 
     </span>
     <span class='ocr_line' id='line_1_178' title="bbox 1317 3805 2375 3848; baseline -0.013 -1"><span class='ocrx_word' id='word_1_1502' title='bbox 1317 3818 1350 3848; x_wconf 84' lang='lat'>&amp;</span> <span class='ocrx_word' id='word_1_1503' title='bbox 1363 3817 1482 3847; x_wconf 88' lang='lat' dir='ltr'>remittat</span> <span class='ocrx_word' id='word_1_1504' title='bbox 1495 3823 1613 3844; x_wconf 92' lang='lat' dir='ltr'>omnem</span> <span class='ocrx_word' id='word_1_1505' title='bbox 1628 3821 1775 3842; x_wconf 87' lang='lat' dir='ltr'>rancorem</span> <span class='ocrx_word' id='word_1_1506' title='bbox 1788 3834 1797 3848; x_wconf 86' lang='lat'>,</span> <span class='ocrx_word' id='word_1_1507' title='bbox 1823 3819 1907 3848; x_wconf 88' lang='lat' dir='ltr'>quem</span> <span class='ocrx_word' id='word_1_1508' title='bbox 1929 3808 2012 3838; x_wconf 87' lang='lat' dir='ltr'>habet</span> <span class='ocrx_word' id='word_1_1509' title='bbox 2030 3805 2153 3836; x_wconf 90' lang='lat' dir='ltr'>adversus</span> <span class='ocrx_word' id='word_1_1510' title='bbox 2167 3815 2215 3835; x_wconf 87' lang='lat' dir='ltr'>eos</span> <span class='ocrx_word' id='word_1_1511' title='bbox 2227 3809 2375 3836; x_wconf 77' lang='lat' dir='ltr'>occanone</span> 
     </span>
     <span class='ocr_line' id='line_1_179' title="bbox 1320 3843 2376 3894; baseline -0.013 -9"><span class='ocrx_word' id='word_1_1512' title='bbox 1320 3854 1544 3894; x_wconf 83' lang='lat' dir='ltr'>praemissorum,</span> <span class='ocrx_word' id='word_1_1513' title='bbox 1563 3852 1596 3882; x_wconf 87' lang='lat'>&amp;</span> <span class='ocrx_word' id='word_1_1514' title='bbox 1612 3850 1734 3881; x_wconf 81' lang='lat' dir='ltr'>similiter</span> <span class='ocrx_word' id='word_1_1515' title='bbox 1754 3849 1873 3880; x_wconf 73' lang='lat' dir='ltr'>Bai-ones</span> <span class='ocrx_word' id='word_1_1516' title='bbox 1891 3847 2000 3884; x_wconf 81' lang='lat' dir='ltr'>eidem3</span> <span class='ocrx_word' id='word_1_1517' title='bbox 2017 3846 2051 3876; x_wconf 67' lang='grc' dir='ltr'>ὃς</span> <span class='ocrx_word' id='word_1_1518' title='bbox 2071 3843 2148 3888; x_wconf 83' lang='lat' dir='ltr'>quod</span> <span class='ocrx_word' id='word_1_1519' title='bbox 2168 3853 2239 3874; x_wconf 89' lang='lat' dir='ltr'>unus</span> <span class='ocrx_word' id='word_1_1520' title='bbox 2259 3844 2376 3886; x_wconf 77' lang='lat' dir='ltr'>alterurn</span> 
     </span>
     <span class='ocr_line' id='line_1_180' title="bbox 1318 3882 2377 3927; baseline -0.015 -2"><span class='ocrx_word' id='word_1_1521' title='bbox 1318 3894 1467 3925; x_wconf 75' lang='lat' dir='ltr'>occasione</span> <span class='ocrx_word' id='word_1_1522' title='bbox 1511 3889 1694 3921; x_wconf 81' lang='lat' dir='ltr'>raemifforum</span> <span class='ocrx_word' id='word_1_1523' title='bbox 1710 3911 1719 3927; x_wconf 89' lang='lat'>,</span> <span class='ocrx_word' id='word_1_1524' title='bbox 1748 3887 1784 3917; x_wconf 91' lang='lat' dir='ltr'>de</span> <span class='ocrx_word' id='word_1_1525' title='bbox 1808 3887 1907 3926; x_wconf 86' lang='lat' dir='ltr'>quibus</span> <span class='ocrx_word' id='word_1_1526' title='bbox 1928 3887 1958 3915; x_wconf 85' lang='lat' dir='ltr'>in</span> <span class='ocrx_word' id='word_1_1527' title='bbox 1986 3894 2038 3915; x_wconf 91' lang='lat' dir='ltr'>nos</span> <span class='ocrx_word' id='word_1_1528' title='bbox 2064 3882 2163 3926; x_wconf 71' lang='lat' dir='ltr'>exstitit</span> <span class='ocrx_word' id='word_1_1529' title='bbox 2186 3888 2377 3925; x_wconf 63' lang='lat' dir='ltr'>conipromis⁴</span> 
     </span>
     <span class='ocr_line' id='line_1_181' title="bbox 1320 3919 2376 3971; baseline -0.015 -8"><span class='ocrx_word' id='word_1_1530' title='bbox 1320 3933 1379 3963; x_wconf 87' lang='lat' dir='ltr'>sum</span> <span class='ocrx_word' id='word_1_1531' title='bbox 1393 3955 1402 3970; x_wconf 83' lang='lat'>,</span> <span class='ocrx_word' id='word_1_1532' title='bbox 1427 3940 1475 3971; x_wconf 87' lang='lat' dir='ltr'>per</span> <span class='ocrx_word' id='word_1_1533' title='bbox 1497 3940 1513 3960; x_wconf 91' lang='lat' dir='ltr'>e</span> <span class='ocrx_word' id='word_1_1534' title='bbox 1531 3929 1575 3960; x_wconf 91' lang='lat' dir='ltr'>vel</span> <span class='ocrx_word' id='word_1_1535' title='bbox 1595 3937 1644 3966; x_wconf 84' lang='lat' dir='ltr'>per</span> <span class='ocrx_word' id='word_1_1536' title='bbox 1658 3927 1741 3957; x_wconf 88' lang='lat' dir='ltr'>alium</span> <span class='ocrx_word' id='word_1_1537' title='bbox 1761 3926 1797 3956; x_wconf 89' lang='lat' dir='ltr'>de</span> <span class='ocrx_word' id='word_1_1538' title='bbox 1811 3933 1916 3957; x_wconf 82' lang='lat' dir='ltr'>caetero</span> <span class='ocrx_word' id='word_1_1539' title='bbox 1929 3933 1989 3954; x_wconf 90' lang='lat' dir='ltr'>nori</span> <span class='ocrx_word' id='word_1_1540' title='bbox 2001 3929 2096 3964; x_wconf 85' lang='lat' dir='ltr'>gravet</span> <span class='ocrx_word' id='word_1_1541' title='bbox 2110 3931 2139 3952; x_wconf 85' lang='lat' dir='ltr'>in</span> <span class='ocrx_word' id='word_1_1542' title='bbox 2160 3920 2253 3957; x_wconf 91' lang='lat' dir='ltr'>aliquo</span> <span class='ocrx_word' id='word_1_1543' title='bbox 2268 3919 2312 3950; x_wconf 90' lang='lat' dir='ltr'>vel</span> <span class='ocrx_word' id='word_1_1544' title='bbox 2331 3922 2376 3948; x_wconf 63' lang='lat' dir='ltr'>oi-¹</span> 
     </span>
    </p>
   </div>
   <div class='ocr_carea' id='block_1_22' title="bbox 1321 3970 2380 4041">
    <p class='ocr_par' dir='ltr' id='par_1_43' title="bbox 1321 3970 2380 4041">
     <span class='ocr_line' id='line_1_182' title="bbox 1321 3970 2380 4041; baseline -0.016 -1"><span class='ocrx_word' id='word_1_1545' title='bbox 1321 3970 1445 4041; x_wconf 44' lang='lat' dir='ltr'>feildliitnc</span> <span class='ocrx_word' id='word_1_1546' title='bbox 1471 4014 1564 4037; x_wconf 87' lang='lat' dir='ltr'>autem</span> <span class='ocrx_word' id='word_1_1547' title='bbox 1594 3998 2014 4035; x_wconf 90' lang='lat' dir='ltr'>ORDINATIONEM</span> <span class='ocrx_word' id='word_1_1548' title='bbox 2043 3993 2304 4030; x_wconf 89' lang='lat' dir='ltr'>NOSTRAM</span> <span class='ocrx_word' id='word_1_1549' title='bbox 2334 3993 2380 4023; x_wconf 82' lang='lat' dir='ltr'>seu</span> 
     </span>
    </p>
   </div>
   <div class='ocr_carea' id='block_1_23' title="bbox 1322 4031 2381 4079">
    <p class='ocr_par' dir='ltr' id='par_1_44' title="bbox 1322 4031 2381 4079">
     <span class='ocr_line' id='line_1_183' title="bbox 1322 4031 2381 4079; baseline -0.017 0"><span class='ocrx_word' id='word_1_1550' title='bbox 1322 4047 1355 4079; x_wconf 95' lang='lat' dir='ltr'>D</span> <span class='ocrx_word' id='word_1_1551' title='bbox 1362 4047 1375 4078; x_wconf 95' lang='lat' dir='ltr'>I</span> <span class='ocrx_word' id='word_1_1552' title='bbox 1382 4046 1410 4078; x_wconf 93' lang='lat' dir='ltr'>C</span> <span class='ocrx_word' id='word_1_1553' title='bbox 1416 4047 1446 4077; x_wconf 93' lang='lat' dir='ltr'>T</span> <span class='ocrx_word' id='word_1_1554' title='bbox 1453 4043 1487 4075; x_wconf 93' lang='lat' dir='ltr'>U</span> <span class='ocrx_word' id='word_1_1555' title='bbox 1497 4042 1533 4074; x_wconf 91' lang='lat' dir='ltr'>M</span> <span class='ocrx_word' id='word_1_1556' title='bbox 1550 4043 1586 4074; x_wconf 91' lang='lat' dir='ltr'>N</span> <span class='ocrx_word' id='word_1_1557' title='bbox 1594 4043 1624 4074; x_wconf 94' lang='lat' dir='ltr'>O</span> <span class='ocrx_word' id='word_1_1558' title='bbox 1632 4043 1652 4074; x_wconf 92' lang='lat' dir='ltr'><strong>S</strong></span> <span class='ocrx_word' id='word_1_1559' title='bbox 1658 4043 1688 4073; x_wconf 93' lang='lat' dir='ltr'>T</span> <span class='ocrx_word' id='word_1_1560' title='bbox 1694 4042 1724 4072; x_wconf 88' lang='lat' dir='ltr'>R</span> <span class='ocrx_word' id='word_1_1561' title='bbox 1734 4040 1765 4071; x_wconf 90' lang='lat' dir='ltr'>U</span> <span class='ocrx_word' id='word_1_1562' title='bbox 1776 4039 1814 4070; x_wconf 91' lang='lat' dir='ltr'>M</span> <span class='ocrx_word' id='word_1_1563' title='bbox 1837 4039 2001 4079; x_wconf 83' lang='lat' dir='ltr'>protulimus</span> <span class='ocrx_word' id='word_1_1564' title='bbox 2016 4036 2162 4069; x_wconf 85' lang='lat' dir='ltr'>Ambianis</span> <span class='ocrx_word' id='word_1_1565' title='bbox 2200 4035 2229 4063; x_wconf 92' lang='lat' dir='ltr'>in</span> <span class='ocrx_word' id='word_1_1566' title='bbox 2259 4031 2381 4063; x_wconf 78' lang='lat' dir='ltr'>crastino</span> 
     </span>
    </p>
   </div>
   <div class='ocr_carea' id='block_1_24' title="bbox 1325 4057 2381 4148">
    <p class='ocr_par' dir='ltr' id='par_1_45' title="bbox 1325 4057 2381 4148">
     <span class='ocr_line' id='line_1_184' title="bbox 1325 4057 2381 4148; baseline -0.017 -30"><span class='ocrx_word' id='word_1_1567' title='bbox 1325 4087 1397 4118; x_wconf 85' lang='lat' dir='ltr'>beati</span> <span class='ocrx_word' id='word_1_1568' title='bbox 1413 4083 1557 4117; x_wconf 79' lang='lat' dir='ltr'>vincentii</span> <span class='ocrx_word' id='word_1_1569' title='bbox 1569 4081 1716 4122; x_wconf 80' lang='lat' dir='ltr'>Martyris,</span> <span class='ocrx_word' id='word_1_1570' title='bbox 1730 4089 1806 4113; x_wconf 86' lang='lat' dir='ltr'>anno</span> <span class='ocrx_word' id='word_1_1571' title='bbox 1817 4077 2028 4148; x_wconf 40' lang='lat' dir='ltr'>qutraini1263</span> <span class='ocrx_word' id='word_1_1572' title='bbox 2037 4098 2047 4116; x_wconf 81' lang='lat'>,</span> <span class='ocrx_word' id='word_1_1573' title='bbox 2063 4074 2156 4108; x_wconf 83' lang='lat' dir='ltr'>meuse</span> <span class='ocrx_word' id='word_1_1574' title='bbox 2164 4057 2305 4111; x_wconf 76' lang='lat' dir='ltr'>januario.</span> <span class='ocrx_word' id='word_1_1575' title='bbox 2347 4103 2381 4138; x_wconf 60' lang='lat' dir='ltr'>In</span> 
     </span>
    </p>
   </div>
  </div>
 </body>
</html>
