2570 4261
792 146 902 187 ET
966 142 1219 187 ACTA

33 235 110 268 Ann.
121 231 163 264 D.
192 231 278 262 uineo
293 230 408 270 nostro,
424 231 459 262 ad
473 230 668 271 exequendum
692 231 726 261 &
742 231 944 269 complendum
966 230 1177 262 ordinationem
1190 237 1244 258 no-

63 281 148 315 1309.

199 280 259 300 ram
273 268 380 300 factam
398 279 467 300 cum
481 269 710 301 procuratoribus
724 269 796 299 dieti
811 270 935 300 Domini
952 269 1041 305 Regis
1056 267 1186 298 Castellae
1208 274 1242 296 ex

34 315 101 343 Edv.
121 321 148 339 2.
173 316 247 347 parte
263 318 317 338 una
349 308 384 338 &
396 317 464 337 cum
479 307 707 339 procuratoribus
726 307 852 338 Civitatis
867 307 969 337 nostrae
988 307 1100 337 Baionae
1122 315 1155 336 ex
1177 303 1243 341 alia,

175 354 258 385 prout
273 346 303 376 in
316 331 403 376 sittera
417 344 508 376 nostra
520 346 599 384 super
613 346 672 376 hoc
686 345 778 384 facita,
795 345 885 384 figillo
900 345 996 375 nostro
1011 346 1040 375 in
1056 344 1187 383 pendenti
1207 342 1242 373 si-

172 384 285 424 gmata,
301 383 429 415 videbitis
444 385 598 423 contineri,
1219 419 1224 424 ¹

211 421 319 453 Dantes
334 422 368 452 &
383 422 568 452 concedentes
583 422 678 459 vobis,
696 422 729 452 ὅτ
748 421 858 452 duobus
869 419 996 451 vestrum
1016 420 1128 458 plenam
1149 419 1183 450 &
1206 418 1240 448 li-

173 461 275 491 beram
295 459 461 498 potestatem
476 461 573 491 omnia
595 461 628 491 δε
649 459 753 496 singula
767 467 901 490 contenta
924 460 953 489 iri
977 459 1032 496 ipsa
1054 459 1142 488 littera
1177 467 1241 488 exe-

173 498 298 537 quendi,
317 498 397 528 testes
409 498 561 536 recipiendi
583 499 616 528 &
636 498 830 536 examinandi,
847 499 881 528 &
901 497 1012 528 rebelles
1034 480 1242 540 compellendi,

170 536 291 573 citandi,
310 536 462 574 puniendi,
479 536 692 573 cognoscendi,
707 536 869 574 judicandi,
887 535 1050 573 arbitrandi,
1067 544 1164 572 poenas
1183 543 1238 563 im-

172 575 316 613 ponendi,
333 575 366 606 &
382 577 481 605 omnia
494 575 545 605 alia
558 575 591 605 &
604 574 723 612 singula,
742 584 804 611 quae
816 574 850 605 ad
866 572 1005 612 praemissa
1023 580 1176 610 pertinent,
1194 571 1240 602 vel

172 614 312 652 pertinere
324 611 452 651 possunt,
469 612 591 643 faciendi
607 613 640 642 ὃ(
654 612 836 650 complendi,
854 613 891 642 ita
904 611 978 650 quod
988 635 998 648 ,
1015 612 1034 641 fi
1049 611 1106 640 duo
1114 609 1239 640 vestrum

174 652 312 690 incipiant
325 652 355 681 in
369 651 449 682 dieto
465 652 581 688 negotio
598 650 769 688 procedere,
791 650 836 680 alii
851 650 908 680 duo
929 649 1030 687 poffint
1050 648 1129 678 idem
1149 657 1241 684 nego-

173 691 245 721 tium
259 689 395 728 finire,&
411 690 494 727 primi
505 690 607 719 iterum
622 689 786 719 reallumerc
805 688 1027 725 quandocunque
1050 686 1083 716 &
1098 687 1240 724 quotiens-

174 739 287 767 cunque
308 729 346 758 eis
363 727 454 757 visum
468 727 549 757 suerit
562 726 698 764 expedire.
734 726 769 757 Et
780 725 878 756 damus
889 725 1065 764 praesentibns
1078 724 1172 754 litteris
1187 733 1240 752 no-

173 767 234 798 stris
248 768 278 796 in
292 765 426 796 mandatis
438 765 592 795 Senescallo
607 764 702 795 nostro
716 764 881 802 Vasconiae,
903 764 979 802 quod
993 763 1114 794 subditos
1133 761 1242 792 nostros

174 803 326 842 compellat
340 802 375 833 ad
387 803 540 834 tenendum
556 804 589 833 &
605 803 807 840 complendum
822 813 853 832 ea
868 811 931 840 quae
945 812 995 832 vos
1014 811 1083 831 cum
1096 801 1154 831 aliis
1167 800 1240 830 duo-

173 844 226 874 bus
241 842 361 873 feceritis
367 864 376 880 ,
394 843 585 878 cognoveritis
593 841 793 879 ,judicaveritis
800 864 810 879 ,
817 840 862 871 vel
875 840 937 871 alias
944 840 1131 883 ordinaveritis
1140 862 1149 877 ,
1156 845 1239 882 prout

171 882 256 911 vobis
268 881 301 911 ὃς
315 880 367 910 illis
376 879 486 910 duobus
499 880 637 910 videbitur
651 879 779 917 expedire
787 901 796 916 ,
814 879 847 910 δε
861 878 937 918 quod
948 879 1029 910 vobis
1040 888 1069 907 in
1082 876 1239 915 praemissu,

170 920 205 951 &
221 917 358 957 praerniffa
370 918 547 955 tangentibus
559 918 665 949 faciatis
679 917 796 948 obediri.

206 956 241 988 In
255 957 350 996 cujus,
368 957 430 988 &c.

206 1032 276 1065 Dat.
292 1033 366 1073 apud
384 1033 512 1066 Westm.
533 1043 570 1074 14
587 1033 633 1064 die
649 1033 828 1072 Septembris.

440 1184 490 1215 De
515 1180 591 1215 disto
616 1181 765 1215 Tratlam
788 1180 965 1228 exequendo.

16 1304 94 1336 ‘Am'
112 1301 154 1334 D.
167 1281 298 1340 REX
323 1280 476 1313 Senescallo
494 1280 542 1312 suo
559 1280 722 1319 Vasconiae,
736 1280 855 1311 salutem.

259 1320 337 1351 Cum
351 1331 402 1350 nos
413 1319 449 1350 ad
462 1319 653 1357 exequendam
664 1320 888 1357 ordinationem,
901 1329 950 1357 per
965 1328 1016 1348 nos
1029 1317 1132 1348 faetam
1140 1316 1233 1354 ,super

47 1351 131 1385 ¹309·
165 1358 260 1396 facito,
271 1358 317 1389 seu
331 1357 467 1388 discordia
480 1366 558 1388 mota
571 1359 641 1388 inter
653 1367 750 1396 gentes
762 1357 880 1396 nostras,
895 1367 928 1387 ex
945 1366 1019 1395 parte
1034 1367 1103 1393 una,
1115 1356 1148 1386 &
1163 1365 1233 1390 gen-

18 1386 73 1410 An.
96 1391 109 1418 3

15 1425 49 1449 Ε.
70 1428 97 1447 2.

13 1459 86 1496 Vasc.
98 1467 124 1495 3.

15 1501 47 1525 Σ.
65 1506 91 1524 κ.

18 1543 46 1572 7.

116 1403 122 1410 ·
163 1405 203 1427 tes
221 1397 343 1427 Domini
360 1396 450 1433 Regis
469 1395 617 1435 Castellae,
635 1406 669 1426 ex
686 1396 735 1427 alia
748 1419 758 1435 ,
782 1404 943 1426 contentam
961 1396 990 1424 in
1005 1395 1100 1424 litteris
1118 1393 1233 1430 nostris,

166 1435 396 1473 assignaverimus
410 1434 564 1465 Arnaldum
578 1434 613 1465 de
627 1434 705 1465 Caua
719 1433 1008 1473 Penna,Gaillardum
1022 1432 1181 1462 Dominum
1197 1431 1233 1461 de

167 1473 264 1512 Saros,
281 1483 315 1504 ac
333 1471 530 1503 Guillielmum
546 1472 661 1504 Arnaldi
675 1473 710 1503 de
725 1472 857 1511 Podeux,
873 1471 997 1510 Milites,
1011 1472 1044 1503 δε
1061 1469 1233 1507 Magistrum

114 1507 151 1526 m·
166 1511 272 1542 Perum
292 1510 408 1542 Amaldi
426 1510 461 1541 de
478 1511 557 1542 Vico
575 1511 721 1542 Clericum
740 1510 884 1549 nostrum,
899 1511 932 1542 &
949 1510 1020 1540 duos
1038 1508 1174 1548 ipsorum,
1185 1508 1233 1546 qui

166 1550 266 1581 melius
284 1550 318 1581 &
332 1549 440 1580 facilius
456 1549 559 1587 possint
575 1550 610 1581 ad
628 1550 686 1580 hoc
704 1560 820 1588 vacare,

203 1588 294 1619 Vobis
311 1588 531 1628 committimus,
550 1589 583 1619 &
602 1588 767 1620 mandamus
781 1610 790 1626 ,
816 1588 940 1626 quatinus
957 1586 977 1616 fi
997 1585 1144 1628 praedieti,
1166 1595 1232 1623 qua·
1280 1606 1282 1609 -

166 1636 230 1659 tuor
247 1626 292 1657 vel
311 1626 370 1657 duo
387 1636 504 1665 eorum,
521 1627 555 1657 ad
571 1627 628 1657 hoc
645 1637 743 1657 vacare
761 1636 819 1656 non
837 1624 941 1667 possint
954 1625 998 1655 vel
1016 1624 1186 1667 nolint,vosy
1197 1623 1232 1653 de

165 1665 271 1697 assensu
302 1665 336 1696 &
358 1664 498 1696 voluntate
516 1664 628 1695 illorum
645 1665 681 1695 de
701 1664 822 1703 Baiona,
847 1664 914 1695 alios
931 1663 1000 1693 duos
1017 1662 1141 1702 ydoneos
1158 1672 1233 1693 vrros

163 1704 217 1734 illis
232 1704 268 1734 de
278 1690 407 1742 ⁷Baiona,
425 1703 459 1733 ad
477 1702 588 1733 dietum
603 1704 749 1743 negotium
764 1702 975 1747 exequendum,
996 1700 1136 1737 affignetis
1148 1723 1158 1738 ‚
1186 1701 1233 1739 qui
1261 1716 1268 1720 -

164 1743 240 1773 bene
257 1742 292 1773 δε
308 1741 424 1772 fideliter
442 1741 554 1772 dictum
573 1743 738 1780 negotium,
754 1750 783 1772 ut
801 1742 882 1771 citius
900 1747 1231 1778 poterunt,exequantur,

164 1780 200 1811 &
217 1780 316 1824 omnia
332 1780 383 1811 alia
400 1780 434 1811 &
451 1779 556 1818 singula
569 1779 674 1811 faciant
690 1803 700 1819 ,
730 1789 795 1819 quae
818 1781 847 1810 in
870 1778 1011 1818 praedidkis
1027 1777 1127 1809 nostris
1139 1777 1233 1808 litteris

163 1825 351 1851 continentur.

203 1896 271 1929 Dat.
284 1898 357 1937 apud
373 1897 500 1930 Westm.
522 1908 567 1940 14.
581 1897 628 1930 die
643 1897 822 1937 Septembris.

46 2049 134 2087 ,⁴111.
164 2039 185 2062 *
208 2042 258 2074 De
288 2039 454 2074 Concordia
470 2040 559 2085 farsia
590 2052 693 2074 coram
718 2044 793 2089 Rege
824 2045 901 2073 inter
919 2045 1128 2077 Procuratores
1146 2046 1232 2091 Regis

64 2101 127 2127 ¹70·

344 2088 468 2133 Castellae
489 2092 526 2127 &⁹
543 2093 752 2124 Procuratores
769 2092 912 2124 Civitatis
933 2093 1060 2140 Bayonae.

19 2194 99 2228 Ἀῃῃ,
113 2193 154 2225 D,
168 2181 257 2239 RE
268 2185 299 2216 X
321 2187 471 2225 omnibus,
491 2186 526 2217 ad
545 2196 628 2231 quoS,
646 2187 706 2217 ὅτε,
724 2185 845 2217 salutem.

23 2434 54 2462 4.

50 2243 134 2274 1309.

19 2277 74 2303 An.
93 2283 119 2309 3.
1201 2305 1234 2335 &

19 2316 123 2387 {tiss}
165 2340 203 2372 de
223 2339 388 2384 Laredo„&
405 2339 510 2408 angiam
528 2339 595 2370 alios
613 2339 735 2370 subditos
752 2339 859 2370 illustris
877 2339 1016 2377 Principis
1029 2339 1153 2371 Domini
1168 2326 1235 2372 fier-

22 2392 53 2416 Ε.
69 2398 96 2417 2.
114 2398 150 2417 m,
165 2378 270 2418 nandi,
286 2377 420 2408 carlffiml

259 2224 374 2255 Notum
392 2225 513 2256 facimus
539 2225 669 2256 universis
696 2224 772 2263 quod
786 2247 796 2264 ,
818 2234 887 2256 curn
913 2233 1008 2263 graves
1025 2225 1235 2258 Controverfiae

167 2274 202 2295 ac
220 2262 379 2293 Discordiae
393 2263 483 2293 forent
499 2272 619 2302 exortae,

206 2301 280 2332 Inter
296 2301 436 2332 Homines
452 2301 489 2331 de
507 2301 608 2332 Castro
620 2300 656 2332 de
671 2300 840 2339 Ordehales,
862 2301 897 2331 de
919 2300 1025 2332 Sandio
1042 2301 1167 2334 Auderio

487 2377 650 2414 nsanguinei
667 2377 754 2408 nostri
760 2378 877 2416 ,eadem
895 2379 1002 2416 gratia,
1019 2378 1150 2410 Castellae
1160 2403 1169 2418 ,
1180 2381 1236 2410 Le-

165 2418 278 2458 gionis,
291 2416 428 2455 Tholeti,
442 2416 588 2453 Galeciae,
605 2415 736 2454 Sebiliae,
753 2415 909 2454 Cordivae,
926 2416 1069 2455 Murciae,
1080 2417 1187 2449 Gihen.
1200 2419 1234 2450 &

166 2456 204 2489 Al
226 2455 296 2486 arbii
308 2454 415 2493 Regis,
432 2465 465 2485 ac
484 2454 644 2485 Comitatus
662 2454 785 2484 Molinae
804 2453 944 2493 Domini,
963 2464 997 2484 ex
1015 2464 1090 2493 parte
1109 2457 1181 2495 una,

230 2502 242 2525 t
260 2493 346 2561 Civels
363 2492 471 2524 nostros
488 2493 599 2524 Baionae
617 2503 650 2523 ac
674 2492 779 2531 aliquos
803 2492 926 2523 subditos
948 2493 1057 2524 nostros
1083 2493 1235 2536 dampnifi-

166 2541 246 2565 catos
263 2541 297 2563 ex
314 2540 393 2562 atera

203 2571 246 2602 Ex
264 2572 363 2609 quibus
380 2554 545 2608 niultiplices
570 2570 722 2600 hominum
747 2569 957 2601 interfectiones
971 2593 981 2609 ,
1006 2572 1150 2609 captiones
1163 2595 1173 2611 ,
1199 2574 1234 2604 &

164 2610 216 2643 alia
230 2610 353 2648 dampna
370 2608 481 2640 fuerunt
498 2607 655 2647 subsecuta,
666 2609 699 2639 ὃς
718 2608 803 2640 multa
820 2610 924 2647 majora
941 2609 1066 2649 subsequi
1082 2611 1234 2643 credeban-

168 2658 227 2681 tur:

204 2686 339 2717 Tandem
363 2686 393 2716 in
418 2685 514 2717 nostra
538 2684 681 2723 praesentia
705 2685 850 2716 constituti
869 2709 879 2724 ,
909 2685 1052 2724 Johannes
1074 2687 1180 2720 Didaci
1198 2690 1234 2721 de

164 2724 350 2765 Guadalfayra
370 2724 455 2755 Miles
490 2724 523 2755 &
545 2724 704 2755 Ferriandus
720 2723 883 2755 Gundisalui
900 2725 936 2756 de
952 2725 1045 2764 Fries,
1065 2725 1233 2759 Procurato-

165 2774 208 2796 res
222 2763 298 2832 ἑϋᾶᾒ
314 2763 438 2832 IsDOiffini
455 2747 544 2801 Regis
563 2761 692 2794 Castellae
704 2786 714 2801 ,
740 2773 808 2794 cum
832 2762 921 2794 littera
943 2764 1024 2802 ipsius
1042 2766 1136 2803 aperta
1153 2767 1187 2798 ἃ
1204 2768 1233 2798 in

186 2813 219 2834 en
240 2810 297 2833 enti
325 2812 354 2839 ig
386 2809 442 2832 ata:

163 2813 184 2843 p
206 2840 243 2871 Et
261 2840 446 2878 Raymundus
465 2839 594 2871 Durandi
612 2840 649 2871 de
666 2839 757 2878 Villa,
773 2840 807 2871 &
828 2839 962 2871 Amaldus
977 2840 1013 2871 de
1031 2840 1130 2881 Muta,
1146 2842 1234 2874 Cives

165 2877 268 2910 nostrae
287 2878 417 2917 Batonae,
434 2879 467 2910 &¹
483 2878 704 2910 communitatis
721 2878 852 2911 CivitatIs
869 2879 971 2910 nostrae
994 2879 1109 2912 Baionae
1127 2881 1234 2914 Procu-

165 2926 284 2956 ratores,

207 2956 310 2986 Literas
329 2955 537 2987 Procuratorias
552 2956 698 2994 praedicCtas
712 2956 910 2996 exhibuerunt,
930 2965 1046 2995 quarum
1068 2966 1176 2990 tenores
1189 2960 1234 2991 in-

167 2993 253 3025 ferius
269 2995 462 3025 continentur:

204 3032 240 3064 Et
256 3042 325 3070 nOS,
346 3033 469 3063 volentes
483 3033 675 3071 aequanimiter
689 3034 856 3072 procedere,
875 3042 943 3064 cum
957 3034 1099 3067 voluntate
1115 3035 1233 3073 ipsarum

167 3071 290 3102 Partium
303 3071 336 3102 &
351 3070 455 3102 assensu
464 3093 474 3109 ,
490 3071 551 3109 ipfis
564 3071 689 3103 Partibus
705 3073 881 3103 Tractatores
896 3073 1024 3104 dedimus
1038 3075 1072 3105 &
1087 3075 1233 3114 assignavi-

168 3120 248 3148 muS,
261 3110 308 3148 qui
323 3109 390 3146 ipsas
403 3117 506 3148 parteS,
521 3117 550 3140 ut
565 3109 662 3140 melius
674 3111 801 3150 possent,
814 3110 934 3142 facerent
949 3112 1140 3144 concordare:

204 3148 259 3187 Et,
281 3147 377 3179 audito
391 3148 525 3186 traCtatu,
541 3147 680 3178 concordi
696 3150 855 3180 auctoritate
876 3149 1109 3182 Procurationum
1132 3152 1234 3190 praedi-

167 3186 278 3217 &arum
289 3200 301 3224 *,
325 3186 404 3224 super
420 3187 553 3217 omnibus
573 3185 775 3218 Controversiis
792 3188 826 3218 ὃς
844 3188 1017 3227 DiscordiiS,
1041 3200 1105 3227 quae
1119 3192 1234 3221 univer-

166 3224 253 3255 saliter
270 3223 314 3255 vel
332 3224 499 3262 singulariter
517 3223 573 3255 effi:
590 3233 716 3262 poterant
731 3227 800 3256 inter
817 3227 884 3264 ipsas
902 3235 1003 3265 parteS,
1018 3228 1162 3267 inducias,
1177 3229 1233 3260 five

170 3271 279 3299 treugas
293 3263 441 3300 inivimus,
455 3263 522 3293 hinc
538 3263 572 3293 ad
591 3264 754 3300 proximum
772 3264 887 3295 Festum
910 3266 1072 3298 Nativitatis
1093 3268 1165 3298 beati
1182 3268 1232 3307 Jo-

171 3301 271 3331 hannis
286 3300 431 3338 Baptistae,
449 3301 500 3339 &,
519 3302 555 3331 ab
573 3301 622 3331 illo
642 3300 741 3340 Festo,
758 3302 842 3340 usque
856 3304 889 3333 ad
906 3304 979 3335 aliud
993 3304 1105 3342 sequens
1121 3306 1233 3337 Festum

169 3338 332 3370 Nativitatis
352 3339 474 3377 ejusdem
489 3340 561 3369 beati
578 3339 732 3378 johannis,
746 3350 820 3370 anno
833 3341 974 3381 revoluto,
988 3345 1046 3374 tota
1059 3344 1114 3381 ipsa
1130 3344 1176 3375 die
1190 3346 1234 3375 ni-

169 3377 341 3408 chilominus
357 3376 522 3415 interclusa,
537 3377 691 3416 duraturas,
707 3378 756 3409 sub
771 3379 863 3410 modis
878 3380 1156 3414 &condictionibus
1171 3393 1234 3421 quae

167 3415 329 3455 sequuntur,
345 3415 494 3455 videlicet,

207 3492 317 3532 Qiod,
335 3492 369 3536 ad
388 3492 527 3532 inducias,
545 3492 589 3523 seu
606 3501 711 3534 treugas
727 3494 903 3534 hujusmodi,
921 3496 954 3527 ὃς
972 3497 1070 3527 omnia
1091 3497 1125 3528 &
1140 3497 1233 3536 fingu-

168 3530 212 3570 la,
228 3531 404 3569 praesentibus
417 3531 512 3562 litteris
524 3540 656 3563 contenta
665 3555 674 3571 ,
696 3534 814 3564 tenenda
828 3534 861 3565 &
875 3534 1022 3574 servanda,
1044 3546 1232 3575 quaecumque

166 3569 308 3601 dictarum
328 3570 468 3608 partium,
482 3579 515 3600 ex
530 3581 586 3610 quo
600 3570 662 3601 haec
677 3570 808 3603 sciverint
821 3595 832 3611 ‚
860 3572 906 3605 vel
926 3573 1098 3614 audiverint,
1120 3583 1232 3606 tenean-

206 3646 261 3686 Et‚
277 3647 314 3677 ne
324 3647 408 3685 aliqui
419 3646 446 3677 se
465 3646 568 3685 poffint
584 3657 633 3686 per
651 3649 837 3685 ignorantiam
855 3650 997 3689 excusare,
1016 3651 1091 3690 qnod
1111 3652 1230 3689 praesen-

168 3690 209 3715 tes
225 3685 365 3724 inducias,
384 3685 439 3716 sive
456 3693 564 3723 treugas
612 3687 645 3717 &
664 3687 716 3717 alia
730 3694 745 3726 ,'
763 3695 860 3718 tenore
884 3689 1058 3726 praesentium
1079 3689 1231 3731 declarata,

169 3723 297 3760 praefatus
319 3723 464 3754 Dominus
479 3723 541 3754 Rex
587 3724 685 3755 astellae
696 3726 829 3756 omnibus
846 3726 883 3756 de
900 3735 975 3765 parte
992 3727 1054 3767 sua,
1070 3729 1103 3759 &
1122 3727 1230 3760 Procu-

169 3768 272 3792 ratores
290 3762 375 3795 ἀὶὲὶεε
394 3761 613 3793 Communitatis
629 3762 741 3794 Baionae
757 3764 809 3794 illis
826 3764 863 3795 de
879 3763 982 3796 Baiona
1010 3767 1043 3798 &
1060 3777 1110 3797 nos
1123 3767 1182 3797 aliis
1192 3768 1228 3799 de

168 3805 241 3830 terra
249 3800 366 3844 nostra,
384 3801 453 3832 infra
471 3803 633 3839 proximum
658 3801 768 3833 Festum
794 3802 955 3834 Nativitatis
973 3788 1102 3836 Domini
1125 3804 1228 3837 faciant

167 3839 313 3881 nuncrari,
328 3840 373 3871 seu
392 3841 475 3871 etiam
494 3839 654 3878 publicari,
678 3841 715 3871 ita
735 3840 811 3878 quod
828 3849 930 3872 extunc
949 3842 1054 3882 nullus,
1072 3845 1101 3873 in
1119 3853 1227 3876 contra-

165 3885 241 3906 rium
258 3878 387 3916 veniens,
402 3877 616 3917 excusetur,nifi
634 3887 745 3916 propter
759 3888 893 3915 magnam
909 3879 1040 3912 locorum
1055 3881 1225 3924 distantiam,

164 3912 201 3944 &
217 3913 348 3946 absentiae
359 3917 568 3948 diuturnitatem
583 3917 697 3947 evidens
710 3917 849 3947 excusatio
861 3927 1010 3956 appareret.

205 3950 242 3982 Et
256 3952 332 3990 quod
348 3963 476 3994 exnunc,
493 3966 508 3986 a
525 3964 650 3993 tempore
667 3955 739 3985 datae
759 3955 951 3995 praesentium,
973 3967 1020 3995 per
1040 3957 1160 3996 aliquam
1181 3959 1225 3990 di-

162 3990 274 4022 &arum
294 3992 412 4028 partium
435 4002 532 4025 contra
554 3993 665 4024 alteram
689 3993 778 4031 aliqua
797 4003 856 4024 non
875 3996 1033 4034 capiantur,
1051 3997 1225 4037 usurpentur,

160 4027 379 4100 velTarestJntqu
392 4030 511 4100 ἔξειπε
527 4032 573 4066 vel
587 4033 769 4072 ignoranter,
786 4032 838 4072 &‚
855 4032 875 4065 fi
886 4032 980 4074 fieret,
994 4034 1071 4075 quod
1087 4034 1149 4075 illa,
1167 4036 1224 4069 sine

1278 139 1742 188 PUBLICA.
2273 161 2348 202 153

1285 224 1417 258 dilatione
1433 228 1467 259 &
1487 231 1710 262 contradictione
1725 230 1914 271 quacumque*
1921 232 2095 264 restituantur
2105 231 2178 263 hinc
2190 230 2273 271 inde,
2294 233 2346 264 du«
2362 229 2435 261 Arm.
2449 229 2492 261 D,-

1283 265 1403 295 rantibus
1417 269 1520 304 treugis
1532 268 1701 306 supradictis.

2380 278 2465 308 1309.

1322 302 1345 331 F
1347 303 1438 334 rac‘tor
1452 309 1521 335 vero
1534 307 1654 344 ipsarum
1667 316 1832 351 treugarum
1843 319 1894 347 pro
1913 309 2057 340 Proditore
2076 308 2222 352 habeatur,
2243 308 2277 339 &
2290 318 2343 346 pu-
2363 309 2427 337 Edv.
2446 316 2473 337 2„

1283 340 1370 370 niatur
1384 342 1414 385 in
1429 353 1549 386 corpore
1569 345 1603 375 &
1625 346 1656 375 in
1672 346 1768 384 bonis,
1786 348 1847 384 ipiis
1864 349 1967 385 treugis
1983 347 2028 378 seu
2045 348 2166 378 induciis
2183 357 2215 376 m
2233 346 2281 377 suo
2296 357 2343 377 ro-

1283 378 1352 408 bore
1366 380 1565 413 nichilominus
1579 383 1721 414 duraturis.

1307 415 1378 461 ‘Et,·
1388 419 1452 455 quia
1467 420 1537 450 inter
1560 430 1646 459 partes
1665 422 1812 459 praedic‘tas
1829 423 1939 455 fuerunt
1955 423 2017 454 aliae
2038 432 2144 461 treugae
2161 424 2239 454 initae
2250 445 2261 462 ‚
2291 433 2343 462 per

1283 453 1435 500 biennium.
1452 457 1602 498 duraturae,
1623 460 1657 490 &
1672 461 1709 490 ab
1724 469 1835 499 utraque
1858 470 1934 499 parte
1951 462 2078 492 afferatur
2096 461 2172 499 quod
2185 484 2195 500 ,
2226 461 2344 494 durante

1282 500 1410 537 tempore
1427 495 1547 540 ipsarum¹
1556 505 1732 536 treugarum,
1749 500 1835 530 multa
1852 500 2025 538 homicidia,
2042 501 2074 530 &
2092 501 2143 530 alia
2155 499 2276 538 dampna
2307 510 2342 531 ac

1283 530 1417 573 maleficia
1438 533 1505 578 sunt⁶
1518 534 1587 578 hinc
1611 536 1677 566 inde
1695 537 1860 576 commissa,
1878 537 1919 568 est
1937 537 2014 575 super
2033 538 2090 568 hoc
2107 539 2144 569 ita
2161 523 2345 570 concorditer

1281 567 1456 600 ordinatum·
1477 572 1624 613 Videlicet,

1321 606 1410 645 Qod
1430 610 1435 614 ”
1457 620 1487 648 a,
1506 621 1568 654 quae
1583 635 1592 650 ,
1615 612 1730 644 durante
1746 621 1872 651 tempore
1888 613 2025 644 dictarum
2043 622 2200 652 treugarum
2214 637 2225 653 ,
2246 619 2344 656 capta,

1281 643 1368 675 ablata
1392 668 1402 683 ‚
1432 647 1476 678 seu
1498 649 1581 692 saisita
1606 650 1716 681 fuerunt
1739 662 1788 689 per
1813 652 1968 682 alterutram
1986 653 2105 689 partium
2124 652 2342 693 praedictarum,

1282 683 1463 727 emendentur
1475 686 1543 717 hinc
1563 688 1646 727 inde,
1664 691 1700 719 ita
1719 698 1813 720 tamen
1831 690 1907 728 quod
1926 689 2039 729 Naves,
2057 690 2126 721 Vasa
2141 714 2150 728 ,
2173 691 2208 721 &
2228 701 2342 729 appara-

1284 728 1379 760 menta
1393 723 1581 764 ipsarum,vel
1598 726 1648 757 alia
1664 728 1739 758 bona
1745 739 1827 766 ,quae
1844 728 1936 759 adhuc
1952 729 2102 766 eXtant,&
2116 739 2174 758 non
2191 729 2250 759 sunt
2270 739 2341 760 con·

1281 756 1405 801 sumpta,
1422 761 1459 792 set
1477 772 1625 807 apparent,
1641 765 1686 795 seu
1703 776 1834 803 apparere
1852 766 1963 804 poffunt
1977 789 1988 804 ,
2013 766 2090 804 quod
2108 765 2152 796 illa
2169 766 2342 799 restituantur

1279 794 1442 863 gigtmffel
1463 801 1497 831 ad
1518 802 1617 833 tardius
1631 803 1702 835 infra
1721 804 1912 836 Dominicam
1930 805 2091 843 proximam
2107 805 2137 834 in
2156 804 2341 842 Quadragesi-

1317 872 1404 911 Super
1423 875 1479 906 aliis
1498 878 1595 918 bonis,
1616 880 1804 919 consumptis,
1825 880 1869 911 vel
1888 891 1951 919 quae
1967 891 2027 911 non
2036 892 2058 912 <a
2080 888 2199 920 parent,
2222 891 2275 913 nec
2293 892 2344 920 ap-

1281 918 1376 947 parere
1393 914 1738 960 possunt-,assignabuntur
1751 919 1808 950 duo
1820 921 1903 956 probi
1919 920 1972 950 viri
1986 929 2034 957 per
2080 920 2211 949 ominum
2228 919 2342 960 Regem

1280 947 1408 993 Castellae
1431 953 1463 982 &
1482 954 1526 998 alii
1547 955 1605 986 duo
1620 967 1668 994 per
1683 967 1753 995 nos,
1773 957 1822 995 qui
1839 957 1986 995 jurabunt,
2005 957 2039 987 ad
2058 957 2160 988 saneta
2175 957 2233 988 Dei
2248 958 2343 989 Evan-

1279 987 1370 1027 gelia,
1385 992 1563 1029 corporaliter
1579 1005 1664 1025 manu
1682 996 1772 1034 taita,
1797 995 1872 1034 quod
1888 994 2004 1025 fideliter
2024 996 2056 1026 &
2070 994 2192 1032 legaliter
2213 996 2239 1026 se
2255 997 2343 1027 habe-

1280 1025 1349 1057 bunt
1372 1037 1423 1065 pro
1444 1037 1557 1068 utraque
1574 1041 1664 1071 parte,
1682 1034 1715 1063 ὃς
1733 1044 1792 1063 non
1809 1033 1955 1071 respicient
1974 1033 1993 1052 *¹³
2010 1034 2341 1074 commodum,odium,

1279 1063 1324 1094 vel
1346 1065 1490 1106 favorem,
1508 1079 1560 1100 nec
1579 1071 1711 1101 recedent
1728 1083 1744 1102 a
1760 1072 1828 1102 loco
1842 1095 1852 1110 ,
1865 1070 1911 1102 seu
1928 1071 1999 1102 locis
2014 1071 2128 1101 inferius
2144 1073 2341 1113 nominandis,

1279 1101 1620 1148 donec-concordaverint
1639 1120 1671 1139 ea
1689 1120 1752 1147 quae
1769 1110 1932 1148 sequuntur:

1316 1140 1352 1172 Et
1372 1142 1417 1173 isti
1437 1153 1554 1182 quatuor
1576 1147 1679 1178 debent
1697 1148 1753 1178 effe
1774 1148 1882 1179 insimul
1904 1146 1981 1177 dieta
1996 1145 2153 1177 Dominica
2167 1149 2293 1185 proxima
2310 1150 2340 1180 in

1277 1180 1499 1223 quadragesima,
1517 1185 1546 1213 in
1565 1185 1660 1216 medio
1678 1186 1769 1224 pontis
1784 1186 1869 1217 fontis
1883 1185 1989 1223 rapidi,
2005 1185 2083 1223 super
2098 1184 2176 1216 filum
2192 1197 2290 1225 aquae,
2306 1188 2340 1218 &

1277 1218 1318 1260 ibi
1342 1221 1554 1263 concordabunt
1571 1224 1679 1255 insimul
1701 1224 1814 1262 qualiter
1838 1224 1988 1262 procedent
2012 1224 2044 1253 in
2068 1223 2123 1253 isto
2147 1225 2282 1261 negotio:
2304 1224 2342 1256 Et

1276 1265 1413 1294 inquirent
1430 1261 1575 1291 veritatem
1592 1262 1670 1300 super
1688 1263 1786 1301 bonis,
1802 1262 1974 1300 consumptis
1990 1262 2023 1292 &
2042 1261 2116 1300 aliis,
2135 1272 2199 1300 quae
2217 1272 2278 1292 non
2293 1274 2342 1301 ap-

1275 1303 1388 1334 parent,
1404 1299 1492 1343 captis
1508 1298 1553 1343 seu
1571 1300 1662 1331 saisitis
1676 1323 1686 1339 ,
1718 1301 1836 1332 durante
1858 1310 1987 1338 ternpore
2013 1299 2153 1331 dicit-arum
2171 1299 2341 1333 sufferentia-

1275 1342 1338 1363 rum
1348 1357 1357 1372 ,
1368 1345 1497 1371 primitus
1511 1346 1656 1368 initarum:

1311 1371 1346 1402 Et
1362 1373 1476 1412 Testes,
1492 1386 1560 1414 quos
1577 1376 1616 1406 illi
1631 1377 1667 1407 de
1683 1376 1820 1415 Hispania
1837 1377 1972 1409 voluerint
1990 1376 2145 1414 producere
2160 1399 2172 1416 ,
2197 1379 2340 1409 examina-

1275 1409 1350 1454 bunt,
1360 1412 1432 1455 apud
1452 1413 1572 1445 Fontem
1592 1414 1751 1455 Rapidum,
1765 1418 1799 1447 δε
1813 1416 1966 1454 illos,quos
1984 1416 2024 1445 illi
2041 1415 2077 1446 de
2095 1415 2218 1455 Baiona,
2232 1416 2278 1447 vel
2293 1417 2341 1447 alii

1272 1447 1373 1479 subditi
1386 1450 1474 1481 nostri
1489 1453 1643 1492 producere
1658 1454 1816 1493 voluerint,
1830 1455 2027 1485 examinabunt
2040 1453 2171 1493 Baionae,

1311 1486 1374 1532 Set,
1391 1498 1539 1528 antequam
1559 1493 1588 1521 in
1604 1494 1721 1529 negotio
1736 1493 1887 1531 procedant
1910 1494 1939 1522 in
1959 1493 2069 1531 aliquo,
2086 1491 2133 1522 fiet
2151 1491 2286 1523 restitutio
2303 1493 2341 1524 de

1274 1524 1423 1566 Nawbus,
1439 1529 1524 1568 vasis,
1538 1539 1606 1560 cum
1622 1533 1817 1569 aparamentis,
1833 1531 1866 1562 &
1885 1530 1942 1562 aliis
1959 1531 2059 1569 bonis,
2076 1540 2134 1561 non
2154 1530 2342 1571 consumptis,

1275 1573 1339 1602 quae
1355 1575 1504 1605 apparent,
1521 1568 1567 1598 vel
1584 1578 1713 1608 apparere
1728 1569 1829 1609 possint
1839 1592 1848 1608 ,
1863 1578 1892 1600 ut
1910 1568 1950 1599 est
1968 1569 2088 1599 diritum.

1315 1601 1409 1648 Item,
1424 1606 1590 1646 produtffio,
1604 1609 1751 1645 probatio,
1764 1609 1797 1639 ὃς
1813 1608 1982 1639 examinatio
1997 1607 2117 1638 ‘istorum
2132 1607 2239 1639 durabit
2271 1619 2286 1639 a
2300 1606 2343 1640 fe-

1276 1639 1319 1670 sto
1337 1641 1502 1674 Nativitans
1524 1644 1648 1676 Domini
1671 1648 1806 1684 proximo
1828 1654 1944 1677 venturo
1956 1669 1966 1685 ,
1996 1645 2079 1685 usque
2095 1646 2129 1677 ad
2147 1646 2220 1677 aliud
2236 1631 2344 1678 festum

1274 1679 1616 1727 subsequenslNativitatis
1630 1684 1770 1724 Domini,
1784 1685 1817 1717 &
1833 1694 1935 1716 extunc
1951 1693 2044 1716 neutra
2059 1685 2180 1724 partium
2201 1684 2343 1726 audietur,

1275 1727 1329 1748 nec
1342 1721 1469 1756 probatio
1481 1721 1656 1762 admittetur,

1313 1756 1350 1788 Et
1367 1758 1501 1790 restitutio
1518 1770 1616 1792 eorum
1629 1784 1639 1800 ,
1664 1771 1726 1800 quae
1744 1762 1859 1799 probata
1879 1761 1982 1792 fuerint
2003 1771 2103 1792 coram
2123 1760 2184 1799 ipfis
2210 1770 2344 1801 quatuor,

1275 1793 1322 1826 fiet
1337 1795 1371 1826 ad
1388 1797 1489 1840 tardius
1503 1798 1560 1829 infa
1573 1798 1674 1830 festum
1683 1800 1845 1831 Nativitatis
1860 1801 1933 1832 beati
1942 1799 2075 1840 Johannis
2088 1794 2269 1838 Baptistae3in
2285 1810 2343 1839 quo

1276 1833 1349 1903 {sto
1367 1833 1446 1866 finire
1462 1837 1613 1877 deberent,
1631 1846 1661 1870 ut
1681 1839 1856 1878 praedicitur,
1877 1847 1986 1877 treugae
2003 1838 2048 1869 seu
2065 1837 2188 1869 induciae
2205 1837 2283 1877 supra
2296 1839 2341 1870 di-

1307 1883 1339 1903 ae.

1277 1950 1282 1955 ⁸
1314 1911 1423 1943 Verum
1447 1913 1491 1944 illa
1506 1938 1516 1953 ,
1548 1925 1611 1954 quae
1632 1916 1746 1946 interim
1771 1915 1842 1946 clare
1858 1916 1969 1954 probari
1986 1922 2116 1953 poterunt
2132 1915 2166 1947 &
2183 1916 2343 1956 emendari,

1274 1949 1323 1987 ipfi
1342 1959 1457 1989 quatuor
1473 1954 1615 1984 emendari
1633 1953 1753 1992 facient,
1767 1956 1932 1992 quamcitius
1949 1954 2009 1984 fieri
2028 1955 2128 1991 poterit
2145 1954 2223 1984 bono
2241 1955 2340 1986 modo.

1314 1987 1367 2033 Et,¹
1384 1989 1419 2020 ad
1436 1990 1512 2030 hoc,
1530 1991 1570 2022 illi
1591 2000 1706 2030 quatuor
1729 1991 1890 2023 fidelitatem
1911 1993 1943 2024 &
1961 1993 2136 2029 diligentiam
2153 1991 2341 2032 adhibebunt,

1276 2025 1326 2057 sub
1341 2036 1440 2059 virtute
1455 2029 1568 2069 praestiti
1579 2031 1749 2069 juramenti,
1767 2040 1900 2070 quantum
1924 2031 1958 2061 ad
1981 2031 2138 2061 homicidia
2154 2053 2165 2068 ,
2188 2032 2341 2063 commissa

1276 2072 1406 2104 tempore
1422 2067 1559 2100 dictarum
1576 2069 1752 2109 Treugarum
1767 2092 1777 2108 ,
1803 2070 1848 2100 seu
1865 2069 2083 2100 sufferentiamm
2105 2068 2235 2107 primitiis
2258 2070 2341 2102 inita-

1277 2114 1352 2135 rum.

1291 2181 1297 2186 ·
1315 2142 1432 2182 Propter
1451 2144 1684 2185 Multitudinem‚
1702 2147 1762 2177 tam
1785 2146 2057 2184 Committentium,
2077 2145 2163 2183 quam
2183 2144 2345 2184 Receptan-

1277 2189 1364 2224 tium,
1382 2184 1448 2222 vix,
1466 2183 1617 2215 secundum
1637 2194 1763 2215 tenorem
1788 2185 1905 2223 ipsarum
1930 2184 2149 2215 sufferentiamm
2174 2184 2263 2221 poiset
2286 2183 2345 2217 fieri

1274 2219 1377 2257 justitia
1392 2221 1436 2252 seu
1455 2223 1594 2262 vindicta,
1611 2224 1645 2254 &
1661 2247 1671 2262 ,
1690 2223 1710 2253 fi
1726 2223 1816 2262 fieret,
1838 2223 1915 2262 Pax,
1932 2224 1966 2254 ad
1985 2232 2068 2261 quam
2085 2222 2255 2253 intendimus
2274 2246 2283 2261 ,
2305 2224 2342 2255 de

1278 2258 1391 2302 difficili
1407 2260 1576 2300 sequeretur,
1593 2262 1626 2293 &
1643 2262 1709 2292 ideo
1726 2261 1766 2292 est
1790 2261 1951 2292 ordinatum
1970 2271 2020 2299 per
2037 2270 2087 2291 nos
2101 2283 2111 2299 ,
2134 2261 2209 2299 quod
2228 2270 2343 2300 quatuor

1278 2296 1407 2327 homines
1422 2298 1457 2329 de
1474 2308 1550 2337 parte
1568 2300 1613 2330 illa
1629 2300 1664 2330 de
1681 2300 1786 2330 Baionti
1803 2302 1894 2337 magis
1912 2298 2134 2338 culpabiles,qui
2149 2300 2245 2336 primo
2262 2301 2342 2336 ince-

1277 2343 1374 2372 perunt
1392 2335 1519 2374 frangere
1535 2337 1680 2376 Treugas3
1699 2338 1732 2369 &
1749 2338 1796 2368 alii
1818 2346 1935 2376 quatuor
1953 2339 1989 2368 de
2006 2337 2112 2367 Tribus
2127 2336 2206 2367 Villis
2223 2337 2259 2369 de
2275 2338 2344 2370 His-

1278 2373 1361 2415 pania
1376 2375 1533 2413 praedietis,
1548 2376 1596 2414 qui
1613 2378 1708 2414 primo
1727 2376 1791 2414 post
1809 2387 1874 2414 eos,
1896 2376 1941 2406 vel
1959 2383 2021 2406 ante
2038 2376 2201 2412 inceperunt
2215 2375 2344 2414 frangere

1278 2413 1346 2449 ipias
1359 2420 1483 2451 treugas,
1499 2414 1533 2445 δε
1547 2415 1606 2445 sunt
1622 2416 1713 2452 magis
1727 2414 1895 2453 culpabiles,
1914 2416 2072 2453 capiantur,
2087 2414 2121 2444 &
2143 2416 2290 2451 puniantur
2303 2415 2345 2446 se-

1278 2450 1404 2482 cundum
1417 2452 1578 2491 judicium,
1601 2453 1815 2492 cognitionem,
1834 2452 1879 2483 seu
1901 2453 2057 2483 Arbitrium
2078 2451 2190 2482 illorum
2211 2461 2346 2501 quatuor,

1278 2489 1432 2558 eledgogtim
1441 2513 1451 2529 ,
1466 2490 1511 2522 seu
1525 2490 1720 2530 eligendorum
1734 2501 1782 2530 per
1796 2501 1848 2522 nos
1861 2491 1894 2523 &
1907 2491 2071 2522 Dominum
2084 2489 2197 2531 Regem
2213 2491 2347 2524 Lastellae

1278 2537 1335 2565 pra:
1356 2539 1365 2557 1
1399 2539 1455 2559 um.

1315 2565 1363 2597 De
1382 2567 1433 2597 hiis
1448 2571 1535 2608 vero,
1554 2579 1617 2608 quae
1631 2569 1704 2600 fa&a
1718 2569 1846 2608 fuerunt,
1860 2568 1940 2600 finito
1953 2578 2084 2607 ternpore
2099 2567 2238 2599 diecamm
2253 2569 2345 2601 Treu-

1279 2613 1379 2641 garum
1390 2628 1399 2644 ,
1411 2615 1539 2644 tempore
1554 2618 1661 2645 guerrae
1683 2609 1755 2638 inter
1770 2608 1837 2646 ipsas
1851 2616 1955 2647 parteS,
1976 2608 2021 2638 seu
2039 2607 2207 2638 adhaerentes
2222 2608 2278 2647 eis,
2299 2608 2348 2641 fiat

1277 2645 1502 2682 recompensatio
1519 2646 1589 2677 hinc
1602 2647 1636 2678 &
1649 2646 1733 2685 inde,
1746 2647 1779 2677 δε
1793 2646 1865 2677 nulla
1878 2645 2001 2685 sequatur
2038 2646 2127 2676 unitio
2144 2655 2198 2676 nec
2218 2646 2348 2678 emenda.

1280 2721 1285 2726 ¹
1315 2681 1368 2720 Et,
1386 2685 1448 2721 quia
1464 2684 1596 2723 injustum
1612 2683 1679 2715 effet
1694 2685 1778 2723 quod
1796 2685 1849 2723 illi,
1869 2687 1918 2723 qui
1931 2695 1990 2715 non
2017 2692 2066 2715 unt
2085 2685 2115 2714 in
2138 2683 2238 2731 culpa,
2258 2683 2346 2718 effen:

1277 2730 1310 2764 in
1325 2731 1425 2759 poena:
1444 2723 1478 2754 &
1494 2723 1570 2762 quod
1586 2724 1768 2762 innocentes,
1781 2724 1829 2761 qui
1846 2733 1905 2753 non
1918 2723 2028 2755 fuerunt
2045 2722 2081 2753 de
2115 2732 2211 2761 uerra,
2231 2733 2346 2762 propter

1276 2758 1395 2790 aliorum
1412 2762 1547 2793 malitiam
1563 2763 1725 2801 punirentur
1741 2772 1748 2792 ι
1771 2762 1805 2793 &
1820 2761 1851 2792 sit
1866 2763 2011 2793 notorium
2034 2770 2072 2799 qu
2131 2760 2171 2791 illi
2194 2761 2230 2792 de
2244 2761 2345 2800 Hispa-

1277 2798 1341 2837 nia,
1357 2798 1434 2831 faeta
1445 2800 1528 2839 flota,
1542 2808 1714 2841 congregato
1727 2801 1849 2831 exercitu
1881 2810 1960 2830 more
1980 2799 2088 2838 hostili,
2113 2809 2182 2830 cum
2197 2801 2295 2839 armis,
2309 2801 2345 2831 ὃς

1278 2836 1315 2866 de
1328 2837 1375 2869 die
1389 2839 1557 2870 intraverunt
1572 2839 1693 2870 Terram
1708 2838 1833 2869 nostram
1846 2823 1882 2868 de
1902 2837 2082 2869 Xandionia:
2100 2838 2134 2869 &
2150 2838 2348 2870 murtriverunt

1278 2875 1379 2907 multos
1394 2878 1540 2908 homines:
1561 2879 1594 2909 &
1613 2877 1841 2915 depraedaverunt
1860 2876 1986 2916 Bajulum
2004 2875 2150 2914 nostrum,
2165 2876 2265 2916 bonis,
2280 2887 2346 2916 quae

1278 2913 1414 2954 habebat,
1426 2916 1629 2955 spoliaverunt,
1642 2917 1676 2948 &
1693 2916 1789 2947 locum
1808 2916 1887 2947 suum
1904 2923 2045 2946 tenentem
2058 2922 2208 2953 ceperunt,
2223 2915 2275 2954 δε,
2288 2916 2345 2946 fine

1277 2952 1369 2991 aliqua
1381 2955 1480 2993 culpa,
1501 2955 1592 2986 viliter
1613 2956 1808 2986 murtriverunt
1830 2977 1839 2992 ,
1875 2954 1907 2983 in
1934 2963 2071 2991 magnum
2089 2954 2274 2990 opprobrium
2288 2964 2344 2985 no-

1277 2990 1380 3023 strum:
1402 2995 1436 3025 &
1459 2995 1548 3032 plures
1569 2992 1709 3030 Anglicos
1732 2993 1862 3023 homines
1884 2991 2009 3030 nostros,
2026 2992 2074 3030 qui
2089 3001 2147 3021 non
2163 2999 2263 3030 erant,
2288 3002 2345 3025 nec

1276 3029 1337 3062 sunt
1354 3031 1390 3062 de
1408 3032 1528 3070 guerra,
1541 3033 1570 3061 in
1585 3032 1657 3062 mari
1672 3032 1709 3070 &q
1727 3032 1756 3061 in
1775 3030 1867 3061 Terra
1883 3030 2130 3074 depraedaverunt,
2146 3040 2210 3068 quae
2229 3032 2345 3070 omnia,

1277 3068 1317 3098 ob
1335 3069 1474 3101 honorem
1493 3071 1564 3101 dieti
1582 3070 1707 3100 Domini
1725 3070 1817 3107 Regis
1835 3068 1979 3108 Castellae,
1997 3066 2128 3100 cariffimi
2145 3067 2345 3108 consanguinei

1276 3107 1363 3139 nostri
1400 3109 1483 3148 usque
1500 3119 1575 3140 nunc
1594 3108 1769 3138 sustinuimus
1784 3108 1932 3148 patienter,

1314 3132 1518 3179 Ordinavimus
1536 3147 1611 3186 quod
1631 3147 1694 3177 haec
1711 3147 1745 3177 δε
1760 3147 1856 3176 omnia
1873 3146 1923 3176 alia
1942 3144 2114 3183 consimilia,
2134 3154 2197 3184 quae
2212 3146 2344 3176 ubicum-

1277 3194 1405 3224 que,per
1422 3186 1543 3218 subditos
1559 3185 1628 3216 dieti
1647 3184 1735 3224 Regis
1753 3183 1945 3223 Castellae,&
1962 3183 2086 3221 nostros,
2099 3185 2274 3214 invenientur
2287 3184 2343 3214 este

1276 3224 1363 3255 taliter
1380 3225 1470 3264 faeta,
1486 3233 1641 3262 occupata,
1655 3225 1700 3254 vel
1715 3224 1798 3253 etiam
1811 3231 1986 3261 attemptata,
2000 3223 2149 3260 videlicet,
2164 3229 2262 3252 contra
2279 3222 2344 3252 illos

1277 3263 1326 3300 qui
1344 3273 1404 3294 non
1422 3272 1499 3294 erant
1517 3262 1551 3293 de
1570 3261 1690 3301 guerra,
1705 3261 1750 3291 vel
1770 3271 1830 3291 non
1846 3261 2023 3292 adhaerebant
2040 3261 2093 3291 illis
2110 3260 2146 3290 de
2162 3269 2275 3298 guerra,
2295 3259 2342 3291 seu

1276 3301 1348 3338 ipsos
1363 3313 1420 3333 non
1436 3302 1567 3333 fovebant
1584 3309 1630 3332 aut
1645 3301 1782 3339 juvabant
1804 3323 1815 3339 ,
1853 3310 1916 3338 quae
1942 3300 2057 3338 probata
2080 3298 2139 3328 sunt
2165 3296 2209 3327 vel
2229 3298 2342 3341 probari

1277 3340 1404 3379 possiint,
1423 3341 1477 3371 sine
1496 3349 1604 3377 magno
1623 3348 1712 3369 morae
1727 3337 1849 3376 diffugio
1869 3338 2052 3369 emendentur
2069 3337 2136 3367 hinc
2152 3335 2239 3374 inde,
2261 3344 2341 3374 Juxta

1272 3378 1411 3416 judicium
1424 3379 1468 3409 seu
1483 3379 1682 3416 cognitionem
1695 3376 1980 3444 dictorumgnatuor,

1315 3416 1350 3449 Et
1368 3418 1401 3448 ad
1418 3418 1474 3447 hoc
1491 3417 1582 3447 dictus
1599 3416 1744 3446 Dominus
1762 3415 1825 3445 Rex
1870 3414 1969 3444 asteuae
1988 3412 2138 3451 compellat
2152 3411 2274 3455 suos,&
2288 3423 2341 3445 nos

1276 3457 1411 3495 compelli
1426 3456 1560 3485 faciemus
1575 3454 1699 3492 nostros,
1715 3453 1860 3491 videlicet,
1876 3452 1912 3482 dc
1927 3451 2047 3490 Baiona,
2060 3461 2108 3489 per
2122 3450 2266 3488 MaJorem
2280 3451 2340 3484 loci

1275 3494 1413 3533 ejusdem,
1425 3495 1457 3525 &
1473 3493 1542 3524 alios
1560 3503 1607 3531 per
1627 3492 1773 3523 officiales
1788 3491 1909 3520 nostros:

1314 3533 1350 3564 Et
1369 3535 1431 3571 quia
1448 3532 1548 3570 aliquas
1562 3532 1686 3569 antiquas
1721 3529 1821 3559 uerelas
1838 3529 2012 3571 audivimus,
2024 3527 2060 3558 de
2079 3535 2208 3565 tempore
2225 3529 2338 3565 genito-

1275 3574 1310 3604 ris
1326 3573 1394 3603 dieti
1413 3571 1534 3602 Domini
1554 3570 1644 3606 Regis
1662 3567 1717 3598 Cal
1730 3567 1791 3598 ellae
1805 3590 1814 3605 ,
1838 3566 2051 3603 Consanguinei
2068 3565 2155 3596 nostri
2168 3588 2178 3604 ,
2202 3566 2236 3597 &
2250 3568 2337 3598 etiam

1274 3612 1409 3649 genitoris
1424 3608 1526 3646 nostri,
1545 3616 1655 3646 propter
1674 3616 1738 3645 quas
1755 3605 1846 3636 dietus
1865 3605 1987 3635 Genitor
2004 3605 2063 3635 suus
2076 3604 2156 3648 ⁴misit
2169 3603 2203 3635 ad
2222 3607 2335 3642 genito-

1273 3660 1334 3680 rem
1355 3648 1479 3679 nostrum
1488 3645 1678 3685 ,Magistrum
1692 3645 1854 3683 Johannem
1867 3643 2000 3682 Judicem
2011 3641 2109 3673 Curiae
2126 3642 2334 3686 su·ae,&Gun-

1272 3687 1407 3719 disalvuni
1420 3685 1544 3721 >Martini
1562 3695 1629 3715 cum
1647 3683 1737 3713 littera
1753 3683 1800 3713 sua
1816 3682 1926 3720 aperta,
1942 3682 1976 3712 δε
1993 3681 2033 3712 illi
2054 3680 2090 3710 de
2112 3679 2217 3711 Baionfi
2232 3681 2336 3712 Arnai-

1271 3726 1343 3758 dum
1361 3726 1395 3756 de
1413 3724 1587 3761 Villari0,&
1599 3723 1758 3762 johannem
1776 3720 1897 3758 Daider‚
1919 3719 2006 3750 Cives
2025 3718 2138 3749 Baionae
2162 3728 2230 3749 cum
2244 3719 2337 3752 litter&

1272 3764 1493 3796 Communitatis
1509 3772 1523 3792 a
1544 3761 1619 3800 erta,
1631 3761 1664 3791 δε
1682 3760 1757 3798 quod
1774 3759 1865 3789 dictus
1881 3759 1992 3798 genitor
2009 3757 2103 3787 noster
2119 3757 2196 3795 super
2216 3757 2269 3787 hiis
2284 3767 2333 3788 or-

1271 3804 1394 3842 dinavit,
1413 3811 1497 3840 quam
1546 3799 1734 3830 rdinationem
1748 3797 1825 3827 idem
1841 3798 1952 3834 genitor
1966 3796 2095 3840 suus,per
2109 3794 2228 3826 litteram
2243 3795 2333 3841 suam,

1271 3842 1389 3874 totaliter
1403 3839 1585 3878 approbavit,
1602 3837 1732 3867 volumus
1751 3836 1826 3874 quod
1844 3835 1922 3866 dffi'ca
1940 3834 2094 3877 Ordinatio
2111 3833 2288 3877 observetur,
2310 3837 2331 3866 ii

1270 3881 1374 3919 placeat
1392 3879 1524 3909 Domino
1543 3875 1622 3913 Regi
1638 3874 1767 3905 Castellae
1782 3873 1936 3912 praedicto,
1951 3873 2029 3916 aliter
2044 3880 2238 3903 contentiones
2250 3882 2332 3905 erunt:

1267 3921 1339 3950 inter
1355 3915 1546 3954 subditos,nisi
1560 3911 1837 3952 sequatur*emenda
1854 3911 1890 3942 de
1902 3912 2036 3941 omnibus
2050 3920 2112 3949 quae
2126 3910 2200 3942 faeta
2217 3910 2332 3943 fuerunt

1267 3959 1298 3988 in
1316 3967 1385 3995 pace
1403 3956 1556 4024 ugigique,
1574 3953 1610 3983 de
1627 3961 1753 3990 ternpore
1767 3951 1881 3989 antiquo
1895 3950 1928 3981 δε
1945 3948 2084 3988 praesenti,
2096 3949 2129 3980 &
2144 3948 2182 3980 fic
2199 3948 2256 3981 Pax
2269 3959 2330 3981 non

1268 3996 1383 4029 habebit
1396 4004 1411 4025 e
1436 4004 1451 4024 e
1482 4002 1538 4023 um.

1306 4033 1343 4067 Et
1357 4033 1442 4072 ideo,
1458 4032 1522 4072 quia
1536 4029 1660 4063 multum
1674 4028 1804 4099 volumus
1823 4027 1858 4060 &
1878 4025 2080 4067 desideramus,
2102 4035 2214 4067 propter
2234 4025 2332 4096 foeddise

2383 1037 2404 1057 ²¹*
2417 1038 2471 1066 ΠΙ.

2399 1085 2461 1112 ²7¹·

2374 3921 2458 3949 *HL

2382 3968 2444 3995 ¹722
