2570 4261
66 184 144 216 'Ann
157 183 198 214 D.

91 224 175 260 1284.

69 264 135 290 ΕιΙκ.
160 271 182 290 Ι.

71 730 148 760 Arin.
163 729 203 760 D.

99 770 183 806 1284.

71 812 124 835 An.
145 816 186 834 Π..

71 850 101 872 Ε.
120 856 141 872 1.

70 888 100 911 L.
117 887 151 910 A.
160 882 188 920 f.

72 921 136 957 368.
151 931 168 948 a

69 964 141 987 Penes
149 962 200 986 Ca-

71 1007 164 1025 meras.

72 1119 202 1155 “11.276.

91 3525 166 3555 Anii.
184 3523 214 3554 D

115 3564 199 3599 1284.

92 3606 145 3629 An.
169 3610 211 3628 12.

93 3644 122 3666 E.
145 3649 167 3666 r.

216 114 294 155 ²32

219 186 357 217 delatione
367 205 375 219 ,
393 181 427 212 &
440 179 548 218 insuper
560 179 619 207 voti
629 176 731 206 Crucis
745 174 958 215 prosecutione,
970 174 1046 211 juxta
1059 171 1144 202 distat
1156 171 1222 215 sedis
1234 179 1277 200 ar-

220 226 336 255 bitrium
350 231 376 252 te
389 219 509 250 deficere
520 217 593 246 forte
605 215 769 253 contigerit,
782 213 952 244 intendimus
963 211 1040 249 quod
1052 210 1193 248 dispositio
1206 218 1278 247 prae-

217 263 363 294 dic'torum
376 258 507 288 omnium
522 255 556 284 ad
565 254 728 283 Romanam
737 251 892 282 Eccleiiam
900 251 1066 282 devolvatur
1073 272 1082 288 ,
1090 251 1123 280 &
1130 247 1204 288 apud
1212 257 1274 277 eam

222 306 360 330 remaneat
379 297 478 331 libere,
500 303 534 323 ac
552 292 572 322 si
585 291 668 322 factae
681 301 730 329 per
747 300 800 321 nos
820 291 1007 329 responsiones
1024 289 1070 319 seu
1085 285 1277 319 concessiones

219 335 376 375 hujusmodi
389 343 450 364 non
465 331 585 362 fuissent.

258 416 325 446 Dat.
336 413 409 452 apud
422 412 540 443 Urbem
557 409 693 442 Veterem
708 409 828 450 septimo
842 406 962 440 Kalend.
981 407 1074 446 Junii,
1091 402 1276 435 Pontificatsis

219 454 307 485 nostri
319 463 394 483 anno
407 459 513 491 quarto.

242 590 349 622 Litera
359 597 414 634 per
430 598 526 633 quam
546 588 611 619 Rex
629 582 754 627 cvnceffit
773 581 922 625 restituere
940 577 1015 611 bona
1032 576 1160 621 Ecclesia
1186 579 1252 617 ica,

528 632 634 667 ablata
654 637 685 665 in
704 635 821 665 Gucrra
841 629 961 664 Williae.

224 722 319 785 CU
329 722 366 754 M
387 723 563 763 Principibus
578 722 660 752 liceat
673 719 771 757 iustam
791 717 943 749 Gwerram
958 725 1102 753 exercere,
1121 720 1204 752 prout
1219 711 1278 742 Ca-

289 763 402 793 nonicae
419 763 582 800 permittunt
594 759 749 790 sanctiones
766 758 857 795 (cujus
870 755 1018 786 occasione
1036 751 1277 784 excellentissimus

223 800 359 839 Princeps
373 800 514 830 Dominus
530 800 594 830 Rex
609 797 720 837 Angliae
739 795 847 826 illustris
863 796 893 824 in
909 793 1013 823 Wallia
1033 800 1132 823 contra
1145 791 1208 821 suos
1221 799 1276 818 no-

222 848 332 877 centes,
347 837 508 869 neceffitate
520 845 651 877 urgente,
669 837 702 866 &
715 845 768 872 pro
779 832 817 864 sui
828 834 894 872 juris
901 831 1078 869 defensione,
1095 829 1203 872 dudum
1217 828 1278 857 bel-

220 878 279 908 lum
299 878 435 917 aggressus
450 876 532 906 fuerit
546 900 555 915 ,
578 874 657 913 quod
678 875 801 910 merito,
827 874 899 909 juxta
918 879 1107 901 communem
1124 868 1276 910 hominum

217 917 382 954 opinionem
394 938 404 953 ,
427 915 535 953 justum
555 914 640 944 debet
662 913 798 952 reputari)
822 910 856 940 ad
877 909 1076 939 serenationem
1097 906 1276 937 conscientiae

220 954 342 985 Domini
358 954 445 993 Regis
458 953 603 993 praedieti,
618 954 651 984 &
667 961 698 982 ut
710 949 906 988 indempnitati
921 947 1127 984 Ecclesiarum,
1145 945 1275 987 locorum

218 992 440 1035 Religiosorum,
458 993 492 1022 δε
506 992 685 1031 personarum
702 986 958 1019 Ecclesiasticarum
971 985 1111 1016 salubriter
1127 983 1275 1026 prospicia-

218 1040 281 1070 tur,
299 1041 346 1071 per
361 1031 508 1061 consilium
525 1029 632 1068 praefati
648 1028 773 1059 Domini
788 1025 876 1064 Regis
890 1026 923 1055 &
936 1024 1003 1055 alios
1017 1048 1026 1062 ,
1052 1022 1086 1053 ad
1100 1022 1156 1053 hoc
1171 1021 1275 1062 specia-

215 1071 276 1101 liter
292 1078 481 1107 convocatos,
497 1069 547 1099 sub
559 1067 649 1098 modo
663 1066 762 1097 subscri
783 1072 815 1095 to
829 1064 919 1094 extitit
932 1062 1110 1099 ordinatum,
1179 1098 1184 1104 .

255 1110 274 1129 ²*
290 1107 322 1138 In
335 1109 448 1148 primis,
462 1108 541 1148 quod
552 1106 587 1137 de
598 1106 696 1143 bonis,
712 1105 748 1134 ab
775 1104 782 1110 ’
805 1101 890 1133 clesiis
905 1101 998 1132 ablatis
1011 1123 1021 1137 ,
1042 1109 1089 1139 per
1103 1098 1274 1142 fidedignos,

216 1156 264 1186 per
277 1147 399 1177 eundem
414 1147 577 1177 Dominum
592 1144 704 1184 Regem
721 1144 755 1173 &
769 1141 903 1172 Praelatos
919 1139 1092 1184 deputandos
1109 1139 1142 1169 &
1153 1144 1274 1182 juratos,

219 1186 267 1216 fiat
283 1186 422 1225 inquisitio
435 1185 553 1224 specialis
566 1193 572 1213 :
600 1182 652 1221 Et,
670 1182 689 1212 si
705 1188 887 1218 compertum
897 1178 978 1209 fuerit
994 1177 1070 1215 quod
1083 1177 1176 1213 bona,
1195 1184 1273 1218 mere

218 1223 431 1261 Ecclesiastica,
447 1231 543 1260 utpote
557 1221 636 1259 libri,
650 1221 748 1251 calices
759 1220 793 1250 &
807 1225 908 1249 caetera
920 1223 1085 1246 ornamenta
1103 1212 1275 1258 Ecclesiasti-

218 1272 270 1301 ca,
289 1264 324 1293 ab
343 1262 471 1292 Ecclesiis
485 1262 536 1291 lint
553 1260 661 1297 ablata,
687 1259 706 1289 si
725 1255 912 1298 depraedantes
926 1254 1059 1298 solvendo
1080 1253 1202 1289 fuerint,
1224 1261 1273 1295 per

219 1311 267 1332 eos
281 1301 329 1331 fiat
342 1300 478 1331 restitutio
492 1299 610 1337 plenaria
623 1297 768 1334 Ecclesiis,
788 1295 875 1326 taliter
890 1293 1008 1331 spoliatis
1023 1315 1033 1331 ,
1057 1292 1090 1322 ὃ(
1106 1301 1153 1331 per
1167 1289 1274 1320 Domi-

218 1350 289 1370 num
313 1340 423 1378 Regem
445 1338 480 1368 ad
500 1337 706 1368 restitutionem
726 1331 1035 1375 eorumdemdistriCle
1057 1329 1272 1373 compellantur:

219 1377 326 1417 Qiod,
345 1378 364 1407 fi
378 1376 511 1407 solvendo
525 1386 585 1406 nori
597 1374 702 1406 fuerint
716 1397 726 1412 ,
751 1383 800 1411 per
815 1371 980 1402 Dominum
995 1369 1110 1408 Regem
1131 1367 1198 1398 inde
1215 1366 1274 1407 ple-

218 1418 294 1448 naria
307 1416 353 1446 fiat
368 1415 513 1446 restitutio.

254 1454 310 1491 Et,
330 1454 395 1491 quia
407 1454 530 1493 plerique
547 1453 598 1483 viri
612 1448 796 1482 Ecclesiastici
816 1457 892 1479 arma
910 1455 1009 1478 contra
1031 1445 1196 1476 Dominum
1215 1444 1276 1474 Re-

219 1503 285 1532 gem
300 1492 474 1530 detulerunt,
492 1492 525 1522 &
537 1500 667 1529 tanquam
682 1488 774 1519 hostes
789 1487 918 1517 inimicos
932 1494 1030 1516 contra
1044 1484 1133 1522 ipsum
1148 1482 1276 1527 sehgeffe-

221 1539 303 1569 runt,
320 1531 338 1561 fi
359 1540 393 1561 ua
413 1531 488 1561 bona
507 1531 545 1560 eis
563 1529 649 1561 ablata
668 1527 771 1559 fuerint
786 1549 796 1564 ,
820 1525 894 1555 nulla
907 1525 945 1554 eis
958 1523 1007 1554 fiat
1026 1522 1164 1553 restitutio
1177 1532 1207 1551 in
1222 1522 1275 1551 hac

221 1579 311 1609 parte:
362 1570 451 1600 aeteris
468 1577 563 1600 autem
586 1567 706 1606 personis
726 1563 926 1596 Ecclesiasticis
939 1585 949 1600 ,
974 1562 1173 1592 innocentibus
1187 1583 1197 1599 ,
1221 1569 1275 1590 nec

219 1618 306 1648 opem
320 1609 367 1639 vel
379 1609 510 1638 auxilium
527 1607 649 1637 inimicis
662 1604 733 1635 dicti
754 1602 878 1646 Domini
896 1601 981 1640 Regis
999 1599 1211 1643 praestantibus,
1229 1597 1275 1629 fiat

223 1648 360 1677 restitutio
373 1646 410 1677 de
422 1647 519 1677 ablatis
532 1668 541 1684 ,
566 1647 599 1677 ὃς
618 1644 653 1675 de
669 1643 767 1674 talibus
780 1664 790 1680 ,
814 1640 1009 1671 innocentibus
1028 1638 1073 1670 vel
1089 1637 1277 1676 nocentibus,

219 1686 368 1725 specialiter
381 1686 540 1723 inquiratur.

262 1724 352 1755 Laicis
365 1726 435 1754 vero
447 1723 483 1753 de
497 1723 578 1753 bonis
597 1721 650 1752 suis
668 1721 762 1751 ablatis
780 1718 873 1749 omnis
887 1716 1023 1748 restitutio
1041 1717 1209 1756 denegetur,
1227 1714 1277 1745 nisi

221 1763 400 1801 pauperibus,
414 1762 552 1793 debilibus
569 1762 603 1792 ὃ(
617 1759 812 1791 miserabilibus
834 1756 977 1794 personis3
1001 1756 1102 1796 quibus
1120 1755 1196 1786 idern
1211 1753 1277 1784 Do-

224 1804 316 1832 minus
331 1801 396 1831 Rex
409 1801 566 1838 prospicere
581 1799 700 1829 voluerit
713 1798 813 1827 intuitu
829 1796 944 1835 pietatis.

261 1840 310 1870 De
323 1840 459 1870 incendiis
470 1847 564 1869 autern
577 1861 587 1874 ,
610 1838 682 1876 siqua
702 1836 775 1865 facta
788 1835 865 1872 sunt,
883 1834 916 1864 ὅ(
931 1833 959 1863 in
979 1832 1079 1872 quibus
1091 1831 1160 1863 locis
1174 1854 1184 1870 ,
1206 1832 1240 1863 &
1258 1830 1277 1861 si

220 1888 255 1908 ex
271 1887 413 1916 praecepto
426 1878 547 1907 Domini
563 1876 649 1915 Regis
666 1873 870 1913 processerunt,
889 1871 992 1913 indago
1012 1870 1057 1901 fiat
1072 1870 1209 1908 specialis,
1226 1871 1278 1909 &,

221 1918 241 1947 si
255 1917 404 1954 Ecclesiae,
422 1917 465 1946 vel
480 1915 623 1956 Capellae,
641 1914 685 1944 seu
700 1913 815 1943 Domus
835 1911 982 1949 religioiae,
999 1917 1135 1952 praetextu
1153 1918 1278 1948 guerrae,

221 1955 380 1986 combustae
396 1955 514 1992 fuerint,
531 1954 566 1984 de
581 1954 662 1983 bonis
679 1952 773 1991 Regiis
786 1956 944 1987 reparentur
953 1958 965 1992 'z
988 1949 1020 1978 ὅ(
1037 1948 1111 1977 idem
1129 1947 1164 1978 de
1183 1947 1279 1977 domi-

221 1995 273 2024 bus
288 1994 473 2024 Pnelatorum
488 1993 521 2023 ὃ(
535 2001 653 2028 eomm,
670 1991 719 2029 qui
733 1998 766 2020 ex
779 1995 855 2027 parte
869 1986 991 2016 Domini
1007 1985 1092 2025 Regis
1103 1986 1218 2023 fuerint,
1236 1984 1277 2016 est

222 2032 417 2070 censendum,
441 2031 475 2060 de
489 2030 623 2061 incendiis
641 2037 734 2059 autem
753 2025 941 2058 Ecclefiamm
956 2047 966 2062 ,
991 2025 1066 2061 siqua
1080 2033 1113 2054 ex
1134 2031 1279 2063 praecepto

221 2070 292 2101 dieti
307 2070 431 2101 Domini
445 2069 532 2108 Regis
543 2092 553 2107 ,
576 2068 620 2099 seu
636 2068 715 2106 ipsius
729 2064 916 2097 ratihibitione
930 2063 1001 2093 faeta
1015 2063 1116 2093 fuerint
1130 2085 1140 2101 ,
1162 2063 1181 2092 fi
1196 2062 1278 2100 hujus

223 2109 385 2139 incendiarii
400 2108 534 2139 solvendo
555 2116 613 2137 non
633 2106 749 2142 suerint,
767 2103 812 2134 vel
824 2103 885 2132 alias
897 2110 1037 2140 nequeant
1052 2102 1184 2140 inveniri,
1203 2101 1279 2132 sum-

221 2149 315 2186 ptibus
328 2147 407 2184 ipsius
423 2147 543 2176 Domini
558 2145 644 2184 Regis
657 2151 815 2180 reparentur
829 2141 865 2171 de
875 2140 923 2170 sua
937 2139 1129 2171 munificentia
1142 2139 1275 2179 granos&

260 2186 308 2216 De
321 2185 480 2215 homicidiis
493 2193 561 2214 vero
576 2183 736 2213 voluntariis
748 2203 757 2219 ,
783 2181 812 2210 in
827 2178 972 2217 Ecclesii5‚
991 2177 1157 2216 Cimiteriis,
1175 2178 1219 2209 seu
1234 2179 1277 2209 lo-

222 2225 263 2256 cis
276 2225 355 2255 sacris
368 2225 541 2263 perpetratis,
559 2231 623 2260 quae
642 2228 750 2251 certum
762 2218 804 2249 est
817 2228 848 2248 ea
861 2217 898 2260 de
910 2217 1054 2260 voluntate
1065 2217 1146 2254 ipsius
1153 2217 1276 2248 Domini

222 2264 312 2302 Regis
326 2264 478 2294 nullatenus
493 2260 649 2299 processisse
664 2270 674 2297 ·,
697 2267 750 2288 nec
774 2255 957 2287 incendiarios
972 2254 1161 2286 Ecclesiarum
1174 2255 1219 2286 seu
1234 2255 1277 2285 lo-

222 2312 341 2339 corum,
359 2301 422 2339 post
437 2300 682 2331 denunciationem
695 2296 797 2326 saEtam
811 2317 821 2333 ,
846 2303 895 2332 per
907 2293 1009 2332 alium,
1027 2294 1112 2334 quam
1133 2304 1180 2332 per
1202 2294 1277 2324 surn-

224 2351 304 2371 mum
319 2340 504 2377 Pontificem,
521 2338 565 2368 seu
578 2337 663 2367 alium
678 2335 757 2374 ipsius
771 2333 934 2363 auc‘ioritate
951 2332 1029 2370 poffe
1048 2332 1152 2362 absolvi
1166 2355 1176 2369 ,
1199 2332 1275 2370 quod

222 2380 327 2420 placeat
341 2380 421 2409 dicio
435 2377 567 2408 Domino
582 2375 656 2419 Regi
669 2374 780 2404 summo
792 2370 923 2401 Pontifici
942 2371 1076 2408 scribere,
1094 2370 1276 2410 supplicando

223 2419 302 2457 quod
322 2416 455 2457 aliquibus
473 2414 594 2445 Praelatis
613 2423 689 2443 vices
702 2411 758 2442 suas
775 2409 936 2441 committat
950 2431 960 2447 ‚
983 2409 1032 2447 qui
1049 2419 1096 2439 eos
1113 2409 1128 2439 ὲ
1144 2409 1277 2440 sententia

221 2455 533 2491 excommunicationis,
551 2462 635 2489 quarn
649 2451 686 2481 sic
700 2451 893 2486 incurrerunt,
908 2446 1048 2477 absolvere
1060 2447 1167 2478 valeant
1179 2447 1215 2478 de
1230 2457 1277 2478 ex-

223 2495 340 2527 cessibus
352 2494 531 2530 memoratis,
549 2491 693 2521 Dominus
707 2489 791 2518 etiam
807 2485 1041 2525 Archiepiscopus
1055 2486 1089 2517 &
1107 2486 1151 2516 alii
1165 2485 1277 2517 Praelati

221 2536 332 2565 interim
353 2541 486 2572 rogentur
503 2533 519 2561 a
538 2529 753 2560 denunciatione
773 2526 885 2556 illorum
899 2546 909 2562 ,
955 2525 982 2554 ui
1002 2523 1038 2554 fic
1051 2523 1213 2555 sententiam
1231 2534 1280 2555 ex-

223 2570 696 2605 communicationisincurrerunt,
717 2564 837 2595 totaliter
855 2563 934 2601 super
945 2562 1060 2600 ederint,
1078 2563 1221 2602 quousque
1236 2573 1279 2594 re-

224 2611 349 2642 medium
363 2611 438 2640 circa
452 2606 711 2638 excommunicatos
724 2603 776 2633 tale
790 2601 973 2633 absolvendos
984 2600 1087 2632 fuerint
1100 2601 1253 2632 consecuti.

261 2649 306 2680 Ad
322 2650 384 2679 haec
400 2671 410 2686 ,
433 2648 467 2677 de
481 2645 632 2676 Cimiterio
651 2642 686 2672 de
702 2642 897 2672 Aberconewa
915 2649 931 2669 e
952 2639 1096 2678 diligenter
1113 2640 1280 2678 inquiratur,

223 2689 243 2719 si
256 2687 323 2718 illud
342 2698 389 2725 per
407 2685 579 2725 Episcopum
593 2682 715 2719 aliquem
735 2679 816 2709 fuerit
833 2688 889 2709 con
902 2685 1048 2720 ecratum3
1071 2677 1149 2716 quod
1164 2677 1182 2707 si
1198 2677 1281 2708 fiierit

222 2727 258 2758 ad
271 2727 337 2756 alios
351 2725 411 2756 usus
425 2747 435 2762 ,
459 2724 545 2761 quarn
565 2721 701 2756 sacratOS,
724 2717 878 2748 nullatenus
894 2723 996 2754 poterit
1009 2714 1134 2754 deputari
1145 2738 1155 2754 ,
1180 2715 1281 2755 absque

222 2765 290 2797 sedis
304 2763 475 2804 Apostolicae
488 2761 598 2791 licentia
611 2757 725 2795 speciali.
747 2796 751 2800 ι
787 2794 802 2799 ..
1059 2792 1064 2797 Π
1113 2791 1119 2797 .

260 2803 414 2841 Expediens
428 2800 538 2832 videtur
550 2797 628 2837 quod
641 2794 820 2831 incendiarii,
831 2792 868 2823 fic
882 2799 1137 2828 excommunicati,
1155 2799 1219 2822 ante
1231 2791 1282 2822 de-

223 2843 453 2877 nunciationem,
470 2846 568 2869 contra
581 2845 629 2865 eos
643 2832 802 2864 faciendam
815 2854 825 2869 ,
847 2840 911 2870 erga
930 2830 1062 2861 Praelatos
1081 2829 1142 2860 suos
1155 2830 1282 2861 laborent

224 2891 276 2920 pro
291 2880 467 2910 absolutionis
479 2874 636 2912 beneficio,
655 2873 704 2903 sub
720 2871 858 2902 celeritate
877 2869 1034 2908 praecipua,
1051 2868 1154 2899 eisdem
1169 2869 1278 2907 impen-

223 2918 388 2994 derI‘rciiocujus
400 2955 438 2985 rei
451 2953 663 2988 testimonium,
681 2948 761 2987 sigilla
783 2946 983 2977 venerabilium
999 2945 1115 2975 Parrum
1135 2944 1282 2975 Domino-

226 3005 290 3026 rum
305 2993 480 3025 Bathonensis
495 2993 527 3021 δε
539 2988 686 3020 Wellenlis
707 2985 936 3024 Menevensrsque
955 2994 988 3014 ac
1002 2983 1197 3014 Norwicensis
1211 2983 1281 3022 Epi-

226 3034 379 3071 scoporum
395 3054 405 3068 ,
419 3031 451 3061 ὃς
468 3029 656 3067 religiosorum
672 3027 798 3068 viroiiim
821 3064 826 3067 Ι
846 3023 951 3053 Prioris
969 3022 1151 3066 Provincialis
1163 3021 1280 3053 fran‘um

227 3071 464 3107 Praedicatornm,
482 3068 514 3099 &
531 3065 657 3097 Ministri
667 3063 772 3095 ordinis
782 3046 931 3094 Mineruia
941 3084 951 3100 ,
969 3060 1148 3101 praesentlbus
1160 3060 1221 3091 sunt
1233 3070 1281 3102 ap-

229 3110 318 3149 pensa.

270 3190 338 3220 Dat.
349 3187 421 3229 apud
437 3185 619 3225 Baladeuclyn
635 3184 747 3226 decimo
761 3183 877 3223 septimo
891 3180 955 3212 Kal.
967 3179 1052 3219 Julii,
1069 3188 1145 3210 anno
1159 3178 1284 3210 Domini

232 3229 378 3260 millesimo
391 3225 582 3257 ducentesimo
595 3223 786 3261 octuageiimo
799 3229 905 3260 quarto.

267 3371 315 3404 De
332 3366 492 3414 Dtfiordia
509 3368 586 3397 inter
608 3366 725 3397 Ducem
746 3360 909 3394 Bralmnriae
928 3365 964 3399 ό*
988 3363 1130 3393 Comitem
1152 3359 1254 3392 Gelrie

654 3409 852 3457 pacificanda.

219 3549 224 3554 ,
240 3514 361 3569 REX
381 3513 572 3557 egregio-viro
594 3512 628 3542 &
647 3510 743 3540 amico
761 3509 808 3538 suo
823 3508 963 3538 karissimo
977 3532 986 3545 ,
1012 3504 1146 3536 Domino
1163 3504 1191 3544 J.
1205 3504 1286 3536 Duci'

304 3553 472 3592 Brabantiae,
489 3552 602 3583 {alutem
617 3550 650 3580 &
665 3547 830 3590 successibus
844 3546 976 3584 prosperis
988 3543 1156 3575 habundare.
1239 3582 1244 3587 ι
1267 3581 1273 3587 ⁸

282 3590 316 3620 ln
330 3591 461 3621 desideriis
474 3590 571 3621 nostris
584 3587 724 3627 potissime
737 3594 871 3624 gerimus,
890 3585 922 3614 ὃς
940 3583 1066 3614 instantia
1081 3581 1176 3612 multae
1187 3581 1289 3612 sollici-

247 3628 346 3658 tudinis
357 3630 524 3666 excitamur,
543 3636 574 3658 ut
586 3626 694 3657 cunctis
706 3623 812 3654 Christi
828 3622 967 3660 fidelibus,
983 3622 1015 3652 &
1027 3620 1161 3659 proximis
1173 3619 1290 3657 nostris,

94 3677 229 3712 clausu.
248 3666 281 3696 &
293 3666 438 3703 praesertim
452 3668 501 3696 hiis
517 3689 526 3704 ,
543 3666 643 3704 quibus
660 3664 750 3694 sumus
764 3661 896 3692 affinitate
909 3661 954 3691 vel
967 3660 1070 3690 amoris
1082 3658 1220 3689 contraffi
1234 3658 1288 3687 foe-

97 3719 127 3741 E.
152 3724 175 3740 ι.

248 3703 312 3733 dere
326 3704 487 3743 aliquatenus
505 3704 644 3741 colligati,
660 3701 832 3733 dissensionis
851 3700 993 3729 materiam
1010 3707 1063 3737 pro
1074 3696 1174 3727 nostris
1186 3696 1290 3726 viribus

97 3761 134 3779 m,
156 3753 184 3780 5,
201 3752 226 3780 d,
246 3741 445 3782 praecidamus,
457 3743 589 3779 cumipse
602 3741 670 3772 Dux
681 3739 776 3769 noster
796 3738 829 3767 ὃ(
842 3737 938 3767 audior
952 3737 1100 3774 omnium,
1119 3743 1218 3772 pacem
1232 3743 1290 3773 prae

246 3780 351 3847 c13eteris
372 3779 483 3845 dgigens
496 3803 506 3817 ,
527 3781 600 3810 illam
616 3781 644 3809 in
664 3778 742 3809 terris
757 3776 868 3807 duxerit
885 3775 960 3806 velut
978 3774 1088 3805 donum
1105 3771 1290 3813 gratiffimum

243 3828 272 3849 re
283 3826 393 3884 ¹233?ss
405 3826 485 3891 igtur
496 3854 572 3890 quod
585 3855 652 3885 inter
664 3864 715 3885 vos
727 3862 760 3884 ex
775 3860 851 3892 parte
866 3861 918 3882 una
931 3852 964 3882 &
976 3850 1104 3881 nobilem
1118 3849 1210 3880 virum
1226 3846 1289 3877 Co-

248 3894 347 3923 mitem
360 3891 440 3922 Gelr.
451 3900 483 3920 ex
495 3892 577 3921 altera
590 3893 677 3929 gravis
690 3893 801 3923 noviter
813 3890 854 3920 est
865 3889 998 3920 discordia
1012 3899 1045 3919 ex
1060 3887 1144 3922 mufis
1156 3886 1290 3925 aliquibus

248 3931 371 3960 suscitata
386 3952 396 3966 ,
419 3928 558 3966 pensantes
573 3929 711 3968 perspicue
725 3931 758 3961 &
777 3929 941 3959 mentalibus
958 3927 1047 3957 oculis
1060 3928 1198 3956 intuentes
1210 3921 1289 3961 quod

248 3969 333 4000 multa
345 3966 499 4000 discrimina
512 3989 522 4004 ,
545 3966 648 3996 nedum
662 3977 813 4005 corporum
832 3966 870 3998 set
885 3967 968 3997 etiam
979 3966 1136 3997 animarum
1151 3963 1179 3993 'm
1193 3958 1285 4002 perso·

661 80 1463 134 CONVENTIONES,
1516 80 1904 134 LITERAE,

1316 167 1358 197 nis
1372 168 1493 204 partium
1506 167 1540 199 &
1553 166 1728 200 subditorum
1741 167 1919 206 earumdem,
1934 173 2048 196 necnon
2062 165 2096 196 &
2111 164 2160 196 fibi
2171 166 2372 201 adliaerentium
2392 162 2466 195 Arm·
2482 164 2527 196 D·
2560 160 2565 188 ⁸

1314 206 1538 287 stainans
1550 207 1826 276 sensisse
1831 204 2373 284 &transrenensis

1315 281 1386 311 dum
1399 282 1511 312 fomites
1523 283 1671 327 odiorum,
1691 293 1743 321 pro
1756 282 1916 313 commodo
1931 291 1964 311 ac
1977 280 2075 323 salubri
2095 281 2187 318 quiete
2205 281 2373 316 discordium

1315 320 1510 364 reformanda,
1523 331 1600 351 Vlros
1610 322 1741 360 providos
1753 322 1787 352 &
1799 321 1933 351 discretos
1944 318 2132 349 venerabilem
2145 327 2253 356 patrem
2263 321 2298 351 A.
2307 321 2372 353 Du-

1316 358 1403 402 nelm.
1423 357 1595 398 Episcopum
1608 383 1618 398 ,
1635 360 1798 398 Johannem
1820 359 1856 389 de
1877 357 1949 388 Vesc
1979 380 1989 395 ‚
2011 357 2172 395 Johannem
2191 357 2228 388 de
2245 358 2375 392 Lunetot

1316 395 1438 439 Milium,
1453 397 1487 427 &
1506 397 1678 437 Magistrum
1691 398 1839 428 Thomam
1849 397 1885 427 de
1899 396 1938 427 Su
1960 397 1965 401 '
2018 405 2075 434 on,
2092 394 2254 435 Cleri-zum,
2272 397 2372 429 Secre-

1315 441 1399 464 tarios
1413 434 1447 465 &
1458 433 1679 479 fideles-nostros
1697 436 1732 466 ad
1747 445 1798 466 vos
1817 436 1945 479 duximus
1961 433 2115 464 destinand.
2129 443 2256 479 rogantes
2273 445 2370 474 quate-

1316 471 2371 555 mffibmspahenpeffiffimurrmgmmgm

1316 557 1486 580 convertatis
1498 550 1532 580 ad
1545 560 1663 588 pacem,
1676 552 1708 581 ὃς
1722 561 1786 590 quae
1799 550 1868 581 dieti
1884 549 1976 580 fideles
1989 550 2078 580 nostri
2090 558 2142 589 pro
2153 552 2234 582 bono
2247 556 2322 590 pacis
2334 562 2370 584 ex

1317 595 1394 631 parte
1408 587 1504 619 nostra
1517 589 1597 618 vobis
1616 589 1745 619 duxerint
1757 588 1891 619 suadenda
1904 589 2034 627 credatis3
2052 590 2146 625 viam,
2161 590 2181 620 si
2191 599 2276 628 quam
2290 593 2370 623 inve-

1317 633 1410 667 nerint
1424 625 1458 670 ad
1473 627 1672 670 externimand.
1683 626 1853 658 discordiam
1871 627 1908 659 fic
1920 627 2081 666 subortam,
2096 637 2148 668 pro
2161 628 2256 661 nostra
2268 630 2372 662 instan-

1315 670 1353 694 tia
1366 664 1511 704 benignius
1522 673 1708 703 acceptantes.

1353 742 1465 775 Datum
1477 745 1552 785 apud
1565 744 1769 786 Baladeuchlyn
1781 754 1829 776 20.
1841 744 1887 776 die
1897 745 1985 784 Junii.

1314 887 1362 917 De
1388 885 1617 930 Satisfafiione,
1634 895 1690 932 pro
1713 884 1846 928 Ecclefiis
1871 888 1903 917 in
1927 888 2045 920 Guerra
2060 887 2169 922 Wamae
2177 888 2312 935 spoliatis
2329 893 2367 930 (ῤ’

1671 931 1844 977 combustis,
1864 933 2021 979 facienda.

1380 1032 1608 1064 Xcellentisfimo
1626 1032 1770 1073 Principi,
1793 1041 1826 1063 ac
1848 1031 1981 1064 Domino
2001 1028 2160 1073 Edwardo‚
2185 1034 2242 1067 Dei
2283 1037 2350 1069 tatia

1388 1072 1466 1117 Regi
1488 1071 1762 1115 Angliae2Domino
1780 1070 1929 1102 Hibemiae
1963 1071 2090 1102 &Duci
2104 1071 2260 1112 Aquitaniae
2295 1061 2368 1108 ratei3

1307 1111 1336 1150 J.
1358 1110 1538 1149 permistione
1556 1110 1682 1151 Divina,
1705 1109 1911 1140 Cantuariensis
1930 1094 2064 1140 lEcclesiie
2085 1109 2217 1142 Minister
2237 1113 2366 1154 humilis,

1311 1151 1396 1180 totius
1416 1149 1530 1186 Angliae
1550 1149 1672 1188 Primas,
1689 1149 1804 1180 salutem
1825 1148 1900 1179 illam
1919 1158 2003 1188 quam
2016 1158 2119 1180 verum
2131 1150 2227 1180 tribuit
2237 1151 2363 1191 salutare,

1312 1199 1381 1219 cum
1397 1187 1493 1218 omnia
1507 1188 1661 1219 reverentia
1672 1188 1705 1219 &
1717 1187 1834 1217 honore.

1349 1227 1489 1266 Qamvis
1511 1236 1600 1265 nuper
1618 1234 1716 1256 contra
1736 1224 1921 1256 Wallensium
1935 1225 2103 1257 indomitam
2116 1228 2286 1264 proterviam
2299 1239 2368 1261 coe-

1310 1273 1387 1303 geret
1406 1265 1536 1305 pupplica
1555 1264 1696 1295 necessitas
1714 1264 1907 1295 innocentiam
1927 1264 2020 1295 cordis
2037 1264 2121 1297 vestri
2135 1265 2233 1297 vexilla
2246 1268 2368 1308 erigere,

1311 1304 1344 1334 &
1358 1312 1458 1343 agones
1471 1303 1610 1334 victoriosi
1625 1304 1784 1334 certaminis
1797 1310 1958 1340 attemptare
1978 1312 1983 1332 :

1348 1342 1427 1382 Qiia
1447 1350 1541 1372 tamen
1562 1343 1632 1372 inter
1651 1341 1838 1379 praeliantium
1849 1348 1966 1372 eventus
1979 1341 2068 1372 varios
2080 1341 2200 1379 plurima
2213 1342 2275 1374 sunt
2286 1354 2369 1376 com-

1314 1381 1508 1448 miss'a,¹?uae,
1527 1389 1628 1418 praeter
1644 1380 1727 1410 vestri
1745 1379 1878 1417 juffiones
1891 1380 2016 1418 imperii,
2035 1380 2130 1411 laesiffe
2143 1381 2272 1413 videntur
2285 1384 2313 1413 in
2326 1394 2371 1414 re-

1314 1429 1378 1448 rum
1397 1420 1425 1450 di
1438 1419 1559 1457 pendiis,
1577 1419 1611 1450 &
1630 1418 1808 1456 personarum
1825 1419 2029 1457 gravaminibus
2050 1418 2271 1451 Ecclesiasticam
2283 1423 2370 1459 pluri-

1313 1466 1396 1488 mum
1409 1458 1583 1496 libertatem,
1601 1467 1667 1495 VOS,
1683 1456 1718 1487 ad
1733 1465 1764 1486 ea
1783 1466 1846 1494 quae
1861 1455 1919 1486 Dei
1940 1456 2001 1487 sunt
2020 1466 2148 1494 paratum
2169 1468 2294 1497 gei-entes
2309 1463 2368 1491 ani-

1317 1505 1399 1526 mum
1444 1495 1569 1526 voluistis
1590 1503 1621 1526 ut
1642 1505 1711 1533 nos,
1728 1495 1778 1532 qui
1800 1496 1829 1524 in
1849 1494 2042 1532 sprititualibus
2061 1495 2194 1526 habemus
2214 1497 2369 1535 Magestati

1316 1534 1392 1574 Regi
1404 1519 1529 1565 samulari
1539 1557 1548 1572 ,
1562 1533 1770 1573 provideremus
1781 1533 1912 1570 sollicite,
1926 1543 1962 1563 ne
1974 1534 2005 1563 in
2017 1533 2069 1563 hac
2083 1542 2159 1571 parte
2171 1535 2312 1573 quisquam
2327 1548 2372 1568 ro—

1314 1582 1423 1604 maneat
1443 1573 1621 1603 conscientiae
1638 1572 1736 1602 vestrae
1746 1571 1886 1615 scrupulus
1899 1573 1927 1602 in
1941 1572 2067 1602 futurum
2081 1581 2114 1602 ex
2131 1573 2181 1602 illis
2194 1583 2258 1613 quae
2270 1584 2372 1614 praeter

1314 1612 1498 1657 intentionem
1525 1611 1645 1642 vestram
1658 1633 1667 1649 ‚
1693 1619 1724 1642 ut
1745 1610 1897 1648 plurimum
1919 1611 1950 1641 in
1971 1610 2099 1651 praediffl
2120 1611 2263 1651 progressu
2282 1614 2372 1654 praelii

1313 1660 1370 1682 con
1412 1660 1501 1682 erunt.

1351 1659 1427 1728 Qnugia
1447 1691 1530 1730 igitur
1550 1690 1695 1720 veritatem
1716 1690 1815 1728 quaerit
1835 1699 1848 1719 r
1886 1688 1891 1694 '
1923 1687 2072 1728 celsitudo,
2089 1697 2143 1720 nec
2155 1688 2236 1720 decet
2251 1690 2374 1728 gradum

1313 1728 1444 1759 nostrum
1458 1729 1538 1759 vobis
1553 1728 1691 1766 palpando
1708 1727 1849 1768 suggerere
1891 1727 2015 1758 lfitatem.

1353 1767 1386 1797 In
1407 1768 1505 1805 primis
1525 1766 1711 1797 dominationi
1733 1767 1833 1797 vestite
1852 1765 1999 1797 scribimus
2014 1788 2024 1804 ,
2054 1765 2132 1804 quod
2146 1766 2182 1798 ,in
2202 1766 2253 1797 hiis
2272 1766 2373 1806 factis,

1317 1815 1381 1844 quae
1402 1814 1500 1836 contra
1521 1805 1611 1844 legem
1632 1804 1751 1835 altiffimi
1773 1813 1979 1844 perpetrantur,
1993 1805 2114 1834 intentio
2135 1805 2221 1842 boni,
2233 1805 2298 1836 licet
2312 1815 2374 1842 rea,

1317 1852 1378 1874 tum
1397 1852 1536 1883 attenuet,
1550 1844 1756 1881 dampnationis
1775 1851 1869 1873 tamen
1890 1842 2047 1882 periculum
2067 1852 2127 1872 non
2149 1843 2286 1882 excludit,
2303 1843 2374 1876 ficut

1316 1893 1369 1913 nec
1392 1883 1432 1912 est
1453 1884 1586 1913 immunis
1605 1884 1620 1912 a
1641 1882 1757 1920 scelere,
1775 1883 1825 1921 qui
1847 1881 1950 1911 furatur
1973 1890 2003 1912 ut
2019 1880 2199 1911 elemosinam
2218 1881 2345 1921 largiatur
2361 1894 2374 1922 ς

1314 1931 1368 1952 nec
1383 1921 1459 1952 recle
1476 1921 1581 1952 incedit
1595 1922 1642 1960 qui
1657 1921 1690 1951 ad
1707 1921 1793 1951 finem
1809 1921 1928 1951 intentus
1943 1919 2044 1950 callem
2058 1919 2133 1959 eligit
2151 1920 2314 1951 tortuosum.

1354 1959 1502 1998 Secundo,
1519 1960 1631 1991 adicim.
1652 1958 1729 1999 quod
1748 1959 1813 1989 licet
1835 1967 1934 1989 contra
1952 1958 1996 1988 vel
2016 1966 2117 1996 praeter
2130 1958 2304 1988 voluntatem
2321 1969 2377 1990 no-

1315 1997 1399 2029 stram
1420 1998 1590 2037 expressam,
1608 1999 1642 2028 &
1662 1998 1882 2028 ratihibitionem
1896 1996 1993 2027 multae
2008 1997 2109 2027 fuerint
2122 1997 2229 2034 iiijuriae
2241 1996 2375 2029 Ecclefiis

1315 2037 1349 2067 &
1370 2035 1570 2068 Eccleiiasticis
1588 2037 1708 2073 personis
1721 2046 1754 2066 ac
1769 2037 1964 2066 innocentibus
1977 2035 2034 2065 aliis
2045 2035 2188 2072 irrogat-se,
2205 2045 2263 2065 non
2277 2044 2373 2067 tamen

1315 2074 1407 2113 potest
1427 2075 1452 2106 se
1475 2074 1616 2114 Magestas
1632 2075 1721 2113 Regia
1739 2074 1867 2105 excusare
1885 2074 1915 2104 in
1928 2075 1996 2112 hiis,
2015 2083 2079 2112 quae
2090 2067 2140 2104 sub
2152 2072 2376 2106 diffimulationis

1315 2113 1414 2144 vestrae
1428 2113 1512 2152 pallio
1525 2121 1723 2154 provenerunt.

1354 2152 1456 2192 Qum
1476 2153 1496 2182 fi
1516 2152 1531 2182 a
1552 2153 1692 2190 principio
1713 2150 1850 2190 Guerroe,
1868 2150 2017 2180 severitatis
2030 2148 2131 2189 Regiae
2144 2151 2296 2182 terroribus
2309 2152 2375 2183 fiiis-

1315 2189 1372 2220 sent
1385 2190 1575 2221 malefactores
1588 2189 1745 2228 hujusmodi
1760 2190 1916 2227 poenalibus
1926 2187 2038 2227 judiciis
2053 2189 2207 2227 refraenari,
2225 2199 2285 2220 non
2296 2192 2375 2221 acci-

1313 2228 1415 2260 dissent
1427 2239 1461 2260 ex
1472 2237 1548 2268 parte
1561 2230 1682 2259 maxima
1688 2227 1871 2259 Ecclesiarum
1883 2227 2058 2267 gravamina,
2077 2237 2142 2267 qua:
2154 2227 2249 2266 postea
2259 2228 2321 2260 sunt
2334 2229 2376 2260 se-

1313 2276 1388 2297 cura.

2412 203 2499 242 1284.

2393 243 2458 269 Edv.
2481 251 2504 272 1.

2393 281 2408 297 ²*
2418 282 2490 316 1127
2498 289 2524 315 7,

2392 1029 2468 1061 Ann.
2482 1030 2525 1063 D.

2413 1070 2497 1108 1284.

2390 1111 2443 1135 Aa.
2464 1119 2508 1138 ιτ..

2394 1188 2425 1211 L.
2439 1169 2504 1222 Af.

2396 1230 2460 1258 379·
2474 1223 2501 1249 b·

2394 1263 2462 1288 Penes
2473 1263 2528 1295 Ca·-v

2395 1308 2488 1327 merar.

1349 2305 1499 2345 Obligatur
1519 2307 1601 2346 igitur
1624 2308 1652 2337 in
1673 2306 1771 2337 talibus
1793 2304 1882 2336 vestra
1901 2303 2088 2342 Dominatio,
2106 2314 2140 2335 ex
2153 2304 2265 2343 favore,
2282 2306 2376 2337 savere
2403 2329 2406 2332 v

1314 2353 1426 2387 nempe¹
1437 2345 1540 2375 dicitur
1558 2346 1622 2384 qui,
1638 2354 1707 2375 cum
1770 2343 1828 2382 ffir,
1846 2343 1879 2373 &
1898 2344 1946 2372 cui
1967 2352 2001 2373 ex
2014 2342 2115 2373 officio
2129 2344 2269 2374 incumbit
2282 2346 2376 2376 mani-

1316 2381 1400 2421 feste,
1419 2384 1582 2413 imminenti
1595 2384 1711 2413 facinori
1746 2383 1822 2412 esinit
1836 2381 1957 2411 obviare.

1351 2421 1467 2459 Tertio,
1485 2423 1548 2461 quia
1572 2432 1620 2460 per
1641 2430 1728 2459 partes
1741 2421 1854 2451 Walliae
1869 2419 2031 2450 visitationis
2045 2419 2107 2450 freti
2123 2419 2222 2450 officio
2236 2421 2377 2452 transeun-

1315 2466 1355 2489 tes
1390 2460 1518 2498 personas
1535 2459 1737 2491 Ecclesiasticas
1756 2460 1789 2490 &
1803 2457 1976 2489 Monasticas
1995 2457 2148 2489 audivimus
2170 2468 2378 2498 conquerentes

1314 2497 1350 2528 de
1361 2482 1494 2529 licclesiis
1505 2499 1538 2529 &
1553 2499 1642 2530 Sacris
1652 2499 1759 2529 :edibus
1772 2497 1891 2536 spoliatis
1903 2496 1938 2527 &
1951 2497 2050 2535 pariter
2063 2499 2249 2528 concrematis
2261 2508 2266 2528 z
2308 2498 2377 2530 Lai-

1316 2546 1367 2579 cos
1383 2538 1468 2567 etiam
1490 2537 1526 2567 de
1540 2539 1623 2568 rebus
1638 2537 1688 2567 suis
1699 2538 1734 2567 ab
1747 2536 1877 2567 Ecclesiis
1889 2535 1922 2565 &
1937 2536 2079 2565 cimiteriis
2093 2537 2121 2565 in
2136 2537 2235 2574 quibus
2246 2537 2378 2568 recondi-

1316 2573 1384 2604 ditae
1404 2576 1530 2613 fuerant,
1549 2576 1678 2615 sacrilege
1698 2576 1852 2613 asportatis,
1871 2573 1995 2611 ipsorum
2015 2574 2130 2613 querelis
2143 2585 2179 2604 cu
2202 2575 2287 2606 ientes
2301 2575 2375 2606 satis-

1317 2612 1406 2643 facere
1424 2613 1460 2644 de
1478 2614 1584 2645 assensu
1605 2614 1841 2652 conquerentium
1860 2612 2022 2642 ordinamus
2042 2621 2072 2643 ut
2091 2611 2126 2642 de
2147 2623 2163 2643 a
2188 2613 2252 2644 ensu
2275 2614 2375 2650 Regio

1319 2652 1445 2694 personae
1460 2653 1591 2692 eligantur
1602 2652 1769 2683 testimonio
1780 2651 1946 2690 fidedignae,
1964 2660 2029 2688 quae
2045 2660 2093 2688 per
2106 2650 2169 2681 loca
2183 2653 2280 2682 omnia
2291 2652 2377 2682 Wal-

1317 2689 1364 2718 11ae
1378 2699 1522 2721 circueant
1543 2691 1661 2721 desolata
1675 2713 1685 2728 ,
1709 2691 1743 2720 &
1760 2691 1865 2720 vocatis
1884 2689 1932 2725 qui
1946 2688 2058 2718 fuerunt
2075 2689 2214 2718 evocandi
2235 2690 2378 2727 inquirant

1319 2737 1387 2757 cum
1401 2730 1482 2759 omni
1493 2728 1637 2768 diligentia
1652 2727 1804 2767 fidedignos
1815 2726 1976 2766 periuratos
1988 2725 2024 2755 de
2035 2725 2193 2762 hujusmodi
2208 2727 2357 2758 malefactis
2365 2750 2377 2766 ,

1319 2766 1352 2797 &
1367 2766 1488 2803 personis
1500 2767 1612 2797 illorum
1624 2767 1671 2805 qui
1686 2766 1747 2796 talia
1761 2771 2003 2802 perpetraverunt3
2019 2764 2053 2794 δε
2068 2764 2086 2793 fi
2100 2773 2280 2801 compertum
2292 2765 2377 2796 fuerit

1319 2803 1395 2844 quod
1418 2805 1494 2835 bona
1514 2803 1713 2835 Ecclesiasticis
1731 2803 1834 2834 officiis
1853 2802 1996 2840 deputata,
2015 2810 2131 2841 utpote,
2148 2802 2235 2841 libri,
2257 2803 2375 2843 calices,

1320 2842 1733 2881 carnpanae,vala,vestimenta
1747 2842 1793 2872 vel
1804 2846 1968 2872 ornamenta
1983 2840 2114 2878 quaelibet
2125 2840 2161 2871 de
2168 2841 2298 2872 Ecclesiis
2309 2842 2378 2872 sub-

1320 2881 1373 2911 lata
1386 2881 1487 2912 fuerint
1500 2883 1546 2912 vel
1558 2882 1621 2912 alias
1633 2882 1831 2918 undecumque
1841 2902 1850 2917 ,
1875 2878 1909 2909 ad
1927 2878 2130 2909 restitutionem
2151 2879 2317 2910 eorumdem
2331 2881 2377 2911 in-

1320 2927 1441 2958 tegram,
1459 2929 1491 2950 ac
1505 2919 1634 2952 interesse
1647 2919 1725 2960 super
1739 2919 1843 2956 injuriis
1857 2940 1867 2956 ,
1893 2925 2016 2954 raptores
2036 2916 2195 2954 hujusmodi
2213 2919 2231 2948 {i
2250 2918 2376 2959 personae

1320 2967 1398 2988 notae
1412 2958 1530 2998 fuerint,
1545 2959 1579 2990 &
1592 2957 1718 2989 solvendi
1732 2957 1851 2987 habeant
1862 2955 2044 2995 potestatem,
2053 2965 2101 2993 per
2114 2956 2257 2988 censuram
2271 2956 2375 2988 Eccle-

1320 2996 1470 3034 fiasticam,
1485 2999 1536 3035 ὃς,
1552 2998 1571 3027 si
1584 2997 1629 3028 illa
1642 3006 1700 3027 non
1718 2995 1853 3033 sufficiat,
1880 3003 1929 3031 per
1949 2994 2132 3025 Serenitatem
2153 2994 2278 3033 Regiam
2293 3005 2377 3027 com-

1321 3035 1453 3073 pellantur
1468 3047 1477 3072 ς
1503 3036 1580 3075 quod
1595 3036 1615 3066 si
1630 3035 1808 3072 personarum
1821 3033 1918 3063 notitia
1932 3042 1991 3063 non
2005 3032 2094 3063 valeat
2106 3033 2242 3073 indagari,
2260 3035 2308 3064 vel
2320 3045 2375 3065 no-

1321 3081 1358 3103 tae
1370 3083 1428 3104 non
1440 3073 1576 3105 sufficiant
1588 3073 1740 3104 satisfacere
1758 3072 1794 3103 de
1810 3071 1952 3111 praedietis
1964 3094 1974 3110 ,
1999 3071 2137 3101 credimus
2152 3073 2168 3090 ¹⁸
2185 3071 2374 3112 Magestatetn

1323 3111 1444 3152 Regiam
1459 3122 1511 3152 pro
1528 3114 1635 3143 ratione
1648 3111 1779 3152 praetac'ta
1793 3110 1828 3141 ad
1846 3110 2057 3140 satisfactionem
2070 3109 2229 3146 hujusmodi
2241 3111 2376 3151 obligari;

1322 3149 1363 3181 Ita
1374 3159 1467 3181 tamen
1481 3151 1558 3189 quod
1570 3159 1708 3190 raptores,
1726 3150 1759 3180 ad
1773 3149 1940 3179 solutionem
1954 3149 2123 3189 impotentes
2137 3171 2147 3186 ‚
2172 3149 2242 3180 sicut
2257 3158 2376 3180 excom-

1323 3190 1457 3219 municati
1470 3191 1546 3228 gravi
1562 3199 1646 3228 poena
1659 3190 1793 3219 canonica
1804 3186 1995 3227 percellantur.

1361 3226 1489 3258 Clericos
1503 3237 1570 3258 nota
1589 3229 1637 3266 qui
1656 3236 1753 3257 contra
1771 3228 1832 3265 jura
1852 3225 1953 3269 Regiae
1973 3223 2134 3264 Magestatis
2147 3235 2222 3256 arma
2239 3225 2376 3258 hostiliter

1323 3265 1498 3303 detulerunt,
1515 3267 1561 3296 vel
1577 3266 1643 3296 alios
1658 3265 1690 3295 ad
1707 3264 1864 3303 hujusmodi
1877 3264 1984 3302 injurias
2001 3264 2207 3302 excitaverunt,
2219 3265 2376 3301 cuiuscum-

1323 3314 1378 3374 que
1392 3303 1489 3344 gradus
1503 3305 1604 3335 fuerint
1614 3312 1662 3335 aut
1675 3304 1808 3342 honoris,
1825 3312 1893 3333 cum
1906 3303 1964 3333 hoc
1983 3302 2066 3332 fuerit
2079 3303 2109 3332 in
2122 3301 2215 3332 forma
2227 3302 2378 3334 canonica

1343 3343 1494 3374 eclaratum
1508 3352 1556 3380 per
1571 3343 1633 3373 suos
1649 3342 1803 3372 ordinarios
1823 3341 1943 3379 conpelli
1955 3341 2154 3380 praecipirnus,
2180 3349 2212 3371 ut
2230 3349 2290 3371 tam
2304 3341 2378 3372 suffi-

1325 3384 1428 3414 cienter
1441 3380 1603 3412 satisfaciant
1616 3380 1716 3420 Regiae
1722 3380 1863 3419 Majestati
1870 3403 1880 3419 ,
1895 3389 1932 3410 ne
1944 3389 1996 3410 nos
2009 3378 2043 3410 ad
2054 3379 2116 3409 haec
2131 3388 2230 3410 manus
2243 3387 2378 3420 cogamur

1325 3420 1472 3452 exrendere
1485 3420 1615 3450 duriores.

1361 3459 1392 3489 Si
1406 3468 1476 3488 vero
1489 3457 1608 3488 Clericis
1619 3457 1777 3496 hujusmodi
1793 3457 1879 3488 nichil
1892 3456 2057 3487 habentibus
2070 3478 2080 3493 ‚
2104 3455 2155 3486 nisi
2167 3454 2204 3485 de
2221 3455 2304 3486 bonis
2318 3454 2377 3485 Ec-

1326 3496 1479 3528 clesiasticis
1492 3498 1645 3536 quicquam
1658 3497 1737 3526 ablat.
1751 3497 1833 3526 fuerit
1845 3496 1881 3527 de
1894 3494 2013 3530 eisdem,
2022 3493 2224 3524 restituendum
2236 3493 2301 3523 illud
2316 3502 2380 3523 cre-

1325 3536 1419 3566 dimus
1433 3534 1582 3573 Ecclesiae,
1600 3544 1658 3564 non
1674 3535 1805 3565 materiali
1820 3535 1932 3565 fabricae
1947 3533 1985 3563 set
1999 3541 2090 3571 congr
2125 3532 2261 3562 ationibus
2273 3540 2376 3569 paupe-

1326 3584 1390 3604 rum
1402 3573 1524 3603 fidelium
1537 3596 1547 3612 ,
1570 3573 1669 3612 quibus
1688 3574 1807 3611 praesunt
1826 3583 1876 3611 per
1896 3571 2064 3609 superiorem
2079 3580 2115 3600 ve
2143 3570 2287 3599 bonorum
2300 3569 2378 3599 viro-

1328 3622 1390 3643 rum
1403 3611 1564 3641 industriam
1579 3612 1613 3641 ad
1627 3611 1683 3641 hoc
1697 3611 1847 3649 specialiter
1864 3610 2020 3641 electorum
2034 3619 2045 3646 3
2066 3607 2100 3638 &
2117 3607 2319 3648 restitutionem
2333 3606 2376 3637 fa-

1327 3651 1402 3681 ciant
1414 3650 1570 3689 spoliatores
1582 3650 1602 3680 si
1620 3649 1758 3680 sufficiunt
1773 3674 1783 3689 ,
1809 3650 1843 3681 &
1858 3649 1918 3679 noti
1932 3648 2053 3685 fiierint,
2069 3646 2103 3676 &
2117 3645 2170 3676 hiis
2182 3644 2376 3676 deficientibus

1326 3699 1376 3728 per
1389 3688 1566 3718 clementiam
1580 3688 1699 3726 Regiam
1714 3689 1771 3719 effe
1784 3688 1922 3719 credimus
1936 3684 2152 3724 providendum.
2231 3714 2234 3715 ⁷

1363 3725 1482 3756 Caeteris
1495 3734 1588 3756 autem
1602 3727 1722 3764 personis
1737 3725 1936 3757 Ecclefiasticis
1950 3725 1983 3755 &
2003 3721 2164 3790 Releigigfiffi
2183 3729 2246 3759 quae
2255 3721 2378 3763 ¹nullate-

1327 3775 1379 3796 nus
1391 3774 1476 3801 opere
1491 3765 1534 3794 vel
1552 3764 1636 3802 opera
1650 3788 1659 3802 ,
1682 3765 1801 3795 cornilio
1815 3764 1860 3794 vel
1873 3764 1968 3794 favore
1982 3761 2053 3799 Mag
2109 3760 2130 3788 ti
2148 3758 2182 3788 &
2200 3767 2261 3797 paci
2276 3758 2305 3788 R
2344 3762 2377 3790 'ae

1328 3803 1513 3841 derogarunt,
1529 3803 1565 3833 de
1578 3803 1706 3841 dampnis
1719 3804 1752 3834 &
1765 3802 1908 3839 interesse,
1925 3800 1974 3830 fiet
1985 3797 2131 3829 satisfactio
2145 3796 2263 3834 plenaria
2276 3799 2305 3828 in
2331 3809 2377 3829 or-

1328 3841 1375 3872 ma
1390 3841 1507 3879 superius
1519 3842 1655 3872 annotata.
2052 3873 2057 3879 ¹

1364 3879 1511 3910 Laicarum
1524 3890 1592 3910 vero
1606 3889 1658 3911 tres
1670 3879 1780 3910 filerunt
1794 3880 1822 3908 in
1834 3878 1885 3907 hiis
1898 3871 2140 3916 partibus-distem
2152 3872 2339 3909 personarum.

1363 3917 1509 3956 Qiaedam
1522 3918 1597 3948 enini
1609 3919 1736 3956 fuerunt,
1753 3917 1819 3947 licet
1832 3923 1927 3953 paucae
1935 3935 1945 3951 ,
1962 3919 2071 3954 pemtffls
2079 3919 2253 3953 lssn9cesstes-

1364 3955 1402 3988 Et
1415 3955 1472 3988 istis
1484 3956 1566 3988 debet
1580 3958 1609 3987 in
1624 3956 1715 3988 forma
1729 3954 1862 3995 praedista
1876 3951 1934 3983 fieri
1945 3950 2065 3990 plenarie
2077 3947 2213 3981 restitutio
2224 3949 2350 4020 spoliaffi.

2337 3998 2375 4021 1ae

2394 3068 2458 3096 ³211.
2470 3068 2532 3104 278.

2563 356 2570 495 ..im-*Anda
