2570 4261
5 239 22 258 i.
31 226 71 257 D.

638 146 743 186 ET
827 143 1092 185 ACTA

88 227 199 259 Girardi
215 228 376 260 Canonicus
389 229 524 261 Ecclesiae
538 229 632 261 Sandti
645 230 768 260 Severini
786 229 988 265 Burdegalensis
1011 229 1043 258 &
1063 228 1140 266 Ray-

11 285 55 313 90,
89 266 210 297 mundus
229 268 265 297 de
287 267 401 298 Pinibus
416 293 425 306 ,
461 268 655 299 Commiffarii
679 268 801 298 Domini
828 268 914 307 Regis
937 268 1045 306 Angliae
1070 276 1141 304 prae-

5 322 57 342 .1.

0 2767 99 2802 [1469.

89 305 174 342 dieii,

129 342 202 373 infra
215 343 324 374 tertiam
339 353 476 374 venerunt
489 344 523 374 ad
536 342 697 381 Capitulum
713 343 876 381 praediolum
892 343 1019 373 Fiatrum
1044 339 1142 379 praedi*

90 391 219 411 catorum
236 382 407 429 Perpiniani,
423 382 600 419 praesentibus
615 381 749 412 Dominis
762 382 800 412 R.
820 383 852 412 ὃς
868 382 900 411 Ρ.
919 383 952 412 ὃς
973 381 1143 411 Procurato-

90 419 165 449 ribns
179 420 330 450 antedictis.

131 457 168 488 Et
188 458 309 493 ibidem,
328 458 432 486 interro
452 458 487 486 ati
504 457 571 487 dieii
594 457 715 487 Domini
737 457 777 487 R.
795 459 828 488 δε
849 457 882 487 P.
901 457 1074 487 Radimundi
1095 464 1144 493 per

94 495 184 525 dictos
199 494 416 525 Commiisarios
451 495 498 524 iffi
513 495 635 525 Domini
650 495 736 534 Regis
750 495 874 534 Angliie,
894 496 912 525 ii
938 496 985 532 ipli
1006 494 1145 525 habebant

91 534 171 563 aliam
189 532 354 570 potestatem
369 533 413 562 seu
428 534 546 563 litteram
560 544 575 563 a
590 533 722 563 Domino
738 533 820 573 Rege
836 534 959 563 Franciae
972 533 1050 570 super
1064 532 1145 562 dieto

94 571 229 610 negotio?
254 570 470 608 Responderunt
492 571 568 608 quod
591 571 695 601 nullam
716 571 796 601 aliam
819 572 974 608 habebant,
998 573 1031 602 &
1052 570 1146 608 quod,

93 609 249 639 secundum
263 617 390 639 tenorem
407 608 549 646 praedic‘tae
562 609 659 639 litterae
675 610 798 639 Domini
815 610 901 645 Regis
924 610 1046 639 Franciae
1081 619 1147 646 pro-

94 647 196 677 cedent
220 648 246 676 in
266 655 345 684 toto,
363 647 408 677 vel
431 649 458 677 in
473 656 560 684 parte:
579 646 617 678 Et
633 649 770 685 petierunt
784 643 973 678 instaritiffime
987 633 1063 685 quod
1077 646 1146 676 dieti

94 685 288 715 Commiffarii
310 686 396 724 Regis
414 685 523 723 Angliae
537 686 676 724 jurarent,
693 685 846 716 secundum
864 686 987 716 formam
1010 687 1043 717 oc
1064 694 1146 715 teno-

94 734 154 753 rem
169 723 254 753 distae
267 723 364 754 litterae
378 722 591 753 commistionis.

133 761 215 792 Diffi
229 772 299 792 vero
314 760 521 800 Commiffarii‚
537 761 628 792 habita
648 760 846 792 deliberatione
879 762 1007 793 dixerunt
1027 763 1059 793 δε
1082 771 1147 799 pro-

94 801 244 838 posuerunt
263 801 289 829 in
311 799 388 829 hunc
409 798 550 829 modurn:
584 799 652 830 Nos
666 823 676 838 ‚
707 800 838 831 Commii
852 802 899 830 arii
918 800 1039 830 Domini
1059 800 1146 839 Regis

94 838 205 877 Angliae
221 837 362 875 praeditsti,
380 837 497 868 dicimus
511 838 544 869 &
568 839 694 876 expresse
713 839 898 876 protestamur
919 838 1014 876 quod,
1033 847 1147 876 propter

93 876 266 914 praesentiam
281 874 381 912 vestri,
400 876 597 907 Dominorum
610 877 649 907 R.
668 878 701 907 &c
717 877 747 906 P.
764 877 985 916 pi-aeditfiorum,
1003 878 1048 907 seu
1062 886 1147 914 prop-

96 924 139 944 ter
154 915 242 952 aliqua
258 923 321 951 quse
337 925 388 944 vos
402 914 528 945 diceretis
543 924 588 945 aut
602 915 743 953 faceretis,
762 926 812 945 nos
829 926 887 945 non
903 915 1071 946 intendimus
1095 924 1148 944 vo—

95 953 137 982 bis
156 953 304 982 attribuere
322 952 442 990 aliquam
464 952 698 991 iurisdicstionem,
723 955 932 993 cognitionem,
960 954 1005 983 seu
1027 951 1148 990 potesta-

98 999 172 1021 tem:
192 990 260 1020 Nec
274 991 421 1021 admittere
435 990 542 1021 Gentes
556 991 678 1022 Domini
694 992 780 1031 Regis
795 993 917 1022 Franciae
932 991 965 1021 ad
973 992 1078 1029 aliqua,
1097 991 1147 1020 niii

96 1028 130 1059 ad
144 1039 174 1059 ea
189 1039 251 1067 quae
264 1029 389 1059 ordinata
403 1030 515 1059 fuerunt
528 1032 598 1060 inter
614 1031 739 1068 praefatos
753 1030 898 1061 Dominos
912 1031 1005 1069 Reges
1015 1030 1148 1067 Franciae,

96 1069 130 1099 &
153 1067 279 1105 Angliae3
297 1069 330 1100 &
355 1069 409 1106 us,
424 1068 662 1106 jurisdictionem,
680 1070 713 1099 ὃ(
733 1069 916 1106 potestatem,
941 1068 1146 1105 competentia,

95 1106 175 1136 dieto
197 1098 330 1137 Domino
384 1107 428 1143 egi
451 1106 560 1146 Angliae
577 1107 610 1138 &
625 1108 722 1145 nobis,
741 1117 793 1144 pro
809 1107 867 1145 ipso
882 1107 1012 1136 salvamus
1025 1107 1148 1142 integre,

97 1145 131 1175 ἃ.
146 1145 268 1175 toraliter
283 1145 468 1182 reservamus,
483 1146 548 1175 licet
560 1155 612 1175 vos
627 1145 764 1182 dixeritis,
783 1145 815 1176 ὃς
838 1145 888 1175 nili
909 1146 1011 1174 fueritis
1031 1153 1150 1180 attemp—

100 1190 156 1251 {re
171 1184 291 1251 ahaua}
302 1193 366 1221 quae
387 1184 498 1221 polient
519 1181 576 1213 esse
596 1184 624 1213 in
638 1183 831 1222 praejudicium
843 1182 910 1213 dieti
926 1182 1048 1213 Domini
1061 1181 1150 1213 nostri

132 1231 190 1258 egis
237 1230 273 1251 nt⁷
285 1231 326 1251 iae.

134 1259 207 1289 Item
218 1283 226 1298 ,
244 1245 447 1298 liioposuerunt
460 1259 493 1291 &
508 1257 636 1290 dixerunt
649 1270 680 1290 ea
703 1269 766 1297 quae
789 1258 963 1298 sequuntur3
981 1269 1066 1296 cum,
1085 1257 1151 1288 Do-

100 1299 180 1328 mino
200 1297 299 1328 nostro
321 1299 402 1337 Rege
424 1298 550 1337 Angliae,
568 1298 687 1328 faciente
703 1298 846 1328 transitum
868 1308 909 1327 ver
923 1297 1085 1333 Framiam,
1103 1295 1151 1326 ali-

100 1337 200 1373 quibus
214 1337 371 1367 traetatibus
384 1336 480 1366 habitis
496 1337 566 1365 inter
579 1336 839 1366 excellentissimum
889 1337 1020 1365 ominum
1040 1335 1152 1373 Regem

102 1374 244 1413 Franciae,
262 1375 295 1405 &
310 1374 473 1405 Dominum
490 1373 604 1411 Regem
625 1374 735 1413 Angliae
750 1373 934 1411 praedictum,
948 1374 1027 1411 super
1041 1373 1154 1403 fraer-io-

100 1423 136 1443 ne
148 1413 289 1452 Treugae,
303 1413 373 1442 olim
388 1412 525 1442 concessie
541 1423 589 1450 per
603 1411 711 1442 ditium
728 1412 888 1442 Dominum
907 1411 1020 1450 Regem
1034 1411 1154 1450 Angliae,

101 1452 174 1481 inter
188 1451 354 1488 praedistum
368 1450 531 1481 Dominum
548 1450 660 1490 Regem
675 1450 798 1480 Franci-nc
813 1452 845 1481 δε
868 1449 1005 1480 Valitores
1024 1450 1101 1487 suos,
1119 1451 1151 1480 δε

103 1490 255 1527 ipe-cialiter
267 1489 402 1519 illustrem
417 1488 580 1520 Dominum
600 1489 743 1526 jacobum
766 1488 878 1528 Regem
899 1487 1101 1526 Majoricarum
1122 1497 1155 1517 ex

105 1537 182 1564 parte
197 1537 265 1565 una3
284 1529 316 1559 ὃς
332 1527 495 1558 Dominum
510 1527 686 1565 Alphonsum
701 1527 813 1566 Regem
828 1526 977 1565 Aragoniae
999 1535 1032 1555 ex
1052 1526 1134 1556 altera
1144 1550 1154 1563 ,

106 1565 144 1596 Et
158 1565 237 1604 super
252 1566 378 1604 dampnis
393 1567 425 1596 &
438 1566 567 1604 usurpatis
582 1566 654 1596 ultro
671 1566 799 1603 citroque
813 1564 880 1595 datis
895 1565 928 1596 ὃ(
947 1564 1044 1601 fabiis,
1064 1572 1094 1594 ut
1114 1563 1156 1594 di-

104 1605 193 1642 citur,
212 1604 352 1642 pendente
364 1604 459 1643 treuga
471 1604 621 1644 praediSta,

143 1642 268 1673 Ratione
282 1644 359 1682 cujus
373 1644 480 1682 negotii
492 1642 582 1673 dietus
596 1643 740 1673 Dominus
753 1641 848 1672 noster
863 1641 928 1672 Rex
944 1640 1054 1684 Angliae
1077 1641 1158 1671 mise-

106 1690 147 1711 rat
163 1680 263 1718 pluries
277 1681 349 1724 apud
365 1681 581 1719 Perpinnianum
597 1681 744 1719 ptaediCtos
759 1680 976 1711 Commiilarios
989 1683 1051 1710 suos
1064 1679 1097 1709 ad
1116 1680 1159 1709 di-

105 1719 230 1749 cendum
243 1721 276 1750 ὃς
289 1719 433 1749 iciendum
444 1721 589 1751 veritatem
603 1719 639 1749 de
652 1719 791 1757 praedic'tis
803 1719 960 1756 usurpandis
974 1719 1007 1749 δε
1021 1718 1160 1756 dampnis,

106 1755 144 1788 Et
162 1757 270 1787 dic‘lkum
291 1759 436 1797 negotium
457 1757 626 1789 remansisset
645 1757 831 1796 inperfecstum
847 1767 881 1788 ex
901 1758 983 1788 certis
1005 1756 1107 1794 causis,
1132 1757 1160 1786 in

110 1795 240 1833 processu
254 1794 322 1826 dieti
336 1796 441 1835 negotii
455 1797 611 1834 contentis,

145 1833 279 1864 Tandem
297 1834 399 1872 placuit
420 1834 500 1865 dieto
520 1834 652 1865 Domino
667 1833 766 1865 nostro
779 1834 855 1874 Regi
871 1834 982 1871 Angliae
997 1833 1163 1864 reaffumere

108 1873 256 1912 negotium
275 1872 445 1903 antedit‘ium
459 1897 468 1911 .,
491 1875 524 1904 &
546 1873 764 1904 excellentissimi
785 1872 906 1903 Domini
929 1873 1017 1911 Regis
1038 1872 1163 1902 Franciae

109 1910 263 1941 accedente
274 1910 423 1949 consensu,
440 1913 469 1941 in
482 1912 574 1942 forma
588 1922 652 1950 quae
666 1912 786 1950 sequitur
802 1911 852 1941 fuit
865 1911 1040 1948 ordinatum,

150 1949 258 1988 Qiod,
277 1951 306 1980 in
319 1952 481 1987 receptione
495 1951 527 1982 ὃς
541 1951 746 1981 examinatione
762 1949 874 1980 testium
894 1948 1144 1989 producendorum
1154 1973 1163 1986 ,

110 1989 146 2019 &
166 1988 285 2018 aliorum
303 1988 494 2028 legitimorum
512 1988 754 2019 documentorum
773 1988 853 2028 super
865 1987 1002 2025 articulis,
1020 1987 1166 2026 propositis

112 2035 148 2056 ex
161 2035 236 2064 parte
250 2026 374 2057 Domini
387 2026 474 2067 Regis
487 2027 690 2065 Majoricarum
704 2036 737 2057 ex
750 2035 826 2064 parte
839 2036 911 2064 una,
929 2026 962 2056 &
977 2026 1054 2063 super
1065 2026 1166 2056 articu-

110 2064 143 2094 lis
156 2065 300 2106 propoiitis
313 2074 347 2096 ex
359 2073 434 2105 parte
447 2065 514 2096 dieti
529 2065 651 2096 Domini
665 2065 750 2104 Regis
762 2064 913 2104 Aragoniae
925 2073 959 2094 ex
973 2064 1071 2101 altera,
1085 2064 1165 2101 super

113 2102 243 2142 dampnis
263 2104 296 2135 &
316 2104 464 2143 usurpatis,
483 2114 548 2142 quae
567 2104 629 2135 data
648 2105 681 2135 &
704 2103 827 2141 usurpata
847 2102 978 2134 dicuntur
999 2102 1034 2132 ab
1052 2110 1168 2141 utraque

113 2150 207 2180 parte,
225 2142 322 2182 treuga
336 2142 475 2180 pendente
488 2142 639 2181 praedic'tQ

152 2179 190 2210 Et
208 2180 287 2218 super
308 2181 512 2212 defensionibus
535 2181 676 2219 utriusque
690 2181 772 2218 partis
784 2180 863 2218 super
878 2178 1034 2217 praedietis,
1049 2179 1168 2210 debeant

114 2218 244 2249 interesse
255 2219 314 2250 duo
328 2220 410 2257 probi
423 2220 490 2257 viri,
508 2220 541 2250 &
557 2229 626 2249 unus
640 2219 771 2249 Tabellio
786 2229 838 2256 pro
851 2218 929 2248 dicto
953 2217 1086 2248 Domino
1106 2217 1168 2248 Re-

138 2267 154 2287 e
169 2257 192 2286 F
193 2259 308 2326 raRciae,
323 2259 356 2303 {Sc
368 2258 427 2289 duo
439 2258 520 2296 probi
531 2258 583 2289 viri
597 2258 630 2289 δε
645 2267 715 2288 unus
730 2257 862 2288 Tabellio
874 2267 926 2295 pro
940 2255 1020 2287 dieto
1034 2256 1168 2287 Domino

149 2305 164 2325 e
183 2306 199 2326 e
242 2306 270 2326 ra
289 2307 363 2328 oniae

181 2334 200 2364 d
213 2306 414 2367 videgndum’&
426 2335 595 2367 audiendum
610 2334 718 2366 facium
731 2334 896 2375 receptionis
909 2334 942 2364 &
957 2334 1169 2364 examinationis

114 2372 244 2411 testium,
264 2374 427 2405 &aliorum
441 2375 632 2413 legitimorum
651 2374 908 2410 documentorum,
926 2372 994 2402 hinc
1017 2372 1082 2401 inde
1103 2382 1170 2411 pro—

115 2411 314 2443 ducendorum
328 2414 357 2442 in
371 2414 487 2451 negotio
497 2411 647 2442 antedicio.

156 2448 191 2479 Et
207 2451 284 2488 quod
300 2451 423 2488 deputati
435 2460 484 2488 pet
496 2450 587 2480 dictos
602 2447 697 2489 Reges
709 2448 870 2479 interessent
879 2447 952 2486 apud
959 2446 1170 2485 Perpinianum,

118 2488 148 2517 in
168 2488 320 2519 crastinum
338 2489 539 2519 Purificationis
560 2489 648 2518 beatae
668 2487 786 2525 Mariae,
803 2486 837 2517 ad
856 2486 1070 2525 procedendum
1092 2486 1172 2523 super

117 2525 256 2563 praedietis
269 2535 405 2565 quantum
420 2527 488 2557 esset
501 2527 632 2564 rationi53

153 2564 191 2594 Et
207 2566 284 2602 quod
298 2565 489 2595 Commisshrii
510 2565 631 2595 Domini
652 2564 741 2604 Regis
760 2563 871 2602 Angliae
888 2562 1050 2603 supradiCti‚
1068 2562 1101 2592 &
1122 2561 1171 2592 de-

137 2603 231 2633 utandi
248 2614 263 2633 a
284 2612 360 2641 parte
382 2603 505 2635 Domini
525 2601 614 2642 Regis
636 2601 761 2633 Franciae
795 2603 828 2633 ὃς
842 2611 858 2631 a
877 2611 953 2639 parte
965 2600 1036 2631 dieti
1050 2600 1170 2630 Domini

149 2651 165 2670 e
185 2642 205 2671 is
221 2641 385 2681 Aragoniae,
399 2643 522 2681 jurarent
534 2640 613 2680 quod
627 2640 744 2672 fideliter
799 2664 809 2678 ,
827 2639 922 2670 exacta
937 2638 1097 2678 diligentia,
1116 2649 1170 2676 pro

116 2680 167 2709 viri
192 2689 221 2710 us
234 2680 260 2709 se
275 2680 419 2711 habebunt
433 2681 511 2718 super
526 2679 680 2717 praedkstis,

153 2717 192 2748 Et
211 2717 356 2749 Dominus
374 2719 439 2749 Rex
460 2719 570 2758 Angliae
591 2717 767 2748 destinaverit
785 2726 838 2747 nos
863 2715 1056 2746 W'illielmum
1070 2740 1081 2754 ,
1113 2714 1171 2745 Dei

137 2756 201 2787 tatii
214 2779 225 2795 ,
255 2757 356 2787 Sarum
375 2757 394 2776 *²
414 2757 587 2797 Episcopum
601 2779 610 2794 ,
633 2756 666 2787 &
688 2754 840 2794 Magistros
855 2755 1018 2792 johannem
1038 2754 1073 2784 de
1092 2753 1170 2793 Lacy

147 2794 323 2826 ancellarium
337 2795 560 2832 Cicestrensem,
570 2794 734 2833 Johannem
748 2792 861 2823 Girardi
876 2792 1058 2823 Canonicum
1075 2792 1170 2823 Sanffi

116 2833 241 2864 Severini
260 2833 464 2874 Burdegalenlis
483 2835 517 2865 ὃς
538 2833 577 2863 R.
596 2832 632 2863 de
650 2832 765 2862 Pinibus
786 2831 931 2870 Clericos,
956 2829 1172 2861 Commiffarios

116 2872 234 2941 suosdii}t
234 2874 349 2912 negotio
362 2872 497 2910 Ρῑεεάίᾶο
506 2895 516 2911 ,
534 2880 564 2903 ut
579 2870 744 2910 procedatur
757 2871 786 2900 in
800 2870 858 2909 ipso
869 2871 947 2909 quta
965 2869 1172 2900 ordinationem

137 2920 175 2940 rae
194 2921 204 2941 1
235 2921 295 2941 am:

116 2920 136 2950 p
155 2948 193 2980 Et
213 2959 282 2987 nOS,
300 2949 407 2979 ratione
427 2948 661 2987 Commiss'ionis,
677 2949 713 2978 ab
734 2946 792 2987 ipso
805 2947 885 2977 nobis
898 2946 978 2977 faetae
993 2947 1022 2976 in
1036 2946 1172 2983 praedidto

117 2988 249 3025 negotio,
268 2988 446 3025 venerimus,
464 2988 497 3018 &
514 2988 596 3024 parati
610 2987 701 3017 sumus
721 2994 815 3026 gentes
834 2985 958 3015 Domini
977 2985 1064 3022 Regis
1086 2985 1173 3016 Fran-

118 3025 187 3062 ciae,
205 3026 239 3055 ὃς
259 3034 355 3064 gentes
374 3024 497 3055 Domini
516 3024 605 3064 Regis
625 3025 773 3063 Aragoniae
793 3024 917 3061 recipere
929 3022 963 3053 ad
978 3024 1173 3063 receptionem

115 3064 148 3094 &
167 3064 402 3094 examinationem
423 3062 553 3100 testium,
578 3063 611 3093 &
629 3063 747 3093 aliorum
765 3062 956 3101 legitimorum
978 3061 1169 3092 documento—

117 3111 197 3139 rum,
221 3102 288 3132 hinc
308 3102 373 3132 inde
393 3101 471 3141 super
491 3099 636 3140 praemissis
656 3100 905 3138 producendorum
920 3125 930 3138 ,
949 3101 1027 3139 quta
1047 3101 1170 3131 formam

116 3140 299 3170 ordinationis
312 3138 461 3177 praedietae.

157 3178 266 3209 Verum
287 3188 355 3209 curn
374 3179 402 3207 in
421 3176 632 3208 Commiffione
653 3176 775 3208 Domini
794 3178 882 3217 Regis
903 3176 1029 3207 Franciae
1048 3177 1173 3214 illustris,

117 3226 168 3256 per
188 3226 240 3247 vos
259 3216 403 3247 Dominos
424 3216 463 3246 R.
481 3217 513 3247 ὃς
532 3215 564 3245 P.
585 3215 725 3253 exhibita,
742 3217 828 3246 nichil
849 3217 1024 3246 contineatur
1037 3215 1072 3245 de
1086 3216 1172 3246 insor-

117 3254 242 3285 matione
253 3254 299 3284 seu
313 3255 505 3293 inquisitione,
520 3253 647 3284 facienda
660 3254 692 3284 &
712 3253 872 3294 recipienda
892 3254 971 3291 super
992 3253 1118 3291 dampnis
1138 3255 1171 3283 &

117 3292 265 3332 usurpatiS,
283 3302 347 3330 quae
361 3293 514 3323 afferuntur
529 3292 544 3322 a
558 3299 633 3332 parte
645 3291 713 3321 dieti
727 3291 815 3330 Regis
830 3292 979 3332 Aragoniae
993 3292 1043 3322 sibi
1056 3293 1127 3322 illata
1138 3292 1172 3322 &

119 3332 208 3399 ssdffl,
225 3332 258 3361 &
278 3331 355 3368 super
375 3330 432 3361 aliis
454 3330 660 3361 defensionibus
681 3331 827 3368 propontis
846 3340 880 3361 ex
905 3340 982 3369 parte
995 3330 1064 3361 dieti
1085 3331 1172 3370 Regis

149 3379 173 3399 ra
195 3378 285 3400 oniae:

158 3379 227 3438 Iffec
245 3409 347 3438 virtute
363 3407 447 3438 didiae
465 3406 678 3437 Commiffionis
694 3431 703 3444 ,
728 3406 809 3436 fasee
827 3406 905 3444 super
920 3408 1039 3446 eisdem,
1069 3408 1100 3438 sit
1119 3418 1171 3438 vo-

120 3447 162 3477 bis
179 3447 267 3485 aliqua
285 3447 413 3476 attributa
431 3445 566 3486 potestas3
586 3455 671 3482 cum,
686 3447 763 3482 quta
775 3444 983 3476 ordinationem
998 3446 1172 3484 praedidiam,

119 3485 220 3515 debeat
235 3484 294 3514 fieri
311 3484 474 3514 informatio
492 3484 622 3521 praedic‘ta
640 3482 762 3515 vicissim
776 3483 855 3521 super
867 3483 994 3522 dampnis
1011 3486 1045 3516 &
1062 3485 1172 3522 usurpa-

121 3524 163 3591 tilst
178 3523 244 3554 hinc
264 3522 329 3553 inde
345 3547 355 3561 ‚
380 3524 413 3554 ὃς
437 3521 642 3552 defensionibus
664 3521 803 3560 utriusque
824 3522 905 3559 partis
919 3547 929 3560 ,
954 3531 984 3553 ut
1003 3523 1171 3561 praedictum

121 3571 138 3591 e
172 3573 178 3580 .

159 3586 198 3630 ἐκ
212 3601 358 3640 negotium
371 3598 577 3629 informationis
591 3597 731 3642 praedistae
746 3604 806 3628 non
819 3599 909 3635 posset
924 3598 1076 3636 procedere
1094 3598 1172 3635 super

123 3637 266 3676 dampnis,
284 3646 314 3668 ut
333 3637 451 3675 dicitur,
470 3637 537 3667 datis
555 3638 603 3675 ipli
624 3636 699 3675 Regi
715 3637 880 3675 Aragoniae,
898 3638 931 3668 &
944 3637 1022 3675 super
1034 3637 1172 3668 defensio-

124 3676 205 3706 nibus
219 3677 340 3715 ejusdem
355 3686 412 3705 non
427 3675 517 3713 posset
530 3674 684 3712 procedere
700 3675 726 3703 in
740 3674 956 3711 praesentiarum:

159 3714 243 3753 Nos,
261 3716 317 3745 sine
331 3713 427 3752 injuria
440 3715 473 3745 ὃς
488 3713 628 3751 praedi'etae
641 3712 822 3742 ordinationis
835 3713 960 3751 offensa,
979 3715 1012 3745 ὃ(
1034 3714 1090 3744 fine
1110 3724 1172 3751 par-

124 3753 158 3782 tis
173 3752 257 3791 Regis
273 3753 420 3793 Aragoniae
434 3752 530 3790 injuria
543 3750 705 3788 manifesta,
722 3760 780 3780 non
794 3749 954 3789 possumuS,
971 3761 1024 3782 nec
1035 3752 1171 3783 debemus

123 3789 158 3820 ad
180 3792 294 3827 praesens
315 3790 468 3829 procedere
485 3791 512 3819 in
532 3791 648 3829 negotio
669 3797 844 3825 memoratO,
866 3789 1015 3825 praesertim
1033 3801 1102 3821 cum
1119 3800 1172 3821 vos

125 3828 286 3859 ailerueritis
297 3829 370 3860 aliud
385 3829 545 3860 mandatum
559 3838 611 3858 vos
625 3828 702 3866 super
715 3827 772 3856 hoc
788 3836 847 3856 non
862 3826 973 3856 habere.

165 3864 302 3897 Praeterea
316 3892 326 3905 ,
354 3878 423 3898 cum
449 3868 477 3897 in
505 3866 581 3897 dieta
600 3865 688 3895 litterfi
709 3862 927 3895 Commiffionis
947 3863 1068 3895 Domini
1086 3866 1173 3905 Regis

127 3903 267 3941 Franciae,
285 3915 333 3942 per
344 3916 394 3936 vos
410 3905 550 3942 exhibita,
568 3905 758 3940 contineatur,
778 3901 856 3940 quod
871 3911 964 3941 gentes
986 3903 1067 3940 ipsius
1087 3903 1174 3943 Regis

128 3941 152 3971 F
153 3942 268 3979 ranciae,
287 3943 320 3972 &
332 3951 425 3982 gentes
442 3943 529 3982 Regis
546 3943 654 3982 Angliae
674 3943 767 3979 jurent
785 3939 880 3978 quod,
897 3940 998 3977 absque
1019 3942 1176 3972 reversione

128 3980 173 4009 vel
193 3979 367 4017 remiffione,
385 3990 478 4012 toturn
494 3983 550 4012 hoc
566 3981 726 4019 expedietur
738 3979 791 4008 hac
804 3979 881 4008 vice:
902 3977 939 4008 Et
953 3989 1004 4008 vos
1019 3989 1085 4009 cum
1100 3990 1176 4009 acer—

127 4017 199 4086 ¹³2¹}
220 4019 319 4086 pefitiks³
333 4018 475 4087 ίῐὶίιὶῗηῑίἒι,
500 4019 577 4059 quod
597 4029 648 4050 nos
672 4017 834 4057 praestemus
856 4017 885 4047 in
905 4015 997 4048 forma
1019 4017 1178 4056 hujusmodi

183 4067 231 4087 Um·
271 4079 275 4086 .
321 4079 327 4086 .
395 4071 406 4086 '-

1175 139 1653 184 PUBLICA.
2177 150 2231 197 65

1174 224 1388 270 Juramentum:
1408 228 1441 258 ὃς
1456 228 1529 259 cii-ca
1541 229 1687 259 articulum
1699 228 1848 267 juramenti
1861 228 1956 259 aetum
1970 226 2039 258 esset
2052 227 2081 258 in
2095 225 2171 260 dicct&
2185 239 2234 260 or-
2251 218 2326 253 Arm·
2336 218 2375 252 D·

1182 263 1341 308 dinatione,
1361 265 1438 301 quod
1454 276 1548 302 gentes
1562 267 1704 297 dictorum
1721 267 1807 305 Regis
1822 267 1960 304 Franciae,
1979 267 2089 306 Angli-ae
2110 269 2143 298 ὃ(
2164 268 2234 298 Ara-
2277 267 2361 301 1290.

1180 311 1274 370 {pm-ae
1290 312 1413 339 jurarent
1433 304 1509 340 quod
1531 305 1646 334 fideliter
1665 307 1697 335 δε
1717 304 1813 335 exacta
1827 305 1968 343 diligentia
1980 305 2181 345 procederent,
2198 307 2232 337 ὅτ.
2249 302 2316 328 Edv.
2338 310 2361 327 ¹-

1224 340 1357 370 haberent
1371 342 1398 370 in
1414 343 1529 380 negotio
1543 343 1748 372 informationis
1762 342 1918 381 praedictae,

1221 377 1352 408 Dicimus
1360 380 1442 422 *quod
1458 389 1586 410 tenemur
1596 379 1777 410 solummodo
1791 382 1878 414 iurare
1893 380 1970 418 quod
1985 379 2101 411 fideliter
2113 381 2146 412 ὃς
2155 390 2236 413 exac«

1183 415 1213 446 ta
1228 416 1372 453 diligentia
1385 425 1436 446 nos
1447 417 1610 448 habebimus
1625 419 1653 447 in
1668 420 1784 456 negotio
1796 418 2000 449 informationis
2013 420 2173 458 praedietae,
2189 421 2234 452 10³

1186 463 1224 484 co
1238 456 1271 485 ὃς
1287 463 1416 492 tempore
1427 465 1446 485 ο
1467 457 1581 485 ortunis.

1222 491 1292 522 Post
1306 493 1367 522 haec
1383 516 1393 531 ,
1409 493 1436 522 di
1470 495 1490 523 is
1503 492 1707 523 Commisiariis
1722 493 1843 523 Domini
1865 493 1950 533 Regis
1965 494 2077 532 Angliae
2094 495 2235 527 existentis²

1183 530 1236 559 bus
1250 532 1278 559 in
1294 531 1413 571 hospitio
1447 533 1475 561 in
1489 542 1548 569 quo
1559 532 1648 561 dicius
1662 531 1803 561 Dominus
1818 531 1970 569 Episcopus
1982 542 2055 571 erat,
2074 543 2161 571 prope
2174 535 2234 565 Ec-

1184 568 1294 598 clesiam
1309 569 1403 599 Saneti
1431 570 1546 599 ohannis
1561 570 1596 599 de
1611 569 1792 606 Perpiniano,
1813 578 1949 599 venerunt
1962 567 2029 600 disti
2046 571 2169 602 Domini
2192 573 2232 602 R.

1184 608 1217 637 &
1233 607 1263 636 P.
1283 617 1332 644 per
1345 607 1453 637 dicium
1468 607 1631 637 Dominum
1648 607 1759 645 Regem
1774 606 1899 637 Franciie
1920 607 1991 636 miffi
2001 630 2011 646 ‚
2027 609 2060 638 ad
2082 609 2234 647 hospitium

1182 644 1364 683 praediCmm,
1382 646 1416 676 ὃς
1429 647 1566 683 petierunt
1582 645 1659 682 quod
1673 645 1739 675 dieti
1753 644 1943 674 Commiffarii
1957 645 2044 684 Regis
2058 646 2167 686 Angliae
2183 658 2234 678 ve*

1182 684 1273 713 nirent
1287 684 1316 712 in
1331 683 1481 713 crastinum
1497 684 1568 721 apud
1582 685 1703 713 domum
1715 683 1829 712 fratrum
1845 682 2059 720 praedicatorum
2074 685 2103 713 in
2116 685 2236 723 Capitu-

1183 721 1215 788 lio
1229 721 1350 759 ejusdem
1364 721 1440 760 loci,
1457 723 1485 751 in
1500 732 1558 760 quo
1569 722 1637 752 loco
1651 721 1700 759 ipsi
1720 721 1847 752 valebant
1865 721 1944 758 super
1966 720 2103 758 praediCtis
2122 724 2236 760 respon-

1205 769 1266 788 ere:

1221 797 1259 827 Et
1272 797 1338 827 dieti
1353 796 1544 828 Commissarii
1560 797 1683 828 Domini
1697 797 1784 835 Regis
1806 796 1917 835 Angliae
1937 795 2136 834 responderunt
2158 798 2236 836 quod

1185 836 1268 872 parati
1283 844 1360 866 erant
1375 835 1409 865 ad
1429 836 1519 866 dicios
1532 836 1628 866 locum
1642 836 1674 865 &
1689 835 1764 864 diem
1778 837 1889 872 venire,
1908 844 2002 865 tamen
2016 835 2144 866 dixerunt
2157 835 2236 873 quod

1184 884 1245 904 non
1259 874 1441 912 recedebant,
1459 884 1512 904 nec
1527 873 1707 905 intendebant
1721 872 1849 903 recedere
1861 874 1876 902 a
1891 873 2039 910 propositis
2052 874 2086 904 ab
2100 873 2210 905 eisdem.

1224 949 1330 980 Adtum
1345 949 1535 990 praesentibus,

1227 1025 1367 1066 Magistris
1379 1026 1510 1065 Johanne
1524 1025 1554 1054 de
1570 1020 1690 1063 Cantia‘,

1223 1065 1355 1098 Stephano
1371 1067 1403 1094 de
1422 1063 1588 1100 Ramisberi,

1224 1101 1356 1141 Gazaefrt'do
1375 1104 1406 1132 de
1424 1103 1559 1140 Hicham,
1577 1101 1737 1131 Presbiteris
1756 1097 1898 1137 Anglict't:

1226 1143 1258 1169 P.
1279 1142 1309 1170 de
1327 1141 1462 1180 Vallibur²

1225 1181 1324 1216 Rogero
1341 1179 1480 1219 Silvestri,

1226 1218 1371 1247 Armando
1388 1219 1419 1248 de
1439 1217 1591 1255 Pelagrua‚

1227 1291 1265 1325 Et
1280 1294 1401 1332 pluribus
1415 1294 1469 1324 aliis
1483 1292 1601 1323 Clericis
1617 1292 1650 1323 &
1666 1291 1757 1322 Laicis
1770 1288 1875 1323 vocatis
1888 1286 2021 1322 Testibus
2034 1292 2067 1324 δε
2082 1287 2209 1333 Rogatis.

1230 1371 1302 1409 Qio
1322 1369 1444 1401 crastino
1463 1379 1563 1400 omnes
1581 1367 1706 1406 praediffi
1727 1367 1868 1405 Domini,
1886 1366 1958 1397 miffi
1981 1377 2030 1404 per
2042 1367 2132 1398 dictos
2148 1368 2243 1408 Reges

1192 1409 1317 1439 Franci-x
1329 1432 1338 1448 ‚
1356 1410 1388 1440 &
1406 1409 1530 1447 Angliae,
1549 1414 1759 1438 convenerunt:
1779 1407 1812 1436 &
1833 1414 1900 1436 tunc
1921 1405 1990 1435 dieti
2008 1404 2130 1436 Domini
2152 1406 2190 1436 R.
2209 1409 2244 1438 &

1193 1446 1226 1477 Ρ.
1249 1447 1320 1477 milli
1332 1458 1380 1485 per
1398 1446 1562 1476 Dominum
1576 1445 1688 1483 Regem
1703 1444 1842 1481 Franciae,
1854 1443 1997 1481 dixerunt,
2011 1444 2044 1474 &
2059 1455 2126 1475 cum
2140 1445 2243 1475 instan-

1193 1487 1230 1515 tia
1244 1486 1444 1523 requisiverunt
1458 1484 1586 1522 praefatos
1602 1483 1760 1520 Dominos,
1778 1482 1874 1512 miffos
1889 1489 1937 1519 per
1952 1481 2058 1511 dietum
2080 1482 2244 1514 Dominum

1194 1524 1309 1560 Regem
1325 1524 1452 1562 Angliae,
1470 1522 1547 1560 quod
1562 1523 1630 1552 cum
1644 1521 1692 1558 ipsi
1708 1520 1845 1558 Domini,
1864 1519 1936 1550 miffi
1948 1530 1997 1557 per
2008 1520 2115 1550 dicium
2139 1520 2245 1552 Domi-

1193 1572 1263 1592 nuin
1288 1562 1400 1598 Regem
1422 1561 1561 1598 Franciae,
1579 1560 1722 1597 dixerunt,
1739 1560 1772 1589 &
1793 1558 1842 1588 nisi
1863 1558 1965 1588 fuerint
1981 1566 2142 1596 attemptare
2155 1560 2245 1597 aliqua

1195 1611 1259 1637 quae
1275 1601 1385 1637 poffent
1398 1599 1454 1629 effe
1468 1601 1495 1629 in
1510 1598 1702 1638 praejudicium
1715 1596 1781 1626 dieii
1795 1596 1915 1626 Domini
1932 1596 2018 1635 Regis
2033 1597 2246 1636 Angliae,quod

1194 1640 1366 1676 exprimant,
1384 1639 1417 1669 &
1431 1638 1572 1668 declarent
1585 1647 1648 1674 quae
1662 1636 1723 1666 sunt
1734 1635 1794 1672 illa3

1238 1677 1441 1715 Adliycientes,
1460 1676 1554 1713 quod,
1572 1676 1590 1704 si
1605 1673 1724 1712 aliquid,
1743 1681 1838 1703 contra
1850 1672 1894 1704 vel
1909 1672 1978 1703 ultra
1991 1673 2130 1711 formam,
2144 1675 2181 1704 eis
2193 1682 2247 1704 tra-

1198 1714 1283 1745 ditam
1307 1717 1336 1744 in
1356 1714 1429 1744 dieta
1449 1711 1659 1744 Commissione
1674 1735 1683 1750 ,
1706 1712 1832 1742 fecerunt
1846 1736 1855 1749 ,
1886 1711 1964 1748 quod
1984 1713 2069 1741 virtus
2091 1711 2247 1743 verborum

1198 1763 1400 1783 contentorum
1413 1754 1441 1782 in
1455 1753 1529 1782 dieta
1544 1750 1754 1782 Commissione
1768 1760 1826 1780 non
1847 1751 1976 1787 patiatur,
1993 1749 2062 1779 illud
2082 1759 2175 1780 totum
2199 1761 2246 1789 pa-

1199 1793 1248 1821 rati
1261 1792 1322 1822 sunt
1335 1801 1484 1829 revocare,
1501 1791 1534 1822 ὃς
1547 1791 1629 1820 etiam
1643 1798 1675 1819 ex
1695 1798 1770 1818 nunc
1793 1796 1943 1825 revocant,
1962 1787 2015 1825 ipsa
2037 1795 2130 1818 tamen
2153 1787 2247 1818 Com-

1200 1829 1330 1860 missione
1342 1831 1371 1859 in
1385 1829 1422 1859 sui
1437 1828 1531 1860 forma
1543 1826 1649 1865 semper
1660 1826 1740 1857 salva.

1237 1868 1377 1898 Dixerunt
1390 1869 1474 1898 etiam
1487 1867 1556 1898 dieti
1571 1865 1780 1903 Commiffarii,
1797 1872 1846 1902 per
1860 1862 2025 1895 Dominum
2037 1864 2152 1904 Regem
2164 1863 2251 1894 Fran-

1199 1908 1251 1937 ciae
1266 1906 1354 1944 miffi,
1373 1906 1465 1945 quod,
1485 1906 1504 1935 si
1518 1905 1591 1935 forte
1603 1904 1693 1942 aliqua
1706 1902 1916 1934 continerentur
1929 1905 1958 1932 in
1970 1902 2198 1941 Commissione,
2213 1902 2252 1933 eis

1200 1945 1271 1975 faeta
1287 1955 1335 1982 per
1346 1944 1454 1974 dietum
1470 1943 1583 1981 Regem
1598 1942 1739 1980 Franciae,
1757 1951 1791 1972 ex
1826 1952 1858 1972 ua
1872 1941 1997 1971 videatur
2008 1942 2054 1972 vel
2078 1941 2165 1971 videri
2186 1951 2253 1979 pos-

1201 1983 1239 2013 set
1253 1983 1334 2014 diotis
1348 1982 1500 2020 Dominis,
1519 1980 1604 2012 missis
1616 1991 1664 2019 per
1677 1980 1786 2010 dietum
1805 1952 1972 2010 (Dominum
1991 1979 2106 2016 Regem
2126 1978 2252 2019 Angliae,

1201 2021 1315 2059 aliquod
1336 2020 1527 2060 praejudicium
1546 2020 1688 2059 generari3
1706 2018 1772 2056 ipsi,
1791 2017 1864 2047 miffi
1882 2027 1930 2055 per
1951 2016 2116 2048 Dominum
2136 2016 2252 2055 Regem

1202 2060 1329 2099 Angliae,
1347 2067 1473 2098 poterant
1486 2068 1555 2089 cum
1567 2058 1618 2088 suis
1632 2056 1876 2095 protestationibus
1891 2057 2008 2085 obviare
2020 2056 2057 2085 illi
2072 2056 2091 2075 ²*
2108 2057 2253 2095 periculo,

1201 2099 1220 2128 si
1242 2099 1321 2137 quod
1341 2107 1419 2137 erat;
1444 2097 1567 2128 maxime
1585 2104 1652 2127 cum
1669 2105 1728 2134 pars
1749 2093 1869 2126 Domini
1893 2094 1981 2133 Regis
1999 2093 2205 2132 Majoricarum
2224 2095 2254 2126 in

1200 2138 1258 2167 hoc
1276 2137 1458 2168 consentiret:

1240 2175 1330 2214 Item,
1342 2176 1425 2206 etiam
1438 2174 1566 2205 dixerunt
1578 2172 1648 2204 dieti
1660 2172 1801 2210 Domini,
1818 2171 1891 2202 tniffi
1907 2182 1956 2209 per
1970 2170 2079 2202 dietum
2093 2167 2258 2204 Dominum

1202 2214 1316 2254 Regem
1332 2214 1523 2251 Francorum,
1541 2211 1620 2251 quod
1631 2211 1697 2249 ipsi,
1716 2211 1829 2240 scientes
1844 2209 1923 2248 quod
1937 2209 2065 2241 voluntas
2078 2210 2118 2240 est
2133 2210 2258 2250 Domini

1203 2252 1290 2292 Regis
1305 2252 1445 2290 Franciae,
1464 2251 1542 2290 quod
1554 2249 1728 2281 omnimodo
1741 2249 1950 2292 sciaturhveritas
1963 2247 2000 2277 de
2024 2249 2149 2286 praesenti
2168 2259 2257 2289 nego·-

1204 2292 1262 2330 tio,
1280 2300 1383 2322 attenta
1404 2292 1488 2322 etiam
1506 2289 1664 2326 oblatione,
1689 2297 1773 2326 quam
1794 2286 1853 2316 fieri
1872 2287 1940 2317 fecit
1960 2296 2021 2323 pars
2043 2286 2112 2316 dicti
2135 2286 2258 2318 Domini

1206 2329 1292 2368 Regis
1313 2329 1528 2368 Majoricarum,
1543 2327 1627 2366 parati
1648 2327 1726 2363 sunt,
1744 2327 1777 2356 ὅτ.
1799 2333 1907 2362 paratos
1928 2325 1955 2354 se
1967 2325 2093 2355 offerunt
2113 2323 2187 2362 sequi
2199 2326 2257 2356 for-

1205 2378 1281 2398 mam
1290 2368 1458 2405 juramenti,
1498 2377 1562 2397 uam
1575 2366 1643 2397 dieti
1656 2365 1778 2394 Domini
1814 2362 1886 2392 missi
1903 2372 1952 2398 per
1966 2361 2074 2392 dietum
2091 2362 2256 2393 Dominum

1207 2405 1320 2445 Regem
1335 2407 1462 2445 Angliae,
1477 2377 1577 2435 dicunt
1590 2403 1670 2434 fuisse
1683 2403 1755 2432 inter
1776 2387 1866 2431 didios
1887 2399 2034 2430 Dominos
2052 2400 2146 2439 Reges
2169 2401 2256 2431 Fran-

1206 2445 1260 2474 ciae
1275 2446 1308 2475 &
1323 2444 1430 2483 Angliae
1445 2443 1665 2480 concordatam3
1684 2450 1738 2478 ne,
1752 2447 1868 2477 propter
1880 2438 1973 2469 levem
1992 2438 2190 2478 occasionem,
2207 2450 2257 2470 ve-

1208 2483 1270 2512 ritas
1283 2482 1420 2520 praesentis
1434 2482 1541 2521 negotii
1553 2481 1664 2511 ulterius
1676 2478 1877 2509 excluderetur.
1979 2515 1984 2520 ¹

1244 2521 1385 2551 Dixerunt
1405 2521 1513 2558 insuper
1535 2517 1603 2549 dieti
1623 2517 1769 2556 Domini,
1795 2512 1867 2546 miffi
1889 2523 1939 2552 per
1958 2513 2067 2545 dietum
2090 2514 2256 2547 Dominum

1207 2557 1321 2597 Regem
1335 2559 1358 2588 F
1360 2560 1475 2596 ranciae,
1494 2557 1572 2596 quod
1583 2558 1644 2588 satis
1657 2555 1779 2593 liquebat
1793 2554 1826 2584 &
1846 2553 1990 2583 constabat
2008 2563 2058 2590 per
2077 2563 2210 2584 contenta
2228 2557 2259 2585 in

1206 2596 1280 2627 dieta
1295 2596 1521 2634 Commiffione,
1538 2597 1576 2625 eis
1591 2595 1663 2625 facta
1677 2603 1726 2631 pet
1739 2592 1849 2622 dietum
1864 2591 2027 2621 Dominum
2043 2590 2156 2631 Regem
2173 2593 2258 2623 Fran-

1207 2637 1275 2674 cite,
1292 2635 1369 2673 quod
1384 2635 1458 2665 idem
1473 2634 1616 2664 Dominus
1632 2632 1698 2663 Rex
1712 2630 1838 2661 Francia:
1850 2630 1962 2660 volebat
1977 2629 2055 2667 quod
2075 2630 2124 2667 ipsi
2143 2632 2259 2662 interes-

1208 2674 1266 2704 sent
1286 2673 1492 2704 defensionibus
1511 2673 1545 2703 «Sc
1565 2669 1794 2709 probationibus,
1812 2678 1877 2706 quae
1898 2667 2031 2698 faciendae
2044 2676 2120 2698 erant
2136 2679 2184 2706 per
2197 2680 2259 2707 par-

1206 2720 1264 2741 tem
1279 2712 1347 2742 dieii
1365 2711 1489 2750 Alfonli,
1506 2712 1539 2742 ὅ(
1553 2710 1632 2748 super
1645 2709 1748 2739 eisdem
1762 2716 1819 2737 etat
1833 2706 1894 2745 ipsis
1906 2716 1956 2744 per
1970 2706 2080 2737 dietum
2096 2706 2260 2738 Dominum

1207 2750 1319 2789 Regem
1333 2750 1458 2780 Franciae
1471 2748 1591 2788 potestas
1604 2747 1742 2779 attributa.

1244 2789 1322 2819 Nam
1337 2799 1421 2826 cum,
1436 2787 1590 2819 secundum
1604 2795 1735 2817 tenorem
1750 2784 1835 2814 dietae
1850 2779 2079 2821 Commissionis,
2097 2783 2173 2814 idem
2193 2783 2260 2814 Do-

1207 2828 1298 2857 minus
1322 2827 1386 2857 Rex
1407 2827 1580 2857 Francorum
1599 2825 1667 2855 velit
1686 2822 1779 2861 quod,
1796 2822 1829 2852 ad
1851 2823 2079 2852 informationem
2102 2822 2258 2852 faciendam

1207 2866 1285 2902 supet
1305 2865 1447 2903 dampnis,
1472 2864 1538 2902 sibi,
1561 2863 1639 2893 dicto
1660 2863 1793 2892 Domino
1814 2859 1889 2891 Regi
1911 2860 2130 2898 Majoricarum,
2155 2861 2188 2891 ὃς
2208 2861 2260 2890 suis

1207 2904 1235 2934 V
1237 2904 1377 2934 alitoribus
1392 2904 1486 2940 illatis,
1504 2911 1562 2932 treu
1583 2912 1597 2930 a
1611 2901 1765 2939 pendente,
1784 2909 1832 2936 per
1848 2885 2010 2940 Dominum
2024 2898 2201 2935 Alphonsum
2224 2899 2261 2928 de

1207 2942 1347 2981 Aragonia
1361 2943 1394 2972 δε
1409 2941 1545 2972 Valitores
1571 2949 1638 2978 uos,
1656 2946 1794 2970 vocentur
1809 2937 1907 2975 aliquae
1920 2940 2044 2974 perlonae
2061 2936 2097 2966 de
2118 2936 2261 2967 Gentibus

1204 2981 1304 3018 Juratis
1318 2980 1386 3010 dieii
1401 2978 1551 3017 Alphonii:

1247 3018 1376 3057 Qilibet
1407 3018 1476 3048 sanae
1491 3014 1698 3053 mentis,debet
1711 3014 1864 3053 intelligere
1878 3012 1955 3051 quod
1972 3013 2063 3044 multo
2077 3012 2174 3044 fortius
2184 3013 2262 3044 idem

1207 3056 1351 3087 Dominus
1406 3066 1439 3086 ex
1459 3055 1582 3086 Franciae
1601 3053 1687 3091 velit,
1705 3052 1782 3090 quod
1803 3053 1854 3089 illi,
1873 3053 1921 3089 qui
1942 3062 1990 3089 pet
2010 3061 2075 3081 eum
2098 3051 2170 3082 miffi
2183 3052 2262 3090 sunt,

1207 3095 1326 3125 debeant
1340 3095 1467 3125 interesse
1482 3095 1510 3123 in
1522 3092 1721 3122 informatione
1735 3091 1922 3128 dampnorum
1931 3098 2012 3127 ‚quae
2024 3090 2116 3120 dietus
2132 3090 2264 3128 Alphon-

2266 2057 2282 2075 *
2294 2058 2400 2093 11450.

1208 3135 1249 3164 sus
1263 3133 1384 3163 assererit
1399 3134 1449 3163 iibi
1458 3156 1466 3170 ,
1480 3133 1512 3163 ὃς
1529 3131 1578 3160 suis
1592 3129 1619 3160 V
1621 3129 1761 3159 alitoribus
1774 3129 1830 3158 elie
1842 3129 1912 3159 illata
1928 3129 1943 3157 Ξι
1956 3128 2036 3158 dietis
2052 3127 2187 3158 Dominis
2201 3128 2263 3158 Re-
2282 3159 2287 3168 I

1207 3173 1286 3211 gibus
1301 3172 1324 3201 F
1326 3172 1425 3201 rancize
1435 3196 1445 3211 ,
1461 3172 1494 3201 &
1511 3168 1730 3206 Major-icarum,
1747 3169 1780 3199 δε
1795 3166 1965 3197 Valitoribus
1984 3166 2169 3205 eorumdem,
2187 3175 2262 3197 treu-

1206 3220 1239 3250 ga
1255 3210 1411 3247 pendente3
2111 3243 2116 3248 .
2141 3244 2146 3248 .
2238 3244 2241 3246 q

1246 3247 1375 3278 Maxime
1387 3258 1455 3278 cum
1469 3247 1557 3278 ditius
1574 3244 1609 3275 A.
1626 3243 1728 3282 Bajuli,
1745 3244 1914 3274 Procurator
1937 3243 2004 3273 dic-'ii
2026 3243 2148 3273 Domini
2170 3242 2257 3280 Regis

1210 3287 1429 3324 Maioricarum,
1449 3283 1595 3323 expressim
1610 3283 1687 3320 super
1701 3283 1890 3319 consentiens,
1908 3282 2032 3320 ipsorum
2044 3281 2260 3317 Dominorum,

1210 3322 1355 3355 missorum
1375 3335 1423 3362 per
1444 3324 1605 3354 Dominum
1627 3320 1739 3360 Regem
1761 3321 1902 3358 Franciae,
1927 3320 2119 3358 prorogavetit
2138 3317 2260 3355 potesta-

1210 3373 1267 3395 tem
1276 3387 1285 3401 ,
1304 3364 1336 3394 &
1348 3364 1378 3392 in
1389 3363 1466 3393 disto
1481 3359 1613 3392 consensu
1625 3359 1716 3389 adhuc
1730 3359 1892 3396 perseveret.

1249 3403 1364 3440 Qare,
1382 3412 1442 3432 non
1463 3398 1633 3430 obstantbus
1653 3397 1827 3435 supradietis,
1849 3396 1988 3427 contentis
2007 3396 2036 3424 in
2058 3394 2132 3425 dieta
2146 3393 2260 3432 cedula,

1211 3441 1256 3471 die
1272 3433 1384 3470 externa
1396 3440 1468 3470 lecta
1484 3448 1531 3476 per
1545 3436 1652 3466 dicium
1667 3435 1836 3474 Magistrum
1852 3433 2056 3473 Reymundum
2074 3433 2111 3462 de
2129 3430 2260 3476 Pinibus,

1210 3479 1339 3509 dixerunt
1352 3478 1384 3508 &
1399 3478 1598 3516 requiliverunt
1611 3473 1741 3503 instanter
1754 3474 1821 3503 dieti
1834 3473 1972 3509 Domini,
1991 3470 2061 3500 miffi
2083 3481 2132 3508 per
2151 3470 2261 3500 dietum

1211 3517 1376 3548 Dominum
1396 3516 1508 3555 Regem
1531 3513 1675 3549 Franciae,
1707 3512 1808 3542 debere
1829 3511 1944 3549 procedi
1965 3509 1998 3539 ad
2026 3509 2260 3552 informationem

1210 3556 1388 3594 praedictam:
1409 3552 1548 3592 potillime
1567 3560 1635 3581 cum
1657 3550 1746 3580 dietus
1767 3549 1937 3580 Procurator
1957 3548 2025 3590 dicii
2038 3546 2158 3576 Domini
2171 3545 2260 3585 Regis

1212 3594 1414 3632 Major-{cirum
1427 3593 1482 3622 suas
1496 3589 1599 3620 obtulit
1612 3589 1644 3620 &
1660 3587 1751 3619 adhuc
1766 3586 1866 3618 offerat
1882 3587 2075 3624 probationes,
2093 3585 2125 3615 δί
2147 3594 2190 3614 eas
2202 3585 2260 3628 'ha-

1211 3634 1274 3663 beat
1295 3634 1322 3661 in
1343 3640 1494 3669 proi-optut
1512 3626 1694 3666 protestantes
1713 3625 1790 3664 quod
1808 3636 1857 3663 per
1871 3635 1919 3655 eos
1933 3633 1993 3653 non
2008 3622 2076 3661 stat,
2095 3632 2154 3660 quo
2169 3632 2261 3652 minus

1211 3673 1241 3702 in
1257 3670 1381 3708 praesenti
1388 3668 1504 3705 negotio
1518 3664 1692 3703 procedatur.
1828 3701 1833 3707 ι
1858 3702 1862 3707 .
1943 3701 1948 3705 ”
2089 3699 2094 3704 η

1255 3710 1390 3739 Praeterea
1406 3731 1414 3744 ,
1441 3705 1639 3742 requiiivemnt
1657 3702 1725 3732 dicti
1743 3701 1864 3731 Domini
1875 3725 1885 3738 ,
1910 3698 1982 3729 miffi
2000 3707 2049 3742 pei·
2067 3697 2178 3742 dasium.
2195 3696 2262 3729 Do-

1212 3750 1321 3779 minum
1340 3747 1451 3776 Reoem
1472 3742 1614 3779 Francia„
1638 3740 1765 3778 praefatos
1785 3739 1947 3775 Dominos,
1972 3736 2067 3767 missos
2086 3745 2134 3775 per
2152 3737 2263 3780 dictum

1212 3786 1374 3816 Dominum
1387 3769 1440 3812 'ke
1460 3791 1505 3811 em
1525 3779 1633 3818 Anglie
1647 3802 1657 3817 ,
1680 3778 1758 3816 quod
1776 3778 1823 3815 ipii
1838 3802 1847 3815 ,
1872 3777 1928 3806 una
1946 3785 2014 3819 cum
2033 3776 2071 3805 eis
2085 3798 2095 3813 ,
2124 3783 2263 3813 requirant

1212 3825 1320 3854 Gentes
1342 3822 1409 3852 dieti
1461 3818 1569 3856 lphonii
1593 3822 1668 3855 (quae
1683 3825 1777 3854 parant
1790 3817 1834 3853 se,
1850 3823 1930 3852 prout
1946 3813 2152 3852 intellexerunt,
2170 3813 2204 3843 ad
2219 3823 2265 3843 re-

1213 3862 1383 3897 cedendum)
1401 3858 1478 3897 quod
1493 3856 1614 3886 debeant
1626 3864 1783 3892 remanere,
1800 3855 1833 3884 ὃς
1848 3851 2000 3891 procedere
2018 3853 2048 3882 in
2065 3851 2264 3882 informatione

1214 3901 1362 3940 praedicta,
1528 3933 1532 3938 ἰ

1251 3939 1304 3976 Et,
1320 3943 1453 3975 quantum
1466 3941 1583 3971 pertinet

1214 3978 1410 4009 strumentum.
2230 4002 2234 4007 Ι

1251 4016 1289 4047 Et
1301 4014 1408 4046 ibidem
1421 4008 1584 4043 venerabilis
1596 4007 1679 4040 Pater
1693 4007 1792 4075 SarIurn
1810 4005 1965 4044 Episcopus
1999 4006 2033 4038 &
2052 4004 2096 4036 alii
2117 4004 2266 4071 Commisi}

2217 4050 2243 4070 ar

1594 3931 1628 3962 ad
1642 3931 1755 3961 eosdem
1764 3955 1772 3968 ,
1790 3930 1825 3960 de
1837 3930 1889 3960 hiis
1904 3937 2001 3967 petunt
2014 3928 2073 3958 fieri
2087 3927 2200 3967 publice
2221 3928 2265 3956 in-
