2570 4261
684 149 794 191 ET
875 150 1138 193 ACTA

0 255 34 276 ιη,
44 243 85 275 Β,
100 232 253 272 tradendo,
269 234 315 265 vel
327 233 508 266 deliberando
519 233 691 273 consistunt,
709 245 836 273 petemus
850 235 883 266 ὅ(
899 236 1002 266 habere
1015 235 1157 272 volumus,

0 285 64 321 289.

0 334 26 351 v.
47 331 70 349 i.

98 2754 101 2757 ,
145 2735 190 2758 tos
210 2727 350 2757 Prioratus
371 2728 408 2757 de

5 3158 139 3196 ’11.454.

103 1186 201 1248 ·N

105 282 190 310 prout
205 273 287 303 fuerit
300 273 469 304 faciendum.

142 310 196 340 Per
217 311 289 341 hanc
311 321 405 342 autem
424 312 633 350 requisitionem
645 334 654 349 ,
672 311 779 349 (quam
792 312 832 341 ob
845 311 987 342 honorem
1000 312 1033 342 &
1064 312 1157 341 ratiam

106 348 191 380 vestri
212 349 341 386 facimus)
364 350 466 380 scilicet
480 374 489 387 ,
507 359 538 380 ut
550 359 583 380 cx
599 359 674 387 parte
688 349 777 380 vestra
791 352 824 381 ὃς
838 350 933 380 nostra
945 351 1034 388 ipsum
1073 350 1158 379 rinei-

109 397 178 425 pem
196 389 337 425 requiratis
349 411 358 425 ,
386 390 420 419 &
442 389 575 418 inducatis
595 397 625 418 ut
640 388 737 425 nobis,
756 387 834 426 quod
855 390 996 426 promitit,
1013 387 1156 425 compleat

111 427 276 457 &attendat
291 435 297 454 z
322 425 361 455 Et
378 425 456 463 quod
477 427 561 462 parati
576 425 668 455 sumus
680 426 801 456 eundem
816 425 979 464 Principem
994 427 1116 463 recipere
1129 426 1159 454 in

110 464 200 493 altero
214 462 250 492 de
261 462 341 492 dietis
354 461 466 493 duobus
479 464 564 500 locis,
581 464 629 493 ubi
641 464 728 501 ipsum
744 463 878 501 poffimus
894 466 954 495 tute
968 466 1108 504 recipere,
1125 473 1158 493 ac

114 502 165 532 fibi
177 500 318 531 restituere
331 500 464 531 Marchas
476 503 509 533 ὃ(
523 501 631 531 oblides
647 502 829 541 supradictos,
847 502 907 540 die,
927 513 975 540 per
992 513 1042 534 vos
1057 502 1102 533 vel
1117 502 1160 539 ip-

112 539 174 570 sum
189 539 368 581 Principem,
386 540 467 570 nobis
480 539 581 570 idonea
595 539 739 579 assignata,

150 576 227 620 Non
246 577 416 608 intendimus
431 579 523 616 poenis
535 602 544 615 ,
565 578 622 615 jam
644 578 799 608 commissis
821 589 870 616 per
882 579 969 617 ipsum
982 578 1164 615 Principem,

112 616 147 646 &
159 615 241 645 nobis
256 614 411 654 adquilitis,
429 617 600 652 renuntiare,
618 626 671 646 nec
694 618 721 646 in
737 617 831 654 aliquo
846 617 996 655 derogare,
1014 618 1106 647 inimo
1120 626 1163 645 eas

113 653 196 682 nobis
215 654 366 684 retinemus
384 654 506 691 expresse
521 677 530 692 ,
554 654 603 683 nili
617 654 704 691 ipsum
719 655 880 692 Principem
896 657 1055 693 contingat,
1072 654 1106 684 ad
1120 664 1165 684 re-

113 691 293 729 quisitionem
307 692 486 730 praedictam,
503 692 537 722 ad
551 692 687 722 estec‘tum
701 692 804 723 ducere
820 693 897 731 quod
912 694 1046 732 promisit.

151 729 238 760 Nam
257 730 286 759 in
306 731 363 760 hoc
381 739 495 768 tamen,
514 730 533 759 fi
555 730 741 767 compleverit
761 732 910 768 supradicta
924 756 933 769 ,
960 732 1043 769 parati
1059 730 1166 767 sumuS,

116 766 297 836 &perddigis
317 769 426 807 poenis,
443 769 535 800 facere
556 769 691 807 quicquid
706 780 757 800 vos
772 772 851 808 iuper
865 769 967 800 eisdem
979 770 1108 801 duxeritis
1121 779 1169 798 or-

138 816 201 836 man
222 816 239 836 u
274 829 279 834 .

157 881 226 912 Dat.
245 880 343 912 Ilerdae
367 883 392 913 8.
412 882 550 913 Kalendas
567 882 735 915 Decembris
750 907 759 922 ,
790 893 864 914 anno
880 883 1002 914 Domini
1023 882 1172 912 millesimo

120 920 315 952 ducentesimo
329 921 506 960 odtogelimo
521 931 608 951 nono.

943 976 1068 1017 Sacrista.

409 1104 498 1136 Bulla
515 1115 569 1150 pro
588 1107 690 1137 Priore
709 1103 744 1136 de
762 1106 884 1137 Lenton.

208 1187 317 1219 Icolaus
333 1187 486 1227 Episcopus
502 1189 593 1219 servus
608 1190 750 1219 servorum
766 1188 842 1225 Dei,
860 1187 1011 1218 Carissimo
1025 1188 1053 1217 in
1062 1186 1178 1217 Christo

220 1227 278 1267 filio
294 1226 436 1258 Edwardo
451 1227 527 1265 Regi
540 1227 649 1266 Angli-ae
668 1227 765 1256 illustri
779 1251 788 1264 ,
806 1227 920 1256 salutem
935 1227 967 1256 &
983 1225 1178 1263 Apostolicam

126 1264 365 1296 benedictionem.

164 1303 278 1335 Pridem
291 1304 325 1333 ad
339 1304 469 1334 notitiam
481 1304 586 1342 regiam
600 1312 649 1343 per
663 1301 770 1332 nostras
784 1302 883 1331 litteras
896 1301 1025 1332 duximus
1040 1302 1180 1339 perferen-

79 1360 91 1365 ·
127 1342 216 1386 dum,
235 1341 349 1380 qualiter
368 1341 463 1371 dileeti
483 1341 552 1379 filii,
577 1341 660 1371 frater
674 1340 771 1371 Petrus
792 1339 828 1369 de
841 1339 976 1370 Siviriaco
997 1340 1032 1369 de
1050 1341 1180 1376 Lenton,

128 1380 318 1411 Cluniacensis
330 1379 452 1417 ordinis,
468 1379 650 1410 Eboraceni'is
664 1378 809 1416 Dioceiis,
827 1379 860 1408 &
875 1379 1003 1408 nonnulli
1017 1379 1060 1408 alii
1071 1378 1183 1408 Priora—

128 1428 209 1451 tuum
224 1419 350 1456 Priores,
365 1417 555 1448 Cluniaceniis
571 1417 738 1448 Monasterii
755 1416 912 1454 Monaclii,

163 1457 332 1496 Diligentius
353 1456 525 1487 attendentes
546 1455 624 1495 quod
646 1455 779 1487 nonnulla
800 1454 915 1493 statuta,
934 1464 1014 1492 quae,
1031 1454 1117 1484 felicis
1138 1464 1182 1484 re-

128 1495 299 1526 cordationis
314 1518 324 1533 ,
350 1495 390 1526 G.
410 1494 485 1532 Papa
506 1494 613 1525 Nonus
629 1519 638 1533 ,
664 1494 854 1525 Praedeceslor
870 1493 981 1532 noster,
999 1495 1078 1530 super
1093 1493 1183 1523 refor-

129 1535 255 1564 matione
277 1533 345 1564 dicti
363 1534 468 1564 ordinis
491 1534 594 1572 edidit,
612 1535 645 1565 &
669 1543 749 1571 quie,
767 1534 795 1562 in
809 1534 912 1563 virtute
926 1532 1111 1569 obedientiae,
1128 1532 1184 1562 dis-

129 1573 267 1643 tsriffebac
296 1573 490 1604 inviolabiliter
509 1572 649 1603 observari
673 1573 822 1610 praecepit²
841 1573 869 1601 in
881 1570 981 1601 ordine
994 1571 1052 1610 ipso
1066 1571 1185 1600 minime

144 1621 208 1642 erva
230 1619 309 1642 antur

168 1650 250 1680 Tum
263 1659 297 1679 ex
312 1635 384 1688 hoc,
403 1658 465 1680 tum
480 1650 563 1680 etiam
579 1658 612 1679 ex
625 1648 680 1679 aliis
694 1649 776 1679 certis
789 1647 873 1679 causis
889 1647 922 1678 ad
936 1647 1040 1678 Sedem
1056 1646 1184 1687 Aposto-

132 1688 218 1719 licam
232 1688 424 1726 appellarunt3

168 1727 225 1764 Et,
242 1737 280 1756 ne
472 1725 568 1756 Abbas
582 1724 749 1755 Monasterii
762 1724 924 1763 supradiffl,
944 1723 1009 1763 post
1025 1723 1185 1762 hujusmodi

133 1765 330 1803 appellationes
343 1773 461 1802 eorum,
478 1765 511 1795 &
527 1764 716 1802 arripiendum
727 1765 779 1794 iter
793 1764 828 1793 ab
844 1765 881 1793 eis
897 1764 930 1793 ad
945 1764 1109 1793 Romanam
1124 1762 1187 1793 Cu-

133 1806 205 1834 riam
225 1802 378 1834 accedendi
393 1827 402 1841 ,
427 1812 527 1833 contra
547 1803 637 1841 ipsos,
655 1802 700 1833 vel
712 1813 813 1832 eorum
828 1802 967 1840 aliquem,
984 1810 1031 1833 aut
1045 1802 1188 1832 adhaeren-

133 1850 193 1880 tes,
211 1841 258 1873 vel
277 1841 419 1872 adhaerere
438 1841 564 1872 volentes
583 1841 685 1871 eisdem
699 1865 709 1879 ‚
735 1841 836 1879 aliquid
857 1842 1003 1872 innovaret
1015 1865 1024 1879 ,
1042 1841 1089 1872 vel
1103 1842 1188 1870 etiam

132 1888 328 1918 attemptaret,
347 1880 402 1910 five
422 1879 457 1909 ad
478 1881 657 1918 citationem,
676 1881 881 1917 monitionem,
900 1879 945 1910 vel
959 1880 1189 1910 excommunica-

133 1920 236 1956 tionis,
252 1918 430 1957 suspensionis
445 1919 478 1950 &
493 1918 633 1949 interdieti
647 1918 806 1956 iententias,
824 1918 869 1949 vel
883 1917 918 1948 ad
931 1919 1124 1957 amotionem,
1142 1918 1188 1948 seu

135 1959 323 1995 privationem
345 1957 524 1988 Prioratuum
545 1956 748 1995 praedidtorum
768 1959 801 1988 ὃ(
814 1957 969 1987 domorum
982 1956 1121 1996 ipsorum,
1140 1966 1191 1994 per

135 1996 180 2034 se,
196 1996 242 2026 vel
257 2006 305 2034 per
318 1995 422 2033 alium,
440 2006 608 2034 quacunque
622 1995 803 2034 auetoritate,
821 1996 987 2035 procederet
1001 1995 1118 2025 nomine
1131 1995 1192 2033 suo,

138 2036 173 2067 &
188 2036 226 2065 eis
240 2035 381 2065 adhaerere
393 2035 549 2065 volentium
564 2036 593 2064 in
607 2034 659 2064 hac
675 2043 769 2072 parte,

175 2073 277 2104 Iterato
297 2073 331 2103 ad
353 2072 497 2111 praefatam
518 2072 613 2104 sedem
634 2081 733 2103 contra
754 2071 877 2102 eundem
891 2071 1083 2109 provocarunt
1097 2070 1195 2102 Abba-

138 2119 214 2149 tem,
232 2113 265 2143 &
288 2113 372 2142 etiam
393 2111 563 2150 appellarunt
576 2135 586 2151 ,
612 2110 647 2141 ad
662 2110 865 2149 praedi&orum
877 2110 1103 2149 prosecutionem
1118 2111 1145 2141 se
1160 2109 1195 2141 ad

139 2150 259 2180 eandem
275 2150 367 2180 sedem
383 2150 558 2189 personaliter
572 2149 763 2187 conferentes3

178 2189 293 2228 Qibus
312 2190 341 2219 in
359 2191 455 2219 actum
476 2189 616 2229 perductis
628 2213 638 2226 ,
659 2197 716 2219 tam
731 2187 858 2225 praefatus
875 2187 987 2225 Abbas,
1006 2187 1092 2225 quam
1106 2185 1196 2217 Diffi-

139 2228 244 2258 nitores
259 2227 382 2265 Capituli
395 2228 542 2267 generalis,
560 2228 672 2258 Priores
685 2226 755 2265 ipsos
768 2226 819 2256 suis
831 2225 1000 2256 Prioratibus
1013 2228 1047 2256 &
1060 2225 1194 2256 adminis-

139 2266 304 2296 trationibus
317 2291 327 2304 ,
351 2275 450 2296 contra
466 2265 620 2304 justitiam,
644 2266 823 2303 privaverunt
835 2289 844 2302 ,
870 2265 897 2294 in
912 2263 1050 2303 praedicsto
1065 2263 1194 2296 Prioratu

140 2304 178 2335 de
201 2304 324 2335 Leiiton.
343 2304 427 2335 fratre
450 2304 611 2342 Ranando,
630 2303 781 2334 Monaclio
797 2302 944 2341 supradicti
959 2301 1143 2342 MonasterH,
1160 2303 1197 2334 de

141 2343 237 2381 fac'to,
255 2344 324 2374 ciiin
338 2343 374 2374 de
387 2345 448 2382 jure
462 2344 659 2382 nequiverint,
676 2342 840 2381 subrogato,

181 2383 281 2420 Qiem
295 2382 328 2412 ad
342 2382 584 2420 praesentationem
600 2381 717 2411 Abbatis
730 2380 851 2419 ejusdem
865 2381 894 2409 in
910 2378 1039 2408 Priorem
1054 2377 1199 2411 Prioratiis

142 2421 288 2458 praeaifti,
306 2422 384 2459 cujus
396 2420 495 2450 diceris
510 2419 568 2449 esse
582 2419 737 2456 PatronuS,
752 2419 904 2455 recipiens,
922 2418 951 2446 in
964 2417 1107 2448 Prioratus
1120 2419 1200 2458 ipsius

143 2459 177 2489 ὃς
191 2459 337 2488 bonorum
349 2468 382 2489 ac
397 2459 499 2496 jurium
512 2458 627 2488 suorum
642 2456 731 2487 fecisti
744 2455 945 2494 poss'elsionem
960 2455 1063 2485 induci.

181 2497 250 2527 Nos
262 2506 372 2535 autern,
387 2496 422 2526 ad
436 2496 584 2537 pacificum
600 2496 702 2526 statum
718 2497 750 2526 &
765 2494 931 2532 prosperum
945 2493 1066 2531 ejusdem
1081 2493 1201 2524 Monas-

145 2536 223 2573 terii,
239 2536 272 2566 ὃς
285 2535 481 2573 personarum,
499 2536 527 2564 iii
542 2534 599 2572 ipso
613 2533 795 2571 degentium,
814 2533 1003 2570 intendentes3
1022 2533 1055 2562 &
1072 2532 1202 2562 conside-

143 2581 234 2604 rantes
247 2574 373 2604 attentius
390 2573 467 2611 quod
482 2582 539 2603 tam
552 2572 679 2610 praefatus
695 2572 776 2602 frater
790 2570 906 2607 Petrus,
923 2571 1009 2608 quain
1024 2571 1119 2600 caeteri
1131 2581 1202 2608 prae-

144 2611 214 2642 diffl
231 2611 341 2642 Priores
356 2611 527 2642 Prioratibus
542 2611 593 2641 suis
608 2610 708 2650 injuste
723 2611 831 2640 fuerant
846 2609 969 2647 spoliati,
987 2609 1123 2647 quodque
1137 2609 1203 2639 inde

145 2650 268 2688 dampna
282 2650 467 2688 pertulerant,
485 2649 560 2680 unde
576 2650 637 2688 ipsis
652 2649 776 2679 comoda
788 2648 940 2678 debuerant
955 2647 1130 2685 proveniffe3
1149 2649 1203 2686 eis,

145 2690 293 2719 amotione
314 2688 360 2718 seu
381 2690 537 2726 privatione
555 2688 714 2727 hujusmodi
728 2696 907 2725 nequaquam
921 2685 1067 2724 obstante,
1085 2686 1205 2724 praedic-

537 2726 729 2757 Procurato'ris
750 2725 872 2764 ejusdem
893 2724 1010 2755 Abbatis
1030 2724 1151 2764 affensu,
1169 2726 1203 2756 ὃς

141 2765 245 2805 justitia
260 2764 430 2796 restituimus
445 2765 589 2803 exigente,

184 2803 388 2834 Celsitudinem
403 2803 524 2842 Regiam
538 2812 665 2843 rogantes
677 2803 821 2840 attentius,
840 2801 873 2831 &
885 2801 1028 2831 hortantes
1044 2809 1090 2840 ut,
1110 2801 1204 2838 Apos-

145 2843 241 2874 tolicae
262 2842 340 2873 Sedis
360 2841 533 2880 processibus
552 2842 663 2872 devotis
683 2841 779 2871 animis
803 2849 831 2871 te
851 2849 1001 2877 coaptans,
1019 2840 1111 2870 eidem
1127 2841 1204 2870 fratri

146 2880 236 2912 Petro
250 2905 259 2919 ,
281 2880 373 2911 Priori
391 2880 592 2918 polieisionem
611 2881 763 2918 plenariam
783 2878 927 2909 Prioratsis
945 2878 982 2908 de
1004 2878 1120 2910 Lenton
1132 2889 1205 2916 prae-

147 2919 234 2958 dieti,
251 2929 284 2949 ac
294 2920 402 2957 jurium
416 2920 449 2949 &
462 2920 607 2949 bonorum
619 2920 751 2956 suorum,
769 2917 876 2947 sublato
891 2916 1060 2947 difficultatis
1072 2917 1206 2948 obstacu-

148 2958 195 2996 lo,
214 2957 319 2987 restitui
333 2957 436 2987 faceres
449 2957 506 2988 five
519 2957 612 2994 reddi,
631 2968 697 2988 eum
710 2958 740 2987 in
758 2955 927 2994 poffeffione
946 2955 1003 2994 ipsa
1023 2957 1092 2996 regii
1102 2956 1205 2987 favoris

148 2996 252 3026 auxilio
267 2994 468 3026 conservando.

188 3033 236 3064 Sic
257 3042 286 3064 te
306 3034 335 3063 in
357 3033 414 3063 hoc
433 3033 555 3072 benigne
576 3043 610 3063 ac
631 3033 778 3064 liberaliter
791 3033 950 3071 habiturus,
967 3040 998 3062 ut
1012 3032 1111 3063 exinde
1123 3033 1174 3064 tibi
1189 3033 1205 3062 ὲ

151 3070 288 3116 Domino
308 3072 458 3112 praemiuin
471 3095 481 3108 ,
506 3073 540 3102 &
561 3071 577 3101 a
598 3072 679 3102 nobis
697 3071 789 3112 dignae
809 3070 1063 3103 commendationis
1077 3071 1206 3102 cumulus

229 3120 323 3140 eniren
338 3133 344 3140 .

152 3119 336 3180 pr(²¹)‘VPorrot
344 3158 382 3178 nu
405 3158 434 3178 er
453 3148 488 3178 ad
506 3157 558 3178 nos
580 3148 735 3186 pervenisse
753 3150 922 3188 cognoveris
936 3174 946 3187 ,
978 3148 1057 3187 quod
1080 3147 1207 3186 praefatus

153 3187 267 3226 Abbas,
287 3187 369 3218 dietis
382 3159 526 3216 Prioribus
545 3185 637 3216 adhuc
658 3187 687 3215 in
702 3186 789 3217 Curia
802 3187 937 3218 Romana
950 3187 1139 3224 morantibus,
1157 3186 1207 3216 de-

153 3227 246 3259 bitum
258 3234 365 3257 naturae
379 3225 529 3264 persolvit,
545 3225 603 3263 jam
618 3224 654 3254 de
666 3224 721 3255 alio
734 3226 890 3263 electione,
908 3234 939 3257 ut
951 3226 1069 3263 dicitur,
1085 3225 1208 3255 celebra-

154 3264 183 3296 ta
198 3263 380 3295 concorditer
394 3265 424 3294 iri
436 3263 614 3294 Monasterio
628 3262 784 3300 supradicto
800 3289 809 3303 ‚
828 3275 860 3295 ac
876 3264 990 3295 Blestus
1005 3262 1163 3302 hujusmodi
1173 3262 1207 3293 ad

155 3303 274 3334 Curiam
293 3303 380 3341 ipsam
397 3303 427 3332 in
445 3303 580 3341 proximo
600 3309 734 3332 venturus
751 3301 892 3342 asseritur,
912 3303 946 3333 ad
960 3302 1207 3334 confirmationem

154 3341 300 3372 eleetionis
313 3341 368 3371 suae
380 3340 522 3371 humiliter
537 3338 731 3378 postulandam
739 3362 749 3378 ,

193 3380 314 3418 Propter
335 3378 414 3417 quod
436 3378 559 3408 eundem
580 3377 710 3408 Priorem
723 3402 733 3415 ,
757 3377 842 3416 usque
853 3378 887 3409 ad
899 3379 982 3417 ipsius
997 3379 1090 3410 Eleeti
1105 3377 1209 3409 adven-

154 3427 236 3457 tum,
254 3425 369 3456 oportet
389 3416 461 3454 apud
483 3416 587 3447 Sedem
609 3416 806 3454 Apostolicam
825 3417 942 3448 residere
956 3441 965 3455 ,
991 3427 1045 3456 ut,
1061 3427 1116 3448 tam
1132 3417 1208 3455 ipso,

156 3458 245 3496 quam
265 3457 372 3487 caeteris
394 3454 539 3485 Prioribus
559 3454 718 3493 supradietis
738 3453 844 3485 ibidem
860 3456 1053 3495 praesentibus,
1068 3459 1143 3487 circa
1157 3455 1210 3485 sta-

157 3505 222 3528 tum
241 3492 550 3563 ejusdam-Monasterii
564 3492 649 3534 poffit
661 3493 753 3524 utilisiS
767 3494 801 3525 &
815 3493 974 3532 efficacius,
989 3495 1087 3526 aetore
1101 3494 1210 3525 Domi-

158 3545 199 3566 no
253 3544 316 3565 rovi
336 3542 392 3563 eri:

194 3544 275 3604 &iim
296 3573 390 3610 itaque
406 3570 535 3609 praefatus
556 3569 639 3600 Prior
652 3593 662 3607 ,
685 3569 835 3601 occasione
853 3570 1013 3610 hujusmodi
1027 3570 1210 3609 praepeditus,

156 3611 192 3643 ad
204 3620 293 3652 partes
307 3609 419 3648 Angliae
431 3609 458 3639 se
474 3608 654 3648 personaliter
676 3607 809 3639 conferre
821 3619 881 3640 non
896 3609 1002 3648 valeat,
1016 3611 1084 3641 dieti
1100 3609 1212 3640 Priora-

159 3650 205 3682 tsis
218 3651 259 3681 sui
269 3647 470 3688 poffeffionem
480 3647 663 3686 corporaliter
675 3655 850 3686 recepturus,

195 3688 376 3719 Serenitatem
395 3687 517 3726 Regiam
537 3685 692 3726 rogandam
712 3693 817 3716 attente
837 3685 966 3716 duximus
985 3688 1019 3719 &
1031 3685 1215 3724 hortandam,

161 3728 289 3765 quatinus
307 3736 360 3764 pro
379 3724 474 3756 nostra
488 3726 522 3756 &
535 3723 697 3762 apostolicae
712 3722 781 3753 sedis
801 3723 973 3755 Reverentia
1077 3725 1217 3755 Procura-

163 3766 218 3795 tori
236 3764 358 3803 ejusdem
380 3762 483 3794 Prioris
496 3786 506 3802 ,
531 3763 613 3800 ipsius
626 3762 760 3800 nomine,
777 3771 810 3793 ac
824 3772 876 3800 pro
891 3772 943 3801 eo,
960 3764 1138 3802 corporalem
1151 3773 1219 3802 pos-

163 3802 311 3834 seffionem
324 3801 468 3833 Prioratiis
482 3801 626 3840 praediffi,
640 3810 674 3831 ac
688 3800 851 3838 bonorum,
869 3801 903 3832 &
913 3801 1018 3838 jurium
1033 3802 1148 3833 suorum
1154 3812 1218 3832 om-

163 3842 260 3885 nium,
278 3840 491 3872 Consuetudine
506 3840 643 3872 contraria
656 3848 717 3869 non
737 3838 867 3869 obstante
881 3860 891 3877 ‚
908 3839 1030 3878 benigne
1043 3840 1126 3872 facias
1137 3841 1218 3880 affig-

164 3889 231 3911 nari.

203 3917 252 3947 Sic
265 3915 370 3948 devote
383 3916 485 3949 nostris
496 3915 722 3954 obtemperando
735 3914 908 3953 precatibus,
923 3915 962 3945 fic
975 3914 1127 3948 efficaciter
1142 3918 1220 3956 quod

167 3956 289 3994 petimus
310 3955 490 3994 adimplendo
503 3979 514 3995 ,
539 3964 569 3986 ut
591 3954 709 3994 proinde
727 3954 828 3993 Regiae
848 3953 1008 3984 devotionis
1020 3955 1221 3993 promptitudi-

169 4002 256 4031 nem,
272 4002 357 4030 quam
378 3995 408 4024 in
420 3995 473 4026 hac
489 4003 566 4034 parte
580 3994 694 4026 facilem
707 3993 838 4032 cupimus
850 3991 988 4032 inveniri,
1002 3993 1151 4034 condignis
1163 3994 1222 4026 lau-

166 4031 248 4062 dibus
262 4031 425 4062 attollamus.

209 4073 280 4101 Tam.
295 4073 319 4100 Ι.
338 4071 372 4100 P.
391 4073 449 4102 ΙΙΙ,

1218 146 1689 194 PussticA.
2197 156 2253 206 '59

1236 231 1266 262 Si
1288 243 1358 275 vero
1379 235 1523 274 quisquam
1543 238 1572 266 in
1595 238 1698 268 eodem
1711 237 1840 270 Prioratii
1852 239 1888 270 de
1902 239 2034 279 Lenton‚
2048 239 2075 271 ie
2088 238 2187 270 dixerit
2197 239 2246 269 ali-
2264 239 2338 269 Anii.
2349 238 2391 268 D,

1198 270 1276 308 quod
1286 280 1329 308 Jus
1342 273 1459 312 habere,
1477 276 1561 317 parati
1573 275 1667 306 sumus
1679 276 1771 307 facere
1791 278 1840 308 sibi
1854 279 1933 320 super
1949 279 2024 316 hoc,
2041 288 2109 309 cum
2123 277 2245 315 requisiti
2290 279 2373 316 1289.

1199 309 1348 347 fuerimus,
1364 311 1488 341 exhiberi
1499 312 1610 351 justitiae
1624 315 1876 352 complementum.

1234 383 1301 428 Dat.
1320 384 1451 434 Romae,
1459 386 1531 424 apud
1544 388 1676 432 Sandiam
1690 390 1813 421 Mariam
1828 392 1989 432 Majorem,
2004 402 2029 433 3.
2040 392 2104 424 Idus
2119 391 2247 423 Decem-‘

1200 423 1270 460 bris,
1286 422 1470 456 pontificatus
1485 425 1574 457 nostri
1586 438 1661 459 anno
1673 428 1802 459 secundo.

1894 507 1948 537 Sub
1954 506 2006 548 filo
2020 507 2144 537 canabeo.

1204 643 1310 674 Litera
1336 642 1375 676 ab
1401 646 1526 692 Affvnsb
1550 649 1624 693 Rege
1648 650 1824 696 Arragoniae
1839 676 1850 692 ,
1875 650 1911 683 de
1932 651 2134 686 emendatione
2147 654 2254 699 dampa

1249 702 1355 723 norum
1376 719 1385 733 ‚
1416 705 1470 739 per
1495 697 1599 727 Gentes
1618 693 1734 740 Jacobi
1759 700 1867 731 Patrai
1884 698 1938 743 siti
1957 702 1993 737 ῤ’
2005 700 2080 745 fhas
2093 702 2254 748 commissb*

1254 750 1324 770 rum
1335 765 1344 781 ‚
1369 740 1496 774 durante
1516 744 1635 789 Treuga
1651 755 1719 777 cum
1738 748 1814 793 Rege
1832 749 1972 781 Franciae.
2182 769 2185 772 ¹

1211 821 1266 882 E
1277 822 1504 857 Xcellentiffiino
1517 837 1549 858 ac
1566 827 1603 858 M

1283 861 1391 892 riffimo
1405 887 1415 901 ,
1434 864 1566 896 Domino
1587 866 1612 896 E
1634 867 1730 898 wardo
1744 892 1754 906 ,
1772 868 1828 899 Dei
1843 870 1945 909 uratia,

1212 899 1294 929 mino
1305 899 1452 931 Hiberniae
1465 913 1498 933 ac
1514 903 1594 934 Duci
1613 905 1770 943 Aquitaniae
1786 930 1796 945 ,
1816 893 1946 939 All‘onsus
1993 882 2036 911 egl
2049 872 2176 911 Anghae’
2193 871 2259 902 Do-

2261 318 2327 345 Edv.
2351 326 2373 343 ι.

1659 828 1723 859 ifico
1738 829 1878 869 principi,
1895 840 1952 863 tam
1975 843 2040 864 uam
2054 833 2129 864 Patri
2143 833 2261 863 fibiKa-
2277 829 2353 860 Ann.
2364 826 2406 857 D,

2296 868 2380 904 1289.

1960 934 1969 947 ‚
1987 920 2035 947 per
2047 911 2180 948 eandem,
2196 909 2262 939 Rex
2277 911 2328 934 An.
2347 906 2388 931 18.

1213 936 1394 977 Aragonum,
1412 939 1616 978 Majoricarum
1628 944 1661 974 &
1676 943 1828 983 Valentiae,
1844 957 1877 977 ac
1892 946 2001 978 Comes
2017 948 2210 980 Barchinoniae
2223 948 2262 978 sa·
2280 950 2307 972 E·
2333 953 2356 971 ¹-

1212 975 1302 1005 lutem
1314 977 1347 1006 &
1361 976 1475 1008 sincerae
1487 979 1643 1011 dilectionis
1656 983 1875 1014 incrementum.

2281 988 2312 1011 L.
2328 980 2392 1018 B.f.

1251 1013 1410 1046 Serenitatis
1436 1016 1538 1048 vestrae
1564 1020 1720 1057 recepimus
1745 1020 1846 1051 litteras
1860 1045 1869 1059 ,
1899 1023 1927 1051 in
1969 1020 2047 1054 uibus
2068 1026 2265 1055 continebatur
2287 1031 2347 1056 ¹25·
2366 1020 2390 1046 ὓ·

1216 1052 1311 1090 quod,
1330 1061 1387 1083 tam
1410 1053 1444 1083 ad
1464 1064 1553 1094 partes
1569 1057 1691 1095 nostras,
1711 1059 1797 1096 quam
1810 1059 1845 1088 ad
1861 1069 1948 1096 partes

1994 1064 2085 1092 omini
2094 1063 2197 1100 jacobi
2211 1063 2265 1092 Pa·
2282 1065 2353 1088 Penes
2360 1062 2415 1090 Ca-¹

1216 1091 1270 1120 trui
1290 1090 1379 1121 nostri
1392 1116 1402 1130 ,
1419 1094 1609 1124 venerabilem
1624 1095 1736 1126 Patrem
1749 1098 1783 1128 &
1798 1097 1962 1128 Dominum
1976 1099 2189 1139 Guillielmum,
2207 1101 2267 1130 Dei
2287 1106 2380 1126 merar-

1217 1128 1325 1196 gatia,
1354 1129 1668 1200 EpiscogumnSarum,
1698 1136 1732 1166 ὃς
1753 1134 1923 1174 Magistrum
1941 1136 2102 1175 Johannem
2130 1138 2166 1168 de
2188 1138 2269 1168 Lasci

1248 1166 1426 1211 ancellarium
1477 1170 1636 1202 estriensem
1647 1196 1656 1210 ,
1674 1182 1707 1203 ac
1721 1173 1788 1203 alios
1801 1175 1876 1205 viros
1891 1174 2025 1212 providos
2040 1176 2073 1206 ἃ
2086 1175 2218 1206 discretos
2232 1176 2268 1206 de

1219 1206 1337 1236 consilio
1354 1206 1450 1253 vestro
1464 1231 1474 1247 ,
1499 1219 1553 1246 pro
1573 1210 1739 1242 resumendo
1758 1214 1875 1252 negotio
1895 1214 1924 1242 in
1946 1213 2078 1244 uisitionis
2094 1223 2126 1243 ac
2138 1214 2269 1243 emendae

1219 1243 1298 1280 super
1314 1245 1446 1290 'dampnis
1460 1270 1469 1284 ,
1495 1257 1560 1285 quae
1580 1248 1711 1280 dicuntur
1731 1249 1808 1289 data,
1823 1259 1881 1281 tam
1896 1261 1931 1289 pe
1957 1260 2051 1290 gentes
2063 1252 2132 1282 dieti
2148 1252 2272 1282 Domini

1217 1281 1320 1320 Jacobi
1341 1285 1424 1314 nobis
1447 1286 1480 1315 &
1500 1287 1626 1324 gentibus
1645 1288 1746 1318 nostris
1760 1311 1770 1327 ,
1787 1290 1874 1327 quam
1887 1299 1936 1326 per
1948 1299 2044 1328 gentes
2058 1290 2166 1320 nostras
2179 1290 2273 1320 eidem

1217 1320 1330 1366 jacobo
1352 1323 1385 1353 &
1398 1324 1525 1367 gentibus
1540 1325 1590 1355 suis
1625 1326 1735 1365 treuga,
1754 1337 1803 1365 per
1817 1328 2020 1358 mediationem
2034 1328 2156 1359 vestram
2170 1338 2272 1365 accep-

1221 1367 1250 1389 ta
1258 1382 1273 1404 ,Α
1286 1369 1358 1390 inter
1380 1361 1569 1401 Magnificum
1587 1350 1750 1402 Principem
1772 1365 1936 1396 Dominum
1956 1366 2070 1406 Regem
2092 1367 2218 1397 Franciae
2240 1374 2275 1396 ex

1223 1407 1279 1441 una
1292 1408 1383 1443 parte,
1399 1401 1432 1430 &
1446 1410 1498 1430 nos
1511 1410 1546 1444 ex
1559 1402 1658 1440 altera,
1677 1403 1832 1443 pendente,
1851 1414 1937 1442 quam
1951 1415 2040 1444 nuper
2052 1405 2206 1436 venerabili
2220 1404 2273 1434 Pa-

1222 1443 1256 1480 tri
1269 1436 1413 1482 Episcopo
1428 1438 1593 1483 Morbicen.
1612 1442 1644 1472 &
1661 1440 1728 1472 Coll
1767 1444 1771 1448 '
1801 1443 1865 1481 suis,
1883 1453 1915 1473 ac
1929 1443 1984 1473 aliis
1998 1445 2062 1475 viris
2076 1443 2215 1482 discretis,
2233 1444 2277 1474 vi-

1223 1475 1303 1505 cibus
1316 1484 1416 1520 iteratis
1429 1478 1646 1521 commiseratis,
1663 1451 1813 1517 specieffisser
1827 1481 2044 1521 transmiseratis,
2062 1483 2111 1519 qui
2125 1483 2154 1512 in
2167 1480 2275 1512 Crasti-

1224 1522 1294 1556 num
1306 1514 1504 1552 purificationis
1518 1516 1605 1548 beatae
1620 1519 1732 1557 virginis
1743 1519 1817 1558 apud
1831 1519 2031 1560 Perpinianum
2042 1521 2147 1552 debent
2167 1530 2278 1551 conve-

1224 1561 1300 1590 nire,

1263 1589 1300 1620 Et
1313 1591 1399 1635 ¹super
1418 1592 1475 1636 hoc
1494 1595 1674 1638 requirebatis
1693 1606 1745 1626 nos
1759 1621 1768 1634 ,
1792 1595 1871 1635 quod
1895 1598 2024 1637 gentibus
2037 1597 2163 1635 praedicti
2174 1596 2278 1635 Jacobi

1224 1627 1319 1659 Patrui
1339 1629 1443 1675 nostri,
1459 1640 1582 1675 venturis
1596 1643 1648 1671 pro
1663 1635 1781 1671 negotio
1796 1635 1978 1673 inquisitionis
1994 1636 2133 1674 ejusdem,
2151 1645 2205 1666 nec
2218 1644 2281 1666 non

1226 1667 1260 1697 &
1273 1668 1401 1706 gentibus
1413 1669 1482 1700 dieti
1497 1670 1621 1701 Domini
1634 1671 1723 1710 Regis
1737 1673 1761 1702 F
1762 1675 1878 1712 ranciae,
1896 1684 1963 1712 quas
1975 1684 2029 1712 pro
2043 1674 2147 1705 eodem
2158 1675 2279 1711 negotio

1227 1704 1261 1734 ad
1276 1713 1364 1742 partes
1383 1707 1490 1739 nostras
1507 1708 1621 1741 duceret
1641 1711 1858 1742 transmittendas
1873 1736 1884 1750 ,
1902 1713 2006 1744 salvum
2020 1713 2053 1744 &
2068 1712 2196 1743 securum
2209 1721 2281 1742 con-

1228 1743 1347 1785 ductum
1365 1745 1410 1776 seu
1430 1746 1601 1786 guidaticum
1624 1747 1683 1779 fieri
1702 1750 1874 1789 faceremus,
1892 1751 2030 1781 cautelam
2043 1752 2130 1782 etiam
2142 1761 2175 1781 ac
2186 1749 2285 1780 defen-

1231 1785 1338 1813 {ionem
1357 1783 1482 1815 securam
1504 1787 1625 1823 personis
1641 1811 1650 1825 ,
1674 1788 1791 1819 rebusve
1808 1788 1918 1820 familiis
1934 1789 2135 1827 praedictorum
2148 1788 2286 1818 Nuncio-

1230 1830 1294 1851 rum
1315 1821 1474 1854 vestrorum
1488 1847 1498 1862 ,
1523 1834 1587 1862 quae
1608 1824 1706 1856 nostro
1725 1826 1894 1865 subjacerent
1908 1827 2061 1866 districtiu,
2079 1827 2288 1865 praeberemus;

1231 1860 1265 1890 &
1280 1860 1357 1904 quod
1373 1860 1571 1906 Procuratores
1586 1863 1712 1901 nostrOS,
1730 1865 1803 1895 bene
1815 1865 1984 1905 instructos,
2001 1866 2074 1904 apud
2088 1865 2290 1904 Perpinianum

1232 1898 1328 1942 vestris
1344 1899 1379 1929 N
1381 1910 1469 1931 unciis
1481 1902 1510 1931 in
1525 1900 1657 1932 Crastino
1671 1902 1875 1935 Purificati'onis
1891 1905 1981 1935 beatae
1996 1904 2118 1944 Virginis
2131 1903 2290 1942 supradidw

1233 1945 1417 1968 mitteremus.

1269 1974 1436 2020 Celsitudini
1457 1977 1557 2008 vestrae
1577 1978 1772 2016 respondendo
1795 1980 1996 2019 fignificamus,
2039 1981 2096 2012 uod
2121 1981 2174 2011 'am
2188 1980 2224 2010 de
2237 1980 2291 2010 eis-

1233 2013 1299 2044 dem
1319 2014 1402 2045 vobis
1421 2016 1583 2053 responsum
1602 2016 1726 2047 misimus
1748 2029 1796 2055 per
1814 2021 2005 2050 venerabilem
2064 2020 2106 2059 agi
2133 2029 2196 2049 rum
2212 2018 2290 2056 Ray-

1234 2051 1425 2097 rnundumde
1440 2054 1512 2098 Pinu
1521 2077 1530 2092 ,
1549 2064 1635 2093 quem
1650 2056 1723 2093 apud
1737 2056 1854 2087 Curiam
1869 2057 1982 2088 Montis
1997 2058 2067 2088 Soni
2083 2057 2117 2088 ad
2131 2067 2182 2087 nos
2203 2056 2291 2086 misis-

1234 2099 1286 2134 t1s3
1305 2099 1390 2128 parati
1410 2102 1487 2122 enim
1505 2093 1598 2123 sumus
1618 2095 1729 2125 mittere
1743 2096 1879 2126 Nuncios
1892 2096 2004 2126 nostros
2017 2096 2063 2127 seu
2078 2096 2294 2131 ProcuratoreS,

1236 2129 1282 2160 die
1303 2131 1336 2161 ὃ(
1359 2129 1425 2160 loco
1440 2141 1488 2169 per
1506 2142 1558 2162 vos
1571 2131 1653 2175 nobis
1667 2132 1820 2173 assignatis,
1838 2135 1872 2165 &
1886 2134 2016 2172 praestare
2028 2134 2231 2171 Guidaticum,
2246 2133 2293 2163 seu

1237 2167 1414 2212 conductum
1440 2178 1499 2200 tam
1527 2171 1655 2210 gentibus
1669 2172 1784 2211 vestris,
1817 2173 1904 2210 quam
1925 2173 2054 2211 gentibus
2075 2171 2185 2202 illustris
2204 2172 2296 2210 Regis

1238 2207 1363 2237 Franciae
1378 2232 1388 2246 ,
1413 2216 1459 2238 aut
1481 2208 1605 2239 Domini
1620 2208 1723 2247 Jacobi
1742 2210 1836 2241 Patriii
1854 2210 1944 2241 nostri
1960 2211 2103 2250 praediffi,
2121 2211 2299 2241 venientibus

1238 2246 1272 2276 ad
1284 2255 1385 2276 terram
1399 2246 1497 2285 istam,
1516 2247 1624 2278 ratione
1636 2247 1827 2286 Inquisitionis
1840 2249 1984 2290 praedietae
1996 2273 2005 2287 ,
2030 2260 2061 2280 ut
2076 2251 2106 2279 in
2121 2248 2212 2280 vestra
2226 2248 2298 2278 litte-

1239 2295 1268 2315 ra
1288 2286 1465 2329 continetur3
1483 2285 1553 2316 dum
1571 2294 1666 2316 tamen
1679 2286 1770 2317 vestra
1785 2287 1932 2318 Celiitudo
1953 2287 2106 2326 procedat,
2124 2287 2169 2318 vel
2181 2286 2298 2324 procedi

1239 2325 1269 2354 in
1288 2324 1347 2361 ipso
1368 2325 1486 2367 negotio
1507 2324 1589 2354 faciat
1602 2348 1611 2362 ,
1638 2324 1657 2344 ἑὲ
1671 2325 1826 2356 secundum
1840 2325 1919 2364 quod
1931 2336 1983 2358 vos
1997 2326 2094 2365 primo
2106 2325 2195 2363 ipsum
2207 2334 2298 2363 nego-

1240 2364 1312 2393 tium
1325 2361 1484 2400 recepistis,
1501 2362 1547 2392 seu
1562 2362 1711 2399 incepistis.

1279 2400 1371 2438 Alias,
1394 2400 1413 2430 si
1426 2401 1501 2431 fort‘e
1522 2399 1612 2431 vestra
1624 2400 1795 2432 Excellentia
1815 2401 1900 2433 vellet
1921 2401 2001 2439 super
2015 2412 2052 2432 eo
2064 2401 2166 2439 aliquid
2179 2402 2299 2432 innova-

1241 2448 1272 2468 re
1288 2462 1298 2477 ,
1323 2439 1410 2469 sciatis
1431 2438 1509 2476 quod
1530 2449 1590 2469 non
1610 2438 1650 2469 est
1671 2441 1833 2470 intentionis
1854 2439 1958 2471 nostrae
1970 2463 1981 2478 ,
2005 2448 2052 2470 aut
2068 2439 2176 2480 consilii
2192 2439 2281 2470 nostri

1243 2475 1321 2520 quod
1345 2487 1397 2506 nos
1418 2476 1570 2508 debeamus
1590 2478 1618 2507 in
1639 2477 1718 2508 dieto
1732 2479 1849 2518 negotio
1861 2478 2032 2517 procedere,
2050 2477 2203 2509 secundum
2219 2462 2299 2516 quod

1238 2525 1298 2554 jam
1320 2514 1510 2558 respondimus
1530 2515 1612 2546 vobis
1630 2526 1680 2553 per
1700 2516 1801 2546 litteras
1822 2516 1945 2555 nostras,
1964 2527 2030 2555 quas
2043 2516 2174 2547 tradimus
2187 2517 2215 2546 in
2227 2525 2299 2557 prae-

1243 2553 1318 2584 dieta
1340 2552 1428 2583 Curia
1449 2552 1561 2583 Montis
1580 2553 1650 2584 Soni
1662 2579 1672 2592 ,
1692 2554 1772 2584 dicto
1787 2555 1929 2591 Magistro
1944 2555 2079 2585 Roberto
2094 2554 2130 2585 de
2142 2554 2233 2593 Pinu3
2250 2565 2299 2586 ro·-

1242 2601 1336 2632 gantes
1353 2591 1489 2628 siqnidem
1503 2590 1720 2630 Excellentiam,
1731 2592 1853 2623 vestram
1862 2617 1871 2630 ,
1881 2594 2007 2631 quatinus
2020 2593 2056 2623 de
2073 2593 2156 2624 salute
2171 2593 2204 2623 δε
2218 2603 2298 2631 pros-

1244 2632 1360 2669 peritate
1379 2629 1470 2661 vestra
1492 2640 1542 2660 vos
1555 2630 1708 2670 dignemini
1723 2641 1771 2671 per
1784 2631 1886 2662 litteras
1902 2631 2003 2664 vestras
2019 2631 2134 2662 reddere
2154 2633 2298 2663 certiores-

1282 2707 1392 2738 Datum
1405 2704 1557 2737 Truchon.
1577 2716 1603 2737 2.
1623 2706 1731 2738 Mensis
1740 2707 1852 2746 Januar.
1870 2718 1945 2739 anno
1961 2708 2086 2739 Domini
2107 2709 2190 2748 1289.

2108 2787 2239 2828 Sacrista:

1249 2926 1355 2957 Litera
1374 2920 1495 2967 Affonst'
1512 2921 1597 2967 Regis
1620 2923 1798 2968 Arragoniae
1810 2948 1819 2963 ‚
1846 2932 1907 2967 qua
1916 2920 2074 2967 perfidiam
2091 2922 2192 2954 Caroli
2213 2924 2304 2956 Prin'·

1296 2975 1367 3018 cipis
1389 2971 1568 3004 Salernitatt
1588 2979 1687 3016 crepat
1703 2995 1714 3012 ,
1740 2981 1770 3003 eo
1789 2969 1870 3016 quod
1883 2970 1981 3003 Pac'lts
2000 2972 2036 3008 &⁶
2059 2968 2304 3003 Conventionibus

1291 3024 1391 3054 minus
1398 3018 1592 3066 fhtisfi’cerit.

1249 3100 1585 3173 SEfefflffissfflmss}
1607 3100 1703 3171 aa
1718 3100 2123 3171 Psrffpisii‘eqrrasi'ai
2135 3101 2304 3179 Ἥξ-

1248 3154 1384 3214 Βοτῐΰῃίῗὶᾶ
1400 3153 1546 3212 Higeriiiae
1559 3180 1593 3210 &
1608 3178 1686 3209 Duci
1700 3150 1858 3217 ssquitaniffe
1873 3203 1882 3218 ,
1898 3152 1996 3223 {mico
2012 3178 2062 3209 suo
2074 3150 2232 3216 kaeigsifimo’
2251 3163 2303 3222 Alf

1248 3221 1358 3260 fonsus,
1375 3231 1423 3259 per
1436 3219 1553 3262 eandem
1568 3239 1578 3255 ,
1596 3216 1663 3246 Rex
1675 3216 1843 3262 Aragoniae,
1860 3217 2082 3257 Majoricarum,
2101 3219 2134 3249 ὅτ.
2148 3217 2299 3253 Valentiae,

1247 3270 1280 3291 ac
1301 3259 1410 3290 Comes
1432 3257 1616 3300 Barchinonae
1634 3254 1749 3287 salutem
1769 3266 1799 3286 in
1821 3267 1858 3287 eo
1871 3281 1881 3295 ,
1899 3266 1949 3296 per
1964 3265 2051 3294 quem
2064 3256 2157 3296 Reges
2170 3263 2299 3294 regnant,

1248 3300 1282 3330 &
1296 3298 1441 3336 Principes
1452 3297 1641 3327 dominantur.

2314 2326 2446 2361 *11.455.

2324 3089 2398 3120 Ann.
2410 3088 2451 3120 D.

2342 3129 2427 3165 1289.

2321 3172 2373 3194 An.
2392 3177 2432 3203 ¹7-

2319 3210 2348 3233 Ε.
2374 3215 2398 3234 ι.

2319 3249 2350 3272 L.
2365 3243 2428 3280 af.

2321 3292 2368 3318 99.
2388 3288 2431 3310 Pe-

1286 3337 1490 3368 Cellitudinern
1517 3332 1639 3363 vestram
1664 3342 1724 3363 non
1747 3333 1889 3364 credimus
1909 3334 2036 3372 ignorare
2056 3331 2172 3376 qualiter
2193 3329 2301 3360 illustris
2318 3331 2357 3348 nes
2372 3326 2425 3349 Ca-

1250 3375 1373 3406 Karolus
1388 3400 1398 3414 ,
1423 3374 1555 3409 Princeps
1575 3371 1759 3401 Salernitanus
1773 3394 1783 3410 ,
1808 3380 1903 3409 captus
1918 3394 1928 3409 ,
1945 3370 2063 3401 existens
2076 3380 2105 3400 in
2120 3369 2230 3407 Sicilia,
2249 3369 2301 3400 fuit

1250 3424 1299 3453 per
1313 3414 1422 3444 Siculos
1437 3412 1471 3443 ad
1487 3419 1602 3449 poenam
1617 3408 1849 3447 condempnatus.

1288 3452 1325 3483 Et
1341 3477 1351 3491 ,
1367 3462 1436 3482 cum
1456 3451 1513 3481 hoc
1533 3447 1567 3478 ad
1585 3457 1662 3478 aures
1677 3471 1687 3486 ,
1712 3449 1800 3478 felicis
1821 3447 2020 3478 recordationis
2034 3470 2043 3484 ,
2070 3445 2193 3476 Domini
2213 3444 2304 3482 Regis

1249 3491 1348 3530 Petri,
1373 3491 1461 3521 Patris
1484 3486 1571 3518 nostri
1585 3509 1595 3525 ,
1618 3496 1668 3524 per
1685 3486 1792 3524 aliquos
1813 3486 1997 3524 pervenisset,
2014 3484 2155 3515 mandavit
2168 3483 2302 3514 Domino

1246 3530 1361 3569 Jacobo
1374 3553 1384 3567 ,
1407 3528 1485 3565 Regi
1498 3524 1618 3563 Siciliae,
1635 3525 1711 3555 fratri
1724 3524 1822 3555 nostro
1838 3526 1871 3556 &
1886 3524 2019 3565 gentibus
2030 3523 2145 3561 Rengni
2156 3521 2280 3565 praedidti
2290 3546 2300 3560 ,

1252 3568 1329 3607 quod
1351 3568 1460 3598 dietum
1482 3564 1645 3601 Principem
1659 3564 1745 3593 morti
1759 3572 1818 3593 non
1830 3563 1985 3600 traderent,
2003 3564 2041 3591 iet
2056 3561 2145 3598 ipsum
2161 3569 2303 3590 mitterent

1251 3607 1284 3638 ad
1299 3606 1438 3644 eundem3
1457 3602 1572 3635 credens
1588 3601 1729 3632 Romanae
1743 3601 1877 3632 Ecclei'iae
1892 3601 1925 3632 &
1941 3600 1990 3638 ipsi
2002 3599 2128 3636 Principi
2141 3607 2176 3629 ex
2186 3598 2243 3629 hoc
2251 3598 2300 3629 de-

1252 3645 1409 3676 monstrare
1422 3650 1552 3681 magnam
1567 3641 1752 3671 reverentiam
1765 3641 1797 3671 &
1812 3640 1961 3669 honorem.

1290 3683 1447 3721 Postquam
1461 3682 1531 3711 vero
1548 3679 1604 3716 ipse
1616 3678 1749 3718 Princeps
1768 3679 1796 3707 in
1814 3676 1982 3708 Cathalonia
1999 3676 2051 3707 fuit
2070 3674 2222 3719 addudffls,
2243 3675 2302 3705 Ex-'

1254 3723 1411 3754 cellentiam
1425 3718 1545 3752 vestram
1559 3727 1619 3747 non
1632 3716 1772 3747 credimus
1784 3717 1868 3746 etiam
1881 3717 2012 3753 ignorare
2046 3715 2141 3744 ualiter
2165 3715 2205 3744 ob
2219 3714 2304 3745 vestri

1253 3762 1384 3802 gratiam,
1402 3761 1435 3790 &
1457 3759 1598 3788 honorem
1621 3756 1720 3793 (quem
1734 3755 1804 3786 sicut
1815 3754 1927 3784 Patrem
1940 3752 1992 3783 bea
2007 3754 2011 3758 '
2036 3760 2129 3783 imum
2143 3738 2305 3790 dileximus,

1254 3803 1287 3833 δε
1305 3798 1353 3830 dili
1374 3800 1444 3828 imus
1464 3805 1535 3837 puro
1557 3794 1644 3824 corde
1657 3816 1667 3832 ,
1692 3803 1750 3831 prae
1772 3793 1879 3823 creteris
1899 3791 2076 3829 Principibus
2097 3791 2177 3830 hujus
2191 3790 2302 3827 mundi)

1255 3838 1339 3879 praedi
1371 3846 1419 3867 um
1433 3834 1614 3870 Principem,
1629 3831 1728 3862 nostro
1742 3831 1858 3862 Carccri
1871 3831 2079 3871 mancipatum,
2095 3829 2127 3868 (fi
2142 3839 2237 3860 carcer
2249 3829 2304 3858 dici

1255 3888 1305 3918 per
1319 3886 1385 3906 eum
1398 3881 1523 3912 poterat,
1539 3871 1586 3902 vel
1600 3870 1738 3908 debebat,
1757 3870 1820 3908 quia
1832 3869 1991 3900 inveniebat
2003 3868 2109 3898 ibidem
2121 3869 2217 3907 gratias
2231 3866 2305 3897 mul-

1256 3916 1363 3954 tiplices
1375 3914 1408 3945 &
1424 3913 1548 3947 favores,
1565 3910 1599 3940 &
1613 3919 1665 3939 nos
1679 3918 1739 3939 non
1753 3908 1900 3938 inimicum
1913 3907 2063 3945 sentiebat,
2079 3907 2118 3937 set
2131 3906 2238 3937 socium
2252 3914 2304 3943 po-

1257 3956 1309 3985 tius
1330 3956 1363 3985 &
1381 3948 1517 3986 amicum)
1540 3949 1555 3977 a
1570 3957 1655 3978 manu
1669 3946 1764 3978 nostra
1779 3945 1889 3985 Regia,
1908 3945 1974 3984 post
1985 3945 2150 3986 multiplices
2161 3944 2308 3980 tractatus,

1258 3995 1329 4024 inter
1345 4001 1397 4022 nos
1418 3991 1450 4021 &
1470 3998 1522 4018 vos
1539 3986 1670 4024 habitos,
1693 3984 1784 4017 vestra
1803 3984 1897 4055 Rhelgia
1917 3984 2101 4015 sollicitudine
2119 3987 2285 4021 procurante
2297 4002 2308 4018 ,

1857 4033 1871 4054 a

1257 4040 1358 4065 contra
1378 4028 1553 4062 voluntatem
1573 4024 1715 4058 Baronum
1727 4048 1737 4063 ‚
1757 4023 1795 4093 ff
1809 4071 1828 4092 2
1872 4030 1988 4064 gnatum
2000 4047 2011 4062 ‚
2034 4022 2068 4055 &
2089 4020 2163 4060 quasi
2175 4019 2309 4087 ornnffiffi

2321 3369 2418 3387 merar-
