2570 4261
705 206 817 248 ΕΤ
899 197 1167 251 ACTA

0 299 65 332 Rhn.
76 297 117 328 D.
137 297 257 329 dileCms
279 298 313 329 &
335 294 428 327 fideles
450 293 562 325 nostros
577 317 587 331 .,
616 291 807 324 Willielmum
828 292 1026 325 Marescallum
1047 291 1197 324 Comitem

15 346 101 377 1230.
140 337 256 368 Pembr.
280 338 313 368 &
330 335 491 373 johannem
513 332 549 362 de
566 332 653 370 Lascy
665 332 914 362 Constabularium
928 333 1063 370 Cestriae,
1080 332 1114 362 &
1134 329 1194 360 Ra-

0 382 51 405 21m.
74 385 100 414 3·
137 376 278 415 dulphum
299 374 388 405 filium
409 371 548 401 Nicholai
566 370 752 401 Senescallum
768 393 778 408 ‚
803 380 837 400 ex
859 379 936 408 parte
954 371 1064 409 nostra,
1090 370 1123 400 &
1139 377 1194 412 *per

138 414 300 452 Hugonem
323 410 473 441 Comitem
493 408 632 439 Marchiae
650 417 684 438 ex
704 416 780 445 parte
800 409 941 448 Franciae,
960 409 1046 447 usque
1065 407 1099 438 ad
1118 406 1194 437 diem

139 453 344 487 Dominicam,
361 449 519 489 proximam
534 447 598 484 post
618 447 837 477 decollationem
852 447 946 478 δεηθῇ
963 448 1101 486 Johannis
1123 445 1195 482 Bap-

140 491 222 527 tistae)
237 494 423 528 prorogentur
436 496 489 523 pro
501 486 585 515 nobis
600 486 633 515 &
646 485 748 515 nostris
763 485 849 523 usque
862 485 895 515 ad
909 486 986 516 diem
1007 485 1196 516 Dominicam

161 530 272 560 roximo
284 526 466 563 sequentem,
483 523 629 561 videlicet,
647 523 733 562 usque
745 523 779 553 ad
799 523 903 554 festum
926 524 1088 556 Nativitatis
1108 523 1198 553 beatae

139 540 245 599 fvlariae
261 574 338 594 anno
353 564 449 603 Regni
463 561 550 593 nostri
566 571 610 601 14.

177 602 377 635 Conceffimus
390 603 474 632 etiam
491 600 583 638 quod,
602 600 621 629 li
635 600 703 637 quid
717 600 892 631 forisfactum
904 601 987 632 fuerit
1001 612 1050 640 per
1063 610 1131 637 nos,
1150 598 1197 630 vel

140 653 191 682 per
212 641 324 673 nostros
345 640 416 671 infra
434 647 541 678 treugas
563 638 725 678 praedidtas,
741 649 793 670 nos
807 639 853 678 id,
869 650 922 678 pro
936 641 1018 671 nobis
1031 642 1064 672 &
1080 638 1198 676 nostris,

141 681 282 710 emendari
297 680 439 710 fa'ci'emUS.

176 755 267 788 Teste
280 755 364 794 Rege
375 753 448 794 apud
462 753 584 785 Luscun.
604 754 643 784 26
656 753 702 784 die
717 754 847 793 Augusti.

210 891 260 923 De
268 886 408 935 potestate
423 887 467 920 ad
482 890 616 935 Treugas
634 886 791 934 capiendas
809 898 878 920 cum
894 889 971 934 Rege
990 889 1135 920 Franciae.

0 975 125 1011 Ann.D.
145 977 283 1040 REX
304 977 455 1015 omnibus,
479 976 514 1007 ad
537 987 608 1015 quos
627 976 774 1016 praesentes
796 976 896 1008 litterae
914 977 1110 1016 pervenerint,
1136 974 1206 1005 salu-

0 1024 111 1090 ainsi}
184 1024 379 1092 Sciiiff'quod
397 1055 426 1084 in
449 1054 600 1092 omnibus,
619 1065 683 1093 quae
705 1054 738 1084 ad
761 1063 888 1094 treugam
908 1053 1066 1092 pertinent,
1093 1051 1207 1090 plenam

0 1099 33 1122 H.
52 1103 77 1131 3.
167 1091 314 1123 otestatem
336 1092 465 1123 dedimus
485 1092 593 1122 dilectis
618 1094 651 1124 ὅ(
671 1093 798 1123 fidelibus
814 1092 932 1130 nostris,
952 1090 1078 1121 Ricardo
1094 1089 1207 1120 Comiti

0 1136 56 1160 Pat.
72 1139 114 1166 ¹4-
173 1131 282 1162 ietaviae
301 1132 334 1163 ὅ(
356 1131 513 1162 Cornubiae
532 1131 609 1162 fratri
629 1131 729 1162 nostro
776 1130 909 1161 Huberto
925 1129 960 1159 de
982 1128 1024 1159 Bu
1058 1138 1077 1159 0
1097 1128 1208 1159 Comiti

0 1174 26 1198 H
51 1179 64 1206 3
91 1179 129 1196 m·
148 1170 262 1201 Kantiae
283 1169 438 1206 Justiciario
457 1169 556 1200 nostro
577 1170 622 1200 An
645 1171 704 1209 lire,
730 1156 891 1199 <Villielmo
908 1167 1076 1198 Marescalo
1096 1166 1209 1197 Comiti

0 1217 26 1246 3.
42 1219 68 1236 n.
81 1217 110 1244 4·
146 1208 251 1239 Penbr.
266 1208 391 1247 Johanni
403 1208 439 1238 de
453 1208 522 1238 Lasc
555 1207 603 1238 Co

146 1246 287 1278 Nicholai
301 1246 461 1277 Senescallo
476 1256 515 1277 no
541 1256 587 1276 ro:

185 1285 233 1315 Ad
255 1285 432 1323 loquendum
452 1286 485 1316 &
506 1282 680 1314 tractandum
693 1283 729 1314 de
741 1284 864 1322 Treugis
877 1292 946 1313 cum
962 1282 1116 1313 Ludovico
1126 1279 1211 1321 Rege

151 1323 294 1362 Franciae3
313 1325 347 1355 &
362 1323 397 1353 ad
410 1323 535 1353 Treuoas
551 1331 619 1351 cum
634 1322 692 1359 ipso
708 1321 791 1360 Rege
808 1321 954 1358 capiendas
969 1327 1021 1358 pro
1036 1331 1089 1358 eo,
1107 1321 1140 1351 &
1156 1321 1211 1350 ho-

153 1361 295 1400 minibus,
313 1362 347 1392 &
361 1360 473 1400 inprifiis
485 1346 553 1397 (ῗιίε,
572 1361 605 1391 &
619 1370 673 1397 pro
684 1358 784 1396 nobis,
803 1360 837 1390 &
850 1359 1030 1396 hominibus,
1048 1360 1081 1390 &
1095 1360 1211 1396 inpriliis

151 1400 268 1437 nostris;
293 1401 330 1430 ita
350 1398 428 1437 quod
448 1398 591 1436 Treugae,
616 1408 683 1437 quas
703 1398 752 1435 ipfi
771 1403 840 1428 cum
858 1397 939 1428 dieto
963 1397 1048 1435 Rege
1067 1399 1211 1436 ceperint,

152 1447 241 1480 gratas
255 1439 288 1469 &
302 1445 370 1468 ratas
381 1437 474 1467 sumus
491 1437 620 1467 habituri.

190 1476 229 1508 Et
241 1477 270 1506 in
283 1476 377 1515 cujus,
395 1476 455 1506 &c.

664 1208 771 1238 bulario
786 1206 919 1245 Cestriae,
937 1207 970 1237 δε
982 1205 1135 1244 Radulpho
1150 1204 1209 1235 filio

188 1556 279 1587 Teste
290 1555 373 1596 Rege
386 1555 461 1594 apud
471 1555 557 1588 Lusc.
575 1554 652 1587 sexto
663 1554 709 1586 die
720 1555 911 1596 Septembris,
929 1565 1004 1587 anno
1028 1555 1126 1594 Regni
1146 1566 1214 1587 nos-

147 1595 312 1627 tridecimo
329 1603 440 1634 quarto.

351 1723 402 1759 De
418 1722 551 1759 Auxilio
573 1725 655 1757 Daci
674 1726 832 1757 Britanniae
840 1723 1012 1771 praestana'o.

6 1822 82 1853 Arm,
96 1819 138 1851 D,
156 1812 279 1877 REX
293 1816 445 1854 omnibus,
463 1816 524 1847 &c.
542 1813 666 1845 salutem.

28 1869 112 1899 1230,
257 1853 354 1885 Sciatis
369 1855 447 1893 quod
484 1853 618 1892 quamdiu
631 1853 771 1883 duraverit
784 1860 882 1892 guerra
896 1852 991 1884 nostra
1012 1854 1046 1885 &
1067 1853 1163 1884 dileffi
1183 1853 1217 1883 &

6 1903 58 1929 An,
79 1909 120 1934 14,
157 1890 244 1922 fidelis
256 1893 347 1924 nostri
359 1893 436 1924 Petri
448 1877 541 1923 bacis
554 1892 703 1923 Britanniae
713 1892 747 1922 δε
760 1890 1126 1935 ComitisRichemundiae,
1134 1901 1218 1930 quam

5 1943 41 1970 Η,
63 1947 88 1975 3.
157 1930 292 1961 habemus
312 1942 381 1963 cum
404 1931 487 1971 Rege
507 1931 650 1969 Franciae,
668 1940 720 1974 nos
735 1929 775 1973 *ad
795 1930 983 1961 sustinendam
1003 1940 1133 1971 guerram
1152 1940 1220 1961 nos-

5 1980 65 2006 l’at.
78 1982 122 2013 ¹4·
157 1975 230 2000 tram
245 1970 336 2001 eidem
350 1970 430 2002 Duci
445 1969 499 2001 tale
513 1969 646 2001 faciemus
660 1967 801 2000 auxilium.

5 2019 41 2044 Η.
59 2024 84 2053 3.
101 2023 138 2042 m.
195 2007 351 2049 Videlicet,
370 2008 449 2049 quod
460 2009 620 2040 tenebimus
634 2009 660 2039 ei
676 2008 890 2047 quadringentos
911 2009 1028 2047 milites,
1047 2009 1081 2040 &
1102 2015 1219 2039 centum

10 2060 38 2091 3.
157 2046 304 2078 servientes
319 2049 441 2087 equites,
456 2047 492 2078 de
506 2047 606 2086 quibus
619 2046 653 2077 ad
669 2046 787 2084 praesens
802 2048 958 2077 invenimus
973 2048 998 2078 ei
1014 2055 1131 2078 centum
1146 2046 1221 2077 mili-

157 2093 216 2124 tes,
234 2085 270 2117 de
281 2087 416 2117 militibus
429 2086 547 2124 nostris3
566 2087 599 2118 &
616 2093 746 2129 tenemus
767 2084 874 2124 eidem,
890 2085 925 2116 ad
942 2085 1071 2116 denarios
1087 2084 1220 2124 nostrOS,

161 2129 303 2155 trecentos
317 2125 433 2163 milites,
451 2126 485 2156 &
498 2128 617 2155 centum
631 2123 786 2155 servientes.

198 2161 254 2202 Et,
272 2163 350 2202 quod
364 2164 422 2194 hoc
433 2162 549 2193 fideliter
563 2162 842 2201 renebimus,eidem
854 2162 967 2194 Comiti
980 2163 1153 2195 sacramento
1167 2172 1221 2194 nos

10 2204 29 2240 ⁹„
43 2205 68 2235 1.
77 2205 141 2243 316.
160 2201 363 2242 obligavimus,
381 2203 416 2234 δε
428 2201 556 2239 insuper,
573 2199 670 2231 dileeti
690 2202 724 2232 δὲ
738 2200 831 2231 fideles
845 2201 949 2240 nostri,
968 2201 988 2222 ²¹²
1003 2201 1143 2244 Ricardus
1157 2201 1221 2232 Co-

159 2250 219 2271 mes
241 2240 376 2272 Pidraviae
396 2242 430 2273 &c
450 2239 625 2278 Cmnubiae,
651 2239 734 2270 frater·
754 2239 850 2270 noster
863 2264 874 2278 ‚
898 2236 1045 2271 Hubertus
1067 2239 1109 2310 ἦ
1126 2240 1221 2280 Burgo

160 2278 272 2310 Comes
286 2279 414 2317 Kane-x,
1111 2280 1223 2311 arescal-

160 2317 220 2356 ius,
234 2317 262 2356 J.
282 2288 511 2349 Constabuiarius
524 2315 657 2355 Cestriae,
674 2317 708 2361 &
729 2316 897 2361 Radulphus
917 2316 988 2348 filius
1010 2317 1151 2349 Nicholai
1172 2319 1223 2350 Se-

160 2356 294 2388 nescallus
307 2356 420 2396 noster,
438 2355 474 2386 de
488 2362 632 2394 praecepto
654 2354 772 2394 nostro,
787 2365 966 2400 juraverunt,
983 2367 1038 2396 pro
1056 2356 1137 2395 posse
1153 2357 1223 2397 suo,

161 2394 219 2428 hoc
234 2396 309 2426 bona
321 2395 377 2430 fide
389 2394 629 2433 manutenebunt,
645 2394 678 2425 δε
691 2393 793 2426 facient
808 2394 957 2427 observari.

197 2433 234 2465 In
245 2435 341 2474 cujus,
362 2434 422 2465 &c.

443 2277 595 2309 usticiarius
610 2277 706 2308 noster
725 2278 851 2318 Angliae,
870 2277 922 2309 W.
942 2278 1052 2310 Comes

198 2513 290 2545 Teste
304 2514 389 2555 Rege
403 2512 476 2553 apud
490 2513 623 2546 Nonetas
631 2536 641 2553 ‚
658 2512 796 2545 vicesimo
810 2514 893 2545 tertio
908 2512 954 2545 die
966 2513 1147 2553 Septembris.

308 2649 359 2681 De
366 2649 492 2694 pecunia
501 2644 637 2692 pradilia
653 2649 737 2680 Dnci
754 2648 912 2679 Britanniae
920 2646 1080 2692 sblvenda.

15 2746 93 2779 Ann.
107 2745 148 2777 D.

16 2795 131 2861 «11712313.
203 2783 389 2851 Sci‘cit‘iranuod
405 2819 536 2842 tenemur
547 2811 654 2843 dileeto
669 2813 702 2843 &
718 2811 794 2842 fideli
807 2812 906 2843 nostro
920 2811 1007 2844 Petro
1020 2813 1101 2844 Duci
1117 2812 1225 2844 Britan-

17 2868 52 2893 Η,
74 2873 99 2900 3,
167 2854 221 2884 niae
234 2853 267 2884 &
281 2851 393 2896 Cornifi
408 2850 586 2895 Richmund.
603 2852 633 2881 in
646 2850 691 2882 sex
704 2850 827 2882 millibus
839 2851 1019 2891 Marcarum,
1037 2852 1184 2883 reddendis
1199 2853 1226 2883 ei

17 2902 120 2932 lbidem.
166 2901 235 2924 cum
247 2898 411 2929 venerimus
423 2899 452 2919 m
468 2889 611 2929 Angliam.

203 2929 238 2961 In
251 2930 345 2968 cujus,
362 2927 423 2959 &c-

236 2735 303 2767 EX
331 2734 480 2774 omnibus,
504 2733 539 2765 ad
559 2744 631 2774 quos
653 2734 797 2774 praesentes
818 2735 917 2767 litterae
937 2736 1132 2776 pervenerint,
1156 2735 1225 2768 salu-

203 3008 295 3042 Teste
309 3009 393 3048 Rege
404 3008 478 3046 apud
491 3008 615 3040 Reidun.
634 3010 769 3042 vicesimo
782 3011 858 3043 sexto
872 3011 918 3043 die
929 3011 1110 3050 Septembris.

441 3141 490 3175 De
497 3142 627 3188 ftrvitio
642 3144 729 3191 Regis
742 3143 952 3191 promovendo.

22 3229 151 3309 Αξιὲἑὲ).
172 3229 318 3299 ΚΕὲἒῐζῃ
332 3231 483 3269 omnibus,
505 3229 541 3260 ad
561 3240 633 3269 quos
651 3231 796 3269 praesentes
814 3234 913 3265 litterae
934 3235 1112 3273 pervenerint
1124 3259 1135 3273 ,
1159 3233 1229 3265 salu-

19 3311 73 3338 An.
93 3318 137 3344 ¹4·
210 3306 307 3338 Sciatis
319 3307 397 3345 quod
413 3307 600 3338 concessimus
612 3307 718 3338 dile&o
731 3309 765 3339 &
775 3309 849 3340 fideli
862 3310 961 3342 nostro
974 3311 1062 3342 Petro
1073 3311 1154 3342 Duci
1168 3310 1228 3341 Bri-

22 3351 56 3374 Η.
77 3355 103 3383 3.
171 3347 273 3377 tanniae
288 3346 321 3376 &
336 3345 448 3376 Comiti
461 3346 654 3376 Richemund.
674 3345 712 3375 R.
732 3346 844 3378 Comiti
858 3349 952 3380 Cestr.
970 3351 1004 3381 ὃς
1021 3350 1154 3380 Lincoln.
1173 3349 1226 3379 W.

20 3384 125 3412 Ibidem.
172 3384 338 3415 Marescallo
351 3383 462 3414 Comiti
476 3384 579 3414 Penbr.
598 3383 675 3422 quod
691 3384 797 3415 allicere
819 3387 923 3423 poffint
944 3388 979 3418 ad
999 3389 1141 3421 servitium
1162 3397 1230 3418 nos-

21 3431 60 3452 m.
77 3432 106 3450 2.
170 3431 247 3455 trum
259 3423 441 3461 quoscunque
456 3422 576 3452 viderint
590 3423 672 3452 nobis
685 3422 747 3453 fore
758 3424 931 3456 necessarios.

210 3461 334 3492 Gratum
353 3462 386 3492 &
408 3468 559 3503 acceptum
577 3460 696 3490 habituri
717 3462 867 3500 quicquid,
893 3465 922 3494 in
940 3465 993 3495 hac
1015 3474 1109 3503 parte,
1132 3465 1230 3496 nomi—

170 3510 209 3531 ne
229 3499 347 3537 nostro,
362 3499 490 3530 duxerint
508 3498 669 3529 faciendum
688 3498 723 3529 ad
743 3501 935 3532 commodum
954 3504 988 3536 ὃς
1000 3504 1143 3535 honorem
1163 3512 1230 3534 nos-

171 3546 257 3570 trum.

210 3576 246 3608 In
260 3578 353 3617 cujus,
368 3577 428 3609 &c.

209 3651 300 3691 Teste
314 3658 397 3698 Rege
409 3656 483 3697 apud
492 3655 620 3701 *Reidun
638 3654 774 3687 vicesimo
786 3656 904 3697 septimo
918 3659 965 3692 die
978 3660 1168 3700 Septembris,
1181 3669 1231 3691 an-

172 3697 213 3728 rio
226 3697 324 3737 Regni
335 3698 426 3728 nostri
436 3697 550 3727 decimo
566 3702 673 3734 quarto.

203 3830 254 3863 De
268 3833 394 3879 Treugis
415 3842 484 3864 cum
503 3830 540 3864 V
538 3832 685 3863 icecomite
702 3827 805 3873 Bruft.
829 3840 885 3861 non
901 3828 1016 3864 dlutius
1038 3830 1207 3867 duraturis.

28 3914 156 3948 AnnD.
238 3917 298 3950 EX
312 3919 442 3950 Garardo
456 3919 630 3951 Vicecomiti
645 3918 738 3949 Brusc.
756 3917 879 3948 salutem.

48 3965 134 3995 1230.
277 3956 474 4024 significamus
483 3959 566 3989 vobis
581 3957 660 3996 quod
676 3957 808 4001 nolumus
822 3955 900 4001 quod
914 3964 1039 4004 treugae,
1056 3960 1234 4003 quashabui-

27 3998 81 4024 An.
99 4004 142 4031 ¹4·
178 4002 241 4037 mus
261 4004 302 4038 vo
323 3994 428 4040 iscmumj,
452 3995 553 4027 durent
572 3997 643 4040 ultra
662 3995 740 4040 diem
760 3994 916 4038 Mercurn,
961 4002 1074 4028 roximo
1094 3998 1235 4037 futuram,

26 4037 151 4107 {343}sp
179 4032 285 4109 ¹33⁶ss
285 4042 325 4100 211ss
326 4034 429 4101 evigilia
445 4034 540 4066 ὃαῃᾶἰ
554 4034 718 4073 Mmhaehs,
734 4043 810 4064 anno
822 4033 926 4065 scilicet
971 4037 1036 4074 egni
1049 4035 1139 4067 nostri
1158 4037 1235 4070 deci-

28 4112 66 4185 }1.
84 4118 110 4147 3-
126 4120 164 4140 m.
219 4106 310 4143 Teste
321 4109 405 4150 Rege
417 4110 491 4152 apud
504 4111 652 4151 Nonetas,
670 4110 805 4144 vicesimo
816 4111 900 4146 tertio
913 4111 960 4144 die
972 4111 1154 4153 Septembris.

1253 205 1723 254 PUBLICA.
2212 207 2291 264 109

2308 323 2384 354 Ann.
2401 321 2443 353 D.

1234 385 1284 418 De
1311 395 1409 418 annuo
1435 384 1529 418 feodo
1542 387 1696 420 Ferrando
1715 392 1824 422 Comiti
1841 389 1987 423 Flandriae
1996 391 2113 436 sblmo,
2140 395 2177 431 ὠ·
2199 394 2291 425 etiam
2314 370 2426 438 Ηιρῗέ.

1385 432 1421 466 de
1441 435 1596 480 interprists
1616 447 1718 469 contra
1735 437 1925 483 flandrensts
1941 439 2142 474 emendandis.

1237 521 1350 579 REX
1366 522 1509 553 Ferrando
1522 522 1634 554 Comiti
1650 523 1785 556 Flandriae
1800 528 1833 558 &
1845 526 1982 559 Hananiae
1995 528 2117 560 salutem.
2314 538 2365 563 An.
2384 543 2427 571 ¹5-

1325 561 1595 605 Juxtalmandatum
1616 561 1742 594 vestrum
1763 564 1870 595 liberari
1892 566 2010 597 fecimus
2030 577 2154 598 annuum
2175 567 2294 599 feodum
2315 579 2348 602 H.
2373 584 2397 611 3.

1238 598 1365 643 vestrum
1387 599 1534 638 Riquardo
1557 600 1593 630 de
1611 600 1692 632 Statis
1708 626 1718 641 ,
1742 603 1823 633 militi
1846 603 1942 635 vestro
1956 627 1966 643 ,
1991 604 2093 636 scilicet
2115 606 2152 636 de
2171 607 2295 638 termino
2314 612 2413 650 clausu
2419 619 2447 647 5.

1238 635 1334 681 Sandti
1349 637 1517 677 Michaelis,
1536 649 1612 669 anno
1624 638 1739 671 decimo
1752 649 1859 679 quarto.
2315 655 2350 678 H.
2369 661 2393 687 3.
2410 660 2446 678 m.

1277 676 1360 720 Seire-
1379 677 1494 714 quidem
1515 677 1638 708 vestram
1658 679 1790 710 volumus
1809 680 1991 711 dilectionem
2006 681 2084 719 quod
2097 682 2245 721 volumus,
2263 684 2297 714 ὃ(
2315 698 2360 716 20.
2378 690 2405 717 A.

1240 724 1426 752 praecepimus
1439 726 1540 746 omnes
1553 716 1745 755 Mercatores,
1762 717 1798 748 de
1818 727 1889 749 terra
1902 719 2007 757 vestra,
2026 727 2100 750 tutos
2119 720 2175 750 esse
2195 723 2227 752 &
2249 720 2299 751 de-

1242 753 1333 782 fensos
1346 763 1395 790 per
1408 763 1499 784 totam
1515 754 1683 792 potestatem
1696 756 1839 795 nostram,
1858 758 1933 788 unde
1946 759 2116 796 interprisas,
2133 758 2194 796 ipsis
2217 758 2300 789 Mer-

1242 791 1383 821 catoribus
1396 792 1492 824 vestris
1506 793 1606 831 faetas,
1624 795 1743 830 graviter
1756 796 1790 826 &
1806 796 1926 826 moleste
1939 796 2111 827 sustinemus.

1280 829 1415 860 Volentes
1429 832 1511 869 igitur
1524 831 1585 869 ipfis
1598 831 1716 862 satisfieri
1732 833 1813 871 super
1827 835 1975 872 interprisis
2010 845 2060 873 per
2077 834 2186 873 aliquos
2199 834 2235 865 de
2248 845 2302 872 po-

1244 866 1342 897 testate
1355 868 1457 913 nostra·
1465 870 1502 899 eis
1517 870 1612 913 facitu,
1631 872 1714 901 vobis
1729 872 1894 903 mandamus
1913 859 1992 912 quod
2007 873 2161 904 certificent
2182 873 2208 903 se
2229 883 2304 903 mer-

1245 913 1352 949 catores
1374 906 1458 937 vestri
1479 907 1516 937 de
1535 908 1585 937 hiis
1606 910 1654 946 qui
1675 909 1761 939 dietas
1773 912 1926 948 interprisas
1939 913 1977 941 eis
1989 912 2157 950 intulerunt3
2176 913 2211 942 ita
2225 911 2305 950 quod

1244 953 1342 973 vemre
1353 944 1458 981 possint
1472 946 1506 975 ad
1518 946 1632 984 locum,
1650 947 1684 977 ad
1698 947 1755 979 hoc
1769 949 1977 987 deputandum,
1996 950 2101 988 plenius
2122 950 2249 980 instrudti
2270 949 2305 980 ad

1245 981 1430 1049 dampnah'ssia
1442 983 1641 1026 'ostendendaz
1660 985 1740 1023 super
1765 988 1865 1024 quibus
1886 989 1923 1017 eis
1945 988 2058 1025 plenam
2071 988 2207 1027 justitiam
2221 988 2307 1018 facie-

1246 1029 1309 1049 mus
1324 1029 1357 1049 ex
1379 1031 1387 1050 1
1410 1031 1457 1050 eri.

1284 1057 1377 1101 *.Et,
1393 1058 1414 1088 fi
1437 1060 1520 1089 vobis
1539 1060 1631 1097 placet
1649 1062 1728 1098 quod
1748 1062 1805 1092 hoc
1826 1062 1872 1092 fiat
1893 1063 1922 1092 in
1941 1071 2011 1094 terra
2022 1063 2131 1102 vestra,
2150 1063 2307 1103 significetis
2326 1070 2344 1088 ἢ
2357 1067 2381 1099 I.
2396 1078 2460 1108 317.

1246 1096 1330 1126 nobis
1343 1095 1458 1135 locum,
1478 1107 1564 1135 quem
1578 1098 1612 1129 ad
1625 1098 1683 1129 hoc
1696 1099 1822 1139 assignari
1836 1101 1976 1131 volueritis
1985 1124 1994 1139 ‚
2012 1103 2045 1132 ὃς
2059 1104 2176 1132 nomina
2189 1112 2290 1133 eorum
2299 1126 2310 1140 ,

1247 1134 1283 1164 de
1297 1134 1436 1172 potestate
1448 1135 1562 1174 nostra,
1579 1136 1616 1167 de
1631 1137 1730 1175 quibus
1744 1137 1829 1168 vestri
1842 1148 2055 1176 conqueruntur
2064 1164 2073 1178 ,
2090 1150 2121 1171 ut
2134 1151 2183 1171 eos
2201 1140 2236 1171 ad
2249 1140 2310 1171 dic-

1248 1180 1310 1204 tum
1322 1173 1422 1204 locum
1435 1173 1527 1205 facere
1542 1176 1638 1207 venire
1652 1175 1796 1213 possimus.

1284 1253 1374 1284 Teste
1388 1253 1470 1295 Rege
1485 1255 1558 1293 apud
1572 1255 1879 1296 Westmonasterium,
1900 1266 1937 1287 10
1953 1256 1999 1288 die
2016 1256 2206 1288 Novembris.

1396 1397 1445 1430 De
1455 1397 1632 1443 protestione
1645 1409 1699 1445 pro
1713 1395 1883 1432 hominihus
1902 1396 1938 1431 de
1958 1397 2161 1443 Βνκηςβυὶσὲ,

1319 1484 1377 1516 EX
1394 1485 1545 1524 omnibus,
1563 1486 1625 1517 ὅτε.
1643 1487 1765 1519 salutem.
2336 1490 2411 1522 Ann.
2425 1490 2468 1522 D:

1355 1524 1451 1554 Sciatis
1465 1535 1519 1555 nos
1532 1525 1678 1567 suscepisse
1700 1527 1728 1556 in
1748 1526 1959 1564 protestionem
1981 1526 2015 1558 &
2033 1524 2228 1557 defensionem
2250 1535 2317 1557 nos-
2359 1539 2442 1569 1230.

1254 1570 1328 1593 tram
1346 1562 1477 1593 homines
1498 1563 1535 1593 de
1558 1563 1725 1595 Bruneswic.
1746 1565 1908 1603 (homines,
1924 1565 2072 1604 videlicet,
2090 1564 2186 1595 dileeti
2200 1565 2318 1596 confim-
2337 1574 2395 1598 Pat.
2418 1578 2462 1604 ¹5-

1254 1601 1349 1640 guinei
1370 1601 1459 1631 nostri
1482 1601 1607 1633 Othonis
1630 1603 1722 1634 Ducis
1745 1603 1781 1633 de
1798 1603 1988 1641 Bruneswic.)
2015 1604 2062 1634 has
2086 1603 2186 1633 litteras
2211 1603 2318 1634 nostras
2338 1612 2372 1636 Η.
2390 1618 2415 1646 3.
2430 1617 2456 1636 n.

1253 1648 1379 1677 patentes
1390 1639 1563 1680 deferentes,
1582 1642 1661 1672 simul
1676 1651 1745 1673 cum
1757 1642 1853 1672 litteris
1874 1643 1955 1680 ipsius
1970 1642 2062 1673 Ducis
2073 1642 2248 1681 patentibus,
2265 1650 2320 1673 tes·
2343 1647 2371 1675 8.

1255 1677 1424 1709 tificantibus
1439 1680 1517 1717 quod
1530 1679 1582 1711 sint
1597 1681 1727 1711 homines
1741 1680 1824 1718 ipsius
1837 1680 1929 1711 Ducis
1941 1681 1979 1711 de
1994 1679 2191 1719 Bruneswick3

1293 1716 1494 1748 Concedentes
1517 1718 1619 1749 eisdem
1639 1719 1803 1749 hominibus
1824 1719 1903 1757 quod
1925 1719 1999 1751 salvo
2018 1721 2052 1751 &
2071 1719 2166 1750 secure
2189 1720 2320 1759 veniant,

1255 1765 1305 1794 per
1317 1763 1406 1787 totam
1420 1756 1587 1794 potestatem
1603 1757 1746 1795 nostram,
1765 1767 1833 1788 cum
1848 1758 1947 1796 rebus,
1965 1758 2067 1789 catallis
2079 1758 2112 1789 &
2132 1759 2320 1790 mercandifiis

1259 1795 1311 1824 suis
1326 1819 1336 1832 ,
1366 1794 1399 1824 ad
1422 1795 1624 1835 negotiandum
1644 1796 1751 1826 ibidem
1767 1808 1778 1834 ς,
1810 1796 1939 1827 faciendo
1959 1797 2026 1828 inde
2052 1797 2141 1827 restas
2161 1797 2195 1827 &
2215 1797 2323 1828 debitas

1257 1832 1472 1902 ccionsuetudines
1483 1856 1493 1871 ‚
1523 1833 1557 1864 &
1570 1833 1654 1870 *salvo
1671 1834 1779 1865 ibidem
1797 1843 1946 1866 morentur
1961 1858 1971 1874 ,
2004 1836 2038 1867 ὃς
2057 1835 2134 1868 salvo
2153 1833 2220 1866 inde
2241 1844 2321 1867 rece-

1278 1881 1333 1903 ant.

1296 1910 1335 1941 Et
1349 1910 1414 1941 ideo
1428 1911 1512 1942 vobis
1526 1910 1691 1942 mandamus
1705 1911 1784 1950 quod
1797 1912 1962 1942 hominibus
1977 1911 2059 1950 ipsius
2081 1912 2174 1943 Ducis
2183 1936 2192 1950 ,
2210 1912 2258 1942 has
2279 1912 2324 1943 lir-

1259 1956 1329 1980 teras
1350 1949 1457 1980 nostras
1478 1958 1601 1987 patentes
1621 1950 1826 1988 deferentibus,
1843 1950 1925 1980 simul
1945 1960 2013 1981 cum
2029 1950 2125 1981 litteris
2137 1951 2218 1990 ipfius
2233 1950 2324 1982 Ducis

1259 1989 1435 2027 patentibus,
1453 1987 1664 2019 testificantibus
1677 1988 1756 2027 quod
1770 1989 1822 2020 sint
1841 1989 1972 2019 homines
1991 1989 2073 2027 ipsius
2088 1988 2182 2020 Ducis
2201 1988 2237 2019 de
2255 1989 2325 2021 Bru-

1259 2027 1398 2066 neswick,
1418 2029 1446 2057 in
1467 2027 1610 2058 veniendo
1630 2038 1680 2065 per
1700 2033 1792 2059 totam
1813 2026 1982 2065 potestatem
2005 2027 2130 2058 nostram
2144 2038 2212 2058 cum
2226 2028 2326 2067 rebus,

1260 2066 1378 2105 catallis,
1396 2067 1430 2097 &
1448 2066 1636 2096 mercandifiis
1654 2067 1723 2105 suis3
1741 2067 1774 2098 ὃς
1795 2066 1901 2096 ibidem
1922 2066 2080 2103 morando,
2105 2067 2138 2098 &
2160 2066 2225 2097 inde
2247 2076 2325 2096 rece-

1259 2104 1372 2144 dendo,
1390 2104 1461 2136 ficut
1474 2104 1644 2143 praedietum
1656 2105 1715 2142 est,
1734 2104 1844 2136 nullum
1858 2105 1964 2136 faciatis
1975 2112 2022 2137 aut
2042 2104 2139 2136 inferri
2159 2105 2325 2144 permittatis

1260 2143 1517 2181 impedimentum,
1535 2143 1692 2181 dampnum
1706 2151 1753 2175 aut
1771 2153 1931 2184 gravamen.

1297 2181 1332 2213 In
1346 2183 1441 2222 cujus,
1458 2183 1518 2214 &c.
1537 2181 1598 2213 fieri
1611 2182 1739 2214 fecimus.

1300 2262 1390 2294 Teste
1406 2256 1457 2294 Re
1476 2273 1494 2293 e
1514 2261 1587 2304 apud
1608 2263 1916 2302 westmonasterium,
1933 2260 2050 2295 decimo
2069 2263 2115 2295 die
2129 2261 2327 2302 Novembris,

1262 2311 1354 2342 anno,
1373 2304 1434 2335 &c.
1473 2303 1569 2333 ecimo
1583 2303 1694 2341 quinto.

1849 2386 1903 2414 Per
1915 2383 2005 2423 Steph.
2027 2383 2059 2414 de
2071 2382 2216 2421 Sedgrave.

1530 2526 1578 2558 De
1598 2527 1674 2572 Rege
1690 2536 1748 2557 non
1766 2524 2062 2558 excommunicando.

1267 2606 1483 2672 GRegotius
1497 2612 1669 2654 Episcopus,
1683 2612 1776 2643 servus
1791 2613 1937 2645 servorum
1952 2612 2026 2652 Dei,
2035 2611 2176 2644 cariffimo
2192 2614 2221 2643 in
2229 2611 2330 2645 Chris-
2353 2624 2430 2657 Am·
2441 2624 2474 2656 D

1351 2658 1382 2680 to
1401 2650 1460 2681 filio
1480 2651 1576 2683 illustri
1596 2652 1672 2693 Regi
1692 2651 1804 2692 Angliae
1825 2652 1958 2691 salutern,
1976 2654 2010 2684 &
2030 2652 2228 2690 Apostolicam
2243 2653 2330 2684 bene-
2381 2650 2482 2704 1231.⁶

1264 2686 1432 2719 diffitionem.
1636 2731 1642 2736 -
1671 2729 1676 2736 .
1838 2730 1844 2736 ⁶
1923 2731 1928 2736 ⁸
1990 2730 1995 2736 ,
2040 2730 2045 2736 ,
2197 2730 2203 2736 ,
2355 2707 2406 2733 An.
2425 2714 2433 2731 ι
2440 2713 2467 2739 5.

1301 2725 1456 2758 Personam
1474 2735 1552 2759 tuam
1570 2729 1678 2768 speciali
1699 2728 1883 2769 praerogativa
1900 2729 2059 2760 dilecnoms
2081 2730 2117 2761 ὃς
2135 2737 2230 2770 gratiae
2245 2739 2331 2761 com·
2354 2748 2388 2770 H.
2411 2752 2435 2779 3·

1265 2764 1435 2804 pleetentes,
1454 2776 1519 2805 quae
1530 2767 1564 2798 ad
1584 2768 1747 2806 profectum
1769 2777 1869 2807 tuum,
1887 2767 2040 2799 secundum
2060 2776 2214 2807 utrumque
2233 2768 2330 2800 homi-
2351 2786 2392 2809 Ex
2407 2784 2465 2809 Au-

1265 2813 1350 2842 nem,
1369 2807 1519 2842 provenire
1531 2807 1738 2845 conspicimus,
1757 2806 1875 2837 libenter
1891 2807 2021 2837 ducimus
2040 2805 2075 2836 ad
2096 2806 2254 2845 effeetum3
2274 2817 2329 2838 no·
2352 2828 2418 2858 mgr,

1265 2843 1308 2887 bis
1320 2844 1477 2875 accrescere
1491 2845 1653 2876 arbitrantes
1669 2845 1807 2885 quicquid
1820 2845 1873 2877 nbi
1885 2845 2050 2876 exhibemus
2065 2846 2161 2883 gratiae
2181 2845 2228 2877 vel
2248 2845 2330 2879 favo-

1266 2890 1310 2911 ns.

1303 2918 1385 2950 Hinc
1397 2919 1439 2951 est
1453 2921 1547 2960 quod,
1559 2921 1701 2953 honorid'
1742 2922 1811 2954 itatis
1831 2921 1934 2960 Regiae
1954 2922 2103 2960 providere
2124 2921 2269 2962 volentes,
2283 2933 2333 2954 au-

1267 2959 1397 2990 &oritate
1409 2959 1461 2990 tibi
1474 2961 1651 3001 praesentium
1670 2931 1860 3001 suffigit-mus,
1878 2969 1910 2991 ut
1931 2960 2021 2991 nullus
2043 2961 2072 2990 in
2085 2960 2233 2998 personam
2253 2969 2332 2994 tuam

1267 2999 1587 3038 excommunicationis,
1606 3000 1652 3031 vel
1667 3001 1697 3029 in
1709 2999 1873 3038 Capellam,
1891 2999 1997 3030 ubicun
2020 3009 2056 3029 ue
2070 2999 2171 3037 fueris,
2189 3000 2332 3032 interdicti

1265 3037 1411 3105 senfentias
1430 3036 1528 3068 audeat
1549 3038 1746 3078 promulgare,
1765 3038 1822 3068 sme
1842 3036 1976 3069 mandato
2009 3037 2066 3068 edis
2079 3037 2256 3076 Apostolicae
2269 3039 2331 3078 spe-

1267 3086 1309 3107 cta
1321 3086 1338 3106 ι.

1306 3114 1391 3145 Nulli
1404 3124 1472 3154 ergo
1485 3115 1608 3145 omnino
1622 3115 1776 3146 hominum
1789 3114 1870 3145 liceat
1884 3113 1957 3145 hanc
1977 3115 2109 3155 paginam
2130 3114 2237 3146 nostrae
2258 3125 2330 3147 con-

1268 3152 1397 3185 cessionis
1411 3154 1578 3192 infringere,
1596 3154 1642 3185 vel
1655 3155 1680 3184 ei
1691 3153 1755 3184 ausu
1769 3154 1918 3184 temerario
1934 3155 2091 3192 contraire3

1305 3192 1396 3230 Siquis
1412 3200 1508 3222 autern
1523 3192 1580 3222 hoc
1603 3200 1768 3230 attemptare
1786 3192 2003 3230 praesumpserit,
2021 3193 2244 3232 indignationem
2262 3201 2328 3222 om-

1267 3231 1418 3268 nipotentis
1431 3229 1505 3269 Dei,
1523 3232 1556 3261 &
1571 3230 1720 3262 beatorum
1732 3229 1809 3261 Petri
1823 3231 1857 3263 &
1879 3230 1975 3269 Pauli,
1992 3230 2188 3269 apostolorum
2209 3231 2283 3268 ejus,
2301 3229 2329 3261 se

1268 3269 1382 3300 noverit
1396 3269 1580 3300 incursurum.

1297 3349 1373 3395 'Dat
1389 3349 1516 3380 Lateran.
1530 3349 1645 3381 decimo
1655 3350 1739 3382 tertio
1755 3349 1876 3382 Kalend.
1891 3350 2051 3386 Februarii,
2066 3347 2248 3380 Pontificatus
2263 3358 2330 3380 nos-

1268 3397 1304 3420 tr1
1315 3398 1391 3419 anno
1402 3396 1509 3427 quarto.

1372 3467 1609 3509 Sigilloplumheo,
1622 3471 1755 3509 pendente
1769 3481 1787 3498 a
1792 3469 1854 3512 filis
1861 3467 1953 3508 siricis
1959 3468 2040 3508 flavi
2051 3467 2176 3508 rubeique
2189 3465 2289 3498 coloris.

1493 3602 1543 3635 De
1562 3599 1712 3633 Condul'lu
1729 3600 1920 3632 Nunciorum
1940 3599 2097 3633 Lemelini.

1271 3688 1392 3754 REX
1415 3689 1529 3734 suscepit
1550 3690 1579 3718 in
1599 3689 1704 3720 salvum
1725 3678 1759 3719 sc
1777 3687 1907 3719 securum
1928 3688 2107 3732 condudtum
2127 3688 2208 3720 suum
2230 3687 2327 3720 David
2350 3699 2426 3730 Ann-
2440 3696 2484 3735 1)Q

1352 3728 1590 3772 Archidiaconum
1611 3727 1648 3757 de
1667 3727 1773 3771 Sandto
1794 3726 1895 3770 Asaplr.
1914 3727 1948 3757 &
1971 3726 2143 3771 Magistrum
2165 3726 2259 3758 Adam
2293 3728 2326 3758 &
2372 3745 2457 3775 1231.

1272 3768 1367 3798 David
1378 3767 1524 3803 Clencos,
1542 3766 1576 3796 &
1591 3765 1726 3809 Nuncios
1740 3764 1878 3796 Lewehni
1893 3764 2031 3804 Principis
2043 3764 2080 3810 de
2091 3765 2202 3810 Albefn
2212 3766 2246 3797 &
2262 3751 2328 3796 bo·
2352 3781 2403 3805 An,
2423 3784 2464 3811 ¹5·

1272 3807 1342 3851 mini
1349 3805 1391 3850 *de
1405 3803 1508 3848 Snaud.
1523 3813 1571 3847 qui
1583 3812 1712 3835 venirent
1724 3802 1759 3833 ad
1772 3803 1886 3842 Regem
1899 3803 1986 3842 usque
1998 3803 2182 3844 Wigormam
2194 3814 2225 3835 m
2239 3803 2329 3834 Nun·
2348 3819 2382 3843 Η,
2405 3822 2432 3850 3,

1272 3841 2085 3925 affigi¹2sslssgsspfizffiid{ffiffssizssiefiifftffiss
2099 3905 2111 3925 ,-
2141 3890 2214 3919 quos
2235 3880 2328 3923 dinus
2349 3857 2480 3928 2,ζῖᾁῂ

1273 3921 1407 3958 Princeps
1421 3919 1530 3950 duxerit
1546 3918 1698 3949 mittendos
1711 3919 1796 3963 usque
1809 3918 1949 3962 Salopiam
1963 3918 2009 3949 die
2022 3918 2145 3965 Martis,
2161 3920 2180 3938 ²*
2194 3927 2329 3961 proximo
2355 3939 2379 3966 3-
2394 3940 2420 3963 „Y
2436 3937 2462 3953 2,

1274 3959 1337 3998 post
1353 3957 1537 4026 Qffdenam
1552 3955 1664 3987 Sanetae
1686 3958 1847 3995 Tunicam,
1864 3966 1939 3987 anno
1958 3959 2043 3995 Regni
2062 3957 2145 3998 nostrt
2167 3965 2210 3993 15.
2228 3965 2258 3985 m
2277 3965 2331 3986 oc·
2355 3969 2403 3994 ³⁵1.
2419 3964 2482 4003 3¹3³.

1274 3997 1404 4081 sistisiffi‘us
1425 4033 1578 4072 Principis,
1595 4034 1662 4066 illuc
1681 4033 1840 4073 veniendo,
1857 4034 1891 4066 &
1908 4033 2016 4065 ibidem
2035 4032 2192 4071 morando,
2208 4032 2244 4063 &
2264 4032 2331 4062 inde

1274 4072 1534 4144 re‘ke‘tieiiiitgdatmn
1553 4109 1595 4144 est
1612 4110 1791 4181 Vicecomg'r
1804 4110 1926 4189 3Salopiae
1940 4109 2064 4152 Johanni
2084 4109 2145 4142 filio
2164 4106 2249 4143 Alam·
2261 4107 2332 4176 ,ogi

1436 3997 1587 4026 unciorum
1600 3995 1705 4035 Regis,
1722 3995 1877 4026 deferentes
1891 3995 1938 4025 has
1950 3995 2051 4027 litteras
2066 3994 2147 4026 simul
2167 4004 2237 4024 cum
2254 3994 2329 4024 litte-
