2570 4261
670 188 781 233 ET
865 193 1130 234 ACTA

0 291 40 314 m,
53 274 294 315 Drosolymitani
306 276 446 317 vicarius,
467 288 536 310 curn
550 277 652 309 Terrae
666 277 766 307 sanetae
777 279 1075 318 recommendatione,
1094 278 1165 316 seip-

3 320 69 352 280.
104 314 182 353 sum,
200 316 233 346 &
248 316 333 346 felicis
344 317 465 348 desiderii
481 317 733 353 complementum.

0 370 30 388 v·
48 367 72 386 ¹-

0 2254 90 2284 ωσι,

3 2443 31 2462 n.
46 2431 87 2463 D.

0 2473 62 2501 280.

0 2532 28 2652 rear·

35 2587 64 2654 9⁶2³

143 353 279 394 Apicibus
300 354 401 384 vestrae
422 356 521 395 Regiae
544 354 694 393 Majestatis
722 355 830 384 honore
850 354 994 393 condigno
1016 357 1049 386 &
1069 355 1165 385 debita

106 390 260 422 devotione
278 394 412 431 receptis,
431 404 498 424 cum
515 393 623 423 summa
639 392 819 422 sollicitudine
834 393 861 420 in
877 393 956 430 plena
971 394 1162 433 congregatio-

109 439 146 460 ne
167 430 308 469 fidelium,
324 431 445 461 Praelatis
465 433 498 462 δε
520 431 668 470 Religiolis
682 429 773 468 Viris,
794 430 935 468 Magistris
949 433 1085 461 sacrarum
1101 431 1167 461 Do-

111 478 228 499 morum
244 469 356 499 Militiae
369 470 502 509 Templi,
517 470 549 499 ὃς
563 469 714 508 Hospitalis
729 469 799 498 beati
812 469 947 507 johannis
955 470 1104 507 jerusalem
1114 492 1122 507 ,
1133 471 1166 500 &

108 506 169 536 aliis
188 514 268 537 terrae
285 507 365 546 hujus
377 509 555 546 proceribus,
575 509 608 538 ὃς
623 507 878 537 Communitatum
891 510 1058 546 rebioribus,
1074 508 1168 546 publi—

108 547 196 583 catis,
211 545 245 575 &
265 546 411 584 vulgariter
430 547 495 585 illis,
515 546 598 576 beato
613 546 708 575 vestro
721 545 872 582 desiderio,
890 546 923 576 &
937 546 1092 577 Serenitatis
1106 546 1167 576 Re-

107 584 163 621 giae
177 583 379 622 compassionis
391 584 493 615 affeetu
502 607 511 622 ,
528 585 619 615 verbis
633 583 797 622 inductivis,
814 585 846 614 ὃς
861 587 1095 622 compatientibus
1108 593 1165 615 tam

111 621 211 651 salubri
224 623 340 662 negotio
348 646 357 661 ,
372 624 513 661 patefattis
521 644 530 660 ,

145 658 244 691 Corda
267 671 495 692 convocatorum
515 661 646 690 omnium
668 660 751 699 ignita
773 659 874 689 vestrae
897 662 1012 691 caritatis
1026 661 1168 699 igniculo,

108 694 144 729 δε
162 699 377 730 eru&uaverunt
395 699 585 731 communiter
600 699 682 728 laudis
695 699 840 738 solempne
852 700 995 729 canticum
1011 700 1075 729 Deo
1090 700 1168 738 caeli,

108 736 187 774 quod
202 746 282 768 tanto
295 737 421 776 Principi
433 738 601 776 inspiraverit
616 737 799 767 devotionern
816 738 920 775 negotii
935 739 1035 767 Terra:
1050 739 1151 768 saincte
1160 761 1170 775 ,

108 776 145 804 &
166 775 305 806 ultionem
322 777 481 812 injuriarum
501 775 575 814 Jehu
598 775 722 813 Christi,
740 776 774 806 &
797 775 831 805 ad
853 775 1046 806 liberationem
1068 776 1169 806 Terrae

106 812 212 844 sanetae
231 814 267 844 de
285 813 411 845 faucibus
431 814 556 845 hostium
571 813 697 852 Christi,
716 813 918 844 Celsitudinem
934 814 1052 845 vestram
1065 814 1171 844 miseri-

105 851 234 882 corditer
252 853 391 883 excitavit.

147 888 197 920 De
218 891 377 922 rumoribus
394 891 496 921 Terrae
518 890 620 921 sanetae
635 891 719 929 (quos
731 889 823 920 felices
837 888 990 920 desideratis
1006 889 1115 931 audire,
1133 898 1169 919 eo

105 928 186 966 quod
205 930 308 960 totiens
329 929 447 960 laetiores
467 929 531 959 estis
548 928 661 967 este&i,
677 930 805 967 quotiens
826 927 861 959 de
883 929 971 958 Terra
984 929 1037 969 ipsa
1051 929 1084 958 &
1099 928 1170 957 statu

111 965 235 1004 ejusdem
251 967 349 998 vesti-is
362 968 473 998 auribus
485 968 590 998 insonat
602 977 699 997 rumor
715 967 817 1003 bonus)
832 974 930 996 tenore
938 966 1114 1003 praesentium
1128 968 1172 995 in-

107 1004 237 1036 notescat
260 1006 362 1046 Regiae
385 1005 540 1044 Maiestati,
574 1006 629 1035 uod
646 1005 750 1036 caristia
763 1015 862 1044 magna
877 1004 918 1034 est
936 1006 965 1034 in
981 1013 1050 1034 tetra
1063 1004 1100 1034 de
1115 1005 1173 1034 bla-

108 1042 168 1082 do,
187 1044 221 1075 &
238 1045 329 1075 modo
341 1045 413 1075 valet
427 1045 538 1075 modius
553 1017 572 1073 ἓ
586 1045 603 1074 l.
617 1044 650 1074 &
665 1045 779 1074 timetur
794 1053 829 1074 ne
842 1044 932 1074 valeat
947 1043 1006 1073 iol.
1022 1042 1092 1072 infra
1107 1041 1171 1072 Pas-

109 1081 183 1120 cha,
199 1091 236 1112 eo
258 1083 336 1121 quod
358 1085 387 1113 in
407 1083 542 1114 Armenia
561 1084 593 1114 &
615 1084 643 1112 in
665 1081 759 1120 Cipro
777 1082 818 1112 est
830 1082 954 1111 defed'cus
969 1082 1003 1112 &
1016 1080 1172 1118 pestilentia

107 1119 322 1160 Locustarumz,
340 1123 390 1160 ὃς,
409 1131 523 1160 propter
535 1131 662 1161 guerram
678 1121 765 1160 Regis
778 1120 874 1151 Caroli
888 1119 924 1150 de
937 1119 1038 1159 Apulia
1050 1120 1083 1149 &
1099 1119 1172 1150 Sici-

107 1158 164 1196 lia,
183 1159 334 1190 subsidium
355 1171 416 1191 non
428 1162 573 1198 speramus.

147 1197 279 1238 Treuga,
298 1210 362 1237 quae
381 1199 422 1230 est
442 1201 514 1229 inter
536 1209 588 1229 nos
607 1198 640 1228 &
660 1197 829 1234 Saracenos,
846 1207 906 1227 non
926 1197 1006 1227 durat
1023 1197 1074 1227 nisi
1086 1197 1172 1235 usque

108 1235 143 1266 ad
164 1238 290 1267 mensem
314 1237 429 1276 Martii,
446 1238 480 1268 &
500 1239 613 1267 interim
633 1245 691 1265 non
711 1244 807 1265 tenent
830 1235 915 1265 fidem
939 1245 1025 1273 quarn
1038 1236 1174 1272 promise-

111 1284 194 1313 runt,
218 1276 262 1306 sed
283 1277 382 1306 multas
402 1277 512 1313 injurias
531 1277 565 1306 &
586 1273 726 1304 molestias
745 1275 868 1303 inferunt
887 1273 1052 1303 Christianis
1068 1286 1077 1312 3
1100 1275 1172 1304 inter

110 1312 210 1343 Adton
233 1315 266 1345 δε
280 1314 412 1353 Tyrum,
427 1315 498 1344 infra
510 1322 614 1351 paucos
625 1312 683 1342 dies
700 1320 737 1351 30
752 1312 926 1341 Christianos
941 1313 971 1341 in
984 1312 1063 1342 strata
1078 1314 1173 1350 publi-

110 1361 143 1381 ca
156 1352 332 1383 occiderunt.

147 1389 197 1420 De
216 1391 381 1421 Thartharis
400 1400 526 1420 rumores
546 1388 718 1424 audivimus,
735 1395 826 1425 nuper
836 1388 914 1417 enim
929 1388 1068 1428 quendam
1083 1389 1172 1420 Nun-

111 1428 191 1458 cium
211 1430 344 1460 miserunt
357 1430 386 1458 in
400 1428 496 1459 Adton
504 1451 514 1467 ,
532 1428 565 1459 ὅ(
579 1427 721 1457 mandavit
737 1425 870 1464 Princeps
883 1428 1018 1457 exercitus
1029 1427 1172 1459 Thartha-

111 1476 209 1497 rorum
230 1467 306 1506 quod
326 1467 382 1504 ipse
397 1467 438 1497 est
454 1468 483 1496 in
503 1467 625 1499 Thuitia
642 1475 710 1496 cum
732 1473 830 1503 50000
846 1467 988 1504 equitum,
1005 1467 1037 1496 ὃς
1052 1467 1172 1497 totidem

110 1505 145 1534 ad
171 1505 249 1535 suum
269 1505 417 1535 sublidium
440 1505 629 1543 expediabat3
653 1505 686 1534 &
708 1503 851 1533 mandavit
870 1503 968 1533 nostris
991 1504 1170 1544 Magnatibus

111 1543 190 1581 quod
211 1546 323 1575 veniant
344 1543 378 1574 ad
395 1554 460 1574 eum
477 1554 544 1574 cum
559 1542 731 1584 plenitudine
743 1541 899 1580 potestatis,
917 1543 950 1572 ὃ(
965 1543 1042 1582 quod
1056 1545 1081 1573 ei
1095 1545 1171 1575 ciba-

109 1583 152 1612 ria
168 1582 201 1612 &
213 1583 264 1612 alia
276 1582 442 1620 necessaria,
459 1583 487 1611 in
501 1591 639 1623 quantum
653 1580 804 1619 valuerint,
819 1580 1045 1620 subministrent;

149 1619 188 1651 Et
209 1621 315 1660 placeat
336 1622 379 1658 ei,
395 1622 425 1651 in
446 1620 525 1659 cujus
544 1627 614 1651 nutu
637 1620 739 1651 euntia
751 1618 913 1657 subiistunt,
932 1620 961 1649 in
972 1622 1052 1659 cujus
1065 1620 1170 1650 ditione

109 1659 215 1690 cunc‘la
238 1659 301 1690 sunt
315 1660 418 1697 posita,
436 1668 466 1690 ut
480 1661 541 1691 talia
555 1669 630 1690 nova
646 1657 751 1696 possitis
764 1658 857 1688 audire
866 1680 876 1694 ‚
892 1659 969 1695 quod
981 1659 1074 1689 hostes
1087 1659 1171 1689 Chri-

111 1697 190 1728 stiani
210 1699 333 1728 nominis
346 1698 573 1736 confundantur,
590 1699 624 1728 δε
636 1697 728 1727 santsta
740 1696 805 1727 fides
818 1698 968 1734 exaltetur,
984 1699 1017 1728 ὃς
1029 1698 1099 1728 servi
1114 1697 1171 1728 Dei

110 1737 270 1768 inimicitias
288 1745 349 1766 non
368 1737 484 1766 timeant
495 1735 622 1766 hostium
643 1735 786 1774 crucifixi3
807 1736 872 1773 qui,
891 1745 950 1766 non
966 1736 1117 1767 secundum
1131 1747 1172 1766 ar-

112 1784 229 1805 morum
250 1775 426 1813 potentiam,
443 1774 488 1805 sed
503 1783 588 1813 prout
599 1775 648 1814 ipsi
661 1774 771 1813 placet,
786 1774 834 1803 dat
847 1775 936 1813 dignis
950 1775 1112 1805 viCtoriam:

145 1812 222 1843 Non
241 1813 320 1843 enim
340 1814 369 1843 in
390 1813 568 1844 multitudine
589 1811 727 1844 exercitiis
745 1811 865 1843 vuitoria
887 1813 966 1852 belli,
985 1813 1030 1843 sed
1044 1813 1080 1843 de
1093 1814 1171 1845 coelo

109 1852 232 1883 vietoria
244 1850 293 1882 est.

145 1889 170 1921 E
194 1900 214 1920 0
233 1889 382 1930 Presbyter
401 1890 490 1921 vester
508 1890 621 1921 humilis
635 1890 714 1929 super
723 1889 897 1928 hujusmodi,
922 1889 994 1929 apud
1011 1889 1173 1921 Dominum

107 1928 176 1969 supp
187 1929 265 1960 iciter
287 1929 321 1960 &
342 1929 484 1960 humiliter
503 1929 692 1968 intercedam,
711 1937 741 1960 ut
754 1938 807 1969 pro
822 1929 877 1958 vita
894 1928 978 1967 Regis
994 1929 1027 1959 &
1043 1930 1124 1960 ialute
1138 1928 1173 1959 fi-

104 1967 231 2006 liorum,
249 1977 297 1998 me
317 1967 431 1998 tandem
453 1969 487 1999 &
510 1967 668 1998 miserabilis
690 1977 769 1998 terrae
790 1968 936 2007 negotium
949 1966 1174 2006 Magnificentiae

107 2005 210 2036 vestrae
224 2006 380 2046 suppliciter
394 2006 629 2046 recommendet,
645 2016 731 2045 quem
742 2005 821 2037 Deus
833 2005 979 2037 conservet
993 2006 1170 2039 incolumem

107 2039 214 2084 Regno
228 2045 277 2075 suo
290 2055 339 2084 per
352 2054 483 2084 tempora
496 2046 633 2085 longiora.

141 2120 286 2159 Scriptum
300 2121 400 2153 Αᾶοη
414 2122 516 2161 quinto
529 2121 575 2154 die
587 2121 733 2154 Octobris.

106 2245 134 2273 ἵε
157 2249 286 2289 Lirem,
314 2258 369 2293 per
391 2260 486 2294 qnam
511 2250 646 2294 Major,
679 2247 814 2293 Jurati,
847 2259 967 2283 centum
992 2253 1100 2294 Pares,
1133 2256 1170 2290 &-

153 2298 360 2329 Communitas
378 2297 438 2342 sue
455 2300 600 2330 Civitatis
616 2300 719 2330 Βαίου.
736 2296 945 2341 constituerunt
963 2301 1173 2334 Procuratores

109 2354 111 2357 ·
143 2345 215 2390 sitos
234 2356 335 2377 coram
356 2348 433 2391 Rege
453 2349 483 2378 in
499 2347 590 2393 causis
608 2357 677 2378 cnm
692 2347 829 2393 Epifiopo
849 2348 1007 2391 Baionenst.

105 2429 331 2491 ILlustriffimo
341 2440 373 2460 ac
389 2430 560 2461 serenissimo
574 2431 717 2469 Principi,
737 2432 770 2462 ὃς
785 2431 919 2461 Domino
931 2432 980 2462 suo
994 2432 1168 2473 reverendo,

154 2468 289 2500 Domino
311 2468 472 2508 Edwardo,
492 2469 551 2500 Dei
572 2469 675 2509 gratis,
700 2468 777 2509 Regi
800 2470 930 2509 Anglize,
953 2470 1090 2502 Domino
1110 2472 1168 2503 Hi-

105 2507 231 2544 berniae,
251 2506 330 2537 Duci
352 2507 485 2546 Aquitan.
498 2507 612 2545 fiibjeffi
624 2508 681 2545 ejus
693 2507 812 2538 humiles
828 2508 860 2538 &
873 2508 972 2539 devoti
988 2509 1100 2549 Major,
1116 2511 1170 2549 Ju-

106 2546 173 2584 rati,
193 2554 309 2575 centum
333 2545 430 2584 Pares,
447 2547 481 2577 ὅ(
495 2546 698 2577 Communitas
712 2547 767 2577 suae
782 2546 910 2578 Civitatis
927 2546 1020 2578 Baion.
1038 2548 1169 2588 salutem,

105 2584 139 2614 &
154 2584 298 2622 prosperos
312 2584 345 2614 ad
363 2593 428 2614 vota
441 2585 592 2624 successus,
611 2595 678 2615 cum
689 2587 770 2616 omni
786 2585 896 2616 sei-vitio
910 2588 943 2617 &
957 2586 1075 2617 honore.

141 2622 268 2653 Noverit
289 2622 378 2653 vestra
392 2622 482 2662 Regia
497 2622 642 2654 Celsitudo
656 2625 733 2663 quod
749 2634 801 2654 nos
815 2625 950 2663 fecimus,
968 2626 1168 2657 constituimus

104 2661 139 2691 &
158 2660 323 2692 ordinamus
345 2661 545 2693 Procuratores
565 2662 692 2701 nosti-os,
712 2663 846 2702 Astores,
865 2663 1011 2701 sindicus,
1031 2664 1072 2695 G.
1092 2665 1168 2695 Wil-

102 2699 230 2730 lielmum
253 2700 323 2730 Arn-
343 2699 379 2730 de
396 2700 510 2739 Marta,
530 2701 664 2731 Pontium
687 2701 723 2731 de
746 2700 864 2739 Menta,
882 2702 915 2732 &
930 2701 1099 2741 Magistrum
1115 2704 1170 2734 Ar-

103 2739 204 2769 merici
217 2738 253 2768 de
267 2737 410 2768 Viridario
425 2738 589 2778 Clericum,
607 2739 700 2770 fideles
712 2739 833 2779 vestros,
851 2742 884 2772 &
899 2743 1054 2779 quemlibet
1066 2752 1167 2773 eorum

103 2779 134 2807 in
150 2776 288 2813 solidum,
306 2777 342 2807 ita
355 2777 433 2816 quod
445 2788 505 2808 non
521 2779 552 2808 sit
568 2779 666 2808 melior
681 2779 809 2809 conditio
823 2789 897 2809 occu
918 2781 1003 2819 antis,

143 2815 189 2846 Ad
199 2814 426 2853 justificandum,
442 2816 684 2848 comfirmandum
697 2817 731 2848 δε
751 2818 893 2857 approbari
915 2827 965 2848 um
976 2821 1170 2857 compromis-

105 2853 166 2884 sum
183 2854 228 2884 seu
243 2855 463 2894 compromissa,
478 2865 526 2895 per
541 2865 592 2885 nos
604 2855 712 2886 factum
726 2865 759 2886 ex
774 2864 850 2894 parte
862 2856 933 2895 una,
954 2857 988 2887 &
1004 2857 1165 2889 Dominum

104 2891 280 2931 Episcopum
301 2892 397 2923 Baion.
419 2904 472 2930 pro
489 2894 515 2923 se
538 2895 572 2925 &
586 2894 721 2932 Capitulo
734 2895 799 2933 suo,
818 2904 932 2926 necnon
945 2896 980 2926 &
996 2895 1165 2927 Menaldum

103 2931 139 2961 de
158 2932 262 2969 Aquis,
278 2933 324 2970 qui
345 2932 372 2961 se
390 2931 457 2962 dicit
471 2933 526 2963 esse
537 2932 702 2971 Clericum,
719 2943 753 2963 cx
766 2933 866 2972 altera,
884 2935 1020 2964 internos
1034 2935 1068 2965 &
1081 2946 1169 2967 vene-

102 2969 220 2999 rabilem
235 2976 342 3007 patrem
350 2969 520 3013 'Dominum
536 2971 632 3002 Baion.
645 2970 816 3010 Episcopum
826 2995 835 3010 ,
845 2982 928 3010 prout
943 2974 971 3002 in
984 2973 1108 3012 quodam
1125 2976 1169 3004 iri-

103 3007 263 3037 strumento
299 3007 410 3046 ublico,
428 3017 513 3039 manu
527 3008 603 3040 Petri
616 3010 651 3040 de
664 3011 813 3049 Bafuinhe,
831 3011 1010 3042 iherosanstae
1024 3011 1167 3043 Romanae

105 3044 241 3075 Ecclesiae
292 3054 361 3076 otar⁷
373 3047 511 3077 confesto
524 3048 631 3086 plenius
646 3051 824 3087 continetur,

142 3083 180 3114 Et
197 3083 230 3113 ad
251 3083 488 3127 promittendum,
505 3086 603 3116 nostro
621 3089 756 3127 nomine,
773 3098 890 3126 poenam
904 3089 1118 3128 quingentarum
1134 3089 1168 3119 li·-

104 3122 218 3152 brarum
237 3121 436 3162 sterlingorum
456 3124 553 3162 vobis,
572 3125 591 3154 si
610 3135 677 3165 nos,
696 3127 726 3156 in
745 3136 823 3166 toto,
841 3128 886 3158 vel
907 3128 936 3157 in
959 3136 1048 3166 parte,
1067 3138 1167 3159 contra

106 3159 231 3192 vestram
244 3160 455 3192 ordinationem
469 3163 637 3193 veniremus.

140 3198 271 3243 Necnon
293 3199 328 3230 ad
342 3200 512 3244 audiendum
526 3202 560 3232 &
572 3202 813 3242 omologandum,
830 3213 883 3242 pro
898 3205 997 3243 nobis,
1017 3205 1050 3236 ὃς
1065 3205 1164 3236 nostro

104 3247 242 3275 nomine,
259 3238 421 3276 arbitrium,
435 3239 792 3281 vestramaeordinationem,
810 3242 941 3280 laudum,
959 3243 1004 3274 seu
1019 3245 1102 3275 etiam
1116 3254 1168 3275 vo-

103 3276 258 3313 luntatem,
278 3277 355 3314 quod
381 3277 427 3308 vel
448 3287 532 3317 quam
554 3282 632 3318 iuper
646 3281 840 3311 controversiis
853 3281 898 3312 seu
910 3281 1051 3313 discordiis
1067 3283 1168 3320 praedi<

104 3314 165 3382 etisl
184 3314 268 3344 semel
286 3315 331 3345 vel
351 3314 470 3355 pluries,
495 3317 718 3358 quibuscumque
739 3319 826 3359 locis,
844 3321 926 3351 vobiS
947 3321 1079 3361 placuerit
1101 3331 1166 3362 pro-

106 3362 157 3383 mu
186 3363 251 3391 are,

179 3401 273 3422 ecnon
290 3391 324 3422 ad
339 3392 436 3422 omnia
452 3392 485 3422 &
498 3392 601 3433 singula
615 3393 741 3424 facienda
752 3404 816 3432 quae
829 3406 927 3428 coram
939 3398 1018 3429 vobi<
1032 3398 1166 3429 habemus

105 3430 140 3500 {gc
163 3430 329 3499 liapebimus
351 3430 481 3468 expedire
502 3432 532 3461 in
554 3432 714 3472 praemissis,
737 3435 822 3464 etiam
843 3436 863 3465 fi
880 3437 1041 3468 mandatum
1057 3439 1168 3477 exigant

156 3480 200 3500 cia
210 3479 225 3498 e

119 3479 251 3538 peRatun’n
272 3507 306 3538 &
325 3515 437 3547 gramm
450 3515 587 3546 perpetuo
600 3508 721 3539 habituri
736 3510 870 3550 quicquid
884 3521 952 3544 cum
964 3513 1040 3554 ipsis,
1059 3514 1102 3544 vel
1119 3523 1169 3543 eo-

103 3555 169 3577 rum
186 3547 288 3585 altero,
307 3545 406 3577 nostro
424 3548 559 3585 nomine,
576 3556 624 3584 per
646 3557 698 3578 vos
711 3547 788 3587 super
803 3551 948 3588 praemiffis
960 3553 1042 3583 fuerit
1054 3553 1168 3583 ordina-

65 3610 67 3612 -
104 3592 167 3616 tum

140 3623 197 3662 Et,
211 3622 246 3668 ad
268 3624 366 3654 omnia
387 3623 526 3661 praemissa
549 3624 582 3655 &
599 3623 710 3667 'singula
723 3624 913 3667 observanda,
930 3629 1087 3669 obligamus
1100 3639 1167 3668 nos,

104 3661 139 3692 δε
152 3671 249 3693 omnia
262 3662 339 3693 bona
353 3661 464 3701 nostra,
478 3662 621 3706 praesentia
633 3663 666 3693 &
682 3661 791 3706 sutur23
805 3665 839 3696 &
852 3666 914 3698 haec
927 3669 1078 3707 omnibus,
1097 3678 1169 3706 quo-

105 3709 169 3730 rum
182 3700 314 3740 interest,
334 3708 434 3731 tenore
446 3701 624 3741 praesentium
636 3709 807 3732 mtlmamus.

129 3737 176 3781 ‚In
193 3741 272 3778 cujus
290 3740 327 3770 iei
348 3738 544 3784 testimonium
563 3739 610 3784 has
632 3738 777 3777 praesentes
796 3740 898 3773 litteras
920 3743 1056 3784 fecimus,
1076 3743 1165 3785 sigillo

106 3773 192 3823 didi&
206 3778 311 3809 nostrae
328 3777 550 3809 Communitatis
562 3777 692 3818 sigillatas.

139 3849 209 3883 Dat.
224 3854 258 3884 δε
276 3855 373 3900 aetum
385 3855 431 3900 die
444 3853 552 3894 Lunae,
572 3855 602 3885 in
616 3853 702 3886 Festo
714 3853 921 3894 Apostolorum
932 3857 1058 3892 Simonis
1070 3860 1103 3893 δε
1113 3860 1132 3901 J
1135 3871 1167 3892 u-

107 3888 154 3920 dae
167 3889 256 3923 Anno
268 3892 395 3925 Domini
409 3893 493 3925 1280.

1214 199 1693 248 PUBL10A‚
2197 213 2277 262 189

2289 295 2364 326 Ann.
2379 295 2422 327 D.

2309 336 2394 365 1280.

1212 373 1270 402 Pro
1299 374 1525 408 Mercatoribus
1549 377 1754 422 Alemanniae,
1779 383 1832 427 qni
1858 383 1994 414 Domum
2009 380 2117 415 habent
2134 381 2268 416 London.
2287 375 2352 401 flav.
2374 384 2400 402 ¹⁰

1291 433 1353 466 quae
1379 423 1532 457 Gildehall
1557 427 1784 460 Teutonicorum
1803 429 1972 475 vulgariter
1991 441 2191 478 nuncupatur.

1213 504 1339 559 REX
1357 509 1489 539 omnibus
1509 509 1542 540 ad
1555 520 1641 550 quos,
1659 512 1719 542 &c.
1733 512 1856 544 salutem.

1211 544 1419 612 dudumCurn,
1437 549 1553 578 celebris
1573 552 1736 588 memoriae,
1754 551 1900 583 Dominus
1918 545 1959 582 H.
1981 553 2047 584 Rex
2067 562 2142 593 pater
2161 554 2272 594 noster,

2289 526 2342 552 An.
2357 527 2387 559 9.’

1418 587 1422 591 .
2291 567 2318 589 Ε.
2339 571 2361 590 ι.

1336 594 1384 620 pei·
1405 586 1505 616 litteras
1525 587 1580 617 suas
1601 597 1741 627 patentes,
1767 599 1832 627 quas
1851 592 2030 635 inspeximus,
2057 593 2090 623 ad
2111 593 2268 624 instantiam
2289 604 2346 628 Par.
2360 609 2392 637 9.

1214 620 1299 650 bonte
1322 626 1466 666 memoriae
1493 625 1607 656 Ricardi
1629 626 1830 658 Romanorum
1854 629 1941 668 Regis
1956 653 1965 667 ,
1997 630 2139 661 Avunculi
2160 631 2269 671 nostri,
2289 643 2319 666 Ε,
2341 648 2367 666 1.

1215 660 1383 691 concesserit
1398 662 1604 694 Mercatoribus
1619 664 1715 704 Regni
1730 665 1921 704 Alemanniae,
1940 668 2007 706 illis,
2024 669 2141 707 scilicet,
2158 672 2206 710 qui
2221 671 2271 701 ha·
2291 686 2328 705 m.
2349 684 2378 704 ι.

1214 697 1283 727 bent
1300 698 1421 742 domum
1442 703 1471 732 in
1493 702 1618 733 Civitate
1642 703 1777 734 London.
1793 715 1857 743 quae
1870 705 2020 736 Gildehalli
2035 707 2272 739 Teutonicorum

1215 736 1363 777 vulgariter
1384 749 1572 778 nuncupatur,
1589 741 1666 781 quod
1683 743 1822 774 universos
1841 744 1875 775 &
1893 744 2011 783 singulos
2033 754 2224 777 manuteneret
2238 748 2272 778 ὃς

1215 776 1347 820 servaret,
1372 786 1426 821 per⁴
1438 787 1531 822 totum
1551 779 1686 820 Regnum
1705 780 1799 820 suum,
1816 783 1845 812 in
1865 784 1999 813 omnibus
2018 783 2121 814 eisdem
2138 783 2273 817 libertati-

1216 812 1282 850 bus,
1300 815 1400 851 quibus
1420 821 1468 854 ipli
1486 817 1536 847 suis
1554 819 1587 848 &
1608 820 1821 859 progenitorum
1837 822 1951 851 suorum
1972 823 2145 860 temporibus
2160 824 2198 853 usi
2212 824 2274 855 fue-

1216 860 1281 880 runt
1299 853 1332 882 &
1351 854 1453 891 gavisi:
1480 855 1604 894 ipsosque
1627 866 1702 887 extra
1722 858 1880 896 hujusmodi
1899 860 2036 891 libertates
2048 862 2190 891 &liberas
2202 872 2274 893 con·
2323 863 2325 865 ’

1217 888 1371 933 suetudines
1386 895 1443 936 non
1458 894 1591 932 traheret,
1608 905 1661 926 nec
1675 896 1745 926 trahi
1759 898 1926 935 aliquatenus
1942 900 2127 936 permitterem
2146 909 2229 938 prout
2242 902 2273 931 in

1217 927 1312 970 litteris
1331 930 1470 968 praedietis
1484 955 1493 970 ,
1522 934 1640 971 praeFatis
1662 933 1868 967 Mercatoribus
1890 936 1956 966 inde
1975 937 2113 967 contestis
2125 960 2134 973 ,
2167 938 2276 976 plenius

1218 975 1394 997 continetur:

1220 1043 1226 1048 .
1256 1003 1324 1034 Nos
1344 1006 1445 1037 eisdem
1470 1007 1698 1048 Mercatoribus,
1725 1013 1843 1048 gratiam
1863 1012 1938 1043 illam
1959 1014 2115 1044 continuari
2138 1014 2276 1054 volentes,

1217 1044 1290 1086 ipsos
1308 1043 1482 1088 Mercatores
1494 1050 1666 1078 manuteneri
1681 1050 1714 1079 &
1727 1049 1826 1079 servari
1840 1051 1971 1080 volumus
1985 1053 2013 1081 in
2028 1053 2160 1082 omnibus
2174 1053 2276 1084 eisdem

1215 1081 1387 1124 libertatibus
1407 1084 1544 1115 &liberis
1557 1087 1821 1125 consuetudinibus,
1839 1089 1938 1125 quibus
1953 1090 2000 1127 ipsi
2013 1091 2114 1120 nostris
2127 1093 2159 1120 &
2175 1101 2276 1131 proge-

1217 1127 1342 1163 nitorum
1363 1121 1524 1153 nostrorum
1545 1125 1720 1162 temporibus
1738 1125 1776 1155 uli
1795 1126 1856 1155 sunt
1882 1127 1915 1156 &
1940 1128 2042 1165 gavisi;
2059 1129 2185 1166 ipsosque
2199 1139 2274 1161 extra

1218 1157 1376 1196 hujusmodi
1398 1161 1536 1192 libertates
1557 1163 1590 1192 &
1611 1163 1708 1193 liberas
1730 1163 1943 1194 consuetudines
1959 1175 2016 1194 non
2031 1168 2190 1205 trahemus,
2203 1178 2275 1207 nec,

1217 1205 1354 1264 qupntum
1368 1199 1398 1228 iri
1412 1200 1493 1268 igpbis
1506 1200 1561 1239 est,
1576 1201 1743 1241 aliquatenus
1757 1202 1828 1232 trahi
1841 1203 2042 1240 permittemus.

1268 1246 1287 1265 n
1302 1246 1396 1276 cujus,
1447 1248 1474 1268 c.

1253 1311 1342 1343 Teste
1362 1313 1443 1353 Rege
1461 1314 1535 1353 apud
1549 1314 1676 1346 Westm.
1695 1325 1739 1355 17,
1754 1316 1800 1347 die
1813 1316 2000 1348 Novembris.

1266 1433 1293 1460 ’χε
1318 1439 1367 1470 De
1389 1437 1524 1470 tranatu
1541 1441 1620 1471 inter
1637 1441 1727 1486 Reges
1745 1442 1875 1472 Franciae
1891 1443 1928 1478 ὠ·
1947 1438 2070 1483 Castellae
2084 1440 2234 1475 mediante

1573 1490 1709 1534 Principe
1727 1489 1926 1522 Salernitana.

1216 1568 1281 1628 D
1290 1568 1404 1600 Omino
1424 1571 1491 1614 suo,
1504 1571 1648 1616 Johannes
1662 1572 1698 1603 de
1704 1554 1862 1618 'Greyliaco
1872 1574 1897 1604 se
1911 1581 2029 1618 toturn„
2179 1615 2183 1620 Ι

1337 1608 1471 1640 Domino
1493 1610 1624 1651 PrinCipe
1645 1611 1748 1642 Salerni
1760 1611 1869 1643 afflicto
1884 1613 2091 1652 multiplieiter,
2110 1622 2144 1643 ex
2156 1613 2275 1646 discursu

2294 1446 2428 1480 *11.i62.⁴

2294 1574 2369 1605 Ann.
2384 1574 2427 1606 D.

2293 1623 2298 1648 g
2313 1614 2397 1644 1280.

1216 1645 1232 1674 a
1254 1644 1359 1689 Monte
1379 1647 1523 1680 Martiano
1542 1649 1615 1688 apud
1633 1649 1728 1680 Baion.
1745 1651 1778 1681 δε
1793 1651 1810 1680 ὲ
1824 1652 1978 1690 converso,
1997 1652 2109 1681 tandem
2122 1653 2245 1684 obtinuit
2258 1655 2273 1684 a
2292 1656 2344 1680 Aa.
2361 1663 2389 1688 9-

1217 1683 1353 1716 Dominis
1372 1686 1423 1716 sibi
1441 1689 1516 1719 mitti
1540 1688 1627 1728 Aquis
1647 1690 1721 1719 viros
1738 1688 1871 1720 discretos
1886 1689 1922 1720 de
1935 1690 2051 1720 consilio
2065 1691 2220 1730 utriusque,
2238 1693 2272 1723 &
2292 1695 2322 1719 E·
2346 1700 2371 1718 1-

1217 1723 1274 1766 sere
1290 1733 1340 1760 per
1353 1724 1535 1762 septimanam
1548 1728 1665 1757 tractato
1677 1737 1745 1758 cum
1760 1729 1813 1766 eis,
1831 1730 1863 1758 &
1877 1729 2025 1759 modicum
2036 1728 2181 1768 expedito,
2196 1732 2274 1761 venit

1216 1761 1294 1791 idem
1316 1761 1452 1801 Princeps
1472 1765 1633 1804 Baioniam,
1653 1767 1685 1797 &
1709 1765 1824 1796 finaliter
1836 1776 1896 1797 non
1910 1768 2016 1797 invenit
2029 1768 2106 1805 quod
2121 1770 2272 1806 quicquam

1217 1799 1327 1845 daretur
1345 1801 1405 1832 filiis
1420 1802 1545 1834 Domini
1559 1804 1582 1834 F
1583 1804 1714 1843 ernaudi,
1732 1805 1819 1835 bonae
1834 1807 1999 1845 memoriae,
2017 1807 2067 1836 nisi
2080 1806 2216 1846 Regnum
2229 1807 2278 1846 Ja-

1218 1837 1314 1868 hennii
1335 1840 1367 1871 &
1388 1841 1422 1871 ad
1464 1842 1503 1873 lus
1524 1843 1684 1881 quingentae
1917 1844 1976 1875 fitae
1992 1845 2025 1875 in
2039 1846 2120 1875 certis
2132 1847 2224 1885 terris,
2244 1847 2278 1878 &

1217 1877 1295 1917 quod
1310 1878 1372 1909 haec
1387 1880 1423 1910 de
1470 1883 1573 1911 omino
1588 1881 1703 1912 Sanctio
1719 1889 1889 1913 tenerentur.

1256 1914 1449 1960 Et-accedens
1470 1920 1504 1950 ad
1526 1919 1681 1959 Montem,
1706 1920 1735 1950 id
1755 1920 1891 1951 Domino
1913 1920 1991 1960 Regi
2010 1920 2155 1961 Franciae,
2181 1922 2214 1953 &
2230 1922 2280 1954 suo

1221 1952 1348 1986 Conlilio
1362 1958 1528 1997 explicavit,

1258 1993 1319 2033 Qi
1340 1995 1494 2033 plurimum
1512 1996 1653 2036 dedignati
1690 2005 1725 2027 ex
1744 1997 1888 2028 oblatione
1907 1996 2061 2038 praediciti,
2080 1997 2279 2030 deliberatione

1219 2031 1500 2104 habita21quasidcum
1513 2036 1647 2066 omnibus
1661 2019 1840 2075 Magnanbus
1856 2037 1912 2067 siiae
1925 2035 2100 2075 Comitivae‚
2119 2037 2216 2069 oblata
2229 2048 2279 2078 pe·

1219 2079 1293 2101 nitus
1305 2081 1332 2101 v1
1345 2083 1410 2111 iperi
1430 2083 1465 2104 it·

1256 2109 1294 2141 Et
1314 2110 1341 2140 se
1363 2111 1433 2142 dixit
1451 2098 1603 2143 riuiiatenus
1615 2112 1796 2144 admisturum
1811 2114 1902 2144 minus
1938 2114 2003 2144 isam
2017 2113 2156 2153 Regnum
2171 2113 2281 2146 Castel-

1219 2147 1270 2187 lae,
1287 2148 1333 2179 vel
1355 2150 1508 2190 Legionis,
1527 2151 1574 2189 &,
1593 2161 1660 2182 cum
1676 2161 1774 2182 eorum
1794 2152 1898 2191 altero,
1915 2154 1964 2183 aia
1979 2152 2040 2183 satis
2059 2161 2166 2192 magna.

1259 2187 1297 2218 Et
1331 2191 1431 2227 ropere
1442 2190 1478 2220 de
1495 2189 1601 2221 Monte
1615 2190 1740 2228 receffit,
1758 2191 1788 2220 in
1801 2191 1893 2230 vigilia
1905 2192 1978 2221 beati
1990 2191 2118 2221 Thomae
2131 2191 2279 2230 Apostoli,

1219 2228 1253 2258 &
1268 2226 1316 2257 Fei
1333 2239 1383 2258 um
1396 2228 1508 2259 Natalis
1522 2228 1646 2258 Domini
1663 2229 1736 2266 apud
1751 2228 1809 2258 Mo
1829 2230 1932 2259 {iacum
1946 2229 2108 2259 celebrabit.

1255 2265 1392 2305 Princeps
1405 2269 1474 2297 vero
1489 2267 1635 2298 Baioniam
1649 2269 1729 2297 rediit
1762 2268 1795 2298 &
1808 2279 1822 2297 a
1836 2267 1970 2298 Domino
1983 2267 2066 2307 Rege
2079 2266 2227 2306 Castellae,
2246 2268 2280 2298 δε

1215 2305 1270 2336 suis
1282 2305 1342 2336 filiis
1357 2317 1459 2344 congem
1473 2307 1502 2336 in
1516 2306 1667 2336 crastinum
1683 2306 1723 2336 Fe
1749 2307 1758 2335 i
1772 2306 1845 2336 beati
1856 2306 1984 2337 Thomae
1999 2305 2144 2346 praediffl,
2162 2306 2196 2337 &
2207 2305 2282 2346 apud

1218 2345 1306 2380 Aquis
1320 2344 1435 2374 Festum
1449 2344 1559 2376 Natalis
1573 2344 1696 2375 Domini
1709 2344 1875 2375 celebrabit:

1253 2382 1319 2421 Ego
1340 2385 1428 2421 vero,
1445 2383 1480 2413 de
1493 2383 1626 2414 mandato
1641 2383 1763 2413 Domini
1780 2383 1866 2422 Regis
1880 2383 2023 2421 Franciae,
2039 2392 2108 2413 curn
2121 2393 2157 2412 eo
2168 2392 2281 2413 reman-

1217 2422 1251 2460 si,
1271 2422 1304 2452 ὃς
1319 2421 1409 2460 ipsum
1422 2423 1615 2452 concomitare
1629 2431 1761 2461 propono
1776 2422 1858 2459 usque
1871 2422 1905 2451 ad
1922 2422 2042 2451 Fontem
2058 2420 2216 2451 Rabidum·
2238 2423 2281 2451 vi-

1215 2460 1335 2498 delicet,
1351 2461 1484 2498 quamdiu
1505 2460 1584 2490 durat
1597 2469 1669 2491 terra
1682 2460 1788 2498 vestra;
1803 2459 1870 2490 inde
1885 2459 2049 2490 Dominum
2065 2459 2178 2499 Regem
2218 2470 2281 2490 ran-

1216 2500 1270 2530 ciae
1292 2501 1433 2536 sequturus
1453 2499 1612 2528 festinanter
1630 2498 1663 2528 ad
1685 2507 1774 2537 partes
1795 2498 1985 2535 T'holosanas,
2003 2497 2037 2527 ad
2057 2507 2123 2538 quas
2147 2498 2173 2527 se
2196 2498 2278 2530 trahit

1215 2547 1269 2574 pro
1284 2536 1470 2568 parliamento
1486 2537 1616 2568 habendo
1629 2546 1697 2567 cum
1716 2536 1851 2566 Domino
1865 2536 1947 2578 Rege
1963 2537 2086 2604 Aragon.
2101 2536 2134 2567 &
2188 2536 2280 2566 stmo⁴

1215 2576 1286 2605 dum
1309 2585 1459 2606 revertetur
1481 2577 1509 2605 in
1530 2575 1695 2613 Franciam,
1714 2584 1749 2605 ex
1762 2583 1838 2613 parte
1851 2575 1948 2606 Santfi
1964 2574 2014 2614 Eg·
2037 2575 2055 2604 ii
2068 2585 2118 2613 per
2165 2574 2276 2615 igorda·

1216 2624 1294 2643 nam.

1252 2652 1289 2683 Et
1309 2662 1325 2681 e
1344 2661 1381 2690 ο,
1405 2661 1473 2682 cum
1496 2650 1635 2690 Magistro
1655 2650 1784 2687 Boneto,
1807 2650 1896 2682 credo
1918 2651 2060 2682 intendere
2081 2652 2160 2682 circa
2180 2653 2280 2697 inque-

1216 2690 1287 2759 {iam
1338 2691 1480 2730 aturcinii,
1497 2700 1565 2721 cum
1584 2691 1719 2731 deputatis
1732 2691 1748 2721 a
1762 2690 1898 2721 Domino
1913 2686 1996 2731 Rege
2008 2690 2153 2730 Franciae,
2171 2690 2276 2722 facien-

1238 2739 1292 2759 am.

1255 2767 1374 2800 Videtur
1391 2768 1502 2807 multis,
1524 2768 1559 2798 &
1578 2767 1615 2798 sic
1635 2767 1778 2806 intelligo,
1794 2766 1873 2808 quod
1894 2767 2018 2798 Domini
2040 2766 2150 2807 Reges,
2169 2766 2280 2799 Princi-

1215 2815 1262 2845 pes
1268 2807 1329 2876 ,ἅδε
1352 2805 1500 2875 ligagnates
1515 2807 1611 2837 caeteri
1623 2805 1759 2837 recedunt
1773 2807 1846 2837 bene
1863 2805 2008 2845 contenti,
2026 2805 2060 2836 &
2073 2806 2163 2846 pacati
2175 2806 2212 2837 de
2225 2816 2279 2838 vo-

1215 2846 1258 2876 bis
1325 2856 1360 2875 ve
1388 2847 1428 2875 ris.

1252 2884 1340 2922 Super
1360 2883 1454 2914 vestro
1473 2882 1596 2914 adventu
1614 2882 1649 2913 ad
1669 2891 1758 2922 partes
1780 2882 1859 2921 istas,
1876 2882 1913 2913 de
1928 2892 1985 2921 quo
1999 2882 2060 2913 alias
2073 2881 2157 2913 vobis
2169 2882 2259 2922 scripfi

1214 2932 1282 2952 cum
1303 2922 1443 2960 diligentia
1467 2922 1629 2959 providete,
1646 2922 1781 2959 susceptio
1801 2931 1924 2959 namque
1944 2921 2143 2990 homagiorum
2159 2906 2278 2961 Agenes.

1215 2961 1248 2990 &
1268 2963 1388 2991 retentio
1410 2959 1571 2991 vestrorum
1587 2959 1718 2999 jurium,
1754 2969 1797 2990 uae
1816 2971 1864 3000 per
1887 2959 2004 2999 Burdeg.
2030 2960 2169 2999 pecialiter
2183 2959 2279 2991 absor-

1214 2999 1332 3038 bentur,
1348 3000 1381 3030 &
1401 2999 1451 3030 alia
1470 2999 1606 3039 plurima,
1623 2998 1683 3028 satis
1701 2970 1803 3037 ardua,
1825 2998 1978 3029 adventum
1999 2997 2124 3029 vestrum
2144 2998 2279 3030 festinum

1213 3038 1372 3077 requirunt,
1397 3038 1463 3067 licet
1481 3039 1510 3068 in
1534 3037 1610 3074 pacis
1627 3037 1771 3067 dictorum
1792 3037 1992 3068 reformatione
2010 3036 2088 3068 labor
2107 3036 2213 3076 vester,
2230 3046 2278 3068 aut

1213 3076 1321 3107 alterius
1337 3076 1535 3115 cujuscumque
1550 3074 1584 3105 ad
1597 3075 1715 3114 praesens
1730 3075 1914 3106 frustratorius
1929 3074 2063 3106 videatur.

1251 3114 1340 3145 Soror
1356 3114 1479 3145 Domini
1494 3113 1521 3144 A
1542 3113 1640 3144 merici
1653 3113 1689 3143 de
1701 3113 1842 3144 Narbona
1856 3113 1897 3144 est
1909 3113 2026 3145 addudta
2040 3113 2193 3153 Baionam,
2212 3113 2279 3144 Do-

1213 3154 1294 3221 }niiciio
1317 3153 1422 3192 Petro,
1441 3152 1500 3182 filio
1550 3152 1643 3182 omini
1660 3151 1747 3192 Regis
1764 3151 1913 3192 Castellae,
1930 3153 2172 3185 matrimonialiter
2187 3162 2280 3190 coptia

1224 3202 1256 3222 an
1279 3201 1302 3221 a.

1248 3229 1391 3260 Rumores
1404 3229 1471 3260 alios
1484 3228 1577 3260 nescio
1590 3227 1692 3268 dignos
1705 3228 1799 3260 relatu.

1250 3305 1318 3337 Dat.
1337 3305 1434 3338 Baion.
1453 3306 1499 3337 die
1514 3305 1606 3336 Lunae
1617 3313 1683 3336 ante
1696 3305 1808 3337 die’tum
1823 3305 1939 3337 Festum
1952 3305 2072 3336 Natalis.

1317 3433 1366 3465 De
1388 3433 1539 3477 Homagio
1566 3428 1692 3463 Othonis
1717 3434 1799 3465 Com.
1827 3431 1961 3464 Palatini
1985 3428 2172 3477 Burgundiae.

1296 3516 1355 3547 OS
1374 3516 1473 3554 Otho,
1493 3515 1603 3546 Comes
1623 3515 1761 3546 Palatinus
1782 3515 1969 3554 Burgondiae,
1992 3515 2025 3545 δε
2044 3514 2187 3544 Dominus
2209 3513 2278 3545 Sali-

1308 3566 1373 3586 nen.
1395 3564 1494 3585 notum
1512 3553 1629 3584 facimus
1651 3555 1799 3593 universis,
1817 3554 1962 3594 praesentes
1983 3553 2084 3583 litteras
2098 3552 2146 3582 ins
2159 3553 2275 3592 ediuris,

1213 3593 1288 3632 quod
1305 3604 1356 3624 nos
1371 3602 1513 3629 tenemus,
1533 3594 1560 3622 in
1573 3593 1659 3623 feodo
1674 3594 1708 3624 &
1723 3593 1753 3622 in
1770 3593 1839 3623 hom
1876 3594 1921 3630 io,
1938 3592 1974 3622 ab
1989 3592 2133 3622 excellenti
2158 3601 2219 3622 imo
2233 3593 2277 3624 vi-

1213 3642 1264 3670 ro,
1284 3631 1417 3662 Domino
1433 3630 1576 3661 Edwardo
1610 3630 1706 3661 divina
1726 3630 1827 3670 gratia,
1841 3602 1928 3669 {ege
1942 3630 2070 3668 Angliae,
2087 3629 2173 3661 Duce
2187 3630 2212 3660 A
2234 3632 2275 3661 ui-

1212 3672 1313 3707 taiiiae,
1327 3671 1360 3701 ὃς
1375 3669 1507 3707 Principe
1522 3654 1676 3708 Dirsande,
1693 3669 1878 3708 Pontarliam,
1893 3670 1926 3699 &
1940 3668 2155 3708 Castellaniam,
2170 3669 2203 3700 &
2244 3679 2275 3700 e-

2296 1734 2334 1756 Ex
2352 1733 2426 1763 Eun-¹

2296 1767 2344 1794 del.
2363 1770 2392 1794 in

2298 1807 2382 1834 Tum‘.

2297 3511 2373 3543 Ann.
2386 3511 2430 3547 D.

2319 3552 2402 3582 1280.

2294 3594 2348 3617 An.
2364 3600 2392 3629 9.

2295 3632 2323 3656 E.
2347 3638 2370 3657 i.

2293 3671 2323 3694 L.
2338 3667 2406 3704 Rs.

1212 3709 1324 3749 digium
1335 3708 1456 3753 ejusdem
1468 3708 1543 3746 loci,
1561 3708 1595 3739 &
1608 3716 1703 3738 totum
1716 3707 1783 3737 illud
1799 3709 1875 3746 quod
1890 3707 2026 3738 habemus
2037 3717 2074 3738 en
2089 3705 2191 3746 veras,
2203 3717 2274 3739 curn
2294 3715 2356 3740 277·
2377 3704 2403 3731 b-

1213 3747 1355 3786 apenditiis
1370 3745 1544 3776 eorumdem.

1249 3786 1321 3816 [tem
1342 3784 1559 3822 Calamontem,
1577 3784 1611 3815 &
1625 3783 1753 3824 Joygne,
1769 3784 1802 3814 &
1823 3783 1847 3814 la
1860 3781 2048 3822 Chandarlie,
2064 3793 2133 3814 cum
2147 3783 2198 3815 suis
2212 3795 2276 3823 per-

1212 3825 1333 3856 tinentiis
1353 3823 1502 3891 uniiitprsis,
1519 3830 1603 3860 prout
1622 3831 1701 3853 tenet
1718 3823 1733 3853 a
1753 3819 1834 3852 nobis
1848 3821 1993 3860 johannes
2011 3821 2047 3853 de
2071 3821 2231 3863 cabilone,
2247 3833 2277 3854 a-

1213 3863 1472 3932 vulngfflubffiffless
1493 3898 1530 3928 de
1548 3896 1625 3937 Jou,
1649 3907 1718 3928 cum
1738 3897 1789 3928 suis
1806 3897 1970 3936 appenditiis
1984 3921 1994 3937 ,
2015 3905 2101 3937 prout
2118 3899 2208 3930 dietus
2228 3898 2280 3936 Jo-

1212 3940 1316 3970 hannes
1335 3938 1372 3969 de
1392 3937 1532 3968 Cabilone
1547 3960 1557 3976 ,
1579 3937 1732 3967 avunculus
1754 3935 1864 3975 noster,
1890 3945 1966 3968 tenet
1986 3939 2001 3968 a
2015 3937 2097 3968 nobis
2114 3939 2198 3968 ariere
2218 3938 2280 3967 feo·

1215 3979 1294 4047 duffi-
1332 4014 1444 4045 raedifila
1463 4014 1560 4044 omnia
1581 4012 1767 4052 confitemur,
1783 4013 1817 4045 &
1837 4012 2062 4054 recognoscimus
2084 4023 2136 4044 nos
2148 4022 2242 4043 tenere
2257 4013 2274 4043 a

1213 4054 1294 4085 dieto
1349 4055 1450 4083 omino
1472 4052 1554 4092 Rege
1572 4053 1602 4082 in
1622 4052 1710 4082 feodo
1731 4052 1764 4082 &
1783 4052 1934 4092 homagio,
1960 4051 2111 4082 secundum
2132 4050 2211 4089 quod
2231 4051 2275 4082 su-

1214 4094 1306 4134 perius
1319 4091 1360 4124 est
1374 4090 1548 4132 expreffum3
1562 4090 1632 4124 salva
1647 4090 1776 4121 fidelitate
1788 4091 1952 4123 nostrorum
1963 4090 2172 4122 Dominorum.

1697 4128 1749 4160 Aa
1773 4138 1787 4168 3
2244 4124 2281 4155 In

2289 3747 2359 3772 Penes
2373 3745 2429 3776 Gne,

2293 3791 2392 3817 meran,
