2570 4261
43 223 118 257 Ann.
132 217 174 252 D.

67 270 150 300 1292.

42 302 121 331 Edv„
133 308 157 328 ι.

49 1363 67 1382 ·
75 1362 182 1401 ηςεε.

49 2182 127 2215 Ann-
135 2180 177 2213 D.

74 2231 159 2261 1292.

45 2264 162 2290 conven-

46 2299 83 2328 tio
95 2297 158 2327 ulti·

45 2346 171 2405 zain:

62 2904 105 2930 M.
125 2908 172 2937 24.

769 131 881 174 ET
964 134 1226 177 ACTA

192 213 240 254 οἱς
279 224 308 247 er
322 215 400 256 quod
412 213 540 254 supponit
553 213 629 248 idem
644 213 934 261 Regnum'subjacere
948 219 1002 260 legi
1017 222 1169 252 communi
1185 245 1194 259 ,
1212 221 1245 252 &

195 254 232 285 fic
257 256 400 299 ecundurn
416 256 488 295 leges
502 256 609 286 easdem
620 255 683 299 ⁴esse
696 257 838 295 partibile,

231 292 359 332 Aliasque
380 294 559 338 quamplures
578 302 695 338 rationes
714 304 874 339 proponens
888 319 897 333 ,
923 306 972 334 per
992 307 1057 335 quas
1077 296 1247 335 praedietum

191 330 327 372 Regnum
343 333 448 364 Scotiae
462 333 519 363 else
532 332 658 370 partibile
672 332 820 363 ostendere
834 335 979 365 nitebatur.

228 407 268 439 Et
281 407 361 446 super
375 407 434 438 hoc
447 408 525 439 venit
539 407 668 445 praefatus
682 407 825 439 Robertus
847 409 883 439 de
900 408 984 448 Brus,
1002 411 1050 448 qui
1063 410 1185 441 similiter
1199 421 1247 448 pe⁴

192 448 227 477 tit
242 456 292 484 pro
314 455 401 476 artem
415 446 490 476 suam
501 469 509 484 ,
527 446 760 483 scilicet,tertiam
772 456 877 484 partem
892 447 927 477 de
942 449 1075 479 omnibus
1089 451 1166 479 terris
1174 450 1247 479 Sco-

191 485 258 522 tiae,
277 484 295 513 li
318 485 466 522 erratibus,
484 493 553 514 curn
574 485 708 514 omnibus
727 487 897 522 pertinentiis
921 488 1054 524 (exceptis
1076 489 1192 518 nomine
1212 489 1245 517 ὃς

191 522 328 560 dignitate
347 522 464 561 Regiis,
487 522 523 552 de
542 523 643 560 quibus
664 522 819 553 Alexander
842 524 953 554 ultimus
974 525 1038 555 Rex
1054 525 1159 556 Scotiae
1173 527 1246 556 obiit

190 559 304 597 seisitus)
318 570 371 598 pro
387 571 422 590 eo
436 560 517 599 quod
530 568 605 590 totus
626 562 714 590 exitus
734 561 854 600 ejusdem
871 562 1020 593 Alexandri
1034 563 1074 594 est
1091 564 1247 602 extinctus,

189 607 240 635 per
255 607 381 629 mortem
394 598 562 639 Margaretae
580 597 644 628 filiae
664 598 750 638 Regis
761 600 794 630 N
797 602 928 639 orxvegiae
941 625 951 639 ‚
968 602 1005 631 de
1019 612 1073 640 qua
1086 603 1247 632 refortieba⁴

191 644 237 666 tur
256 637 299 674 jus
322 636 519 675 praedietarum
539 645 675 667 terrarum
691 660 700 675 ,
724 639 757 668 &
780 639 898 668 resortiri
909 638 1006 670 debuit
1022 640 1133 670 cuidam
1151 640 1246 670 David

192 674 307 706 Comiti
321 675 557 716 Huntyndoniae,
577 675 651 705 fratri
669 675 755 715 Regis
771 677 938 715 Willielmi,
957 678 1013 709 Avi
1034 679 1161 717 praediCci
1180 679 1247 708 Ale-

192 713 308 752 xandri‚
327 715 361 745 &
376 715 475 752 proavi
489 713 633 752 praedietae
650 714 830 754 Margaretae:

230 751 269 783 Et
288 753 324 782 de
343 753 403 790 ipso
423 752 520 783 David
543 752 684 783 descendit
702 754 745 792 jus
760 778 770 791 ,
795 756 828 785 &
844 753 1012 785 descendere
1024 755 1120 786 debuit
1134 756 1247 793 quibus-

192 788 276 828 dam,
295 790 480 830 Margaretae,
496 790 649 829 Ysabellae,
667 792 700 822 &
713 791 801 831 Adae,
818 792 925 823 filiabus
939 793 1021 831 ipfius
1036 793 1151 832 David,
1169 803 1199 824 ut
1214 793 1248 823 fi-

193 828 300 867 habas,
316 830 350 860 &
363 830 411 859 uni
426 829 544 859 haeredi:

233 866 271 898 Et
286 867 322 897 de
337 867 474 906 praediCta
489 867 619 898 Ysabellci
635 867 776 899 descendit
786 869 848 908 jus,
867 871 901 901 ὃς
917 869 1084 901 descendere
1095 870 1209 909 debuit,
1219 878 1249 901 ut

193 904 231 936 de
245 914 374 946 proparte
389 906 452 945 sui,
471 906 514 937 isti
528 906 677 943 Roberto,
696 908 745 945 qui
760 918 836 937 nunc
851 909 937 946 petit,
955 917 986 938 ut
999 903 1057 939 filio
1071 910 1103 939 ὃ(
1119 910 1232 939 haeredi.

234 944 335 983 Qiam
371 944 465 975 uidem
485 953 645 983 propartem
662 944 739 975 idem
754 944 898 977 Robertus
917 947 1017 977 clamat
1032 954 1144 985 tenere,
1163 948 1190 976 in
1204 957 1250 978 ca-

193 982 253 1020 pite
268 1006 277 1020 ,
301 982 338 1014 de
393 985 494 1013 omino
516 983 565 1014 suo
586 983 671 1021 Rege
690 983 802 1023 Angliae
814 1008 824 1023 ,
849 985 987 1024 superiore
1008 984 1141 1016 Domino
1156 985 1252 1026 Regni

193 1021 318 1060 Scotiae,
338 1031 387 1059 per
400 1022 574 1061 homagium.

234 1058 272 1090 Et
286 1061 353 1098 petit
368 1060 445 1091 idem
462 1060 603 1091 Robertus
617 1060 653 1091 de
668 1059 804 1091 Domino
819 1060 868 1091 suo
882 1060 964 1101 Rege
978 1085 988 1099 ,
1007 1061 1084 1100 quod
1096 1061 1251 1092 secundum

194 1096 289 1138 legem
316 1108 503 1129 communem
530 1099 625 1139 Regni
646 1098 757 1138 Angliae
774 1099 879 1137 justitia
891 1100 941 1129 sibi
955 1099 1017 1138 fiat3
1036 1100 1158 1131 {imiliter
1172 1111 1253 1138 quasn

197 1137 264 1167 dam
285 1139 405 1168 rationes
426 1137 561 1169 inducens
573 1161 583 1176 ,
600 1146 650 1178 per
661 1146 728 1176 quas
740 1137 909 1175 praedietum
925 1138 1063 1176 Regnum
1075 1138 1181 1169 Scotice
1195 1139 1252 1169 esse

196 1176 323 1213 partibile
337 1177 490 1207 conabatur
504 1176 624 1214 probare

236 1213 291 1253 Et,
308 1214 373 1245 licet
385 1223 442 1245 tam
455 1215 489 1245 ad
502 1215 620 1245 rationes
635 1213 760 1252 praedieti
771 1214 907 1252 Johannis
919 1214 956 1244 de
970 1213 1146 1254 Hastynges,
1166 1216 1252 1254 quam

196 1251 267 1283 dieti
286 1252 407 1283 Roberti
427 1254 463 1283 de
484 1252 552 1283 Brus
567 1277 576 1290 ,
594 1261 642 1290 pet
655 1253 822 1289 praedietum
832 1252 995 1290 johannem
1007 1252 1043 1283 de
1057 1253 1175 1284 Balliolo
1189 1255 1255 1284 fuis-

197 1290 237 1322 set
273 1299 303 1321 ut
317 1291 480 1329 videbatur,
497 1290 666 1321 sufficienter
679 1291 858 1329 responsum,

236 1314 370 1360 131aefatus
382 1338 477 1360 tamen
489 1328 635 1359 Dominus
645 1328 725 1366 Rex,
742 1329 821 1366 super
834 1328 986 1359 rationibus
1001 1330 1163 1360 memoratis
1178 1331 1254 1368 (quae

196 1368 226 1398 in
243 1367 388 1405 praesentia
401 1368 462 1406 sua,
479 1378 512 1398 ac
529 1367 700 1398 Auditorum
714 1367 916 1404 praedictorum
928 1391 937 1405 ‚
963 1367 981 1386 '¹‘
1000 1369 1034 1398 &
1052 1369 1135 1398 totius
1150 1368 1254 1399 Confi-

197 1406 226 1437 lii
240 1406 295 1445 sui,
316 1406 398 1437 ieetae
412 1407 446 1438 &
459 1407 580 1437 recitatae
593 1406 724 1444 fuerunt,
744 1406 777 1436 &
790 1414 858 1435 cum
874 1405 973 1444 magna
994 1406 1135 1444 diligentia
1147 1408 1253 1438 exami-

195 1444 279 1482 nacae)
301 1444 402 1475 volens
420 1444 528 1485 plenius
549 1443 718 1481 deliberare,
737 1444 771 1474 &
784 1443 937 1474 consultius
950 1444 984 1474 &
997 1443 1085 1474 sanius
1099 1445 1254 1482 procedere

195 1483 226 1514 in
241 1482 402 1521 praemiffis‚
418 1483 545 1522 quaesivit
557 1484 592 1512 ab
605 1482 768 1520 Episcopis,
786 1482 908 1513 Praelatis
929 1481 1093 1513 Comitibus
1108 1506 1117 1521 ,
1137 1483 1253 1514 Batoni-

194 1522 266 1561 bus,
284 1521 452 1553 Proceribus
467 1546 477 1560 ,
499 1522 533 1553 &
555 1521 751 1558 Magnatibus,
770 1531 802 1551 ac
817 1520 999 1551 Auditoribus
1012 1521 1174 1561 antediffls,
1191 1523 1225 1553 &
1238 1523 1254 1553 “a

193 1568 258 1592 toto
275 1560 404 1591 Consilio
418 1562 484 1599 suo,
502 1560 539 1590 de
552 1568 673 1597 utroque
688 1559 807 1598 Regno,

231 1599 281 1630 An
297 1599 436 1637 Regnum
451 1599 556 1629 Scotiae
571 1598 603 1628 sit
619 1598 768 1635 partibile?

208 1645 211 1647 ·
231 1637 287 1675 Et,
304 1638 323 1668 fi
343 1638 420 1699 iden}
439 1637 575 1677 Regnum
596 1644 657 1667 non
672 1636 703 1667 sit
716 1636 860 1674 partibile,
879 1645 914 1666 an
927 1635 1051 1668 Escaetae
1064 1638 1097 1669 δε
1111 1636 1255 1676 Acquifita

295 1686 307 1705 r
323 1677 327 1682 '
351 1677 394 1706 ilia
409 1702 414 1706 .

193 1676 294 1782 ῆῃὲἔί
309 1677 442 1758 guidem,
461 1713 544 1744 dietis
558 1712 759 1752 quaestionibus
776 1712 942 1751 intellectis,
961 1713 1161 1744 deliberatione
1174 1714 1254 1752 super

191 1752 253 1782 hoc
287 1752 362 1782 abita
374 1753 502 1789 diligenti
516 1775 526 1790 ,
552 1753 721 1782 unanimiter
736 1775 745 1790 ,
770 1752 803 1782 &
824 1752 1007 1782 concorditer
1029 1752 1231 1790 responderunt
1244 1777 1254 1791 ,

191 1790 272 1829 quod
288 1790 426 1828 Regnum
440 1791 545 1821 Scotiae
562 1801 622 1820 non
636 1791 677 1820 est
690 1791 832 1828 partibile,
850 1799 904 1820 nec
919 1789 1042 1821 Escaetae
1056 1791 1102 1821 seu
1124 1791 1255 1829 Aequisi-

192 1837 236 1866 ta,
253 1828 323 1859 infra
338 1829 474 1870 Regnum
488 1829 611 1868 Scotize,
629 1829 691 1860 sunt
704 1829 853 1867 partibilia,
873 1837 906 1858 ex
922 1839 981 1867 quo
995 1829 1029 1859 ad
1050 1839 1149 1860 manus
1162 1829 1253 1868 Regis

193 1867 318 1906 ejusdem
335 1867 431 1907 Regni
445 1868 631 1898 devenerunt.

269 1906 350 1936 uibus
363 1907 478 1944 auditis,
498 1906 648 1948 praedictus
662 1905 808 1936 Dominus
819 1907 886 1938 Rex
899 1906 1042 1947 assignavit
1061 1906 1195 1936 omnibus
1206 1916 1255 1944 pe·-

193 1945 264 1974 tenti
287 1955 317 1974 us
327 1944 471 1975 antedictis
483 1945 560 1975 diem
573 1954 671 1975 coram
683 1954 736 1981 eo,
754 1945 874 1984 scilicet,
895 1945 972 1975 diem
987 1945 1077 1983 lunae,
1095 1945 1255 1982 proximam

193 1981 261 2020 post
276 1982 389 2013 Festum
406 1983 501 2014 Saneti
516 1983 652 2021 Martini,
667 1984 696 2013 in
710 1982 906 2014 Parleamento
919 1983 1075 2022 praedicto,
1093 1982 1127 2013 ad
1141 1983 1257 2013 audien-

193 2020 231 2051 da
241 2020 353 2060 Judicia
364 2022 425 2061 sua,
443 2022 524 2060 super
539 2022 589 2052 suis
604 2022 786 2059 petitionibus
798 2023 997 2060 suprascriptis,
1015 2030 1047 2052 ut
1061 2022 1174 2051 interim
1189 2032 1256 2052 om-

194 2066 245 2089 nes
258 2060 422 2099 processus,
439 2070 507 2091 cum
521 2060 572 2090 suis
587 2061 756 2099 rationibus,
771 2060 1002 2098 allegationibus,
1021 2062 1055 2091 ὃς
1068 2060 1256 2091 circumstan-

194 2098 239 2128 tiis
256 2098 406 2138 univerlis,
423 2108 492 2130 curn
505 2099 554 2130 suo
569 2098 700 2130 Consilio
713 2100 871 2130 examinare
887 2099 976 2130 valeat
989 2098 1143 2138 diligenter.

196 2173 295 2236 AD
316 2185 405 2218 quern
413 2175 490 2207 diem
504 2176 533 2207 lu
592 2201 602 2213 ‚
623 2176 811 2219 scilicetffrz.
831 2175 939 2207 Mensis
950 2174 1152 2212 Nouembris,
1168 2174 1257 2210 Anno

279 2212 407 2250 praedieti
420 2212 545 2244 Domini
592 2214 649 2253 egis
663 2213 797 2246 Edwardi
810 2213 962 2251 vicesimo,
981 2212 1053 2250 apud
1067 2212 1202 2252 Berewyk
1215 2212 1259 2244 su-

198 2260 249 2289 per
261 2251 423 2290 Twedam,
442 2254 473 2282 in
487 2252 560 2283 Aula
575 2252 668 2283 Castri
681 2252 802 2292 ejusdem
817 2252 918 2296 Villae,
936 2253 966 2295 in
979 2251 1064 2289 pleno
1080 2251 1259 2296 Rarleamen-

197 2297 363 2360 {Jo’fforam
369 2290 482 2361 Seodtem
497 2290 632 2322 Domino
645 2291 728 2331 Rege
743 2291 856 2331 Angliae
869 2289 982 2330 illustri,
997 2290 1137 2328 superiore
1151 2289 1258 2322 Domi-

218 2338 239 2360 0
284 2338 352 2368 egm
391 2340 429 2361 co
442 2340 494 2368 iae,

449 2404 484 2435 In
496 2405 641 2444 praesentia
654 2405 865 2438 Venerabilium
879 2404 1013 2444 Parrum,

194 2479 334 2522 Johannis
348 2479 543 2520 Archiepifiopi
555 2480 708 2513 Dublinen-
747 2481 890 2529 Willielfni
902 2482 995 2511 Sanc‘ti
1009 2480 1149 2519 Andreae,

192 2519 335 2597 Josgzzmis
351 2559 394 2588 W
394 2558 562 2599 intonienfis,
746 2520 859 2589 {ZZZ
871 2519 1066 2598 {lffigssfis

194 2598 315 2625 Antonii
328 2596 529 2637 Dunelmenfis‚
745 2600 781 2627 R.
798 2597 940 2638 Roffenfis,
961 2596 999 2631 &⁶

195 2636 241 2664 W
239 2633 340 2664 illielmz·
351 2634 471 2676 Esyenfis
477 2659 488 2674 ,
746 2637 839 2666 Marci
852 2634 997 2677 Sodorenfis
1007 2659 1017 2674 ,
1030 2638 1084 2665 Dei
1092 2637 1188 2673 gratia
1197 2659 1206 2674 ,
1214 2636 1242 2665 E
1245 2651 1259 2658 -

194 2671 334 2712 Johanm's
350 2672 533 2713 Carleolenfis,
777 2674 954 2714 piscopaerrum:

536 2749 582 2782 Ac
597 2749 756 2782 Nobilium
769 2749 924 2790 Virorum,

233 2827 347 2856 Henrici
359 2825 391 2856 a'e
404 2824 493 2867 Lafiy
506 2829 616 2858 Comitis
630 2825 800 2865 Lyncolniae,

233 2864 377 2904 Humfridi
389 2865 421 2894 de
434 2865 531 2896 Bohun
544 2869 649 2896 Comitis
663 2865 847 2905 Hereffbrdiae,

231 2902 373 2942 Johannis
386 2907 495 2933 Comitis
508 2905 539 2935 de
552 2904 700 2943 Boughan,

232 2938 351 2971 Gilberti
365 2944 474 2971 Comitis
486 2942 518 2972 de
532 2946 653 2981 Aneguz
660 2966 670 2982 ,

232 2977 339 3019 Maltfii
353 2983 462 3009 Comitis
476 2979 508 3011 de
523 2982 700 3019 Stratherne5

234 3053 273 3086 Et
293 3055 499 3087 nonnullorum
516 3056 637 3087 aliorum
656 3057 842 3089 Praelatorum
857 3081 867 3097 ,
892 3056 1045 3089 Comitum
1059 3082 1069 3095 ,
1095 3055 1257 3099 Baronum,

195 3093 373 3133 Procerum,
391 3095 425 3126 &
441 3094 627 3134 Magnam,
643 3097 784 3135 utriusque
799 3096 910 3137 Regni,
928 3097 1040 3136 Angliae
1052 3098 1084 3128 &
1099 3097 1218 3128 Scotiae:

235 3133 421 3164 Praesentibus
442 3134 564 3164 similiter
584 3134 687 3171 viginti
728 3144 829 3166 uatuor
848 3137 999 3166 nominatis
1018 3134 1053 3165 de
1073 3136 1196 3171 Anglia:
1218 3136 1258 3168 Et

196 3173 284 3203 etiam
307 3179 404 3210 quater
423 3172 526 3209 viginti
547 3171 583 3202 de
596 3171 692 3202 Scotia
706 3183 723 3203 e
733 3174 801 3204 ediis
816 3175 849 3206 &
865 3175 1034 3212 nominatis;
1052 3184 1085 3204 ac
1099 3173 1257 3206 Nobilium

196 3212 233 3242 &
289 3210 428 3248 pularium
442 3210 585 3241 dietorum
598 3209 768 3249 Regnorum
782 3213 964 3244 multitudine
977 3212 1108 3250 copiosa:

266 3249 353 3279 ocatis
374 3248 515 3286 praedietis
535 3249 693 3287 petentibus
706 3271 716 3288 ‚
741 3251 790 3288 qui
805 3251 850 3289 jus
872 3250 907 3281 ad
929 3251 1099 3290 praedieleum
1119 3250 1257 3290 Regnum

197 3284 307 3318 Scotiae
319 3286 520 3319 vendicabant:
538 3288 589 3326 ὃς,
604 3286 721 3325 publice
732 3298 767 3319 ac
780 3288 969 3329 sollempniter
982 3290 1176 3330 proclamatis,

649 3361 797 3395 Venerunt
803 3389 813 3402 ,

199 3439 297 3470 Ericus
310 3441 370 3471 Rex
380 3441 556 3479 Nor‘wegiaej
751 3440 915 3473 Willielmus
928 3443 960 3474 de
974 3446 1046 3483 Ros,

199 3478 348 3509 Florentius
363 3483 453 3510 Comes
467 3477 637 3517 Hellandiae,
654 3476 694 3514 ὠ·
749 3479 879 3511 Robertus
894 3482 926 3511 de
942 3483 1084 3525 Pynkeny,

200 3515 363 3549 Wllielmus
384 3517 416 3547 de
430 3517 506 3558 Vescy
522 3540 532 3557 ,
545 3527 595 3556 pei·
611 3517 711 3549 Attor-
748 3518 878 3549 Nicolaus
895 3520 928 3549 de
941 3520 1044 3560 saules,
1063 3521 1101 3557 &—

237 3564 317 3587 natos
330 3556 406 3587 suos:
748 3558 883 3589 Patricius
901 3557 1047 3600 Galythly,
1066 3560 1259 3599 personaliter:

203 3595 338 3626 Patricius
352 3598 441 3625 Comes
456 3594 488 3625 de
501 3594 649 3635 Marchia‚

241 3670 306 3710 Qii
320 3680 425 3702 omnes
435 3679 607 3704 retraxerunt
619 3673 656 3704 se.

241 3709 314 3753 ¹Ideo
325 3710 435 3741 dietum
455 3710 514 3749 est,
530 3722 584 3750 pro
594 3710 709 3751 Judicio
717 3732 728 3750 ‚
745 3710 860 3744 cuilibet
871 3722 989 3754 eorum,
1006 3723 1058 3754 per
1069 3714 1180 3747 dietum
1193 3714 1261 3748 Do-

205 3757 321 3780 minum
334 3749 470 3788 Regem,
486 3751 565 3789 quod
576 3750 663 3802 nichil
676 3750 785 3800 capiant
799 3760 848 3790 pei·
859 3754 1028 3790 petitionem
1042 3754 1128 3786 suam.

662 3824 700 3857 Et
714 3827 795 3864 quia,

243 3900 385 3939 Johannes
401 3906 514 3943 Comyn,
531 3901 571 3938 &⁴

241 3941 355 3977 Rogerus
368 3941 400 3971 de
415 3940 602 3981 Mandeville,

204 4068 206 4071 .
242 4014 321 4049 Non
340 4016 402 4051 sunt
420 4018 561 4057 prosecuti
579 4017 732 4053 Petitiones
746 4017 822 4059 suas,
839 4016 904 4051 ideo
919 4017 1032 4070 dietum
1047 4020 1107 4061 est,
1121 4030 1172 4062 pei·
1184 4031 1259 4062 praeo
1305 4055 1312 4057 ,

1308 134 1781 186 PUBLICA.

1285 218 1398 250 dietum
1413 221 1576 256 Dominum
1589 227 1722 268 Regem,
1738 232 1816 269 quod
1831 234 1918 265 nichil
1931 236 2040 273 capiant
2054 244 2104 274 per
2117 235 2233 268 easdem⁶

2262 166 2335 194 111

1639 303 1677 335 Et
1691 307 1783 343 quoad
1797 307 1986 351 Pefflionem,

1324 372 1434 405 Roherti
1445 376 1477 406 de
1491 379 1578 417 Brus,

1325 450 1386 489 Qu
1410 454 1479 488 perit
1501 456 1609 485 tertiam
1632 464 1737 493 partem
1760 461 1842 490 totius
1864 460 1958 501 Regni
1974 462 2098 502 Scoriae,
2120 470 2151 496 ut
2173 471 2335 504 propartetn

1287 487 1361 517 suani
1370 511 1380 526 ,
1398 499 1542 533 tamquam
1557 494 1592 536 de
1607 494 1766 527 haereditate
1782 500 1916 537 partibili,
1927 502 1989 537 quia
2003 501 2066 531 alifis
2083 504 2158 533 idem
2172 505 2334 543 RobertuS,

1285 536 1384 578 goram
1408 532 1467 574 ipio
1488 529 1622 573 Domino
1644 533 1725 572 Rege
1739 557 1748 572 ,
1773 536 1801 564 in
1824 538 1956 573 petitione
1971 540 2031 576 sua,
2051 551 2104 577 qua
2118 543 2228 579 petebat
2239 551 2335 573 totum

1286 563 1421 608 Regnum
1435 570 1556 612 beotiaej,
1577 570 1658 607 plene
1672 582 1757 602 recon
1779 576 1858 604 novit
1871 577 1903 604 ὥς
1920 576 2055 607 ςοηεείῖῐῑ
2070 580 2237 615 ρῑκάἰέὶιιηι
2252 581 2335 618 Reg-

1286 612 1356 632 num
1372 606 1428 633 elle
1443 608 1600 645 impartibile
1611 632 1620 644 ,
1637 619 1685 645 per
1699 582 1777 647 quod

1286 650 1431 672 remanere
1445 655 1455 681 3
1481 653 1566 681 quam
1579 648 1693 684 quidem
1708 651 1952 688 recongnirionem
1967 653 2000 682 &
2016 655 2230 686 concessionem
2246 657 2337 688 modo

1287 687 1387 709 coram
1402 682 1506 724 eodem
1522 683 1654 714 Domino
1666 684 1752 722 Rege
1763 687 1892 717 dedicere
1905 699 1965 718 non
2000 691 2087 721 otest:

1326 716 1365 747 Et
1385 727 1468 749 etiam
1491 723 1556 757 quia
1578 733 1627 760 per
1646 723 1776 766 Praelatos
1788 749 1798 763 ,
1817 725 1963 765 Comites,
2004 738 2116 767 aroneS,
2132 730 2285 772 Proceres,
2302 734 2337 765 &.

1290 754 1456 800 Magnates,
1481 768 1514 788 ac
1536 768 1630 804 toturn
1648 760 1807 793 Conlilium
1828 765 1965 803 utriusque
1985 766 2080 806 Regni
2099 778 2277 807 compertum
2297 772 2338 802 est

1289 795 1467 826 concorditer
1485 798 1518 827 ὅ(
1537 807 1685 829 inventum
1700 824 1709 837 ,
1734 802 1811 839 quod
1825 803 1993 839 praedietum
2008 804 2144 844 Regnum
2159 809 2207 837 uni
2221 808 2338 840 Haeredi

1289 832 1389 901 (81ξῖῗέ
1401 843 1549 905 Ιτὶεέἶιὲςῑε
1564 848 1574 874 3
1598 846 1651 875 pro
1671 847 1708 868 eo
1726 840 1804 877 quod
1818 841 1853 871 de
1864 851 1960 873 natura
1972 842 2010 873 sui
2025 843 2066 873 est
2081 845 2253 883 inpartibile,
2269 847 2339 880 sicut

1304 947 1309 952 1
1326 906 1545 952 Consideratum
1559 911 1693 955 est'quod
1707 915 1854 952 praedie'cus
1868 916 1997 947 Robertus
2011 920 2095 950 nichil
2110 922 2217 961 capiat,
2225 929 2274 961 per
2282 921 2339 959 Peg

1289 954 1420 977 titionem
1433 948 1509 978 suam
1525 949 1703 990 praedsstam,
1724 960 1754 984 ut
1767 953 1801 984 de
1813 964 1944 993 proparte
1957 956 2055 995 Regni
2068 959 2203 996 praediffl.

1644 1031 1682 1063 Et
1697 1032 1790 1071 quoad
1802 1032 1990 1074 Petitionem,

1327 1104 1466 1146 Johannis
1479 1109 1511 1139 de
1521 1108 1686 1151 Hastynges‚

1331 1188 1393 1227 Qi
1413 1190 1483 1227 petit
1502 1191 1612 1221 tertiam
1633 1200 1742 1229 partem
1760 1194 1844 1224 torius
1866 1193 1966 1231 Regni
1983 1194 2088 1227 Scotiae
2102 1221 2112 1234 ,
2138 1205 2168 1228 ut
2181 1205 2344 1236 propartem

1293 1225 1369 1256 suam
1383 1251 1393 1265 ,
1416 1236 1560 1265 tamquam
1581 1230 1617 1260 de
1638 1231 1796 1262 haereditate
1816 1232 1933 1270 partibili
1949 1245 1959 1271 3
1985 1236 2049 1271 quia
2068 1236 2151 1272 plene
2165 1244 2345 1274 compertum

1294 1263 1336 1293 est
1357 1274 1408 1302 per
1428 1266 1578 1304 praedietos
1600 1267 1733 1299 Praeiatos
1748 1292 1758 1307 ,
1785 1269 1916 1300 Comites
1931 1293 1940 1309 2
1963 1271 2083 1305 Batones
2095 1296 2105 1311 ,
2129 1273 2263 1304 Proceres
2278 1297 2288 1311 ,
2311 1276 2345 1305 δε

1294 1301 1462 1342 Magnates,
1479 1306 1512 1336 ὃς
1526 1314 1619 1336 totum
1634 1306 1792 1337 Consilium
1804 1309 1944 1346 utriusque
1958 1309 2074 1350 Regni,
2089 1312 2166 1349 quod
2179 1313 2347 1348 praedietum

1293 1339 1434 1410 Regnugn
1428 1343 1564 1411 Cglcotiap}
1567 1343 1604 1374 de
1619 1344 1659 1375 sui
1673 1354 1769 1376 natura
1783 1345 1824 1376 est
1837 1347 2010 1387 inpartibile,
2028 1348 2096 1380 sicut
2110 1350 2143 1380 ὃς
2158 1350 2209 1381 alia
2226 1350 2346 1388 Regna,

1294 1386 1325 1409 ut
1358 1390 1394 1410 rae
1417 1391 1426 1410 i
1478 1392 1508 1411 m
1522 1391 1538 1411 e
1573 1392 1579 1412 :

1317 1456 1321 1461 ι
1356 1426 1368 1448 t
1386 1420 1471 1449 etiarn
1487 1420 1563 1458 quod
1578 1419 1701 1451 Escaetae
1712 1423 1746 1453 &
1762 1421 1806 1452 Ac
1829 1422 1923 1461 uisita,
1940 1433 2003 1462 quae
2019 1424 2170 1457 acciderint
2184 1425 2256 1457 infi‘a
2270 1436 2344 1464 praea

1294 1454 1406 1499 dietum
1426 1456 1564 1494 Regnum
1579 1483 1588 1496 ,
1613 1460 1646 1490 ὃς
1666 1460 1700 1490 ad
1713 1470 1811 1491 manus
1857 1462 1912 1500 egis
1926 1461 2106 1502 devenerint,
2124 1464 2185 1494 sunt
2199 1465 2345 1502 inpartibi—

1294 1493 1327 1524 lia
1336 1517 1346 1533 ,
1361 1497 1432 1525 licut
1447 1496 1481 1526 &
1494 1496 1584 1534 ipsum
1595 1497 1751 1536 Regnum,
1767 1508 1880 1538 propter
1893 1500 1950 1531 hoc
1959 1525 1969 1540 ,
1980 1502 2141 1539 juvantibus
2154 1503 2237 1532 etiarn
2246 1512 2345 1540 quam-

1295 1533 1494 1577 pluribus—aliis
1515 1535 1547 1565 &
1566 1534 1676 1566 divertis
1694 1538 1846 1567 rationibus
1860 1560 1869 1576 ,
1891 1548 1955 1576 quae
1974 1549 2071 1571 contra
2089 1541 2178 1579 ipsum
2192 1541 2345 1579 propositae

1295 1575 1408 1602 suerunt
1422 1582 1451 1601 in
1463 1574 1591 1609 proceffu
1600 1598 1610 1611 ,
1626 1574 1705 1612 super
1719 1575 1775 1605 hoc
1789 1576 1900 1606 habito:

1333 1609 1549 1641 Coiilideraturn
1564 1612 1622 1650 est,
1640 1613 1718 1651 quod
1731 1614 1895 1652 praedictus,

1333 1688 1475 1728 Johannes
1488 1691 1519 1721 de
1531 1691 1679 1733 Hastynges
1687 1715 1698 1732 ,

1330 1770 1435 1801 Nichil
1449 1773 1539 1811 capiat
1550 1782 1600 1812 per
1616 1773 1784 1812 petitionem
1798 1773 1873 1804 suam
1886 1773 2058 1812 praediEtam.

1650 1852 1688 1885 Et
1703 1853 1795 1893 quoad
1812 1853 1963 1885 Petionem
1970 1879 1981 1894 ,

1333 1915 1471 1971 Johffl
1483 1932 1514 1963 de
1527 1932 1658 1972 Balliolo,

1297 2014 2351 2094 ι)ἓξᾌξῗῗὲἑὲξᾞᾱῗὲἓὲᾞέῇὲἑῗάὲῗὲῗᾞἰιηῗξἆῗῑὶἷῒέ’ῑξὲἒέὶξξὲ

1296 2101 1362 2135 quae
1383 2102 1435 2130 pro
1456 2091 1482 2126 se
1496 2091 1657 2135 proposuit,
1675 2101 1708 2122 ac
1721 2093 1929 2137 allegationibus
1964 2094 2132 2138 rationibus,
2149 2094 2183 2124 &
2195 2095 2352 2138 responsio-

1297 2130 1397 2168 nibus,
1410 2140 1459 2168 per
1472 2130 1541 2174 alios
1558 2138 1682 2168 petentes
1696 2131 1774 2162 factis
1788 2133 1821 2163 &
1835 2117 1983 2170 propositis
1994 2141 2094 2175 contra
2108 2142 2190 2170 eum,
2203 2137 2292 2170 iplum
2306 2141 2353 2163 to-

1298 2176 1359 2199 tum
1382 2176 1529 2208 negotium
1545 2192 1554 2206 ,
1578 2179 1627 2206 per
1639 2169 1719 2200 suum
1739 2170 1879 2209 utriusque
1894 2170 1989 2209 Regni
2006 2169 2182 2209 Coniilium,
2199 2180 2248 2208 per
2263 2171 2354 2209 plures

1297 2207 1357 2237 dies
1371 2208 1521 2238 examinari
1535 2207 1619 2245 fecit,
1638 2218 1707 2238 curn
1720 2207 1831 2238 summa
1846 2208 1986 2247 diligentia
2000 2219 2032 2239 ac
2048 2207 2172 2238 studioso
2186 2209 2296 2239 labore:

1330 2244 1389 2284 Et,
1404 2248 1469 2284 quia
1486 2245 1667 2276 manifestum
1688 2245 1730 2276 est
1751 2247 1829 2285 quod
1847 2247 2016 2285 praedictum
2038 2246 2174 2286 Regnum
2188 2247 2295 2278 Scotiae
2310 2247 2352 2278 est

1297 2284 1469 2323 inpartibile,
1481 2293 1597 2322 propter
1611 2285 1689 2323 quod
1701 2286 1751 2315 uni
1766 2294 1875 2316 tantum
1890 2286 1975 2316 debet
1987 2295 2148 2323 remanere,
2158 2286 2191 2315 &
2204 2286 2264 2316 hoc
2277 2286 2355 2317 idem

1294 2324 1358 2354 >satis
1373 2323 1414 2353 est
1427 2325 1625 2362 recongnitum
1640 2333 1689 2361 per
1703 2332 1825 2361 petentes
1834 2347 1843 2362 ,
1853 2325 1886 2354 &
1902 2334 1952 2362 per
1966 2323 2245 2367 toturnUpraedietum
2253 2326 2354 2356 utrius-=

1299 2371 1356 2400 que
1368 2361 1463 2406 Regni
1477 2361 1626 2391 consilium
1638 2370 1818 2399 compertum
1833 2363 2000 2392 unanimiter
2012 2364 2046 2393 ὃς
2060 2370 2225 2393 inventum:

1336 2399 1376 2431 Et
1391 2409 1476 2431 etiam
1492 2400 1555 2436 quia
1567 2399 1644 2430 idem
1657 2399 1740 2437 Rex,
1752 2400 1910 2443 secundum¹
1918 2400 1990 2439 leges
2005 2401 2038 2432 &
2053 2400 2265 2443 consuetudines
2272 2399 2354 2439 Reg-

1297 2447 1402 2468 norum
1416 2463 1426 2477 ,
1452 2438 1554 2476 quibus
1575 2437 1693 2476 praeest,
1711 2437 1819 2477 dejure
1834 2438 2008 2469 subditorum
2024 2439 2107 2469 habet
2116 2438 2258 2477 judicare,
2276 2439 2355 2477 quod

1298 2475 1415 2514 quidem
1435 2477 1471 2507 ab
1493 2477 1626 2507 omnibus
1640 2476 1844 2514 praedietorum
1859 2477 2032 2514 Regnorum
2045 2475 2086 2506 est
2098 2477 2200 2508 incolis
2215 2479 2355 2515 approba-

1298 2522 1360 2545 tum
1374 2524 1458 2553 atque
1472 2522 1632 2552 receptum:

1336 2553 1389 2592 Et,
1407 2563 1456 2590 per
1474 2552 1584 2582 easdem
1603 2553 1677 2592 leges
1697 2554 1731 2584 &
1745 2552 1960 2584 consuetudines
1973 2553 2114 2591 utriusque
2131 2553 2244 2593 Regni,
2262 2554 2292 2584 in
2307 2564 2355 2586 ca-

1298 2592 1360 2622 sum
1380 2592 1544 2632 praesentem
1564 2591 1769 2622 concordantes
1785 2614 1795 2630 ,
1814 2592 1952 2622 remotior
1966 2593 1994 2621 in
2009 2593 2113 2631 gradu,
2131 2593 2161 2621 in
2175 2592 2266 2630 prima
2280 2593 2354 2624 linefi

1297 2630 1483 2677 descendente
1494 2653 1504 2668 ,
1530 2629 1720 2674 praeferendus
1741 2629 1783 2674 esf
1798 2631 1964 2674 proximiori
1978 2631 2006 2659 in
2020 2630 2122 2669 gradu,
2140 2631 2170 2660 in
2182 2630 2305 2661 secunda
2321 2631 2354 2662 li-

1298 2679 1374 2738 ne&
1385 2667 2008 2751 zizigtrxrc‘cgffaogpdgaefflffiietaffissnffipaggpssriw
2029 2707 2057 2750 iri
2076 2707 2212 2751 petitione
2224 2707 2354 2752 praediciti

1298 2745 1438 2785 Johannis
1453 2745 1485 2774 de
1506 2743 1622 2774 Balltolo
1635 2767 1645 2783 ,
1663 2755 1723 2775 non
1737 2744 1779 2775 est
1793 2746 1829 2775 ab
1842 2745 1936 2783 aliquo
1949 2753 2105 2783 petentium
2120 2745 2247 2776 dedictus
2259 2757 2287 2775 in
2303 2747 2353 2776 ali-

1297 2794 1376 2822 quo,
1393 2794 1444 2852 lp—{zr
1459 2782 1537 2852 qtciiod
1553 2793 1609 2821 prae
1621 2784 1753 2814 onmibus
1765 2784 1821 2814 aliis
1834 2785 1990 2822 petentibus
2007 2783 2117 2814 constat
2129 2793 2196 2814 eum
2208 2784 2265 2814 esse
2272 2785 2353 2815 retifi-

1297 2833 1379 2853 orem
1427 2832 1484 2852 aere
1504 2831 1565 2851 em:

1336 2861 1422 2898 Ideo,
1438 2861 1477 2891 ob
1493 2859 1637 2897 praeditstas
1650 2861 1787 2898 rationes,
1807 2861 1840 2891 &
1858 2860 2035 2899 quamplures
2048 2860 2110 2890 alias
2125 2861 2156 2890 in
2169 2860 2352 2900 processibus,

1297 2899 1363 2930 inde
1376 2900 1474 2930 habitis
1531 2899 1681 2937 topositas,

1336 2920 1495 2969 coNsi
1539 2936 1765 2969 ERATUM
1788 2936 1879 2968 EST
1902 2935 1981 2976 quod
1993 2936 2141 2975 praedittus

1334 3018 1479 3060 Johannes
1492 3017 1524 3048 de
1539 3015 1674 3056 Balliolo,

1333 3099 1497 3138 Recuperet
1513 3122 1523 3137 ,
1547 3098 1580 3130 &
1600 3097 1700 3129 habeat
1721 3098 1846 3129 seisinam
1866 3098 1994 3137 praedieti
2017 3099 2115 3138 Regni
2134 3097 2243 3130 Scotiae
2257 3123 2266 3137 ,
2284 3109 2352 3130 cum

1295 3140 1431 3170 omnibus
1445 3137 1614 3176 pertinentiis
1623 3160 1634 3174 ,
1651 3137 1722 3167 infra
1734 3137 1811 3168 idem
1824 3138 1961 3178 Regnum
1975 3139 2169 3168 existentibus:
2189 3137 2227 3168 Et
2242 3147 2304 3175 quae
2319 3137 2354 3168 ad

1297 3187 1396 3207 manus
1418 3177 1524 3215 praefati
1545 3175 1668 3205 Domini
1682 3175 1771 3215 Regis
1785 3176 1913 3215 Angliae,
1931 3176 2076 3214 superioris
2090 3176 2215 3207 Domini
2227 3175 2354 3213 praedieti

1296 3215 1393 3255 Regni
1407 3216 1528 3251 Scotiae,
1545 3214 1653 3243 ratione
1665 3214 1692 3244 su
1730 3216 1856 3245 rioritatis
1867 3215 1912 3246 seu
1922 3214 2073 3253 Dominii,
2091 3215 2286 3252 devenerunt3
2304 3213 2354 3244 sal-

1298 3265 1338 3285 vo
1349 3256 1412 3293 jure
1426 3253 1546 3293 ejusdem
1563 3251 1686 3282 Domini
1726 3253 1782 3292 egis
1797 3253 1926 3292 Angliae,
1944 3254 1977 3285 &
1987 3252 2147 3284 Haeredurn
2161 3252 2275 3282 suorum
2283 3261 2353 3283 cum

1298 3293 1441 3332 voluerint
1455 3292 1519 3323 inde
1533 3291 1621 3328 loqui.
2251 3329 2257 3334 Ι
2339 3332 2342 3333 ⁷

1337 3330 1376 3363 Et
1389 3331 1499 3363 dietum
1514 3329 1554 3360 est
1568 3329 1660 3360 eidem
1674 3328 1797 3367 Johanni
1812 3330 1892 3370 quod
1905 3330 2015 3361 dietum
2029 3330 2165 3369 Regnum
2179 3328 2283 3358 Scouae
2292 3351 2302 3365 ,
2317 3329 2353 3358 &

1299 3369 1444 3409 Populum
1464 3368 1585 3408 ejusdem
1599 3392 1609 3406 ,
1634 3368 1671 3398 fic
1682 3368 1757 3407 juste
1773 3370 1910 3409 gubernet
1921 3371 1955 3401 &
1969 3377 2064 3408 regat,
2083 3367 2165 3410 quod·
2176 3366 2282 3404 nullus,
2297 3376 2351 3403 pro

1299 3409 1414 3440 defectu
1431 3410 1498 3448 juris
1513 3430 1522 3445 ,
1545 3405 1581 3437 de
1595 3406 1654 3445 ipso
1669 3407 1847 3438 occasionem
1864 3409 1961 3438 habeat
1974 3404 2185 3448 conquerendi3
2206 3414 2254 3448 per
2270 3404 2352 3442 quod

1298 3447 1391 3479 dietus
1408 3448 1473 3478 Rex
1487 3445 1613 3485 Angliae,
1630 3453 1661 3476 ut
1675 3446 1799 3484 superior
1812 3447 1957 3477 Dominus
1971 3446 2040 3476 dieti
2053 3444 2149 3482 Regni
2162 3443 2355 3481 Scotiae,ma1-‚

1298 3496 1370 3518 num
1384 3486 1544 3518 directionis
1557 3493 1699 3522 apponere
1718 3483 1836 3524 debeat,
1853 3485 1883 3515 in
1897 3485 2030 3516 stitutum.

1338 3561 1531 3594 Postmodum
1544 3569 1639 3591 autem
1653 3560 1783 3599 praefatus
1797 3560 1942 3591 Dominus
1956 3559 2023 3590 Rex
2035 3557 2179 3601 assignavit
2191 3557 2269 3588 diem
2283 3562 2358 3596 praes

1299 3601 1381 3632 dicto
1391 3601 1514 3641 johanni
1527 3599 1563 3629 de
1575 3599 1691 3630 Balliolo
1699 3623 1709 3637 ,
1726 3599 1859 3630 videlicet
1868 3599 1962 3638 ,diem
1973 3597 2053 3641 Jovis
2068 3605 2228 3641 proximam
2242 3596 2358 3641 sequen-

1301 3650 1378 3679 tem,
1395 3641 1498 3671 scilicet
1511 3639 1540 3668 in
1554 3637 1640 3668 Festo
1655 3638 1727 3668 beati
1739 3637 1899 3668 Eadmundi
1915 3637 2002 3680 Regis
2017 3636 2050 3666 &
2067 3635 2207 3674 Martiris,
2226 3636 2360 3678 ubicum-

1323 3689 1357 3709 ue
1379 3687 1448 3723 tunc
1468 3677 1550 3708 fuerit
1562 3698 1573 3715 ‚
1595 3675 1630 3706 ad
1644 3675 1806 3707 faciendum
1820 3677 1869 3707 fibi
1884 3675 2045 3706 fidelitatem
2060 3683 2114 3712 pro
2128 3673 2236 3713 Regno
2249 3674 2358 3705 Scotiae

1311 3718 1513 3794 uffiasliiieggavit
1540 3753 1622 3783 etiam
1643 3752 1721 3783 diem
1743 3752 1834 3784 eidem
1849 3778 1859 3791 ,
1883 3751 1917 3782 ad
1939 3749 2099 3782 faciendum
2123 3750 2175 3781 fibi
2190 3749 2357 3790 homagium

1301 3794 1380 3824 suum
1394 3817 1403 3832 ,
1427 3793 1462 3823 de
1483 3793 1502 3811 ³*
1522 3789 1660 3831 praedieto
1682 3791 1788 3830 Regno
1803 3792 1924 3828 Scotiae,
1942 3789 2089 3828 videlicet,
2105 3789 2183 3820 diem
2196 3789 2356 3820 Nativitatis
2372 3788 2505 3829 *II-59⁶„-

1301 3832 1442 3870 Domini,
1460 3831 1634 3867 ubicumque
1646 3838 1715 3860 tunc
1728 3830 1853 3860 fueritin
1865 3830 1894 3860 R
1952 3838 1971 3859 o
1987 3827 2046 3858 su0.

1342 3870 1379 3901 Et
1398 3870 1506 3900 dietum
1527 3868 1579 3898 fuit
1594 3869 1619 3897 ei
1634 3868 1714 3906 quod
1730 3868 1909 3907 prosequatur
1946 3867 2021 3900 revia
2032 3866 2070 3899 de
2081 3865 2177 3900 scisma
2191 3865 2238 3898 sua
2252 3865 2357 3903 haben-⁴

1301 3909 1339 3943 da
1352 3909 1387 3942 de
1401 3908 1505 3948 Regno
1517 3906 1624 3940 Scotiae
1638 3915 1807 3939 memorato.

2314 4051 2363 4089 uae

2349 233 2425 265 Ann.
2439 232 2479 266 D,

2371 281 2453 310 1292n

2349 312 2417 340 AEdv.
2438 319 2463 347 ιοἱ

1793 614 1839 641 uni
1856 612 1972 643 I-laeredi
1989 615 2007 633 *²
2024 618 2223 649 tantummodo
2237 619 2334 650 debuit
2349 622 2362 639 ·
2374 616 2483 656 ῙῙ-ῗ39ς
