2570 4261
2 1167 78 1199 Ann.
93 1164 134 1195 D.
156 1159 210 1221 E

24 1213 107 1242 1295.

6 1251 57 1273 Λα.
71 1254 116 1281 23.
155 1236 278 1275 wardiis,
297 1240 358 1268 &c.
376 1237 411 1267 ad
433 1247 502 1267 vota
522 1235 661 1266 successus
683 1236 793 1273 semper
814 1236 978 1275 prosperos,
996 1238 1029 1268 &
1050 1239 1079 1267 in
1099 1238 1212 1278 agendis

5 1289 32 1311 E.
58 1292 81 1309 1.

5 1327 61 1350 Rot.
75 1320 132 1348 Ale·
244 1353 252 1356 -
893 1352 897 1356 .

6 1370 78 1388 mm,
94 1367 138 1394 23.
158 1356 327 1383 emerierunt
341 1351 469 1390 quaedam
484 1360 574 1387 nova,
593 1359 645 1379 nos
660 1349 694 1379 &
709 1360 762 1380 vos
776 1359 930 1389 tangentia,
942 1351 1022 1391 super
1037 1353 1137 1390 quibus
1153 1364 1215 1384 ves-

7 1403 38 1425 Ε.
62 1408 85 1425 ι.
103 1407 139 1425 m.
158 1401 209 1422 ttae
227 1390 484 1428 circumspectionis
502 1387 666 1418 industriam
687 1389 816 1424 cupimus
838 1391 1001 1425 praemuniri
1018 1401 1024 1419 :

22 1982 155 2015 Ann.D.

45 2030 128 2061 1295.

22 2066 74 2091 Aa.
91 2071 136 2097 23.

25 2105 55 2128 E.
78 2109 101 2126 1.

24 2143 78 2166 Rot.
96 2143 152 2166 Sco-

23 2179 63 2204 tiae
79 2185 123 2212 23.

24 2218 71 2243 Li
85 2224 122 2243 m.
133 2222 159 2240 2-

30 2437 163 2474 ⁸11.693.

44 2900 120 2930 Ann.
133 2898 172 2929 D.

63 2946 118 2975 129

46 2982 98 3005 An.
112 2986 157 3014 -3.

46 3020 75 3043 E.
99 3026 122 3042 1.

47 3059 101 3081 και.
117 3053 176 3090 Vas-

48 3102 101 3119 tan.
122 3101 159 3118 m.

49 3130 158 3159 20.dor.

48 3172 101 3196 An.
120 3177 166 3204 23.

48 3211 79 3235 ἱ,
102 3215 125 3234 1.

691 220 800 260 ET
886 218 1155 259 ACTA

0 299 112 378 iring)-
127 303 255 342 baretur3
273 305 311 335 set
326 305 418 342 potius
429 305 561 335 auxilium
577 303 711 342 praestetis
726 305 775 334 sibi
788 305 820 335 ὃς
837 299 981 342 favorem,
999 305 1033 334 ad
1051 304 1186 348 prfediCta

6 350 60 379 129
81 362 88 368 .

0 383 50 409 idv.
71 387 94 405 ι.

128 341 273 380 facienda,
292 343 311 372 si
327 353 361 373 ex
376 351 453 381 parte
464 343 546 381 ipsius
560 342 689 374 Bernardi
705 343 785 380 super
796 343 859 373 haec
872 343 976 373 fueritis
993 344 1123 381 requiiiti.

168 379 200 410 In
226 391 350 419 quorum
371 381 567 412 testimonium
588 381 768 419 praesentibus
788 381 882 412 litteris
902 381 1032 412 duximus
1057 380 1188 411 nostrum

131 419 262 458 Sigillum
274 420 484 457 apponendum.

171 498 240 530 Dat.
259 499 354 529 Baion.
374 499 419 529 die
434 499 536 530 Martis
546 507 609 530 ante
624 498 727 530 festum
742 500 816 530 beati
830 499 962 530 Barnabae
977 498 1127 537 Apostoli,
1140 508 1190 529 an-

135 547 176 568 no
187 538 310 568 Domini
329 547 411 576 1295.

174 617 244 647 Nos
262 618 344 657 igitur
358 642 367 656 ,
392 618 557 656 praedic'tam
578 618 722 648 licentiam
744 627 830 649 ratam
851 620 884 650 &
906 628 1012 659 gratam
1031 618 1165 649 habentes
1180 642 1190 655 ,

136 666 217 694 eim,
235 664 334 686 tenore
346 657 542 696 praesentium,
559 656 778 694 confirmamus,
796 659 832 688 ita
847 667 942 689 tamen
960 657 1054 697 quod,
1075 657 1094 687 si
1116 658 1190 694 prius

136 694 217 724 dicto
230 694 371 725 Bernardo
383 694 419 725 de
432 694 571 732 praediCtis
583 694 749 725 satisfactum
764 696 862 734 fuerit,
877 706 980 727 eXtunc
995 695 1103 727 cessent
1118 705 1193 724 mer-

137 733 207 771 cha,
226 735 361 772 retentio,
379 735 413 764 &
426 733 612 800 aptpropriatio
624 733 787 764 antedictae:

176 770 232 809 Et,
248 772 268 802 fi
282 772 356 802 forte
370 771 453 809 aliqui
488 771 558 801 ultra
572 772 727 810 retinuerit,
745 772 791 804 vel
805 774 927 811 ceperit,
945 772 980 804 de
1001 772 1050 803 illo
1072 771 1196 810 plusagio

140 808 264 842 teneatur
277 809 396 840 fideliter
409 809 586 848 respondere.

181 849 215 880 In
228 849 325 887 cujus,
341 849 402 879 &c

181 928 292 958 Datum
303 928 377 968 apud
391 928 524 960 Cantuar.
544 930 627 961 tertio
641 929 686 960 die
699 929 845 960 otton-is.

414 1073 489 1117 Regi
504 1073 708 1103 Romanorum
722 1069 757 1103 de
776 1068 942 1104 Credentia.

222 1159 449 1191 Xcellentissimo
462 1159 605 1197 principi,
623 1160 656 1190 &
670 1160 764 1189 amico
779 1158 828 1189 suo
842 1158 1000 1198 karisfimo,
1020 1159 1153 1191 Domino
1173 1161 1209 1191 A.

231 1198 287 1229 Dei
300 1199 401 1237 grati-i,
422 1199 497 1237 Regi
511 1197 714 1228 Romanorum
728 1197 843 1235 illustri,
862 1197 971 1235 semper
986 1199 1134 1238 Augusto,
1150 1199 1210 1229 Ed-

154 1276 268 1314 gratiam
283 1277 316 1307 &
332 1276 517 1312 triumphum.

194 1313 264 1344 Post
286 1315 385 1345 litteras
405 1314 479 1351 illas,
500 1321 567 1350 quas
584 1311 686 1341 ultimo
709 1311 853 1342 Serenitati
875 1312 975 1343 vestrae
997 1314 1213 1354 transmisimus,

159 1429 226 1460 dem
241 1454 250 1467 ,
274 1428 390 1459 oraculo
411 1427 506 1457 dileeti
527 1426 630 1456 Militis
649 1425 754 1463 nostri,
774 1425 863 1456 Lucae
884 1426 921 1457 de
943 1391 1216 1466 Tudercctffalatcgiis

161 1468 354 1535 praese}ntium‚
370 1467 452 1498 vobis
471 1474 505 1495 ex
527 1474 604 1503 parte
623 1464 721 1494 nostra
741 1464 849 1502 plenius
869 1467 1051 1506 exponenda,
1071 1470 1217 1499 commisi-

162 1516 224 1536 mus
246 1514 362 1535 eriatim.

197 1543 401 1574 Excellentiam
421 1542 542 1573 vestram
561 1541 716 1571 affeetuose
734 1549 860 1580 rogantes
881 1550 1015 1579 quatenus
1041 1545 1092 1574 hiis
1105 1569 1114 1583 ,
1151 1555 1216 1583 quae

116 1599 119 1602 -
162 1581 238 1612 idem
255 1582 340 1612 Miles
354 1581 450 1612 noster
461 1579 627 1611 Celsitudini
641 1579 742 1610 vestrae
765 1579 924 1618 expresserit
942 1581 1022 1623 super
1041 1583 1110 1621 illis,
1131 1583 1217 1614 fidem

161 1621 320 1659 dignemini
335 1620 546 1651 indubitabilem
561 1618 702 1649 adhibere.

203 1701 272 1732 Dat.
291 1700 364 1740 apud
377 1700 494 1731 Westm
523 1701 549 1731 8.
568 1700 614 1730 die
629 1698 776 1729 Octobris.

211 1840 261 1872 De
275 1835 422 1887 Berwyk,
444 1832 612 1881 Ronburg
629 1837 666 1872 ω’·
687 1833 851 1868 Gedworth
869 1839 940 1883 Regi
956 1837 1118 1872 liberandis
1135 1838 1169 1872 ob

360 1885 578 1931 securitatem,
603 1882 732 1916 durante
750 1886 870 1917 Guerra
885 1888 1024 1920 Franciae.

171 1974 302 2033 REX,
321 1976 354 2006 &
373 1973 496 2013 superior
514 1971 659 2004 Dominus
676 1972 773 2013 Regni
792 1973 914 2014 Scotiae,
931 1977 1080 2017 omnibus,
1101 1978 1137 2009 ad
1155 1989 1228 2018 quos

245 2014 407 2051 praesentes,
425 2013 486 2043 &c
503 2011 627 2041 salutem.

212 2051 292 2082 Cum
315 2052 433 2082 dilectus
451 2051 485 2081 &
508 2049 596 2094 fidelis
616 2049 727 2090 noster,
741 2050 887 2089 Johannes
905 2052 971 2083 Rex
984 2053 1089 2086 Scotiae
1103 2055 1231 2096 illustris,

174 2090 211 2122 de
227 2090 362 2122 mandato
374 2089 475 2120 nostro
484 2111 493 2127 ,
511 2088 671 2120 liberaverit
683 2091 835 2120 venerabili
848 2090 942 2129 Patri,
957 2092 985 2130 J.
997 2092 1143 2132 Episcopo
1158 2095 1234 2126 Kar-

175 2129 283 2160 liolenii
293 2153 302 2168 ,
320 2129 426 2159 Abbati
437 2127 474 2158 de
486 2127 582 2158 Novo
597 2127 792 2167 Monasterio,
811 2128 944 2173 Castrum
959 2131 992 2161 &
1006 2131 1112 2163 Villam
1126 2133 1162 2164 de
1181 2133 1235 2165 Be-

176 2168 376 2250 'Eivstyrfflupscf
390 2165 553 2249 33ξὲἚέ
568 2165 768 2244 (ἓξῖιῖῒῖᾅξξ
782 2166 1181 2249 (ἶὲὤῗέυὲῗῗπῗὲἧῗὲἳξὲἓξζ
1198 2173 1233 2243 ἕ

175 2245 226 2277 Re
245 2246 274 2276 ni
287 2245 394 2282 nostri,
411 2254 444 2274 ac
458 2243 575 2273 aliarum
586 2251 723 2275 terrarum
738 2243 838 2274 nostro
855 2245 1001 2277 Dominio
1014 2246 1205 2288 subditarum,

242 2284 356 2315 olumus
370 2284 403 2315 &
419 2281 624 2320 concedimus,
643 2292 694 2320 per
707 2282 870 2321 praesentes,
889 2284 966 2322 quod
989 2285 1148 2324 hujusmodi
1165 2287 1237 2319 libe-

177 2324 249 2354 ratio
265 2321 435 2353 Castrorum
453 2319 771 2365 praedictorumuiuo
778 2321 873 2360 Regi,
892 2332 939 2354 aut
951 2323 1108 2356 haeredibus
1121 2325 1189 2366 suis,
1206 2328 1237 2358 in

179 2361 396 2402 praejudicium,
413 2359 591 2397 temporibus
604 2359 718 2398 futuris,
735 2369 796 2390 non
808 2360 903 2392 cedat:

183 2440 188 2445 ι
213 2399 474 2456 ,ὃεῑιςοηςεάίῃιὲε
492 2398 526 2428 &
548 2399 738 2434 promittimus
756 2398 853 2442 quod,
874 2402 1102 2446 quam-primum
1121 2413 1237 2444 guerra,

178 2446 466 2514 eniteas&
478 2435 1238 2516 {setigerasfigurasse&fise

181 2515 399 2584 nigri-'aciemus3
417 2512 451 2545 ad
469 2512 529 2543 hoc
541 2522 593 2544 nos
607 2513 641 2545 ὃς
656 2513 780 2544 haeredes
793 2513 923 2553 nostros,
940 2523 1038 2548 tenore
1052 2519 1238 2560 praesentium,

182 2565 203 2586 o
235 2563 345 2593 igantec.

224 2593 260 2624 In
274 2593 352 2632 cujus
360 2614 369 2631 ‚
388 2592 449 2623 &c-

220 2673 310 2707 Teste
325 2673 409 2714 Rege
421 2671 495 2711 apud
508 2671 635 2703 Westm.
657 2671 703 2702 16.
718 2671 765 2704 die
780 2672 927 2705 octobris.

407 2818 457 2850 De
473 2814 605 2861 Subst'dio
617 2825 673 2863 pro
691 2813 858 2849 hominibus
874 2815 910 2849 de
925 2817 1035 2864 Burgo.

248 2905 308 2937 EX
323 2904 430 2936 dsseffls
443 2905 477 2936 δε
490 2904 616 2936 fidelibus
627 2905 695 2943 suis,
714 2903 840 2944 Majori,
857 2906 891 2938 &
902 2905 1022 2947 Juratis,
1039 2917 1072 2939 ac
1084 2908 1180 2947 probis
1194 2909 1249 2940 ho-

269 2945 392 2975 minibus
407 2943 442 2974 de
458 2943 572 2982 Burgo,
585 2943 710 2975 salutem.

230 2982 275 3013 Ex
297 2982 408 3013 sincero
427 2981 563 3014 fidelitatis
584 2984 618 3014 &
640 2981 797 3013 dilectionis
815 2981 937 3021 affeetu,
956 2994 1044 3022 quem
1063 2994 1128 3025 erga
1141 2996 1194 3016 nos
1217 2987 1250 3017 &

195 3023 340 3052 honorem
359 3019 491 3050 nostrum
511 3030 564 3052 vos
583 3021 692 3059 semper
713 3021 816 3051 habere
838 3021 1039 3062 probavimus,
1056 3023 1090 3054 ad
1102 3025 1252 3064 petitiones

198 3060 298 3092 vestras
307 3059 496 3089 favorabiliter
508 3058 713 3090 exaudiendum
729 3059 824 3090 induci
837 3059 983 3091 debemus.

236 3099 354 3137 Quare,
370 3096 466 3128 vestris
478 3097 718 3136 requisitionibus,
737 3108 803 3135 quas
818 3098 1009 3136 Reymundus
1030 3100 1094 3131 Hol
1115 3103 1253 3133 combur-

199 3137 290 3174 gensis
308 3134 418 3172 vester,
435 3144 486 3173 per
505 3145 559 3166 vos
577 3135 690 3174 missus,
708 3137 790 3167 nobis
812 3136 963 3174 prudenter
983 3139 1108 3176 exposuit
1144 3140 1254 3177 plenius

201 3175 347 3207 intellectis
362 3197 372 3212 ,
400 3173 552 3218 subsidium
573 3183 631 3217 pro·
646 3173 730 3205 vestri
752 3176 786 3208 δε
805 3174 948 3213 praedidtae
968 3176 1050 3208 Villae
1068 3165 1196 3209 custodia
1220 3181 1254 3210 &

201 3215 360 3245 munitione
369 3237 378 3251 ,
392 3211 472 3250 quod
482 3212 652 3251 aliquamdiu
664 3213 747 3243 vobis
761 3214 890 3251 mittere,
909 3225 968 3245 non
984 3215 1040 3246 sine
1056 3218 1149 3255 causa,
1167 3217 1255 3248 distu-

200 3254 301 3290 limus,
319 3261 412 3289 nunc,
424 3250 624 3294 juxtalvestsae
642 3251 819 3292 indigentiae,
839 3253 922 3284 nobis
944 3254 1092 3294 expositae,
1111 3256 1255 3288 neceffita-

200 3300 262 3323 tem
275 3291 358 3321 vobis
369 3290 590 3320 transmittimus.

242 3329 424 3366 Dictumque
443 3326 668 3367 Reymundum‚
685 3337 736 3367 per
753 3338 806 3359 nos
822 3330 860 3361 us
874 3340 910 3361 ue
934 3332 1025 3362 modo
1037 3341 1195 3372 retentum,
1214 3344 1257 3365 re-

204 3368 342 3398 mittimus
361 3368 392 3396 in
415 3366 553 3397 comitiva
567 3390 577 3404 ,
604 3367 639 3409 ὃς
656 3365 802 3410 securitate
822 3369 852 3398 in
874 3369 1012 3409 ubitabili,
1038 3372 1072 3402 &
1091 3372 1257 3412 conductu,

194 3405 326 3438 vvestram
345 3405 489 3443 probitatis
511 3406 545 3436 δε
565 3404 702 3434 firmitatis
722 3405 909 3437 constantiam
924 3418 954 3438 re
976 3410 1112 3448 uirentes,
1131 3413 1258 3449 quatinus

206 3445 237 3474 in
258 3444 325 3481 juris
342 3442 433 3473 nostri
453 3444 487 3474 &
508 3442 592 3475 vestri
613 3442 791 3482 defensione,
809 3454 894 3483 prout
914 3446 958 3478 lau
979 3447 1084 3479 abiliter
1095 3449 1258 3490 incepistis,

205 3482 320 3514 viriliter
333 3481 492 3519 perfistatis:

243 3520 346 3564 Scituri
360 3519 438 3557 quod
452 3519 567 3563 dedam
584 3560 588 3564 .
607 3520 628 3549 is
634 3542 647 3563 ,Ι
661 3519 792 3559 angustiis
809 3522 844 3552 &
864 3523 1007 3564 pressuris,
1024 3536 1089 3564 quae
1109 3526 1260 3558 occasione

205 3558 295 3590 nostri
309 3558 413 3595 absque
426 3557 514 3588 dubio
526 3558 554 3588 su
582 3568 676 3596 inetiS,
694 3559 845 3590 emendam
857 3563 891 3592 &
910 3566 1167 3596 remunerationem
1187 3575 1260 3596 con-

207 3598 322 3629 dimam
335 3597 418 3627 vobis
433 3596 523 3627 facere
555 3598 735 3635 roponimus‚
754 3597 888 3630 Domino
901 3603 1086 3634 concedente.

237 3622 283 3667 ‘lit
302 3635 505 3666 nichilominus
551 3634 682 3665 dmundo
705 3635 848 3668 karissimo
867 3638 943 3669 fratri
964 3641 1064 3673 nostro
1080 3666 1090 3679 ,
1116 3652 1204 3680 quem
1227 3642 1262 3673 ad

209 3683 298 3713 partes
312 3673 458 3705 Vasconiae
472 3673 656 3711 destinamus,
672 3673 812 3711 specialius
826 3677 993 3715 injunximus
1007 3688 1039 3711 ut
1053 3690 1105 3711 vos
1119 3682 1263 3720 praecipue

209 3711 459 3744 recommendatos
474 3712 589 3750 habeat,
607 3712 641 3742 &
654 3712 689 3741 ad
706 3712 798 3743 vestra
817 3715 990 3755 beneplacita
1007 3719 1199 3758 prosequenda
1219 3720 1264 3760 se,

210 3761 264 3790 pro
276 3752 381 3782 viribus
390 3774 399 3790 ,
417 3751 500 3782 vobis
514 3750 640 3781 exhibeat
651 3750 804 3782 liberalem.

247 3830 317 3864 Dat.
334 3829 408 3871 apud
420 3829 548 3863 Westm.
569 3839 614 3869 19.
633 3829 679 3862 die
695 3830 842 3864 octobris.

1225 605 1340 644 diebus,
1358 607 1398 637 est
1421 608 1503 637 nobis
1525 619 1590 638 cura

1228 645 1386 683 intendere,
1406 647 1455 683 qui
1470 646 1503 676 ad
1526 648 1769 686 impugnationem
1790 650 1974 681 inimicorum
1996 652 2177 692 nostrorum,
2196 658 2228 687 δε
2246 658 2280 688 ad
2301 671 2352 688 con.

1238 214 1719 263 PUBLICA.

2213 237 2228 263 1
2243 238 2262 275 5
2272 237 2287 264 1

2295 310 2371 340 Ann.
2381 309 2412 340 D

2322 356 2404 387 1295.

1269 394 1426 426 Amr-'neno
1446 395 1481 427 dc
1498 394 1620 428 Lebreto
1635 398 1827 440 laudatoria,
1851 405 1887 438 ὠ*
1903 401 1939 433 de
1956 401 2118 434 Edmumlo
2137 403 2250 435 Comite
2294 391 2360 416 ων·
2385 397 2408 413 ¹⁶

1417 442 1592 486 Lancastriae
1608 445 1652 477 ad
1661 457 1761 492 partes
1778 449 1920 494 Vafioniae
1936 448 2086 492 destinat-o.

1288 529 1347 560 EX
1362 530 1469 561 diiecto
1484 531 1517 561 &
1531 531 1686 577 fidelihsuo,
1700 534 1855 580 ‘Amaneno
1869 537 1905 567 de
1924 538 2063 577 Lebreto,
2082 539 2205 570 salutem.
2296 550 2349 574 An.
2368 553 2413 582 23.

1326 569 1403 599 inter
1425 579 1537 600 caeteras
1559 571 1755 603 sollicitudines
1770 597 1779 612 ,
1810 576 1909 612 quibus
1928 575 2031 606 assidue
2049 579 2206 614 premimur
2226 580 2280 611 hiis
2296 590 2325 612 Ε.
2349 594 2371 610 i.

1611 612 1752 648 praecipua
1772 612 1806 641 ad
1825 613 1985 643 succursum
2001 616 2124 646 vestrum
2138 617 2276 649 ferventer
2298 628 2352 650 Rot.
2376 623 2430 659 [zas-

1229 682 1424 714 defenfionem
1441 685 1508 722 juris
1526 685 1615 728 nostri
1629 710 1638 723 ,
1663 696 1696 717 ac
1717 688 1813 724 patriae
1833 688 1962 718 libertatis
1977 712 1986 727 ,
2014 692 2140 727 perionas
2160 694 2283 734 vestras,
2304 680 2414 727 1:1er

1231 721 1438 765 tam-strenue,
1464 724 1551 760 quam
1572 724 1734 762 liberaliter,
1762 726 1795 756 δε
1817 726 1966 763 prudenter
1988 731 2139 769 exponitis,
2155 732 2283 764 hostibus
2305 747 2349 764 20.
2364 736 2390 764 d.

1233 759 1348 790 viriliter
1363 760 1523 792 reiistendo.

1278 797 1480 842 Comivatimur
1504 799 1635 837 profecto
1659 802 1742 831 vobis
1756 824 1766 840 ,
1797 811 1921 840 quorum
1938 812 2046 835 mentes
2065 804 2177 837 diversis
2195 810 2289 848 agitari

1235 836 1393 880 turbinibus
1411 839 1662 876 contemplamur,
1686 840 1772 878 dum,
1795 842 1988 872 vexationibus
2005 844 2087 873 variis
2105 846 2289 886 circumdati,

1237 875 1426 918 perplexitates
1439 899 1448 914 ,
1472 877 1608 915 angustias
1622 900 1632 915 ,
1655 878 1689 908 &
1713 878 1847 915 press'uras
1866 881 2002 919 cogimini
2021 882 2188 920 multiplices
2208 894 2291 923 expe-

1237 923 1292 942 riri.

1265 951 1368 994 *Porro
1382 952 1585 982 confortamini
1600 954 1633 984 &
1648 953 2024 994 gaudete,quod,tanquam
2039 957 2174 990 fidelitatis
2185 961 2294 1000 alump-

1242 999 1292 1027 ni,
1307 989 1411 1020 famam
1433 990 1555 1020 vestram
1577 992 1607 1021 iri
1624 993 1754 1030 gentibus
1774 1001 1833 1022 tam
1854 994 2025 1025 laudabiliter
2043 997 2190 1036 extulistis,
2209 1001 2295 1037 perii-

1243 1027 1344 1071 stentes
1357 1029 1387 1057 in
1400 1028 1526 1058 inchoati
1541 1030 1634 1066 operis
1648 1030 1844 1067 prosecutione
1858 1032 2035 1072 constanter,
2049 1035 2126 1073 Qia
2138 1038 2219 1067 ecce!
2236 1038 2294 1068 Ca-

1244 1067 1380 1096 rissimum
1400 1066 1512 1096 statrem
1534 1067 1662 1098 nostrum
1684 1068 1871 1099 Edmundum
1887 1092 1896 1105 ,
1930 1070 2080 1102 Comitem
2100 1074 2270 1107 Lancastrice

1246 1114 1316 1135 cum
1335 1104 1605 1147 decentincomitiva
1626 1106 1796 1145 Magnatum
1816 1108 1849 1137 ὃς
1866 1107 2019 1138 Nobilium
2037 1111 2129 1149 Regni
2144 1113 2249 1152 nostri,
2268 1101 2297 1145 iri

1246 1142 1332 1174 vestri
1351 1143 1529 1184 praeiidium,
1548 1143 1582 1173 ad
1601 1153 1688 1181 partes
1708 1144 1839 1175 Ducatiis
1860 1145 1948 1175 nostri
1966 1146 2144 1184 Aquitanniae
2167 1152 2297 1184 duximus

1248 1190 1363 1219 propter
1375 1182 1432 1211 hoc
1448 1182 1598 1218 ipecialiter
1608 1182 1811 1212 destinandum.

1285 1220 1361 1258 Cui,
1377 1228 1511 1264 tanquam
1525 1221 1622 1258 nobis,
1640 1221 1729 1252 velitis
1742 1222 1871 1261 credere,
1887 1231 1920 1252 ac
1934 1232 2029 1260 parere
2042 1224 2110 1261 hiis,
2129 1237 2191 1264 quae
2206 1230 2299 1268 vobis,

1249 1267 1283 1289 ex
1303 1266 1378 1296 parte
1401 1257 1513 1296 nostra,
1529 1258 1626 1289 dixerit
1647 1260 1681 1290 &
1699 1260 1798 1290 fecerit
1818 1262 1847 1290 in
1862 1260 2023 1299 praemiffisz,
2043 1262 2162 1294 habituri
2174 1266 2283 1296 firmam

1250 1297 1306 1327 fine
1319 1297 1510 1334 dubitatione,
1529 1296 1661 1327 fiduciam
1677 1298 1756 1335 quod
1768 1308 1837 1336 nm,
1854 1300 1909 1329 unii
1924 1309 1991 1329 cum
2013 1300 2070 1329 aliis
2092 1301 2219 1333 fidelibus
2237 1292 2303 1333 nost

1251 1337 1314 1373 tris,
1332 1335 1398 1365 totis
1410 1335 1532 1372 viribus,
1551 1344 1580 1366 ut
1593 1344 1740 1373 tenemur,
1759 1337 1840 1366 vobis
1852 1337 1943 1367 adesse
1959 1340 2158 1378 proponimus,
2178 1342 2211 1372 ὃς
2228 1353 2301 1373 nun-

1254 1383 1338 1412 quam
1354 1373 1436 1404 vobis
1449 1373 1614 1404 deficiemus
1622 1398 1632 1413 ,
1647 1374 1730 1405 dante
1742 1373 1893 1413 Domino,
1912 1377 1942 1405 in
1955 1376 2080 1407 adversis.

1292 1453 1359 1484 Dat.
1378 1453 1453 1490 apud
1467 1453 1592 1484 Westm.
1617 1462 1662 1491 19.
1677 1454 1722 1484 die
1737 1453 1882 1485 Oc‘tobris.

1292 1533 1404 1564 Eodem
1417 1533 1509 1564 modo
1526 1533 1689 1564 mandatum
1702 1535 1742 1566 est
1759 1535 1930 1575 subscriptis,
1949 1537 2004 1566 vizi

1296 1616 1409 1652 Pontio,
1428 1616 1544 1643 Domino
1559 1613 1591 1642 de
1607 1613 1776 1654 castellione,

1296 1655 1330 1682 P.
1347 1653 1378 1682 de
1393 1651 1565 1689 Burdegala,
1585 1652 1746 1692 Domicello,
1842 1689 1845 1691 ι

1297 1690 1440 1731 Galfrido,
1458 1693 1572 1719 Domino
1587 1690 1699 1720 Blaviae
1713 1691 1819 1731 Militi,

1298 1732 1413 1758 Domino
1427 1729 1458 1758 de
1472 1731 1622 1768 Rynuncio,
1638 1729 1782 1760 Domicello
1790 1754 1800 1770 3

1296 1771 1330 1797 P.
1346 1766 1428 1796 Guill.
1448 1770 1562 1796 Domino
1576 1767 1606 1796 de
1622 1770 1708 1796 Mata
1725 1768 1810 1807 lana,
1826 1769 1971 1800 Domicello
1981 1795 1990 1809 ,

1299 1805 1438 1836 Galhardo
1453 1808 1566 1835 Domino
1581 1806 1612 1834 de
1627 1776 1760 1846 Agaffitto
1769 1831 1778 1846 ,
1796 1808 1937 1839 Domicello
1945 1832 1956 1848 ,

1298 1846 1318 1864 *²
1334 1843 1484 1874 Guillielmo
1499 1845 1530 1873 de
1545 1846 1617 1873 Mun
1634 1846 1721 1883 esato,
1741 1845 1901 1885 Domicello,

1302 1887 1357 1914 Ma
1364 1884 1424 1919 ori,
1441 1881 1572 1920 Juratis,
1590 1852 1633 1917 df
1643 1886 1695 1912 toti
1708 1887 1900 1914 Communitati
1912 1885 1943 1915 de
1959 1888 2063 1925 Burgo,

1302 1924 1348 1952 No
1368 1920 1446 1950 ilibus
1460 1923 1545 1957 viris,
1563 1921 1636 1959 apud
1647 1923 1765 1959 Burgum
1781 1923 2015 1962 commorantibus,

1303 1960 1424 1998 Majori,
1441 1958 1572 1997 Juratis,
1589 1957 1627 1993 &⁵
1641 1963 1694 1988 toti
1704 1964 1896 1991 Communitati
1909 1962 1941 1990 de
1953 1961 2078 2002 Blavia,

1303 1998 1446 2028 Nobilibus
1460 2000 1548 2035 viris,
1566 1998 1640 2036 apud
1649 1997 1783 2029 Blavium
1799 2001 2028 2030 commorantibus.

2339 1864 2470 1898 ἧι11694..

1316 2131 1438 2173 Lirem,
1463 2127 1498 2162 de
1515 2128 1675 2164 Fidelitate
1691 2134 1728 2170 ὠ·
1747 2130 1916 2176 Constantia
1929 2135 2081 2168 Baronum
2098 2137 2241 2182 Vafioniae
2252 2164 2265 2180 ,

1612 2189 1715 2213 contra
1730 2183 1839 2227 Regem
1856 2184 1998 2215 Franciae.

1273 2268 1646 2339 Rssnzczilllgstsghitegdeli
1658 2267 1708 2300 suo
1721 2268 1891 2301 Guillielmo
1904 2270 2054 2303 Remundi
2066 2273 2102 2306 de
2125 2275 2258 2309 Gensaco
2277 2278 2332 2311 do—
2350 2279 2425 2311 Ann.
2438 2279 2480 2310 D.

1312 2346 1460 2391 Memoria
1473 2347 1568 2391 nostra
1582 2332 1608 2378 se
1622 2346 1707 2377 refert
1721 2346 1756 2377 ad
1768 2356 1897 2386 tempora
1928 2349 1958 2379 in
1972 2351 2073 2388 quibus
2088 2361 2150 2391 erga
2165 2365 2219 2386 nos
2232 2356 2331 2387 vestrae
2347 2327 2466 2396 Arl.29253.

1274 2385 1435 2430 devotionis
1450 2385 1556 2416 claritas
1569 2385 1729 2430 prelucebat
1763 2387 1796 2417 &
1810 2388 1840 2431 iii
1856 2371 1972 2426 quibus,
1985 2397 2068 2419 more
2082 2389 2168 2422 fidelis
2183 2401 2267 2432 atque
2281 2395 2329 2426 de-
2351 2402 2379 2426 Ε.
2400 2407 2422 2424 1.

1275 2432 1354 2462 voti,
1371 2434 1424 2454 nos
1436 2425 1640 2468 reverebamini
1653 2423 1723 2454 ficut
1734 2410 1899 2468 Dominum
1915 2424 2091 2470 Naturalem.
2350 2440 2403 2463 Rot.
2416 2435 2483 2473 misc.

1310 2462 1456 2506 Sperantes
1475 2471 1568 2501 itaque
1586 2461 1686 2493 vestrae
1704 2461 1841 2493 fidelitatis
1864 2463 2066 2504 constantiam,
2086 2477 2146 2499 non
2167 2470 2327 2503 variabilem
2346 2475 2475 2502 m.20.dor

1277 2509 1431 2531 mutatione
1452 2511 1547 2532 rerum
1567 2501 1612 2531 vel
1630 2509 1809 2540 temporum,
1828 2511 1883 2533 nec
1901 2502 2014 2541 alicujus
2033 2506 2132 2537 nubilo
2146 2509 2264 2540 turbinis
2278 2521 2331 2543 vos
2354 2517 2405 2541 An.
2421 2522 2466 2540 ν.
2477 2494 2484 2500 ’

1276 2540 1307 2570 in
1320 2540 1412 2569 virum
1425 2538 1542 2569 alterum
1556 2539 1774 2578 permutandos,
2357 2557 2385 2580 Ε.
2407 2561 2430 2578 1„
2442 2533 2453 2550 ³

1316 2577 1509 2608 Nobilitatem
1523 2577 1645 2609 vestram
1658 2579 1825 2615 requirimus
1838 2578 1872 2609 &
1882 2588 2011 2618 rogamus
2019 2603 2029 2619 ,
2047 2584 2174 2620 quatinus
2185 2594 2282 2625 graves
2293 2589 2338 2619 in-

1275 2616 1359 2655 jurias
1374 2617 1407 2647 &
1419 2626 1550 2647 enormes
1563 2615 1702 2653 excessus,
1720 2617 1820 2655 nobis,
1838 2616 1908 2648 sicut
1923 2619 2001 2649 latius
2012 2619 2184 2662 divulgatur,
2202 2626 2231 2655 in
2246 2626 2337 2658 nostri

1278 2653 1530 2685 exhaeredationem
1551 2653 1743 2693 manifestam,
1759 2653 1849 2685 illatos
1871 2656 1991 2686 moleste
2010 2657 2143 2699 ferentes,
2163 2661 2197 2692 ad
2219 2663 2337 2703 suppor-

1280 2693 1362 2725 tanda
1380 2692 1476 2723 nostra
1492 2702 1595 2732 onera,
1612 2693 1646 2724 &
1665 2693 1740 2723 circa
1760 2692 1955 2725 defensionem
1977 2695 2065 2726 nostri
2086 2698 2155 2736 juris
2197 2711 2230 2732 ac
2250 2704 2336 2734 edam

1282 2741 1341 2763 tam
1352 2731 1498 2770 nostrum,
1517 2741 1604 2769 quam
1618 2730 1744 2762 vestrum
1757 2732 1983 2771 prosequendum
1999 2725 2340 2776 honorem,'neceffitatis

1282 2779 1430 2809 tempore,
1449 2769 1636 2808 providentiae
1649 2769 1751 2800 vestrae
1767 2771 1878 2802 bonitas
1891 2781 1950 2802 non
1962 2772 2091 2806 lentescat
2099 2771 2118 2804 :'

1322 2808 1364 2839 Ita
1379 2809 1457 2846 quod
1468 2809 1549 2839 vobis
1561 2808 1677 2838 honoris
1692 2809 1726 2840 &
1738 2807 1825 2839 laudis
1838 2811 1984 2848 proveniat
1995 2812 2217 2854 incrementum,
2235 2818 2341 2856 nosque

1284 2847 1442 2879 devotionis
1453 2847 1552 2878 vestrae
1566 2846 1837 2887 promptitudinem,
1846 2858 1905 2878 non
1921 2848 1976 2879 fine
1990 2852 2173 2884 retributione
2186 2855 2340 2896 condiens,

1285 2885 1459 2916 multimodis
1472 2886 1630 2916 aetionibus
1643 2886 1790 2924 gratiarum
1804 2886 1931 2925 prosequi
1942 2887 2103 2920 debeamus.
2273 2880 2291 2896 ²³

1321 2924 1369 2955 Ut
1387 2933 1483 2954 autem
1503 2923 1611 2962 plenius
1631 2924 1750 2954 intentio
1771 2924 1865 2955 nostra
1885 2926 1968 2956 vobis
1987 2935 2092 2967 pateat,
2110 2929 2203 2961 Ecce!
2224 2930 2340 2963 Carissi-

1287 2973 1370 2994 mum
1381 2963 1496 2993 fratrem
1509 2960 1640 2992 nostrum
1655 2960 1858 3001 Edmundum,
1873 2962 2024 2994 Comitem
2039 2965 2265 3008 Lancastriae,ad
2278 2981 2340 3009 par-

1285 3011 1327 3033 tes
1343 2999 1474 3032 Ducatfis
1487 2999 1578 3043 nostri
1591 2999 1750 3037 Aquitaniae
1767 3001 1897 3031 duximus
1915 3012 2030 3043 propter
2044 3003 2103 3036 hoc
2122 3006 2274 3044 specialiter
2292 3009 2341 3040 de-

1289 3039 1469 3077 stinandum,
1488 3048 1552 3076 cui,
1569 3046 1701 3076 tanquam
1715 3040 1797 3069 nobis
1808 3063 1818 3078 ,
1840 3040 1929 3070 velitis
1947 3041 2078 3081 credere,
2103 3045 2137 3075 ὃς
2157 3056 2251 3083 parere
2270 3047 2323 3078 hijs

1288 3089 1356 3119 quae
1369 3078 1452 3110 vobis
1468 3085 1501 3107 ex
1515 3085 1592 3115 parte
1605 3075 1699 3107 nostra
1711 3077 1808 3108 dixerit
1821 3078 1854 3110 ὃ(
1868 3078 1968 3110 fecerit
1980 3081 2009 3111 in
2023 3083 2175 3119 praemiffis.
2331 3072 2342 3087 ³

1326 3155 1393 3187 Dat.
1409 3153 1482 3193 apud
1497 3152 1622 3185 Westm.
1640 3152 1756 3185 decimo
1771 3164 1851 3185 nono
1867 3154 1913 3186 die
1927 3155 2075 3188 Oitobris.

1466 3230 1577 3263 Eodem
1592 3229 1683 3262 modo
1696 3230 1859 3263 mandatum
1873 3231 1915 3263 est
1930 3233 2099 3274 subscriptis,
2115 3238 2171 3269 viz.

1332 3312 1365 3339 P.
1381 3309 1413 3338 de
1427 3308 1603 3345 Gavarreto,
1622 3308 1781 3348 Domicello,

1329 3349 1482 3378 Bertrando
1496 3349 1610 3376 Domino
1624 3347 1656 3376 de
1669 3349 1821 3386 Caumunt,
1841 3348 1947 3387 Militi,

1333 3390 1448 3417 Domino
1463 3383 1590 3416 Arnaldo
1603 3385 1635 3414 de
1648 3387 1836 3423 Marmanda,
1854 3390 1969 3417 Domino
1981 3389 2013 3417 de
2027 3391 2056 3418 V
2054 3388 2181 3430 iraresth.
2200 3389 2296 3420 Militi.

1331 3428 1446 3455 Domino
1459 3428 1600 3454 Amaneno
1609 3446 1618 3460 ,
1636 3425 1750 3454 Domino
1762 3425 1793 3454 a'e
1809 3428 1948 3465 Camptort
1963 3426 2066 3465 Militi,

1332 3467 1448 3494 Domino
1458 3465 1565 3499 Hugom'
1600 3464 1715 3491 Domino
1726 3462 1758 3492 de
1773 3465 1884 3503 Poions,

1335 3506 1449 3533 Domino
1465 3485 1612 3532 Guilliesmo
1624 3500 1754 3539 Escamat
1763 3524 1772 3539 ,
1787 3501 1896 3541 Militi,

1336 3544 1452 3571 Domino
1465 3543 1609 3570 Amaneno
1621 3539 1652 3568 de
1664 3538 1784 3578 Foffato,
1801 3540 1907 3578 Militi,

1335 3579 1469 3610 Gasberto
1481 3579 1511 3607 de
1523 3580 1629 3607 Teriaco
1637 3601 1645 3614 ,
1665 3580 1780 3607 Domino
1795 3579 1827 3607 de
1840 3579 1959 3618 Barosa,
1978 3579 2120 3609 Domirello
2128 3603 2139 3620 ,

1336 3621 1451 3648 Domino
1464 3615 1619 3656 Raufred0,
1636 3618 1751 3646 Domino
1764 3616 1796 3646 de
1813 3617 1970 3656 lllunpefizto
1978 3641 1987 3656 ,
2006 3618 2112 3656 Militi,

1338 3656 1452 3687 Galtero
1464 3655 1495 3684 a'e
1508 3653 1612 3693 Foffizto
1626 3653 1769 3683 Domicello
1777 3678 1786 3693 ,
1802 3658 1918 3686 Domino
1930 3656 1961 3685 de
1975 3656 2091 3695 Baruffii
2100 3679 2110 3695 ‚

1337 3693 1492 3725 Bertrando
1506 3692 1538 3721 de
1550 3691 1660 3731 Infitla,
1677 3692 1836 3732 Domicello‚

1338 3732 1487 3764 Guillielmo
1513 3731 1650 3761 Ramundi
1668 3733 1772 3761 Lorcat
1793 3732 1935 3762 Domicello
1947 3757 1957 3771 ,
1988 3735 2103 3763 Domino
2124 3733 2157 3764 de
2178 3736 2286 3766 Tbneux
2302 3744 2352 3775 pro

1393 3778 1454 3800 arte

1343 3780 1576 3841 ngino’Othoni
1588 3807 1619 3836 de
1634 3809 1803 3838 Leomannia
1818 3808 1925 3846 Militi,

1341 3847 1445 3888 Garfiae
1460 3845 1601 3883 Arnala'i,
1621 3848 1735 3875 Domino
1749 3847 1780 3875 de
1793 3846 1945 3884 Novalliis,

1344 3890 1442 3924 Rogero
1456 3884 1606 3921 Bernardi,
1623 3887 1718 3913 comiti
1730 3883 1834 3927 Frclcen.
1855 3883 1892 3918 (ἐν
1909 3888 1937 3914 V
1937 3889 2060 3916 icecomiti
2072 3889 2203 3927 Bearnii,
2219 3889 2325 3926 Militi,

1344 3927 1469 3954 Dominae
1483 3921 1664 3962 Constantiae,
1681 3924 1883 3962 Consmtgttirzeae
1896 3926 1990 3963 Regis,
2008 3927 2036 3954 V
2037 3927 2202 3967 icecomitiffie
2216 3929 2248 3959 de
2260 3931 2355 3958 Marx-

1375 3962 1453 4002 fimo.

1322 4026 1326 4030 .
1347 4004 1460 4031 Domino
1474 3998 1614 4028 Bernardo
1629 4002 1725 4028 Comiti
1735 4001 1914 4043 Armaniaci,

1346 4042 1470 4070 Dominae
1483 4036 1623 4076 Comitiffae
1636 4041 1799 4066 Armaniaci
1809 4062 1818 4075 ,
1833 4038 2035 4077 Consanguineae
2051 4043 2137 4079 Regis.

1350 4081 1381 4107 P.
1401 4076 1561 4113 Lamberti,
1580 4079 1644 4104 Civt'
1658 4075 1800 4112 Burdegal.

1350 4115 1476 4156 Johanni
1488 4113 1606 4144 Columbi
1614 4137 1624 4152 ,
1641 4117 1704 4145 civi
1717 4113 1859 4152 Burdegal.
