2570 4261
26 260 103 295 Ann.
117 260 161 294 D.'

27 308 136 369 ,325232

18 1326 148 1365 ’ἐϋ-977·

12 1864 97 1894 Utin.
111 1864 151 1894 D;

44 1909 130 1941 1305.

16 1940 127 1976 'An-34.

16 1982 49 2008 1.
67 1987 90 2007 i.

16 2016 107 2050 Claufi

17 2059 106 2094 34.E.
124 2066 149 2083 i.

17 2103 56 2132 βξ
71 2094 152 2125 22.d·

725 182 1172 228 ET‘ACTA
1232 183 1706 231 PUBLICA.

214 267 519 312 Postquam'pridem{
535 271 615 310 super
633 268 953 315 diris-persecutionibus
980 272 1013 304 &
1041 272 1258 316 afflicsstionibus',

180 306 414 341 Christicolarum
429 311 554 342 fidelium
570 310 811 354 transmarinarum
831 312 951 348 partium
964 333 974 349 ,
997 321 1062 355 quas
1078 313 1117 355 eis
1131 322 1199 355 gens
1213 310 1256 341 illa

176 346 288 379 foetidae
300 350 420 379 nationis
428 349 615 381 Turchorum
626 348 677 387 ,ad
685 349 905 385 extinguendam
922 351 951 379 in
967 350 1086 386 parribus
1101 350 1152 380 illis
1167 350 1255 379 fidem

178 385 382 426 Catholicam‚
407 388 441 419 δε
463 387 636 425 extirpandos
651 386 752 416 exinde
767 387 885 417 totaliter
900 388 1022 424 ejusdem
1038 387 1103 418 fidei
1116 386 1253 425 professo-

179 434 221 456 res
244 424 440 464 aspirandum,
463 427 494 456 in
508 435 626 462 gravem
640 423 775 455 offensam
792 424 879 454 nostri
893 425 1048 462 salvatoris,
1068 426 1158 456 intulit
1172 426 1255 455 nimis

175 463 326 494 crudeliter
344 464 494 502 badlenus,
510 464 543 495 &
559 463 658 494 inferre
674 473 734 493 non
748 461 832 494 ceffit
846 465 997 503 continue,
1017 463 1178 495 Celsitudini
1194 464 1253 494 Re-

177 502 240 539 giae
255 511 303 538 per
318 500 382 532 alias
394 502 548 540 scripsimus
560 501 670 534 litteras:

218 538 292 569 Eam
311 539 484 571 exhortantes
499 563 510 579 ,
534 540 568 571 &
590 550 638 578 per
659 539 717 570 Dei
732 539 935 571 miserecordiae
949 540 1050 571 viscera
1064 540 1253 579 obsecrantes,

174 584 209 645 ff
216 599 228 645 ἰ
246 577 419 646 configffiaiss
434 578 549 647 Rggalis
560 578 723 646 pffldrednttia,
737 578 770 609 &
784 578 933 622 diligenter
938 579 1088 648 gettendfips
1103 579 1253 648 quoglinsis-

176 625 216 696 toe
226 624 395 698 efisliirffiostri
403 625 635 698 ²lgiiiliiiitaaimRegis
648 623 1252 700 Fiffigigiiluilirihuguersisrissclrenolilrlimotrihz

174 692 276 730 mbuS,
294 692 362 723 laetis
396 694 466 732 proh
480 692 572 723 dolor!
591 702 691 723 animis
706 693 942 731 contemplantes,
960 694 1090 725 audacius
1103 695 1136 724 ὃς
1152 694 1250 724 crude-

173 729 227 760 iius
242 731 272 760 in
288 715 470 762 Christicolas
483 730 598 774 saeviunt
611 730 781 770 antedictos,
800 732 835 761 ad
851 741 951 769 pacem
968 731 1034 762 Deo
1049 732 1188 769 placidam
1198 733 1248 769 ²&

172 768 286 799 cunetis
301 768 427 800 fidelibus
442 769 591 800 amabilem
607 779 675 800 cum
690 769 773 808 Rege
780 769 986 801 reformandam
992 771 1146 809 praedicto,
1164 780 1250 808 coap-

174 813 216 838 tes
228 807 358 837 animum
369 807 515 845 Regium,
533 808 566 839 &
582 808 707 838 inclines.

212 844 396 884 Supervenit,
419 846 455 876 de
470 846 553 876 diffls
564 845 744 877 transmarinis
760 847 898 885 partibus,
915 846 1076 877 venerabilis
1090 845 1171 877 frater
1186 846 1250 877 nos·

174 890 217 914 ter
233 882 374 926 johannes
395 883 573 915 Thefeliceu.
592 883 761 922 Episcopus,
780 886 846 922 qui,
863 884 982 915 docente
999 884 1141 922 Magistra
1155 895 1247 915 rerum

172 920 462 992 {Z‘Pffiinizmsssrde
482 922 750 991 ii‘fflffivsessibi?
764 923 1247 992 ffissiiscffissurssfflffiiaiifffi’iffi

172 969 326 1066 pisffipggj
345 969 483 1038 pejora&
497 999 589 1038 magis
604 998 732 1030 dolorosa
739 971 799 1038 ,pac
807 999 936 1036 lugubria
950 971 1068 1030 refeciens
1083 999 1118 1030 de
1127 1001 1248 1037 parribus

173 1043 223 1066 ant
301 1047 332 1066 is.

209 1073 276 1104 Nos
295 1076 380 1112 igitur
400 1077 588 1112 attendentes,
613 1072 688 1112 quod
709 1083 759 1116 per
773 1073 919 1111 praefatum
932 1074 1104 1113 Episcopum
1116 1075 1246 1107 Tliefeli-

167 1112 236 1143 ἀτη.
250 1114 351 1150 poterit
365 1111 459 1150 Regia
476 1111 693 1150 Magnificentia
706 1110 850 1142 informari
861 1113 897 1142 de
904 1113 1049 1150 praemiffis
1056 1114 1180 1153 plenius,
1193 1116 1226 1146 &
1235 1138 1245 1153 ,

169 1159 207 1180 eo
228 1150 341 1189 audito,
365 1151 503 1182 ardentius
523 1150 559 1181 ad
575 1149 827 1187 compunctionem
841 1151 1042 1189 compassionis
1054 1152 1166 1191 induci,
1185 1164 1239 1184 vo-

168 1188 270 1232 luimus
292 1188 368 1228 quod
389 1189 445 1228 ipse
466 1189 609 1228 Regalem
629 1187 714 1219 adiret
728 1187 900 1226 praesentiam
913 1199 981 1221 cum
995 1190 1088 1221 litteris
1103 1190 1243 1230 supradic-

171 1234 216 1258 tis.

209 1265 359 1306 Qiocirca
378 1267 560 1299 Serenitatem
580 1267 687 1304 regiam
709 1274 844 1309 rogamus
865 1267 1012 1305 attentius,
1035 1267 1070 1298 &
1086 1266 1245 1307 hortamur,

170 1306 300 1344 'quatinus
319 1305 414 1336 audire
438 1307 572 1343 patienter
592 1305 625 1336 &
647 1304 776 1347 benigne
788 1304 854 1334 velit
869 1303 1039 1342 praedic'tum
1052 1304 1224 1344 Episcopum
1235 1329 1245 1346 ,

169 1353 206 1374 ac
219 1352 271 1382 pro
283 1343 382 1374 divina
394 1343 565 1381 reverentie,
581 1342 698 1380 zeloque
713 1341 795 1380 fidei,
813 1343 846 1374 &
855 1344 975 1380 propri-ie
982 1342 1070 1374 salutis
1084 1344 1103 1363 *²
1112 1344 1245 1383 obtentu,

173 1380 390 1425 compaffiendo
402 1381 468 1412 fidei
488 1382 521 1413 &
535 1381 662 1412 fidelibus
677 1403 687 1419 ,
712 1379 810 1411 nostris
839 1379 987 1419 praemissis
1007 1381 1246 1415 exhortationibus

177 1418 366 1456 tffedtuahter
377 1419 544 1457 acquiescat.

210 1498 279 1538 Dat,
295 1500 434 1534 Aviiiion.
455 1510 466 1527 ι
471 1509 498 1535 5.
517 1498 582 1531 Kal.
597 1497 661 1537 Jaii.
678 1497 786 1530 Pontif.
803 1501 894 1531 nostri
911 1511 989 1531 anno
1005 1502 1110 1540 prima*

1020 1579 1055 1607 Ρ.
1073 1579 1211 1617 Stephani,

905 1653 998 1693 Sigillo
1013 1653 1118 1694 avulso.

277 1781 337 1815 Ad
357 1785 496 1829 Papam,
521 1781 558 1816 de
581 1791 703 1814 rumore
722 1781 818 1823 Jicper
841 1774 1046 1812 invalitudine
1063 1778 1139 1824 fica,

217 1864 390 1896 Anfflffimo
404 1865 436 1895 in
452 1862 568 1894 Christo
586 1862 663 1893 Patri
672 1861 825 1901 ,Domino
837 1862 874 1894 C.
893 1863 993 1895 divina
1008 1864 1187 1903 providentia
1196 1864 1246 1897 Sa·-

173 1873 213 1934 S
228 1902 384 1934 crosandtae
397 1903 556 1940 Romanae,
573 1910 606 1931 ac
621 1900 794 1931 Universalis
808 1901 942 1933 Ecclesiae
955 1903 1069 1934 summo
1090 1903 1246 1943 Pontifici,

172 1940 327 2010 {dwardus
340 1964 351 1980 ,
375 1940 476 1972 eidem
491 1938 595 1980 gratia,
611 1938 676 1968 Rex
690 1939 819 1977 Angliae,
835 1941 896 1971 &c.
913 1941 1014 1973 devota
1030 1942 1136 1980 pedum
1152 1941 1246 1974 oscula

195 1987 332 2010 catorum.

211 2018 343 2058 Qiidam
355 2027 452 2048 rumor
474 2015 584 2047 auribus
597 2012 700 2044 nosti-is
711 2011 768 2050 jam
779 2013 916 2055 insonuit,
932 2017 1012 2049 Pater
1026 2018 1148 2058 Sancite,
1165 2019 1243 2058 quod

170 2057 271 2096 taedia,
290 2056 335 2087 seu
351 2053 539 2087 incommoda
553 2051 704 2096 quaedam,
727 2060 786 2088 que
806 2055 892 2085 nobis
904 2055 1053 2094 displicent
1069 2058 1100 2087 in
1118 2059 1242 2088 immen-

168 2095 231 2166 {lum
239 2119 250 2135 ,
265 2095 371 2163 ηοίέυε
386 2102 500 2134 gravant
514 2093 546 2123 in
560 2093 675 2122 intimus
689 2090 723 2121 &
738 2093 903 2124 conturbant
918 2117 928 2133 ²
944 2096 1029 2127 vobis
1046 2105 1135 2135 nuper
1152 2096 1242 2128 casua.

183 2136 232 2167 'ter
246 2134 310 2165 acci
330 2141 419 2164 erunt.
795 2165 799 2171 ,

206 2172 275 2204 Nos
290 2173 391 2212 igitur,
410 2171 447 2202 de
464 2169 534 2201 statu
546 2168 642 2201 vestro
660 2167 758 2209 (quem
772 2165 822 2196 diu
836 2170 976 2204 conservet
991 2173 1179 2211 omnipotens
1199 2174 1244 2202 in-

173 2211 310 2243 columen
327 2218 409 2248 atque
428 2207 538 2244 sanum)
558 2215 635 2236 nova
651 2203 745 2234 audire
767 2202 896 2242 prospera
906 2211 940 2242 ὃς
956 2209 1048 2241 felicia
1061 2211 1146 2241 avida
1162 2211 1243 2248 cupi.

172 2258 268 2288 entes,
287 2249 426 2280 dilectum
446 2245 599 2276 Valletrum
628 2241 756 2288 vostrum
773 2265 782 2280 2
808 2241 890 2286 Btssm·
908 2248 1015 2280 [errarit
1028 2271 1039 2287 ,
1055 2248 1242 2280 exhibitorem

169 2288 352 2328 praesentium
360 2309 371 2324 ,
386 2285 422 2316 ad
432 2283 532 2315 vestrae
544 2281 701 2313 Sanctitatis
715 2279 888 2324 praesentiam
902 2281 1077 2318 destinamus,

208 2325 340 2358 Vestram
357 2322 550 2354 Clementiam
563 2320 675 2351 devotis
688 2320 819 2363 preelbus
832 2327 975 2364 exorantes
983 2353 991 2361 ,
1006 2326 1133 2365 quatinus
1148 2325 1184 2356 de
1192 2325 1245 2356 sta.

169 2365 219 2397 tiis
235 2363 319 2396 vestri
333 2359 512 2394 continentia
524 2359 608 2390 nobis
623 2357 770 2389 rescribere
783 2357 943 2398 dignemini
950 2369 1000 2398 per
1010 2363 1134 2396 eundem
1143 2372 1244 2403 ‚quam

170 2402 302 2443 primurn
316 2401 375 2432 fieri
392 2400 494 2439 poterit
511 2399 595 2428 bono
614 2397 714 2428 modo.

210 2441 315 2472 Animi
336 2439 415 2470 enim
435 2436 645 2475 jocunditatem
661 2458 672 2474 ,
703 2436 748 2466 ieu
764 2435 858 2466 cordis
870 2436 997 2468 laetitiam
1011 2445 1072 2469 non
1087 2440 1244 2480 sumemuS,

172 2478 319 2519 'quousque
333 2477 370 2508 de
384 2474 561 2507 sanetiffimae
575 2473 700 2512 personae
716 2472 815 2517 vestrae.
829 2473 898 2505 statu
912 2485 988 2507 nova
1003 2476 1109 2509 foelicia
1129 2478 1242 2510 sciveri-

173 2518 287 2586 musd&
301 2523 412 2554 optata,
428 2514 462 2545 &
476 2523 508 2545 ea
525 2513 608 2545 nobis
622 2523 671 2552 per
679 2511 779 2545 vestras
789 2512 888 2544 litteras
895 2515 1022 2554 proprias
1034 2515 1161 2548 duxeritis
1168 2527 1243 2549 nun-

174 2565 241 2588 cian
262 2566 285 2586 a.

212 2593 374 2625 Conservet
385 2602 437 2624 vos
450 2591 609 2631 altissimus,
625 2589 661 2622 ad
677 2589 821 2631 Regimen
834 2589 968 2624 Ecciefiae
984 2590 1040 2626 suae
1055 2591 1158 2626 sanitae
1165 2616 1177 2633 ,
1193 2603 1243 2633 per

170 2634 303 2673 'tempora
316 2632 433 2664 feliciter
447 2631 585 2672 longiora.

210 2713 280 2746 Dat.
299 2713 373 2753 apud
383 2712 558 2754 Ryngwode
576 2721 622 2753 19.
636 2711 683 2744 die
698 2710 878 2743 Decembris:

357 2860 471 2902 Bulla,
494 2860 531 2895 de
547 2859 759 2909 provisionibus
769 2870 826 2908 pro
845 2860 956 2906 Nepote
979 2861 1074 2907 Papae.

23 2961 101 2992 mum
116 2960 159 2992 D.
181 2948 362 3011 CLemens
377 2947 548 2988 Episcopus,
566 2947 656 2978 servus
677 2945 818 2976 servorum
834 2943 911 2983 Dei,
925 2944 1066 2976 cariffimo
1083 2946 1113 2977 in
1130 2944 1244 2978 Christo

45 3007 131 3039 1305.

21 3037 77 3067 ln.
94 3047 139 3075 34.

26 3080 56 3106 Ε.
78 3085 100 3106 i.

28 3118 70 3142 Ex
83 3118 141 3144 Aa-

26 3158 91 3190 togi-²

257 2987 335 3032 filio,
352 2986 493 3019 Edwardo
508 2986 584 3027 Regi
601 2983 714 3025 Angliae
730 2982 825 3015 illustri
839 3006 851 3023 ,
867 2983 980 3015 salutem
994 2984 1028 3016 &
1043 2984 1241 3023 Apostolicam

181 3026 425 3104 beffjlieethiciinzlen,
452 3063 491 3094 fili
505 3062 660 3102 carissime,
675 3061 754 3093 firma
766 3061 823 3101 spei
838 3057 942 3107 nostrae
956 3057 1075 3106 fiducia,
1091 3061 1168 3101 quod
1177 3084 1188 3101 ,
1206 3061 1243 3093 ad

179 3103 446 3136 nos&Romanam
459 3102 613 3133 Ecclesiam
628 3101 732 3132 habens
747 3109 929 3132 reverentiam
952 3099 1063 3132 filialem
1073 3123 1096 3145 ,¹
1111 3111 1142 3132 ea
1151 3123 1162 3145 ,
1179 3110 1243 3139 qua:

179 3142 280 3174 nostro
292 3149 367 3187 grata
382 3140 444 3172 sunt
456 3142 558 3185 animo
585 3177 589 3184 ⁵
612 3139 700 3172 lacida
715 3140 768 3171 tuis
781 3140 855 3184 vptis
872 3137 1022 3179 accedant,
1040 3140 1074 3172 ὃς
1090 3139 1134 3172 illa
1148 3147 1242 3171 interi-

178 3182 214 3214 tis
230 3181 326 3213 studiis
340 3190 374 3211 ac
387 3178 476 3225 plenis
497 3173 551 3209 affe
582 3188 592 3208 i
614 3187 643 3209 us
654 3174 830 3224 prosequaris.
1168 3218 1173 3225 .

176 3218 464 3296 feffiliebissffdssi?
472 3216 1126 3302 {cfigfflioiiffiffiiiiffi0izcffsssssffiffisoffi
1138 3218 1244 3302 ¹5:533:

175 3305 224 3342 te,
240 3307 311 3344 nos,
328 3296 460 3340 volentes¹
469 3304 499 3327 ut
514 3295 570 3340 ipsa
583 3294 705 3338 Ecclefia
717 3295 764 3326 tali
777 3304 990 3341 commiteretur⁴
1007 3295 1151 3341 personae,
1166 3306 1243 3335 cujus

174 3335 313 3366 'industria
323 3335 436 3366 salubria
452 3344 482 3364 in
496 3333 675 3378 spiritualibus
681 3334 916 3378 &temporalibus
925 3334 1068 3373 suseiperet
1083 3345 1242 3366 incremen-

175 3381 222 3413 ta,
245 3373 369 3418 eandem
389 3372 543 3404 Ecclesiam
561 3371 666 3417 dilecto
682 3371 741 3402 filio
758 3373 927 3416 Raymundo
943 3396 953 3412 ,
976 3373 1087 3418 sanetae·
1098 3373 1242 3418 Romanae

175 3410 900 3488 {fflegffffiffiffissxffssfflghnieissiffl‚¹¹⁰st‘0’
918 3419 987 3443 ‘⁰¹¹⁶
999 3421 1032 3442 ²¹²
1048 3421 1150 3443 “mn
1164 3412 1242 3443 Offi‘

174 3528 198 3535 Υ.
214 3489 313 3529 Quare
324 3487 528 3532 Celfitudinem
542 3487 665 3528 Regiam
679 3497 809 3532 rogamus
823 3488 857 3521 &
869 3487 1013 3535 hortamur
1025 3490 1164 3534 attentius,
1173 3499 1241 3536 qua:

174 3537 250 3560 tinus
264 3534 332 3572 yota
344 3535 390 3557 tua
404 3536 435 3556 in
450 3525 503 3556 hac
514 3533 589 3571 parte
603 3526 703 3557 nostris
715 3526 888 3572 confirmans
902 3527 1066 3574 affectibus,
1079 3529 1242 3567 hujusmodi

173 3566 361 3598 collationem
381 3563 505 3595 nostram
519 3586 529 3603 ,
552 3572 636 3595 etiam
648 3564 667 3595 fi
682 3564 804 3597 Ecclesia
818 3566 874 3604 ipsa
888 3567 922 3598 ad
936 3566 1148 3606 dispositionem
1163 3576 1240 3599 tuam

2299 206 2357 246 45

1334 270 1383 315 Sic
1407 275 1492 317 igitur
1516 275 1544 304 in
1565 274 1721 313 hujusmodi
1743 274 1898 307 nostrarum
1911 280 2029 315 precum
2049 278 2223 309 exauditione·
2238 287 2265 309 te
2281 274 2361 309 nobis

1295 309 1426 341 exhibeas
1443 313 1603 351 liberalem,
1621 313 1698 350 quod
1714 313 1894 345 sinceritatem
1909 316 2082 354 devotionis,
2101 327 2185 354 quam
2209 317 2242 346 ad
2261 328 2310 347 nos
2328 319 2360 347 &c

1295 348 1490 384 Apostolicam
1505 351 1597 381 sedem
1613 359 1639 381 te
1654 351 1753 382 habere
1769 353 1957 392 confidimus,
1974 355 2113 385 valeamus
2128 365 2195 385 cum
2213 356 2359 393 gratiarum

1293 386 1451 418 aetionibiis
1463 388 1675 419 commendare.

1330 424 1398 457 Dat.
1416 427 1545 466 Lugdun.
1563 428 1590 458 6.
1609 426 1671 458 Kal.
1685 427 1747 467 Jan.
1766 427 1946 461 Pontificatus
1958 431 2045 461 nostri
2062 442 2135 462 anno
2153 433 2256 470 primo.

2383 256 2459 292 Ann.
2473 259 2512 294 Is)⁴

2383 309 2490 366 52⁰⁵:

2057 508 2110 538 Sub
2119 507 2173 548 filo
2184 508 2315 540 ‘canabeoss

1291 626 1401 669 Bulla,
1427 628 1464 661 de
1492 632 1566 675 Rege
1593 625 1786 674 absblvendO,
1813 633 1849 667 ὠ*
1868 628 2063 674 Juramentis
2079 635 2116 671 ρξ’
2137 634 2358 666 Excommuni-
2379 634 2510 675 *1197ssss

1339 674 1502 708 canonibus
1515 704 1524 719 ‚
1542 678 1632 723 fitper
1653 675 1853 721 alfii-vatione
1875 680 1996 724 [Magne
2016 679 2130 713 charte
2143 685 2179 719 (ῥ’
2199 681 2235 714 de
2252 683 2356 727 Fores:

1336 731 1370 754 ta
1380 748 1391 763 ‚
1414 724 1617 762 adnullandis.

1292 806 1472 869 CLemens
1485 809 1654 849 Episcopus,
1672 810 1763 842 servus
1777 810 1920 842 servorum
1938 811 2013 849 Dei,
2031 812 2174 844 carissimo
2190 817 2219 845 in
2236 816 2354 848 Christo
2376 825 2441 857 Αῃῃ
2470 826 2503 858 D

1302 885 1306 890 Π
1368 846 1426 877 filio
1440 848 1472 878 E.
1491 849 1568 887 Regi
1585 850 1699 887 Angliae
1714 849 1826 888 illustri,
1842 850 1954 881 salutem
1970 852 2004 882 &
2017 851 2355 891 Apostolicambenedi'c-
2405 852 2486 905 13<'>5²
2505 851 2509 857 ⁴

1287 892 1405 915 [Ionem.
1636 900 1644 906 ·
2381 908 2395 921 r:
2412 915 2422 921 f,

1325 923 1438 960 Regalis
1451 925 1612 956 devotionis
1631 927 1789 964 integritas,
1806 936 1868 964 quae
1886 928 1915 956 in
1932 927 2099 966 exequendis
2119 930 2192 959 votis
2213 931 2355 968 Apostoli·
2371 915 2486 978 ‘¹⁷⁹2

1287 970 1331 992 cae
1344 961 1411 992 sedis
1431 964 1508 1000 viget
1528 965 1561 995 &
1584 965 1675 1001 viguit
1689 963 1839 1002 indefessa,
1857 964 1944 1002 digne
1961 975 2078 996 meretur
2094 976 2124 997 ut
2137 967 2210 998 sedes
2225 970 2279 1006 ipsa
2295 972 2310 999 {1
2329 980 2355 1000 te
2375 984 2403 1006 f„
2416 964 2436 1006 J,
2449 963 2460 978 ³
2486 966 2494 975 “

1286 1000 1411 1031 obnoxia
1424 1010 1566 1039 amputet,
1583 1002 1673 1032 abster
1696 1011 1721 1033 at
1737 1003 1910 1040 incomoda,
1926 1004 1958 1033 ὅ(
1977 1005 2116 1035 ξωίωοῑει
2132 1016 2269 1043 procuret.
2377 1022 2415 1044 Et·
2443 1019 2509 1046 Au„

1325 1038 1397 1068 Sane
1408 1060 1418 1076 ,
1436 1049 1522 1077 nuper
1538 1039 1625 1079 digni
1649 1051 1678 1070 re
1703 1042 1779 1071 tione
1794 1043 1970 1081 percepimus
1985 1043 2079 1081 quod,
2097 1053 2124 1073 te
2141 1045 2213 1075 olim
2231 1047 2261 1075 in
2280 1046 2358 1077 Flan-
2376 1064 2440 1092 mgr,
2506 1051 2510 1053 ”

1285 1075 1367 1115 dria,
1385 1077 1418 1107 &
1435 1086 1582 1115 antequam
1596 1078 1661 1108 illuc
1672 1081 1757 1109 etiam
1774 1078 1945 1116 acceffisses,
1964 1090 2018 1117 pro
2030 1083 2070 1112 tui
2078 1083 2143 1120 juris
2157 1085 2274 1114 tuitione
2287 1095 2357 1116 con-

1285 1123 1326 1145 tra
1340 1115 1488 1145 nonnullos
1501 1124 1562 1146 tuos
1577 1116 1695 1146 aemulos
1711 1118 1744 1148 &
1761 1117 1852 1147 hostes
1865 1126 1983 1155 agente,

1323 1153 1463 1198 Nonnulli
1478 1153 1575 1197 Regni
1595 1155 1635 1186 tui
1651 1154 1796 1195 Magnates
1808 1156 1841 1186 ὃς
1858 1155 1981 1186 Nobiles
1995 1178 2005 1194 ,
2021 1157 2135 1196 aliaeque
2153 1160 2292 1201 personae,
2310 1170 2359 1193 tuo

1283 1199 1398 1222 nomini
1411 1202 1537 1222 inimicae
1545 1214 1555 1230 ,

1301 1268 1307 1273 .
1320 1229 1363 1260 Ex
1376 1240 1411 1261 eo
1427 1232 1614 1268 oportunitate
1629 1231 1738 1270 captat&
1752 1231 1831 1271 quod
1846 1239 1920 1263 extra
1938 1231 2077 1272 Regnum
2091 1234 2181 1272 ipsum
2196 1240 2357 1279 occupaba-

1284 1278 1320 1298 ris
1336 1270 1365 1298 in
1378 1269 1507 1307 opposito
1523 1270 1712 1309 aemulorum,

1322 1306 1386 1350 Nifi
1401 1306 1503 1338 eisdem
1517 1308 1646 1346 quasdam
1663 1308 1854 1340 concessiones
1866 1311 1951 1341 varias
1965 1311 2111 1349 &iniquas
2119 1335 2129 1350 ,
2146 1312 2259 1345 forestas
2293 1315 2357 1347 alia-

1285 1354 1339 1389 que
1355 1355 1411 1388 lura
1422 1368 1432 1384 ,
1449 1345 1484 1376 ad
1509 1356 1648 1378 coronam
1669 1347 1702 1379 &
1724 1348 1861 1379 honorem
1879 1350 1919 1379 tui
1933 1349 2066 1379 culminis
2080 1337 2367 1387 spem

1284 1393 1344 1421 quo
1376 1380 1709 1425 quateffipfiffsffiiam
1725 1387 1740 1416 a
1754 1386 1836 1418 dicto
1852 1387 2109 1425 Regnosecederes
2122 1389 2138 1419 a
2158 1399 2184 1420 te
2196 1391 2357 1430 importune

1285 1422 1427 1460 petebant)
1447 1422 1573 1463 fecisses,

1303 1499 1309 1504 θ
1324 1459 1473 1505 Contra—te
1485 1463 1723 1502 conspiraverant,
1741 1463 1919 1495 concitabant
1934 1462 2067 1504 populos,
2084 1466 2117 1497 δε
2134 1465 2277 1499 schandala
2296 1469 2357 1507 plu-

1286 1508 1360 1530 rima
1374 1499 1559 1532 seminabant:

1324 1538 1445 1577 Tuque,
1463 1540 1609 1579 prudenter
1631 1540 1741 1571 illorum
1764 1542 2002 1572 machinationem
2023 1542 2166 1574 advertens
2179 1567 2190 1582 ,
2207 1555 2241 1575 ac
2261 1546 2358 1581 volens

1287 1583 1355 1607 tunc
1376 1579 1508 1609 currentis
1528 1580 1660 1617 temporis
1678 1581 1782 1610 evitare
1808 1580 1927 1618 pericula
1943 1603 1953 1618 ,
1979 1581 2171 1613 concessiones
2186 1583 2360 1624 hujusmodi,

1286 1614 1348 1653 plus
1360 1616 1492 1655 coaetus,
1510 1627 1593 1654 quani
1608 1617 1790 1656 voluntarius,
1807 1618 1955 1659 perfecisti.

1321 1653 1358 1684 Et
1371 1654 1503 1693 tandem,
1518 1657 1548 1685 in
1563 1655 1699 1692 Regnum
1713 1665 1794 1686 tuum
1807 1666 1834 1687 te
1845 1656 2026 1694 postmodum
2034 1667 2186 1691 revertente
2194 1661 2270 1697 (licet
2283 1671 2358 1692 non-

1285 1691 1355 1722 dum
1371 1695 1472 1731 guerris
1484 1693 1579 1724 sedatis
1590 1694 1706 1731 eisdem)
1727 1695 1813 1724 iidem
1828 1695 1976 1732 Magnates
1990 1697 2023 1727 &
2038 1697 2084 1727 alii
2098 1698 2291 1730 coiiceffiones
2305 1701 2357 1731 hu-

1282 1729 1424 1774 jusmodi,
1442 1741 1490 1769 per
1501 1734 1742 1770 importunitatem
1754 1734 1787 1763 ὃς
1803 1733 2049 1773 praesumptuosam
2064 1735 2223 1767 instantiam
2233 1761 2242 1775 ,
2260 1748 2309 1775 per
2327 1747 2355 1770 te

1284 1769 1465 1801 obtinuerunt
1476 1772 1558 1801 etiam
1574 1772 1722 1809 innovari,
1740 1771 1890 1811 Regalibus
1904 1772 1980 1809 super
1994 1774 2050 1803 hoc
2066 1775 2307 1814 exhibitislitteris,
2326 1785 2356 1808 ut

1285 1807 1315 1837 in
1329 1818 1449 1847 omnes,
1464 1809 1648 1846 infringentes
1663 1810 1856 1841 concessiones
1871 1811 2008 1849 praefatas,
2027 1812 2069 1842 bis
2084 1814 2162 1842 annis
2174 1814 2298 1852 singulis,
2308 1825 2356 1852 per

1285 1855 1388 1877 omnes
1410 1846 1503 1887 Regni
1528 1848 1655 1885 praediffl
1674 1846 1849 1879 Cathedrales
1871 1848 2004 1880 Ecclesias
2023 1872 2034 1887 ,
2055 1854 2358 1884 excommunicationis

1283 1883 1416 1916 sententia
1429 1887 1539 1923 promul
1543 1895 1638 1924 get-ur,
1655 1886 1724 1917 sicut
1736 1888 1767 1917 in
1780 1887 1884 1917 eisdem
1897 1887 2006 1926 litteris,
2024 1888 2117 1929 Regio
2129 1890 2216 1929 sigillo
2230 1891 2360 1931 signatis,

1283 1922 1390 1960 plenius
1403 1925 1436 1955 ὃς
1449 1924 1569 1955 seriosius
1585 1926 1751 1955 continetur.

1322 1961 1403 1992 Cum
1419 1964 1509 2001 itaque
1524 1962 1597 1993 sedes
1609 1963 1681 2001 ipsa,
1698 1973 1762 2001 quae
1775 1963 1911 2004 Regnum
1927 1964 2075 2003 praefatum
2093 1965 2185 2003 diligit
2204 1966 2275 1998 inter
2287 1978 2353 1998 om-

1284 2000 1331 2031 nia
1344 1999 1447 2037 Regna
1466 2001 1583 2039 mundi,
1600 2002 1634 2032 &
1653 2009 1680 2032 te
1703 2011 1736 2032 ac
1753 2003 1842 2040 ipsum
1857 2005 1927 2042 gerit
1941 2005 1969 2033 in
1985 2004 2135 2034 visceribus
2149 2007 2285 2044 caritatis,
2303 2018 2353 2041 ag-

1282 2037 1379 2069 noscat
1392 2039 1586 2070 concessiones
1598 2039 1723 2078 easdem,
1740 2041 1916 2079 praesumptas
1932 2043 1964 2072 δε
1979 2041 2063 2073 fadi-as
2078 2044 2107 2072 iii
2121 2045 2161 2073 tui
2176 2044 2292 2075 honoris
2300 2046 2352 2076 dis-

1283 2078 1437 2116 pendium,
1454 2079 1488 2109 &
1503 2073 1616 2119 Regalis
1632 2077 1812 2115 Excellentiae
1825 2080 2044 2120 detrimentum,

1319 2115 1495 2147 Conceffion
1542 2117 1649 2148 easdem
1667 2140 1677 2156 ,
1703 2118 1881 2155 &vigorem
1897 2118 2033 2157 ipsarum,
2051 2120 2084 2150 ὃς
2099 2121 2233 2159 quicquid
2248 2132 2298 2159 per
2311 2131 2356 2153 eas

1282 2152 1323 2184 est
1339 2155 1507 2193 quomodoli
1545 2164 1555 2186 t
1574 2155 1747 2187 subsecutum
1759 2178 1769 2194 ,
1793 2166 1825 2187 ac
1843 2158 1930 2187 etiam
1947 2161 2279 2190 excommunicationum
2295 2161 2354 2190 seno

1282 2195 1398 2232 tentias,
1417 2204 1481 2232 quae
1495 2196 1525 2224 ih
1541 2194 1645 2225 eisdem
1657 2194 1787 2229 Ecclesiis
1800 2194 1845 2225 vel
1858 2195 1923 2225 alibi
1937 2195 2046 2226 fuerunt
2060 2207 2112 2234 pro
2135 2197 2242 2228 illarum
2259 2198 2353 2229 obser-

1283 2233 1396 2262 vatione
1417 2233 1530 2263 forsitan
1549 2232 1751 2271 promulgatae,
1770 2233 1816 2264 vel
1834 2235 1916 2263 etiam
1938 2234 2168 2274 promulgandae,
2192 2237 2355 2268 auetoritate

1283 2269 1469 2310 Apostolicfi,
1482 2272 1515 2303 &
1530 2270 1565 2301 de
1578 2271 1748 2308 plenitudine
1762 2271 1901 2310 potestatis
1915 2282 2097 2311 revocamuS,
2115 2274 2284 2313 aiiullamuS,
2296 2276 2354 2306 cas-

1282 2307 1386 2340 samus:
1408 2310 1512 2349 cassaS,
1533 2309 1635 2349 nullas,
1649 2310 1682 2341 &
1697 2311 1782 2341 irritas
1795 2311 1976 2341 nunciamus:
1995 2310 2109 2349 litteras,
2124 2311 2200 2350 super
2215 2313 2267 2343 illis
2280 2324 2354 2344 con-

1283 2346 1384 2387 feeraa,
1402 2350 1507 2379 viribus
1520 2357 1681 2379 vacuantes:
1698 2348 1878 2379 decernentes
1893 2357 1936 2386 te,
1950 2349 1983 2380 δε
1996 2348 2161 2380 successores
2178 2359 2241 2381 tuos
2258 2352 2353 2390 Reges

1284 2385 1416 2425 Angliae,
1431 2387 1472 2418 adr
1481 2386 1588 2417 illarum
1601 2387 1802 2418 observantiam
1816 2387 1853 2417 de
1867 2395 1971 2417 caetero
1985 2397 2044 2417 non
2061 2390 2163 2426 teneri,
2177 2390 2261 2420 etiarn
2282 2391 2301 2420 si
2316 2391 2353 2422 de

1283 2424 1460 2462 observandis
1472 2424 1577 2455 eisdem
1589 2424 1789 2456 sacramentum
1798 2425 1908 2456 forsitan
1915 2425 2080 2463 praestitisses
2097 2427 2257 2464 (praesertim
2266 2429 2335 2459 cum
2342 2452 2354 2468 ‚

1305 2473 1322 2493 u
1358 2461 1398 2492 do
1414 2462 1612 2494 Coronationis
1624 2472 1679 2494 tuae
1693 2463 1832 2501 suscepisti
1843 2463 2015 2502 solempnia,
2032 2463 2068 2494 de
2080 2464 2187 2495 honore
2201 2466 2234 2496 &
2243 2466 2351 2503 juribus

1333 2510 1410 2531 ronae
1429 2501 1548 2539 praesatae
1568 2501 1706 2532 servandis
1723 2525 1733 2541 ,
1755 2503 1824 2533 sicut
1843 2511 1877 2532 ex
1892 2511 1966 2540 parte
1978 2501 2026 2532 tufi
2035 2501 2175 2544 afferitur,
2194 2504 2351 2541 praestiteris

1284 2538 1482 2578 iuramentum)
1504 2548 1549 2570 aut
1562 2540 1582 2570 fi
1593 2540 1627 2570 ad
1643 2550 1739 2578 poenas
1754 2541 1854 2579 aliquas
1870 2549 1898 2571 te
1912 2548 2056 2578 propterea
2070 2541 2237 2581 obligafles,
2256 2543 2271 2572 a
2287 2544 2351 2581 qui-

1283 2578 1335 2622 bus
1351 2578 1385 2609 &
1402 2586 1476 2610 reatu
1493 2579 1624 2618 perjurii,
1640 2579 1660 2609 ii
1677 2589 1764 2617 quem
1781 2587 1929 2618 propterea
1942 2578 2100 2620 incurristi,
2117 2589 2145 2610 te
2158 2582 2243 2611 etiam
2262 2581 2354 2619 absol-⁴

1280 2625 1383 2648 vimus.

1321 2655 1366 2686 Ac
1380 2655 1516 2687 cautelam
1528 2655 1678 2687 districtius
1691 2658 1846 2687 inhibentes
1864 2657 2069 2687 venerabilibus
2088 2656 2217 2689 fratribus
2234 2657 2353 2699 nostris,

1282 2691 1508 2733 Archiepiscopis
1515 2717 1526 2733 ,
1543 2696 1577 2726 &
1588 2695 1732 2733 Episcopis
1745 2695 1904 2733 caeterisque
1916 2695 2050 2733 personis,
2068 2703 2127 2726 tam
2135 2696 2351 2737 Ecclesiasticis,

1284 2733 1367 2771 quam
1382 2734 1571 2772 Secularibus,
1587 2743 1637 2772 per
1652 2733 1790 2771 Regnum
1805 2734 1895 2772 ipsum
1910 2734 2027 2764 ubilibet
2040 2733 2210 2773 constitutis,
2227 2745 2262 2765 ne
2281 2737 2349 2775 ipli,

1283 2771 1328 2802 vei
1343 2773 1433 2809 quivis
1445 2771 1569 2810 ipsorum
1584 2772 1820 2810 (Archiepiscopis
1836 2773 1870 2803 &
1887 2771 2046 2810 Episcopis,
2060 2771 2190 2804 videlicet
2204 2774 2253 2804 sub
2265 2783 2350 2811 poena

1283 2809 1458 2847 suspensionis
1471 2812 1507 2841 ab
1517 2811 1620 2841 officiis
1631 2811 1664 2841 &
1679 2806 1834 2848 beneficiis,
1854 2821 1937 2849 quam
1950 2810 1970 2840 si
1985 2820 2032 2848 per
2052 2809 2177 2841 mensem
2196 2811 2349 2842 substinue-

1284 2849 1354 2886 rint,
1373 2848 1422 2879 sub
1434 2850 1749 2888 excommunicationis,
1767 2859 1850 2887 quam
1865 2859 1912 2879 eos
1931 2857 2049 2887 extunc,
2069 2859 2181 2878 necnon
2200 2860 2297 2879 omnes
2313 2851 2348 2881 ὅτ,

1285 2886 1405 2924 singulos
1419 2888 1486 2919 alios
1500 2889 1638 2918 incurrere
1651 2888 1730 2918 illico
1745 2888 1874 2918 volumus
1892 2888 1952 2925 ipso
1969 2886 2055 2925 facto)
2077 2897 2174 2917 contra
2189 2887 2349 2925 hujusmodi

1285 2927 1484 2965 revocationis,
1502 2926 1693 2965 anullationis,
1709 2924 1878 2964 cassationis,
1897 2926 2068 2964 irritationis,
2086 2926 2119 2956 ὃς
2135 2925 2240 2957 decreti
2259 2925 2346 2958 nostri

1282 2971 1428 3003 tenorem,
1444 2964 1547 3003 aliquid
1561 2972 1690 2995 attentare
1703 2963 1883 3003 praesumant5

1321 3002 1386 3033 Nos
1403 3004 1481 3033 enirn
1495 3012 1607 3034 exnunc
1620 3003 1731 3034 irritum
1744 3002 1922 3034 decernimus
1933 3002 1966 3034 &
1978 3003 2078 3041 inane,
2095 3001 2196 3034 sisecus
2209 3001 2288 3041 super
2294 3003 2347 3036 hiis

1282 3043 1436 3080 contigerit
1447 3042 1581 3073 attentari.
1819 3072 1820 3075 ,
2024 3049 2033 3054 ,

1319 3080 1372 3111 Per
1387 3082 1444 3112 hoc
1456 3089 1549 3111 autem
1563 3084 1622 3110 non
1633 3076 1803 3112 intendimus
1812 3079 1871 3119 jus,
1887 3079 1907 3110 si
1921 3077 1997 3118 quod
2017 3078 2226 3118 quibuscunque
2237 3079 2348 3118 Regni-

1283 3119 1353 3150 colis
1363 3119 1434 3150 diffl
1447 3119 1545 3157 Regni
1560 3120 1589 3149 in
1602 3119 1765 3158 praemiffis,
1782 3128 1844 3150 ante
1856 3117 2046 3150 concessiones
2059 3117 2234 3157 hujusmodi,
2251 3128 2299 3157 per
2317 3127 2346 3150 te

1282 3158 1384 3197 facias,
1401 3157 1511 3189 forsitan
1526 3158 1722 3196 competebat,
1739 3157 1855 3188 auferre.

1320 3196 1402 3228 Nulli
1423 3207 1494 3235 ergo
1512 3196 1632 3227 omnino
1652 3195 1801 3226 hominum
1817 3196 1898 3227 liceat
1912 3196 1988 3227 hanc
2003 3196 2138 3234 paginam
2150 3195 2250 3226 nostrae
2262 3205 2344 3226 revo-

1282 3238 1415 3276 cationis,
1431 3235 1617 3273 anullationiS,
1635 3233 1790 3265 cassationis
1802 3256 1813 3272 ,
1829 3234 1988 3265 irritationis
2000 3257 2012 3274 ,
2028 3235 2062 3266 &
2083 3234 2287 3265 constitutionis
2301 3235 2344 3264 in-

1283 3275 1422 3314 fringere,
1439 3274 1482 3305 vel
1495 3275 1522 3304 ei
1534 3272 1596 3304 ausu
1610 3274 1758 3303 temerario
1778 3274 1924 3304 contraire.
2323 3310 2329 3316 ·

1320 3314 1339 3334 ¹*
1358 3314 1388 3345 Si
1427 3315 1563 3344 uisautem
1570 3311 1627 3342 hoc
1635 3319 1766 3342 attentare
1783 3311 1900 3349 praesum
1921 3310 1997 3350 serit,
2015 3311 2236 3350 indignationem
2249 3319 2345 3340 omni-

1281 3354 1401 3392 potentis
1447 3353 1472 3382 ei
1485 3374 1495 3390 ,
1520 3350 1553 3381 &
1574 3350 1739 3389 beatorum,
1762 3348 1837 3381 Petri
1855 3350 1890 3382 &
1902 3321 2000 3390 gazzii,
2017 3349 2217 3388 Apostolorum
2230 3349 2303 3387 ejus,
2319 3347 2346 3380 se

1280 3393 1390 3424 noverit
1404 3389 1586 3421 incursurum.

2363 3314 2496 3355 *119792

1318 3467 1386 3500 Dat.
1403 3466 1535 3506 Lugduni
1549 3474 1579 3506 4.
1596 3464 1660 3499 Kal.
1673 3465 1736 3506 Jan.
1754 3463 1937 3498 Pontificatsis
1947 3464 2035 3497 nostri
2048 3474 2123 3496 anno
2135 3466 2239 3504 prima·

2022 3540 2114 3580 sigillo
2131 3540 2236 3581 avulsb.

172 3604 289 3636 forsitan
304 3603 469 3642 pertineret,
486 3610 572 3634 ratam
584 3603 689 3634 habens
702 3604 850 3642 &gramm
858 3614 937 3650 ,pro
948 3605 1102 3637 reverentia
1115 3605 1242 3644 Aposto-
1294 3628 1298 3630 >

171 3642 240 3675 licae
254 3643 324 3674 sedis
336 3643 370 3674 δε
384 3641 497 3679 nostra,
515 3640 583 3685 velis
597 3641 728 3686 hac-vice
740 3652 825 3682 aequo
838 3652 938 3674 animo
952 3645 1082 3683 tolerare,
1099 3653 1238 3683 perquam

173 3692 232 3713 nec
246 3682 392 3719 volumus,
409 3690 463 3710 nec
477 3679 646 3710 intendimus
649 3690 705 3718 juri
717 3688 784 3720 tuo,
801 3681 898 3720 siquod
912 3683 941 3712 in
950 3683 1115 3720 collatione,
1133 3683 1178 3714 vel
1185 3683 1238 3715 alia

174 3720 225 3752 dis
238 3721 353 3752 ofitione
365 3718 446 3757 ipsius
459 3717 592 3749 Ecclesiae
606 3718 707 3749 habere
720 3718 886 3758 dinosceris,
899 3720 1085 3759 imposterum
1093 3722 1237 3758 derogare.

173 3797 175 3799 ι
239 3768 265 3798 t,
284 3759 303 3790 fi
320 3758 355 3789 de
372 3755 487 3796 praefata
502 3756 627 3787 Ecclesia
641 3756 717 3788 alteri
730 3756 819 3788 forsan
838 3765 886 3788 tua
902 3758 1038 3790 Serenitas
1055 3759 1235 3799 providisset,

174 3798 366 3838 provisionem
382 3797 486 3826 irritare
501 3795 568 3826 velis
582 3795 720 3834 eandem,
736 3795 882 3834 ipsumque
894 3796 1043 3835 Nepotem
1061 3797 1187 3829 nostrum
1205 3800 1235 3830 in

173 3835 342 3872 possessione
356 3833 474 3875 pacifica
490 3833 613 3872 ejusdem
629 3833 764 3865 Ecclesiae
779 3842 834 3865 tuae
851 3837 983 3872 potentiae
998 3836 1134 3876 brachio,
1153 3845 1236 3875 prout

173 3877 348 3911 oportunum
364 3873 497 3910 extiterit,
514 3880 577 3910 prot
612 3882 638 3903 as
652 3873 686 3904 ὅτ,
696 3871 836 3903 defendas.

212 3911 347 3944 Praeterea
362 3936 372 3952 ,
395 3921 462 3942 cum
480 3910 558 3941 idem
610 3920 677 3949 epos
693 3910 786 3941 noster
811 3920 862 3949 pro
877 3910 1054 3950 adipiscenda
1070 3913 1237 3951 poffeffione

173 3947 318 3981 Priorati'is
334 3950 371 3981 de
388 3949 582 3987 Otthingham
594 3973 605 3988 ,
629 3949 685 3980 sive
702 3949 773 3980 Selle
788 3971 799 3988 ,
823 3949 995 3981 Dunelmen.
1006 3951 1102 3982 Dioc.
1120 3962 1168 3990 per
1186 3962 1237 3983 nos

173 3988 330 4056 „Quasi
347 3987 1239 4064 ἆῗὲἓάῗὲεὲῗῖέεἓῑὲξῗῗῑῖζὲῗὲῗῗοὲἓὲωυᾙῗέωυὲῗι

176 4090 181 4093 .
204 4048 325 4107 rioratfis²
332 4065 455 4103 ejusdem
469 4064 667 4104 possessionem
679 4064 828 4109 pacificam
841 4075 860 4100 v
886 4073 927 4108 eat
940 4038 1066 4108 obt-{iere
1074 4090 1085 4108 2
1102 4039 1240 4109 Ρῖοὲιιζλξ

178 4102 284 4140 ξθῖὼῑῑδ
298 4102 360 4142 ἱΡῧδ
373 4103 474 4146 assii’oes
485 4104 625 4147 favoribus
637 4111 787 4145 oportunis,

1277 3693 1387 3735 Bulla,
1412 3689 1491 3738 quod
1516 3693 1547 3723 in
1566 3692 1724 3737 Persbnam
1744 3692 1832 3738 Regis
1852 3714 1862 3732 ‚
1887 3689 1939 3723 vel
1959 3692 1989 3721 in
2009 3688 2143 3735 Capellas
2163 3700 2218 3720 non
2238 3685 2340 3733 poffint

1314 3742 1396 3787 ferri
1401 3741 1547 3785 sententiae
1564 3741 1909 3779 Excommunicasionis‚
1937 3737 2148 3783 Suspenfionis,
2172 3736 2223 3769 vel
2238 3737 2338 3777 Inter:

1317 3790 1390 3823 dii‘Zi
1400 3815 1410 3831 ,
1435 3785 1544 3832 absque
1555 3786 1640 3820 Sedis
1657 3785 1820 3833 Apostolicae
1834 3784 1977 3819 mandato
1993 3785 2126 3831 speciali.

1340 3874 1460 3905 Lemens
1476 3870 1647 3912 Episcopus,
1665 3870 1755 3902 servus
1770 3869 1909 3901 servorum
1924 3867 1999 3908 Dei,
2015 3870 2157 3900 cariffimo
2171 3870 2202 3900 in
2223 3865 2339 3901 Christo
2361 3859 2437 3892 Ann-
2448 3857 2494 3897 DJ

1298 3952 1302 3958 .
1338 3913 1429 3958 .ffli0²
1446 3910 1478 3941 E.
1497 3910 1574 3948 Regi
1593 3909 1709 3948 Angliae
1726 3909 1837 3947 illustri,
1853 3908 1965 3940 salutern
1986 3909 2020 3939 ὃς
2039 3908 2235 3947 Apostolicam
2252 3909 2338 3940 bene-
2356 3900 2473 3973 ‘4233-

1274 3951 1593 4027 dldffggnaelisldevotionis
1604 3986 1760 4024 sinceritas,
1778 3994 1861 4023 quam
1880 3984 1916 4016 ad
1935 3994 2002 4023 nos,
2018 3985 2052 4016 &
2070 3984 2234 4016 Romanam
2251 3984 2336 4014 habes
2354 3979 2384 4002 E.
2404 3984 2427 4001 ¹·

1277 4027 1446 4064 Ecclesiam,
1462 4032 1652 4064 promeretur,
1670 4033 1700 4055 ut
1718 4023 1860 4062 personam
1873 4031 1951 4056 tuam
1965 4023 2058 4064 dignis
2072 4024 2243 4057 honoremus
2257 4021 2335 4053 favo.
2355 4016 2394 4039 Ex
2409 4014 2470 4045 Aa}

1276 4067 1368 4108 ribus,
1385 4066 1418 4100 ὃς
1431 4062 1604 4104 apostolicis
1614 4064 1707 4103 gratiis
1720 4063 1884 4140 ηΡιυὲὶαῐηιιε
2264 4097 2337 4131 Τὼ
2355 4056 2418 4086 ¹087.
