2570 4261
55 234 133 277 Arm.
147 232 187 263 D.

79 282 162 302 1220.

57 316 120 340 Hm.
142 322 166 348 3·

66 1397 194 1431 AnnD.

89 1448 175 1469 1220.

66 1482 119 1506 Au.
134 1488 165 1513 4·

67 1521 103 1544 H.
123 1527 147 1553 3.

68 1560 126 1585 Par.
144 1566 172 1592 4.

68 1599 196 1633 H,3.m.3.

78 2330 126 2357 ²·‹1.
142 2336 206 2365 ²43·

202 149 252 189 82

201 232 363 264 nostrorum
378 229 563 271 promoventi.
579 228 713 268 negotiis,
731 229 866 259 novimus
879 225 1057 267 prudentiam
1070 221 1193 255 vestram
1209 219 1265 250 cir-

202 283 234 303 ca
250 282 282 301 ei
296 270 400 301 fidelius
414 267 580 305 elaborasse,
1060 303 1064 307 ἡ
1091 302 1095 307 .

242 309 386 340 leIittinzus
398 307 432 337 ad
446 317 498 337 vos
512 306 648 336 dilectum
661 304 794 335 nostrum
816 303 991 344 Magistrum
1013 299 1208 332 Willielmum
1229 295 1265 324 de

203 349 310 379 Sanc‘to
325 347 431 376 Albino
444 345 675 382 (Procuratorem
695 343 840 381 nostrum,
859 344 893 374 ad
914 340 1123 380 impetrandum
1141 337 1174 367 δε
1193 344 1266 364 con-

203 385 396 418 tradicendum
410 385 439 413 in
452 383 584 413 omnibus
597 382 698 414 nostris
712 384 746 414 &
759 382 925 413 nostrorum
940 380 1075 420 negotiis,
1089 386 1152 414 quae
1166 381 1267 404 contra

205 436 258 455 nos
272 426 305 455 ἃ*
319 422 429 452 nostros
442 421 555 452 suerunt
568 421 710 460 proposita
723 423 752 452 in
766 420 853 452 Curia
864 419 1010 453 Romana)
1027 424 1157 453 rogantes
1177 419 1268 442 atten-

204 466 257 494 tius
272 462 455 491 sinceritatem
467 459 589 490 vestram
602 470 651 499 ut,
668 470 736 491 cum
749 460 856 490 fueritis
868 459 947 497 super
959 458 1011 501 hiis
1026 455 1061 485 ab
1075 464 1128 490 eo,
1147 459 1181 482 ex
1192 457 1269 487 parte

206 500 317 532 nostra.
336 498 474 537 requisiti,
491 499 528 529 de
540 499 618 530 solita
632 499 781 530 clementia
793 497 901 536 vestra,
918 496 1008 527 velitis
1022 504 1071 532 ea,
1089 500 1154 530 quae
1173 489 1268 519 hono-

208 540 243 569 ris
258 537 345 568 nostri
359 537 437 576 sunt,
455 537 588 569 consueta
600 538 742 576 diligentia
755 546 911 575 procurare.
998 572 1003 577 .
1157 568 1163 573 ,

247 576 296 606 De
309 577 424 615 negotio
437 585 533 607 autem
545 577 660 616 nostro,
679 576 759 615 quod
771 585 805 605 ex
825 575 886 605 onit
900 573 982 604 vobis
997 570 1074 614 idem
1089 568 1215 606 plenius,
1233 563 1269 594 de

204 615 333 654 johanna
346 616 535 655 primogenita
547 616 643 646 sorore
656 614 767 651 nostra,
820 613 908 650 ugoni
919 611 956 641 de
970 610 1118 654 Lezinnan
1131 615 1181 644 per
1202 602 1271 634 Do-

207 655 319 684 minum
329 654 492 692 johannem
508 662 615 691 patrem
628 653 758 683 nostrum
771 651 880 693 pridem
900 647 1066 685 commissa,
1084 645 1121 676 de
1142 653 1198 683 qua
1217 651 1271 672 tra-

207 692 337 723 ducenda
349 692 414 723 fidei
428 692 553 733 praestitit
566 692 786 729 sacramentum,
798 700 850 721 vos
865 689 996 719 duximus
1010 684 1184 728 exorandOS,
1223 690 1272 711 ua-

208 731 283 761 tinus
304 731 429 761 laborare
449 731 553 768 velitis,
572 731 591 761 fi
615 730 723 769 placet,
739 730 827 768 pleno
839 727 947 759 effeetu
960 734 1025 770 erga
1038 724 1205 769 Dominum
1243 729 1274 763 εἴ

209 779 292 809 pam,
311 778 342 800 ut
357 770 409 808 ips-a
424 769 501 799 soror
515 769 610 800 nostra
624 770 706 799 nobis
719 768 893 805 restituatur,
911 775 999 805 quarn
1013 763 1086 804 ipse,
1105 762 1195 799 spreta
1209 758 1274 803 sidet

209 809 359 848 religione,
382 807 577 845 superinduet&
598 816 687 838 matre
710 806 821 845 nostra,
847 806 930 836 nobis
950 803 1067 847 reddere
1087 798 1274 844 contradicit,

213 848 311 878 volens
319 856 382 915 llnos
404 857 454 884 per
474 846 556 885 ipsius
577 847 790 885 detentionem,
807 845 842 875 ad
855 845 913 884 ejus
925 843 1151 880 redemptionem
1170 845 1276 868 inVitos

211 895 280 916 com
303 896 318 916 e
338 895 393 915 ere.
1256 914 1261 920 ⁸

249 896 300 955 Etp
309 933 439 963 rogamus
456 934 508 956 vos
528 932 559 955 ut
581 923 713 955 scribatur
728 923 808 963 super
821 923 879 953 hoc
894 918 1083 953 Xantoniensi
1097 919 1130 963 &ss
1145 916 1278 946 Limovi-

209 963 285 993 censi
297 962 458 1001 Episcopis‚
477 964 511 993 ὃς
527 963 648 994 Decano
664 961 874 1002 Burdegalensi,
891 969 924 991 ut
958 959 1008 990 nisi
1027 965 1188 988 monitione
1205 962 1278 992 prse-

212 1001 309 1039 missa,
327 1002 401 1032 illam
425 1002 509 1032 nobis
531 1002 669 1033 curaverit
683 1000 842 1039 restituere,
860 984 940 1030 adid
951 1008 1001 1037 per
1015 996 1159 1028 censuram
1174 991 1278 1024 Eccle-

211 1040 347 1071 siasticam
359 1041 411 1071 rite
425 1041 619 1079 compellatur.

248 1116 339 1147 Teste
360 1117 495 1148 Huberto
515 1117 552 1148 de
570 1117 684 1157 Burgo,
698 1116 860 1156 justiciario
880 1114 981 1146 nostro
995 1111 1070 1152 apud
1084 1108 1278 1151 Notingham.

213 1156 349 1188 vicesimo
363 1156 409 1187 die
419 1157 506 1195 Junii.

297 1303 357 1334 Pro
376 1302 490 1346 Regina
509 1302 692 1347 Berengaria
709 1298 744 1333 de
758 1299 887 1347 pensione
898 1297 959 1344 sita
979 1292 1190 1330 continuanda.

218 1396 354 1459 REX
376 1396 509 1426 omnibus
523 1419 533 1434 ,
566 1394 601 1426 ad
620 1404 693 1434 quos
715 1393 831 1433 praesens
850 1393 984 1434 scriptum
1002 1392 1162 1431 pervenerit
1176 1414 1186 1430 ,
1210 1389 1280 1421 salu-

298 1445 366 1466 tem.

258 1473 441 1505 Universitati
455 1471 557 1502 vestrae
570 1480 674 1503 notum
689 1471 807 1502 facimus
821 1470 917 1509 quod,
935 1480 1003 1502 cum
1017 1478 1096 1509 pater
1115 1468 1212 1512 noster
1229 1467 1282 1506 Jo-

219 1514 340 1551 hannes,
364 1511 430 1542 Rex
449 1511 560 1550 Angliae
579 1512 665 1541 bonae
685 1511 852 1546 memoriae,
879 1509 1020 1548 quandam
1042 1509 1282 1546 compositionem

219 1552 318 1582 fecerit
328 1560 396 1581 curn
412 1549 541 1580 Domina
555 1549 733 1589 Berengaria,
752 1549 897 1587 quondam
911 1548 1009 1578 illustri
1023 1547 1135 1587 Angliae
1154 1546 1282 1586 Regina,

220 1591 315 1620 mucia
335 1589 423 1630 Regis
444 1587 575 1627 Ricardi,
593 1590 683 1627 patrui
705 1588 808 1626 nostri,
826 1588 908 1618 clarae
928 1587 1097 1625 memoriae,
1124 1585 1205 1624 super
1224 1586 1282 1624 ejus

219 1628 348 1660 dotalitio
368 1630 399 1658 in
417 1627 483 1658 Ano
497 1629 536 1664 a,
575 1627 632 1657 uod
652 1628 688 1657 ab
710 1626 769 1666 ipso
783 1626 882 1657 eadem
896 1626 1059 1666 repetebat,
1078 1625 1114 1655 ita
1127 1624 1224 1663 quod,
1242 1624 1283 1654 sc-

218 1668 345 1699 cundum
366 1675 496 1696 tenorem
515 1637 639 1704 ejucidcm
661 1665 893 1705 compositionis,
912 1674 998 1703 quam
1017 1673 1069 1694 nos
1082 1671 1169 1694 ratam
1183 1663 1283 1694 habui-

222 1717 284 1737 mus
306 1707 340 1738 &
362 1705 513 1742 habemus,
531 1714 546 1734 a
566 1704 646 1735 dicto
665 1713 742 1745 patre
762 1703 877 1741 nostro,
894 1713 948 1740 pro
960 1702 988 1732 se
1001 1702 1035 1733 &
1046 1700 1204 1732 haeredibus
1217 1701 1282 1740 suis,

219 1746 319 1783 facite,
341 1745 374 1776 &
392 1745 421 1775 in
440 1745 564 1773 animam
585 1743 661 1773 suam
681 1743 798 1781 juratae,
814 1741 888 1772 diffisa
909 1741 1039 1772 Domina
1062 1739 1226 1780 Berengaria
1246 1741 1283 1771 ab

219 1783 322 1814 eodem
330 1807 340 1822 ,
357 1784 391 1814 &
403 1782 454 1813 suis
467 1781 623 1812 haeredibus
631 1807 640 1820 ,
654 1782 684 1811 in
697 1781 802 1811 Domo
813 1780 901 1811 Novi
912 1779 1033 1817 Templi
1046 1778 1174 1810 London
1181 1801 1192 1818 ,
1207 1779 1285 1810 mille

219 1823 302 1854 libras
322 1822 469 1852 bonorum
488 1822 522 1852 &
541 1821 671 1860 legalium
692 1819 891 1858 sterlingorum
910 1818 1027 1849 deberet
1041 1819 1168 1856 recipere
1180 1828 1287 1848 annua-

220 1863 291 1900 tim,
308 1869 393 1901 prout
407 1860 466 1890 hoc
479 1869 548 1890 cum
562 1857 728 1897 quibusdam
742 1858 798 1887 aliis
810 1857 929 1888 articulis
945 1858 975 1887 in
998 1856 1073 1887 carta
1091 1857 1173 1894 patris
1195 1857 1286 1893 nostri

222 1900 331 1938 plenius
346 1899 524 1936 continetur,
541 1899 575 1929 ὃς
589 1897 643 1936 ipsa
656 1897 767 1936 Regina
779 1896 1019 1934 compositionem
1033 1895 1154 1925 eandem
1167 1895 1218 1926 sibi
1238 1907 1288 1938 pe-

221 1946 293 1969 teret
316 1937 472 1974 observari,
491 1938 526 1968 &
545 1945 665 1975 quatuor
685 1935 753 1965 mill.
772 1936 807 1967 &
827 1937 992 1974 quingentas
1005 1934 1066 1964 libr.
1087 1933 1287 1974 sterlingorum

222 1987 278 2015 pro
298 1976 435 2015 arreragiis
455 1976 507 2005 suis
525 1976 550 2004 ei
571 1974 658 2012 solvi,
673 1983 704 2004 ea
725 1973 857 2004 videlicet
877 1975 986 2004 ratione
1006 1972 1087 2010 quod
1108 1983 1158 2011 per
1177 1982 1287 2005 tantum

225 2015 360 2053 temporis
374 2014 511 2046 cessatum
524 2013 578 2044 fuit
592 2023 607 2043 a
620 2012 760 2043 solutione
773 2011 970 2050 praedietarum
984 2011 1061 2041 mille
1072 2011 1226 2051 librarum3
1245 2012 1288 2044 su-

226 2064 276 2092 per
296 2053 442 2092 praemiffis
462 2053 566 2091 taliter,
585 2062 638 2090 pro
657 2051 740 2082 nobis
762 2052 796 2083 &
816 2049 1019 2082 successoribus
1034 2049 1136 2080 uostris
1150 2052 1289 2083 conveni-

226 2102 290 2123 mus
304 2101 372 2122 cum
387 2092 502 2130 eadem,
520 2091 633 2122 scilicet.

267 2130 376 2169 Qiod,
393 2130 429 2160 de
448 2130 581 2168 praedieta
598 2129 708 2160 summa
724 2129 942 2169 arreragiorum,
962 2127 1040 2158 mille
1062 2127 1175 2160 Marcas
1189 2128 1215 2159 ei
1227 2128 1291 2160 red-

224 2169 348 2200 didimus
366 2170 395 2198 in
415 2169 557 2207 praesenti,
576 2169 610 2199 δε
632 2170 640 2198 i
662 2169 685 2198 sa
707 2167 836 2206 Regina,
853 2167 890 2198 de
910 2166 1048 2205 praemiffa
1065 2166 1189 2206 summa,
1207 2168 1292 2198 nobis

227 2208 334 2238 remisit
349 2208 511 2247 quingentas
523 2207 622 2244 libras,
684 2205 723 2236 de
737 2205 846 2236 residuo
859 2206 1062 2245 arreragiorum
1081 2204 1231 2236 reddemus
1249 2207 1290 2245 ei,

227 2247 463 2286 quolibetanno,
481 2247 644 2284 quingentas
661 2244 789 2283 Marcas,
807 2244 901 2276 donec
915 2253 975 2277 tota
994 2244 1103 2276 summa
1121 2244 1292 2276 eorumdem

228 2286 430 2320 arreragiorum
445 2286 567 2323 plenarie
582 2284 614 2314 sit
625 2283 720 2314 soluta.

264 2325 283 2343 ²*
303 2323 339 2354 N
342 2324 521 2354 ichilominus
535 2323 684 2354 reddemus
699 2324 724 2353 ei
738 2323 814 2352 annis
829 2321 940 2362 singulis
953 2322 1032 2353 mille
1044 2321 1127 2353 libras
1145 2323 1291 2354 bonorum

230 2363 264 2394 &
283 2363 414 2403 legalium
434 2362 648 2402 sterlingorum,
667 2362 717 2392 sibi
735 2361 841 2392 debitas
861 2370 895 2391 ex
910 2360 1121 2399 compositione
1133 2361 1292 2401 praerniffa3

228 2403 262 2434 ὃς
275 2403 311 2432 ita
326 2402 453 2440 quolibet
465 2412 541 2432 anno
555 2401 669 2439 recipiet
683 2399 742 2431 duo
756 2400 840 2430 millia
857 2399 1024 2431 Marcamm
1038 2409 1092 2438 pro
1105 2401 1292 2438 compositio-

227 2452 265 2473 ne
279 2441 313 2472 &
327 2442 475 2480 arreragiis.

267 2479 387 2517 Propter
401 2489 465 2518 quae
478 2478 571 2509 eidem
581 2477 780 2516 affignavimus
793 2477 940 2507 stannarias
960 2476 1068 2508 nostras
1084 2476 1122 2507 de
1141 2476 1291 2508 Cornubia

226 2520 261 2551 ὃ(
275 2518 410 2549 Devonia
418 2543 427 2556 ‚
445 2528 514 2549 cum
525 2518 659 2548 omnibus
671 2517 788 2548 exitibus
803 2518 852 2555 qui
865 2526 900 2547 ex
912 2518 950 2547 eis
961 2516 1147 2557 provenient,
1155 2517 1190 2548 &
1203 2517 1291 2548 exitus

226 2558 344 2588 Cambii
358 2557 492 2587 Monetae
504 2555 618 2587 nostrae.

263 2595 301 2626 Et
321 2605 386 2626 earn
406 2595 549 2633 posuimus
569 2597 599 2625 in
617 2594 796 2632 corporalem
816 2593 1020 2631 possessionem
1041 2592 1207 2623 earumdem
1219 2616 1230 2632 ,
1257 2603 1291 2624 ex

228 2644 350 2703 qupsrum
363 2634 546 2672 proventibus
559 2633 711 2664 solutiones
723 2632 780 2662 suas
794 2633 927 2671 recipiet,
944 2632 1015 2662 sicut
1026 2632 1148 2669 superius
1163 2631 1205 2662 est
1219 2642 1293 2670 prae-

227 2684 267 2704 mi
295 2683 353 2704 um.
629 2695 633 2700 .

266 2712 296 2742 Si
310 2721 406 2742 autern
417 2713 566 2751 contigerit
580 2709 660 2749 quod
672 2708 793 2747 aliquid,
807 2709 877 2739 ultra
890 2708 950 2739 duo
964 2707 1051 2739 millia
1062 2707 1158 2738 Marc.
1171 2717 1206 2738 ex
1220 2718 1293 2747 prae-

227 2750 309 2782 dietis
321 2750 472 2781 redditibus
485 2751 663 2788 provenerit,
680 2749 762 2779 nobis
775 2747 938 2790 remanebit.
1120 2785 1125 2790 Δ

262 2789 293 2820 Si
306 2789 340 2819 ad
354 2789 525 2820 solutionem
540 2787 711 2826 praemissam
724 2797 785 2817 non
804 2785 984 2824 sufficerent,
1001 2784 1191 2823 supplebimus
1213 2786 1238 2816 ei
1256 2784 1293 2816 de

229 2828 380 2858 redditibus
394 2827 496 2858 nostris
513 2827 650 2857 London.

267 2866 320 2904 Et,
339 2867 359 2896 si
372 2866 439 2898 illud
455 2868 539 2897 etiarn
552 2876 613 2896 non
626 2864 783 2904 sufficeret,
800 2863 950 2895 reddemus
965 2863 992 2894 ei
1006 2862 1149 2894 residuum
1163 2861 1198 2893 ad
1206 2862 1294 2894 Scac—

227 2905 333 2936 carium
347 2904 477 2935 nostrum
494 2905 628 2935 London.

270 2942 425 2973 Praedicsto's
445 2952 541 2974 autem
563 2943 686 2973 redditus
709 2943 862 2980 percipiet,
882 2942 917 2972 &
936 2941 1043 2971 tenebit
1055 2939 1159 2979 absque
1180 2940 1294 2979 nostra,

230 2981 278 3049 vpl
292 2980 455 3012 nostrorum
472 2982 715 3019 contradictione,
730 2981 776 3011 vel
790 2979 1017 3019 impedimento,
1035 2979 1106 3010 sicut
1125 2979 1294 3017 praedic‘ium

227 3030 256 3050 ei
274 3044 278 3048 .

266 3058 316 3089 Set
336 3068 388 3088 nos
408 3057 619 3097 assignabimus,
637 3059 756 3088 nomine
777 3056 917 3097 Reginae,
940 3057 975 3087 ad
995 3056 1148 3095 praedieros
1170 3056 1293 3088 redditus

225 3097 418 3136 colligendos,
436 3098 469 3128 &
487 3096 644 3127 reddendos
667 3096 758 3126 eidem
781 3095 919 3134 Reginae,
937 3097 1014 3127 viros
1035 3095 1129 3126 fideles
1142 3095 1176 3126 ὃ(
1190 3095 1294 3126 discre-

229 3146 293 3174 tos,
309 3138 357 3174 qui
368 3136 501 3173 jurabunt
516 3135 594 3173 quod
609 3134 723 3165 fideliter
738 3134 773 3164 de
786 3136 919 3165 omnibus
934 3135 1054 3165 exitibus
1069 3133 1209 3164 Dominae
1231 3134 1294 3165 Re-

229 3176 320 3214 ginae,
338 3175 384 3205 vel
404 3174 558 3204 Attornatis
579 3173 630 3203 suis
650 3172 871 3212 respondebunt,
889 3174 919 3203 in
934 3173 1040 3203 Domo
1055 3172 1141 3203 Novi
1155 3173 1291 3211 Templi,

229 3216 316 3252 usque
329 3213 363 3243 ad
379 3221 556 3250 praetaxatam
577 3212 717 3242 summam
734 3210 854 3241 duarum
878 3212 998 3242 millium
1022 3211 1205 3250 Marcarum,
1221 3211 1292 3242 scili-

231 3260 294 3290 cet,
312 3252 389 3282 mille
402 3251 497 3282 Marc.
514 3252 543 3281 in
557 3250 630 3281 festo
646 3248 791 3279 Omnium
805 3249 992 3289 Smdtorum,
1011 3250 1045 3281 &
1059 3250 1135 3281 mille
1150 3249 1245 3281 Marc.
1261 3252 1292 3281 in

230 3290 303 3320 festo
319 3289 492 3321 Ascenfionis
507 3288 639 3320 Domini.

268 3329 360 3359 Finita
375 3338 469 3358 autem
482 3329 620 3359 solutione
635 3327 836 3366 arreragiorum
852 3326 982 3357 Domina
994 3327 1107 3366 Regina
1121 3328 1150 3357 in
1173 3327 1292 3365 praedic-

230 3367 265 3396 tis
280 3367 447 3405 redditibuS,
466 3368 499 3398 &
515 3366 654 3404 praedicto
668 3366 737 3395 loco
758 3366 890 3403 recipiet,
907 3375 938 3396 ut
960 3366 1082 3403 superius
1102 3365 1212 3395 dic‘tum
1233 3365 1292 3405 est,

231 3404 340 3442 singulis
361 3407 438 3435 annis
460 3405 537 3435 mille
558 3406 639 3435 libras
662 3412 771 3434 tantum
789 3404 934 3433 bonorum
949 3405 982 3435 &
999 3404 1128 3444 legalium
1143 3404 1294 3444 sterlingo-

233 3451 299 3471 rum
308 3467 316 3479 ,
334 3453 367 3472 ex
381 3444 589 3482 compositione
603 3443 653 3473 fibi
668 3442 773 3473 debitas
788 3441 930 3480 praedicta.

270 3479 376 3511 Poterit
392 3491 486 3512 antem
506 3482 561 3520 ipsa
581 3482 691 3521 Regina
714 3481 860 3519 disponere
879 3479 916 3510 de
935 3479 1075 3517 praedicstis
1097 3482 1237 3521 arreragiis
1257 3481 1292 3512 ad

231 3517 407 3549 voluntatem
421 3521 514 3559 suam,
533 3521 774 3558 quandocumque
789 3519 838 3549 sibi
850 3519 1000 3557 placuerit,
1018 3519 1075 3549 sive
1093 3521 1123 3548 in
1144 3521 1217 3558 vita,
1236 3520 1294 3551 five

232 3557 263 3588 in
276 3565 386 3594 morte,
401 3559 434 3588 «Sc
448 3569 500 3588 nos
515 3560 558 3597 ei,
576 3559 622 3589 vel
637 3560 692 3597 eis,
710 3559 811 3597 quibus
821 3558 876 3596 ipsa
895 3556 1081 3596 concesserit,
1099 3557 1202 3588 eodem
1227 3569 1293 3590 rno-

232 3593 273 3625 do
288 3596 444 3625 tenebimur
459 3597 527 3627 sicut
542 3599 576 3628 δε
589 3597 645 3635 ipsi.

273 3631 303 3662 Si
315 3641 407 3662 autem
423 3637 615 3674 contingeret,
627 3636 721 3674 aliquo
735 3634 841 3673 modo,
856 3635 934 3673 quod
947 3635 1078 3666 Domina
1092 3634 1205 3672 Regina
1220 3646 1292 3676 prae-

232 3670 340 3701 dietam
358 3670 539 3711 solutionem,
563 3675 631 3705 sicut
650 3674 839 3712 supradictum
860 3674 918 3713 est,
943 3684 1004 3704 non
1024 3676 1159 3711 reciperet
1184 3674 1292 3712 (quod,

233 3709 310 3740 salvo
330 3708 501 3753 sacramento
516 3712 634 3751 nostro,
650 3723 710 3743 non
725 3712 815 3750 posset
830 3712 900 3750 fieri)
925 3713 958 3743 sit
976 3720 1072 3743 totum
1093 3713 1240 3752 negotium
1263 3714 1292 3742 in

234 3758 271 3778 eo
288 3747 399 3790 statu-in
415 3758 472 3785 quo
487 3759 542 3780 erat
557 3752 669 3788 quando
690 3751 807 3789 praesens
822 3760 895 3781 carra
908 3751 960 3782 fuit
980 3750 1128 3782 confecta:
1149 3749 1188 3781 Et
1208 3752 1292 3789 quin-

233 3796 327 3830 gentae
347 3786 525 3829 hbraquuas
545 3790 626 3819 nobis
647 3790 766 3828 remisit,
785 3789 837 3819 sint
857 3801 909 3828 pro
921 3800 981 3821 non
994 3789 1128 3828 remissis,
1146 3789 1292 3826 composi-

232 3834 312 3855 tione
325 3825 462 3867 praemilia
475 3836 489 3853 a
503 3835 578 3861 pirre
590 3827 689 3858 nostro
703 3839 772 3858 curn
786 3827 884 3858 &dem
902 3828 1014 3867 Regina
1033 3828 1106 3858 faeta
1115 3851 1125 3865 ,
1143 3828 1176 3858 ὃς
1196 3829 1292 3858 omni-

232 3864 286 3894 bus
297 3863 354 3892 aliis
369 3863 503 3900 rescriptis
522 3864 690 3900 Apostolicis
704 3868 732 3896 in
747 3867 796 3896 suo
810 3867 914 3896 robore
926 3868 1161 3904 permanentibus.

268 3901 306 3931 Et
328 3902 487 3931 tenebimur
510 3902 624 3931 reddere
638 3905 729 3934 eidem
743 3904 864 3943 Reginae
878 3914 979 3934 omnes
993 3905 1122 3943 expensas
1138 3904 1289 3934 rationabi-

231 3940 287 3977 les,
306 3940 339 3969 &
354 3939 524 3982 moderatas,
542 3941 575 3969 ὃ(
589 3941 734 3985 honestas,
753 3953 818 3980 quas
833 3944 861 3972 in
874 3943 1070 3984 prosecurione
1082 3943 1158 3974 istius
1170 3944 1289 3982 negotii,

231 3979 329 4008 feccrit
341 3989 393 4015 pro
408 3978 521 4008 detefftu
535 3978 631 4008 nostri.

269 4016 338 4045 Nos
353 4025 463 4054 autem,
482 4016 517 4045 de
532 4017 650 4058 consilio
664 4016 787 4047 Domini
800 4017 958 4056 Pandulphi
979 4018 1102 4050 Domini
1123 4019 1207 4060 Papae
1230 4019 1290 4050 Ca-

230 4055 358 4093 merarii,
373 4054 570 4086 Norwicensis
583 4055 681 4093 electi,
700 4056 873 4095 Apostolicae
887 4057 955 4089 sedis
978 4056 1095 4097 Legati,
1112 4059 1146 4090 &
1169 4058 1290 4090 Archie-

665 127 1472 183 CONVENTIONE8‚
1528 127 1914 183 LITERAE,

1300 213 1501 258 piscoporum,
1525 213 1753 253 Episcoporum,
1771 217 1804 247 &
1826 216 1970 247 Baronum
1991 215 2169 256 nostrorum,
2188 217 2368 252 asserentium
2386 214 2462 248 Ann-
2477 212 2519 248 D-

1301 253 1386 283 nobis
1406 253 1440 283 &
1462 261 1544 283 terrae
1566 254 1670 284 nostrae
1692 255 1750 285 hoc
1771 254 1918 296 expedire,
1935 256 2115 296 promisimus
2127 256 2212 287 dicta:
2227 257 2369 290 Dominae
2408 266 2494 286 1220·

1372 292 1426 320 inae
1439 315 1449 329 ,
1475 292 1509 322 &
1531 291 1560 321 in
1581 293 1704 323 animam
1724 293 1853 324 nostram
1870 294 2035 333 Johannem
2058 294 2159 325 Ruffel
2180 295 2370 329 Senescallurn
2388 301 2452 324 Heu.
2471 304 2498 332 3.

1301 300 1433 360 nossrum
1443 369 1447 373 ⁵
1451 330 1544 374 jurare
1561 330 1699 370 fecimus,
1718 332 1797 370 quod
1819 334 1916 363 omnia
1935 333 2070 373 praedicta
2084 335 2118 365 ὃς
2132 333 2324 373 subsequentia
2345 337 2371 368 ei

1301 368 1513 398 observabimus
1534 368 1652 408 illibata,
1670 370 1747 401 bona
1767 370 1841 409 fide,
1859 373 1894 403 ὃς
1913 373 2158 404 warantizabimus
2180 374 2215 404 &
2236 373 2372 405 defende-

1303 417 1366 437 mus
1388 415 1488 437 contra
1509 417 1629 438 ornnem
1651 408 1817 448 hominem,
1836 410 1881 440 seu
1901 409 2046 441 faeminam
2068 418 2133 442 toto
2153 420 2282 449 tempore
2303 414 2372 444 vitae

1303 445 1427 483 nostrae,
1453 447 1487 476 ὅ(
1504 447 1542 488 in¹
1554 445 1671 486 pacifica

1304 494 1385 523 mus,
1402 493 1456 523 pro
1471 484 1553 522 posse
1566 485 1683 525 nostro,
1719 497 1774 517 ona
1789 486 1854 517 fide.

1734 448 1865 479 ffeffione
1885 449 2089 486 praedictorum
2108 459 2172 480 eam
2191 451 2372 483 conservabi-

1342 522 1396 560 Et,
1411 522 1445 553 ad
1460 524 1598 563 majorem
1612 525 1697 555 etiam
1712 525 1888 556 securitatem
1902 526 1984 565 hujus
1997 528 2053 565 rei,
2070 526 2105 556 ad
2118 527 2282 558 mandatum
2304 540 2372 560 nos—

1304 568 1381 591 trum
1391 561 1555 606 juraverunt
1569 562 1798 604 Archiepiscopi,
1816 564 1968 605 Episcopi,
1985 564 2124 603 Barones,
2141 565 2176 595 &
2189 566 2233 596 alii
2248 566 2374 607 Clerici,

1306 600 1340 630 &
1354 599 1452 637 Larci,
1471 601 1568 640 quod,
1586 612 1639 640 pro
1655 602 1736 641 posse
1749 603 1815 641 suo,
1831 603 1925 634 modis
1938 605 2073 635 omnibus
2099 604 2219 642 facient,
2237 614 2373 642 procura-

1306 637 1378 668 bunt
1392 639 1426 669 δε
1439 638 1546 670 dabunt
1557 650 1675 679 operam
1691 641 1839 673 efficacem

1306 677 1429 714 plenarie
1442 677 1642 719 observentur,
1661 681 1694 712 &
1709 681 1788 711 nullo
1802 691 1852 711 mo

1854 642 1933 710 guod
1953 644 2067 712 omniia’
2086 642 2155 675 sicut
2175 642 2275 682 scripta
2295 644 2376 683 sunt,

1345 715 1400 755 Et,
1418 715 1455 746 de
1467 716 1526 746 hoc
1540 717 1672 749 faciendo
1687 721 1721 750 &
1735 690 2083 760 conservassdgffngfffflgss
2096 731 2198 752 eorum
2212 720 2291 752 dedit
2303 722 2376 753 litte-

1307 764 1349 784 ras
1363 755 1420 785 suas
1436 763 1560 792 patentes
1573 756 1666 787 eidem
1680 758 1810 797 Reginae.

1346 792 1402 832 Et,
1421 794 1441 824 si
1459 793 1543 832 aliqui
1565 794 1602 825 de
1624 795 1764 834 praedictis
1774 797 1870 835 juratis
1881 797 2065 837 decesserint,
2083 798 2253 830 successores
2274 809 2378 831 eorum

1308 832 1378 863 loco
1400 842 1516 870 eorum,
1539 833 1674 864 faciemus
1694 835 1752 865 hoc
1774 836 1852 866 idem
1869 836 1978 874 jurare,
1996 839 2030 868 ὃς
2051 837 2135 877 alios,
2153 848 2227 876 quos
2247 838 2379 869 Domina

1310 871 1423 940 gegina
1436 871 1524 940 cfiausae
1535 872 1591 903 suae
1606 873 1706 904 viderit
1717 874 1902 913 necessarios,
1920 876 1953 906 &
1965 876 2063 908 litteris
2074 877 2244 908 eorumdem
2260 879 2381 915 patenti-

1334 921 1364 941 US
1383 921 1441 942 COD
1463 920 1561 940 smare.

1353 949 1491 980 Volentes
1512 950 1594 985 igitur
1613 949 1753 981 Dominae
1774 950 1899 989 Reginae
1915 952 1996 991 fiiper
2008 954 2146 991 praedietis
2158 954 2241 992 plene
2260 965 2380 994 cavere,

1311 988 1497 1026 supplicamus
1513 985 1646 1031 Domino
1659 988 1744 1027 Papae
1756 988 1872 1020 fideliter
1885 991 1964 1028 quod
1977 993 2076 1023 omnia
2088 992 2138 1023 ista
2157 993 2309 1025 confirmet
2317 1017 2326 1032 2
2344 995 2380 1025 ὃς

1313 1036 1437 1098 riilppogat
1449 1037 1550 1059 omnes
1563 1029 1738 1067 securitates,
1757 1038 1823 1066 quas
1837 1027 1940 1060 viderit
1952 1030 2099 1070 expedire,
2117 1032 2151 1064 &
2172 1042 2225 1062 nos
2245 1042 2290 1063 eas
2311 1041 2380 1063 ratas

1335 1077 1349 1098 a
1372 1077 1387 1098 e
1409 1076 1490 1098 imus.

1352 1143 1464 1175 Adrum
1479 1143 1607 1175 London
1618 1153 1695 1174 anno
1710 1143 1877 1175 Dominicae
1890 1143 2091 1177 Incarnationis
2101 1146 2253 1178 millesimo
2273 1146 2383 1179 ducen-

1315 1183 1417 1215 tesimo
1430 1184 1583 1222 vicesimO,
1602 1183 1698 1214 mense
1707 1183 1792 1223 julii,
1809 1194 1886 1214 anno
1898 1183 1996 1225 Regni
2010 1184 2099 1216 nostri
2112 1193 2223 1224 quarto.

1673 1326 1702 1354 ²¹ss
1725 1331 1785 1362 Pro
1808 1331 1886 1376 Rege
1909 1331 2020 1364 Scotiae.
2401 1343 2452 1370 ²⁶1.
2469 1351 2534 1378 244·

1317 1415 1525 1478 ALexander
1546 1415 1614 1446 Rex
1635 1414 1742 1446 Scotiae
1760 1415 1847 1459 habet
1865 1414 1967 1460 litteras
1988 1414 2025 1445 de
2043 1415 2216 1471 conductu,
2241 1415 2383 1446 duraturas
2402 1418 2479 1450 Ami.
2491 1417 2533 1447 D.
2564 1454 2566 1458 ι

1316 1453 1946 1532 n{eniassiuiinofflffmsffgzffizr
1958 1463 2055 1523 iffi?
2066 1454 2384 1531 &cessurum
2402 1465 2516 1533 Αέῗῗί·

1317 1543 1373 1571 eo,
1391 1532 1425 1563 &
1436 1530 1616 1563 tractandum
1627 1530 1664 1561 de
1678 1531 1799 1570 negotiis
1810 1529 1871 1561 suis.
2095 1535 2097 1539 ⁴
2402 1541 2436 1564 H.
2458 1545 2487 1572 3,

1353 1607 1445 1679 Tpste
1457 1608 1612 1648 Huberto,
1629 1609 1692 1641 &c.
1709 1607 1782 1647 apud
1796 1606 1925 1639 London
1943 1616 1978 1649 13
1992 1607 2040 1640 die
2051 1607 2193 1648 Augusti,
2208 1617 2304 1648 anno,
2322 1609 2386 1641 διε.
2403 1579 2536 1650 fiat-³34·

1317 1658 1386 1688 quar
1398 1658 1427 1678 0.

1321 1793 1482 1826 Conventio
1500 1795 1579 1825 inter
1595 1795 1705 1840 Regem
1717 1818 1727 1833 ‚
1749 1795 1786 1830 ὠ·
1806 1789 1999 1835 Gaufridum
2017 1790 2055 1826 de
2074 1790 2216 1838 Adarisbo
2235 1789 2389 1838 Justicia-

1719 1845 1803 1874 rium
1821 1837 1986 1874 Hibernia.

1321 1926 1420 1989 ITA
1442 1926 1580 1958 convenit
1597 1927 1672 1958 inter
1691 1925 1858 1957 Dominum
1879 1925 2045 1957 Henricum
2056 1925 2171 1967 Regem
2187 1924 2299 1967 Angliae
2315 1926 2391 1958 illus-
2410 1932 2536 1964 ΛΜΗ),

1323 2027 1733 2113 {reserentes
1747 2041 2060 2113 32⁰5?
2099 2043 2393 2112 renerent
2410 2022 2506 2087 ²52⁴?

1323 2122 1464 2165 merario,
1482 2121 1516 2151 &
1529 2119 1598 2150 sedis
1613 2092 1789 2165 Apoliioljcae
1804 2120 1931 2159 Levat03
1950 2121 1984 2152 &
2003 2104 2140 2151 Doininis
2161 2120 2203 2150 H.
2221 2092 2392 2151 Duglinenfi
2411 2093 2542 2164 {5²34}-

1325 2159 1568 2198 Archiepiscopo,
1586 2158 1676 2190 Petro
1688 2159 1823 2190 Winton.
1869 2159 2004 2198 piscopo,
2021 2157 2158 2190 Huberto
2171 2159 2208 2190 de
2224 2158 2281 2190 Bur
2301 2159 2394 2202 oJus-
2417 2176 2443 2204 3,
2461 2166 2489 2194 d,

1324 2199 1434 2229 ticiario
1448 2197 1576 2238 Angliae,
1593 2197 1647 2228 W.
1666 2197 1785 2229 Comite
1799 2197 1920 2236 Sarum,
1936 2197 2100 2228 Willielmo
2121 2197 2246 2237 Briwer,
2289 2197 2393 2229 alkesio

1324 2237 1362 2268 de
1384 2236 1508 2275 Breant,
1531 2236 1665 2267 Waltero
1684 2236 1721 2267 de
1742 2236 1831 2276 Lascy
1848 2260 1858 2275 ‚
1881 2235 2044 2267 Reomaldo
2063 2235 2100 2267 de
2120 2235 2237 2274 Braofa,
2260 2236 2394 2276 Johanne

1324 2275 1510 2313 Marescallo,
1534 2274 1670 2306 Robeito
1688 2274 1724 2306 de
1745 2274 1891 2314 Curteney
1906 2299 1918 2314 ,
1929 2262 2076 2306 ”Waltero
2095 2274 2132 2305 de
2152 2274 2279 2306 Clifford
2295 2300 2305 2314 ,
2329 2276 2395 2307 Ste-

1324 2315 1420 2353 phano
1432 2314 1469 2344 de
1481 2314 1622 2354 Sssrave,
1635 2313 1756 2353 Rogero
1770 2313 1917 2353 Bertram,
1933 2313 2066 2345 Henrico
2080 2312 2117 2343 de
2128 2313 2243 2353 Tracy,
2261 2313 2395 2345 Galfrido

1324 2353 1362 2384 de
1374 2352 1544 2390 Costenu'n,
1562 2352 1684 2392 Rogero
1702 2352 1844 2390 Waspaill.
1865 2351 1963 2391 quod,
1980 2352 2017 2382 de
2037 2360 2160 2390 caetero,
2178 2353 2263 2383 debet
2280 2352 2395 2391 respon-

1324 2392 1386 2422 deri
1401 2391 1535 2422 Domino
1549 2390 1643 2431 Regi,
1661 2390 1696 2421 ad
1709 2391 1887 2422 Scaccarium
1901 2390 1984 2421 suum
1998 2390 2192 2430 Dublinense,
2207 2391 2243 2422 de
2263 2390 2396 2430 Escaetis‚

1324 2430 1457 2469 Wardis,
1478 2430 1610 2468 Finibus,
1635 2430 1748 2468 Donis,
1773 2429 1923 2469 Tallagiis,
1946 2429 2072 2461 Releviis
2091 2430 2126 2461 &
2149 2430 2266 2461 Auxiliis
2288 2440 2395 2468 prove-

1324 2470 1466 2500 nientibus
1479 2469 1516 2499 de
1530 2476 1603 2498 terra
1615 2468 1780 2507 Hiberniae3
1797 2469 1831 2500 &
1844 2477 1999 2506 proventus
2016 2469 2149 2500 omnium
2171 2468 2375 2507 praemistorum
2383 2493 2397 2508 ‚

1324 2519 1393 2539 cum
1414 2508 1449 2538 ad
1466 2507 1646 2538 Scaccarium
1664 2507 1701 2538 de
1721 2508 1760 2538 eis
1778 2507 1863 2538 fuerit
1881 2506 2059 2548 responsum,
2084 2506 2235 2539 reddantur
2256 2506 2394 2540 Domino

1325 2547 1403 2578 Reoi
1417 2547 1451 2578 ad
1465 2546 1631 2577 mandatum
1643 2547 1709 2585 ejus.

1364 2571 1414 2616 De
1429 2585 1539 2617 redditu
1549 2594 1644 2616 autem
1658 2584 1737 2615 assiso
1750 2584 1916 2624 Hiberniae,
1935 2585 1970 2616 &
1982 2584 2020 2615 de
2033 2585 2243 2616 rationabilibus
2260 2585 2396 2626 perquisi-

1326 2626 1505 2694 55515655‘5251
1531 2623 1783 2693 ffifffessssffl&
1793 2622 2396 2702 {fflffssfiffinffenffiifficfligssiiiiijssssnffi

1326 2711 1391 2740 quae
1411 2700 1539 2732 custodia
1560 2699 1728 2732 Castrorum
1748 2700 1983 2738 amensurabitur,
2001 2710 2051 2738 per
2070 2701 2220 2732 consilium
2241 2701 2312 2732 disti
2327 2687 2396 2732 D03

1326 2741 1397 2770 mini
1410 2739 1452 2770 H.
1471 2738 1593 2770 Dublin.
1613 2738 1845 2779 Archiepiscopi,
1862 2738 1992 2769 Thomae
2007 2737 2056 2768 filii
2075 2738 2148 2769 Adae
2166 2739 2201 2770 &
2221 2738 2339 2770 Ricardi
2357 2740 2396 2770 de

1327 2778 1438 2818 Burgo,
1455 2777 1613 2808 secundum
1626 2777 1729 2808 statum
1743 2776 1877 2808 locorum
1892 2777 1926 2808 δε
1937 2785 2121 2816 temporum,
2138 2778 2198 2808 tam
2212 2778 2241 2807 iri
2259 2778 2396 2817 expensis,

1327 2819 1415 2856 quarn
1427 2819 1457 2847 in
1469 2817 1543 2847 aliis:
1563 2816 1619 2855 Et,
1635 2815 1714 2856 quod
1729 2815 1766 2846 de
1787 2815 1960 2855 perquisitis,
1973 2815 2021 2847 vel
2040 2814 2194 2847 redditibus
2214 2815 2396 2855 superfuerit,

1328 2867 1377 2894 per
1399 2855 1489 2887 visum
1510 2855 1752 2894 supradictorum,
1769 2853 1967 2893 respondeatur
1988 2853 2055 2885 inde
2071 2853 2107 2885 ad
2127 2854 2309 2886 Scaccarium
2329 2854 2396 2886 Du-

1327 2894 1466 2933 blinense,
1482 2895 1629 2926 habebunt
1642 2902 1736 2925 autem
1755 2892 1865 2925 Clerici
1878 2893 2004 2924 Domini
2017 2892 2106 2933 Regis
2120 2904 2193 2932 quos
2219 2893 2254 2924 ad
2276 2894 2335 2926 hoc
2353 2904 2396 2925 as-

1327 2934 1475 2972 signaverit
1488 2934 1776 2965 controrotulatorem
1790 2933 1827 2963 de
1838 2933 1974 2964 omnibus
1993 2933 2141 2971 praedictis.

1365 2972 1531 3004 Constituet
1550 2982 1645 3004 autem
1667 2971 1818 3011 praediecus
1834 2971 2009 3011 justiciarius
2029 2970 2181 3002 Hiberniae
2205 2969 2397 3002 Constabula-

1327 3011 1563 3082 {ifffflffisia
1578 3009 2112 3082 Ἐῖῗὲὲἒέἶῧὲἑὶεώῖἓὲἒῖἓάὖεὲἷῖἓῗ
2121 3010 2396 3080 ἓάεἳίῗῗέθῗζῗ

1327 3091 1410 3128 licet,
1429 3090 1477 3128 qui
1485 3059 1618 3128 jumggnt
1633 3073 1767 3120 Domini)
1779 3059 1867 3128 Regi)
1872 3087 1951 3127 quod
1965 3087 2064 3118 Castra
2077 3058 2201 3132 Domeisili·
2215 3085 2306 3132 Regis
2317 3073 2395 3132 {fide-

1327 3129 1390 3160 liter
1411 3129 1445 3160 &
1465 3128 1542 3159 salvo
1561 3128 1744 3167 custodient,
1768 3126 1803 3158 ad
1821 3137 1842 3158 o
1864 3138 1894 3158 us
1916 3126 2041 3158 Domini
2063 3126 2169 3166 Regis3
2194 3134 2247 3165 ita,
2271 3126 2395 3166 scilicet,

1327 3167 1424 3206 quod,
1442 3167 1463 3198 fi
1475 3167 1635 3199 humanitus
1648 3167 1684 3198 de
1698 3165 1836 3205 praedicto
1843 3138 2006 3205 ffusticiario
2028 3165 2176 3210 Hiberniae
2197 3166 2394 3209 contingeret,

1327 3206 1374 3238 vel
1388 3216 1438 3243 per
1451 3207 1614 3247 captionem
1628 3206 1755 3244 corporis
1774 3205 1830 3244 sui,
1847 3205 1905 3236 sive
1925 3215 1977 3244 per
1997 3203 2132 3235 mahnam
2155 3214 2187 3235 ea
2205 3212 2221 3233 a
2245 3203 2393 3242 posseffio-

1328 3255 1366 3276 ne
1384 3245 1508 3276 Domini
1524 3245 1614 3282 Regis
1632 3245 1790 3276 subtrahere
1807 3243 1893 3275 vellet
1910 3268 1921 3282 ,
1952 3242 2052 3274 Castra
2077 3243 2122 3273 illa
2141 3242 2276 3273 Domino
2293 3241 2392 3281 Regi,

1327 3283 1374 3315 vel
1391 3284 1448 3314 aliis
1466 3283 1500 3313 ad
1520 3283 1685 3314 mandatum
1703 3283 1828 3314 Domini
1845 3282 1951 3322 Regis,
1969 3281 2088 3313 reddent
2109 3281 2166 3312 sine
2183 3279 2346 3311 difficultate
2359 3281 2395 3312 δε

1330 3322 1557 3353 contradictione
1573 3322 1654 3360 ipsius
1663 3321 1832 3360 justiciarii,
1852 3322 1900 3352 vel
1912 3320 2040 3359 ipsorum
2051 3319 2346 3352 Constabulariorum.

1364 3360 1402 3391 Et
1415 3361 1526 3398 insuper
1540 3360 1647 3391 dabunt
1658 3363 1687 3391 in
1699 3360 1824 3398 obfides,
1846 3359 1918 3390 filios
1930 3359 1994 3391 suos
2005 3359 2052 3390 vel
2064 3359 2148 3398 filias,
2165 3360 2193 3388 in
2206 3367 2305 3388 manus
2327 3357 2395 3388 Do-

1329 3401 1400 3430 mini
1412 3399 1533 3430 Dublin.
1553 3398 1764 3438 Archiepiscopi
1779 3400 1814 3430 &
1835 3398 1962 3429 Comitis
1981 3398 2134 3429 Willielmi
2158 3395 2319 3427 Marescalli
2338 3405 2395 3428 tra-

1328 3438 1450 3470 dendos:
1470 3439 1521 3476 &,
1540 3437 1560 3467 fi
1575 3437 1663 3476 filios,
1677 3438 1723 3470 vel
1736 3437 1802 3468 filias
1815 3447 1876 3468 non
1890 3438 2056 3475 habuerint,
2070 3443 2199 3477 parentes
2228 3435 2395 3478 ropinqtiioe

1329 3488 1372 3508 res
1391 3477 1514 3514 dabunt,
1534 3477 1567 3507 ὃ(
1587 3475 1685 3507 Carras
1707 3477 1763 3507 suas
1777 3477 1881 3507 flicient
1892 3476 2028 3507 Domino
2041 3475 2117 3514 Regi
2133 3473 2170 3517 de
2184 3476 2202 3502 si
2223 3473 2258 3503 eli
2280 3473 2394 3517 servitio

1328 3517 1395 3554 suo,
1418 3517 1452 3547 &
1473 3515 1508 3545 de
1530 3516 1665 3545 omnibus
1688 3515 1828 3554 praedictis
1850 3515 1968 3546 fideliter
1989 3511 2186 3550 observandis,
2212 3522 2279 3550 quas
2300 3510 2393 3554 dictus

1329 3553 1611 3624 ΕοῐῖιίἰηωᾸἈἘὲΗη.
1628 3554 1862 3593 Archiepiscopus
1876 3555 1991 3592 recipiet
2003 3551 2038 3584 ad
2052 3551 2220 3582 Dominum
2234 3549 2350 3590 Regem
2363 3559 2393 3578 in

1358 3604 1376 3623 n
1418 3604 1433 3623 a
1446 3601 1547 3624 mitten
1569 3603 1603 3623 as.

1367 3603 1413 3662 [ξά
1434 3632 1571 3669 majorem
1592 3625 1686 3662 a'i'item
1707 3633 1841 3663 omnium
1862 3630 2065 3668 praedictorum
2083 3628 2257 3660 securitatem
2271 3649 2282 3664 ,
2314 3624 2392 3669 idem

1325 3671 1496 3710 Justiciarius
1523 3670 1672 3700 Hiberniae
1698 3671 1825 3702 liberavit
1852 3670 1985 3701 Domino
2013 3667 2089 3706 Regi
2110 3666 2273 3698 Walterum
2302 3663 2392 3708 silium

1328 3710 1409 3740 suum
1426 3710 1454 3738 in
1467 3708 1613 3748 obsidem,
1633 3719 1719 3746 quem
1734 3709 1845 3740 Comes
1861 3707 2036 3739 Willielmus
2058 3700 2237 3737 Marescallus
2257 3701 2343 3746 habet
2361 3712 2393 3732 in

1328 3747 1457 3778 custodia
1477 3747 1538 3785 sua,
1557 3758 1610 3785 pro
1631 3747 1765 3779 Domino
1788 3748 1815 3779 R
1853 3759 1869 3778 e
1888 3747 1925 3777 de
1947 3745 2035 3776 Ballio
2047 3744 2114 3782 suo,
2131 3743 2226 3785 donec
2239 3739 2394 3784 'filius-suus

1328 3786 1546 3824 Thonias,qui
1567 3786 1620 3817 fuit
1643 3788 1671 3816 in
1693 3756 1960 3818 custodiaCUDomini
1976 3783 2095 3814 Dublin.
2112 3778 2324 3825 Archlewscqpl
2358 3778 2394 3809 ad

1327 3825 1494 3855 Dominum
1514 3824 1631 3862 Regem
1652 3827 1778 3864 venerit,
1798 3825 1847 3864 qui
1865 3833 1934 3855 curn
1953 3833 1990 3854 eo
2009 3819 2163 3852 morabitur
2177 3816 2314 3856 quamdlu
2361 3828 2396 3848 0-

1327 3865 1409 3894 mino
1425 3863 1500 3903 Regi
1512 3863 1655 3900 placuerit.
2020 3898 2026 3904 ,
2181 3895 2186 3901 ,
2386 3894 2393 3901 ,

1362 3901 1401 3932 Et
1420 3901 1530 3932 Comes
1553 3902 1727 3934 Willielmus
1750 3901 1931 3933 Marescallus
1949 3898 2040 3937 posuit
2059 3896 2086 3940 se
2114 3894 2239 3938 plegium
2259 3893 2295 3938 de
2317 3893 2395 3939 fideli

1326 3941 1438 3972 servitio
1450 3941 1531 3978 ipsius
1542 3940 1693 3978 justiciarii
1704 3942 1873 3978 Hiberniae3
1892 3941 1927 3971 &
1938 3938 1975 3969 de
1988 3934 2123 3978 omnibus
2139 3933 2292 3978 praedifflhs
2303 3932 2395 3963 fideli-

1325 3989 1368 4010 ter
1379 3978 1577 4018 observandis3
1595 3981 1629 4011 δε
1645 3980 1723 4018 quod
1736 3981 1789 4010 erit
1803 3979 1940 4009 obediens
1953 3972 2089 4005 mandans
2103 3974 2136 4003 δε
2160 3979 2306 4016 praeceptis
2326 3969 2395 4002 Do-

1325 4019 1397 4048 mini
1415 4017 1522 4056 Regis3
1541 4018 1574 4048 &
1595 4019 1673 4056 quod
1695 4026 1795 4047 neuter
1812 4015 1938 4057 filiorum
1951 4013 2066 4056 suorum
2080 4009 2284 4055 praedltssqrum
2299 4020 2316 4055 a.
2330 4019 2395 4040 cus-

1324 4056 1404 4089 todia
1419 4055 1544 4088 Domini
1558 4055 1647 4098 Regis
1662 4055 1790 4092 recedet,
1809 4053 1866 4084 sine
1879 4049 1992 4083 licentia
2005 4049 2087 4089 ipsius
2100 4048 2224 4081 Domini
2240 4047 2330 4088 Regis
2350 4047 2395 4115 ἐξ
