2570 4261
706 134 819 188 'ET
901 136 1167 192 ACTA
1248 133 1730 192 piratica,

8 220 86 262 vArm·
98 226 140 258 Π·
156 219 252 271 lettre,
271 234 317 273 q'il
327 257 337 274 ,
354 231 451 265 defore
465 239 600 271 enavant,
615 231 679 262 sour
692 232 718 262 16
733 242 796 262 cors
808 231 846 262 dii
859 231 994 275 Seigrieur
1008 233 1043 263 de
1055 232 1131 263 Pont
1140 256 1150 270 ,
1168 232 1215 271 qui

29 267 114 296 1281.
157 270 198 302 est
210 282 276 312 ore,
292 283 328 303 ne
363 274 389 303 ui
403 273 428 302 le
442 273 510 302 serra
530 272 555 302 el
569 280 628 301 tens
641 272 736 301 avenii·
750 293 759 309 ,
775 271 838 300 four
852 270 876 300 sa
901 273 1026 309 femme,
1041 271 1084 302 sur
1098 271 1156 300 leur
1166 281 1216 300 en-

8 306 75 334 Hv·
97 314 122 336 ¹·
156 310 224 340 sanz
236 333 246 348 ,
268 312 332 342 sour
365 321 379 340 e
400 310 545 341 Senesclial
561 309 595 339 de
610 308 692 338 Pont.
712 308 739 337 le
752 309 828 338 Baill.
843 308 1004 340 d'Abeville
1018 333 1027 347 ,
1050 310 1074 339 le
1088 309 1164 338 Baill.
1180 309 1215 338 de

154 347 223 380 Rue
233 371 243 387 ‚
261 349 286 380 le
306 349 379 379 Baill.
393 349 429 378 de
442 348 541 388 Creffy
552 370 561 384 ,
578 348 604 377 16
617 347 690 376 Baill.
706 347 741 376 de
754 346 882 376 Walaen.
902 357 918 376 e
932 348 956 377 le
972 347 1044 378 Baill.
1058 348 1215 384 d'Araines,

153 387 203 425 qui
222 388 269 425 q’il
290 388 379 418 soient
391 409 400 424 ,
419 397 456 416 ne
471 388 519 424 qui
531 384 580 424 q'il
593 385 700 415 serront
718 385 742 414 el
757 393 816 414 tens
829 385 924 414 avenir
937 409 946 423 ,
965 396 1001 415 ne
1014 386 1104 423 aient,
1124 395 1160 415 ne
1179 394 1215 414 ne

154 423 267 464 ‘pulsent
285 427 365 456 avoir
383 425 544 455 conislance
565 433 600 453 ne
612 422 721 461 Justice
735 446 744 460 ,
759 433 793 453 en
815 423 864 452 nul
879 433 922 453 cas
935 424 977 453 sur
992 425 1050 453 leur
1064 433 1144 461 cors,
1162 433 1215 467 put

156 463 241 493 chose
276 464 304 493 ’il
318 461 469 492 meffacent
481 473 497 492 a
510 462 599 491 autrui
613 484 623 499 ,
640 471 675 491 ne
690 470 776 491 autres
789 471 803 490 a
818 471 881 497 eus;
898 471 913 491 e
927 483 936 497 ,
954 463 971 491 si
988 472 1023 492 en
1039 462 1110 492 akun
1124 471 1183 491 tens
1196 461 1215 490 li

156 502 259 532 devant
278 502 299 532 it
319 500 423 531 Meires
439 510 454 529 e
475 501 492 529 li
514 499 635 530 Eskevin
650 500 761 530 avoient
778 508 812 528 eii
828 499 989 530 6001113066
1003 511 1041 530 00
1061 499 1158 543 justice
1173 499 1217 529 sur

157 539 195 570 les
210 540 336 577 persones
352 538 526 569 devantdites
539 561 548 576 ,
567 547 605 567 ou
625 538 667 567 sur
690 537 810 568 aukunes
824 537 859 567 de
872 537 941 576 eles,
957 539 976 569 si
991 539 1001 567 i
1015 539 1121 568 douent
1135 538 1156 567 11
1175 547 1219 567 re-

162 577 306 608 noncher·

195 613 220 643 E
235 616 261 646 se
282 601 397 646 d’oivent
409 615 427 645 li
442 613 590 644 devantdiz
604 612 708 644 Maires
721 623 736 643 e
755 613 773 642 11
789 612 910 643 Eskeuin
926 624 941 643 a
960 623 1013 644 ceo
1026 613 1153 651 assentir,
1168 623 1217 654 par

158 653 217 684 leur
232 654 326 692 lettre,
344 664 379 692 qe
392 653 411 683 li
422 651 518 683 Cuens
529 652 564 682 de
579 651 663 681 Pont.
676 653 723 691 qui
738 661 776 680 on
797 662 824 681 63
838 652 862 681 16
877 652 927 681 soit
940 675 949 689 ,
974 663 1012 682 00
1028 654 1055 690 qi
1071 653 1095 682 16
1109 652 1178 682 serra
1191 652 1217 682 el

160 704 220 726 tens
233 694 343 730 avenir,
359 691 433 730 puist
445 690 501 720 fere
515 689 646 726 01131161,
664 691 682 720 fi
696 691 714 720 11
730 690 784 728 plel
807 713 816 727 ,
834 700 850 719 e
861 691 975 720 fermete
989 701 1024 720 en
1037 691 1086 720 son
1101 689 1220 720 Manoir

161 732 309 764 d'Abevile
320 754 330 769 ,
347 740 362 759 e
385 740 412 760 es
426 737 510 759 terres
522 751 531 765 ,
550 729 586 757 les
600 729 673 765 qeles
689 729 705 757 il
725 738 806 766 purra
818 738 936 766 acquere
947 738 1028 758 entur
1041 729 1066 758 le
1082 727 1218 766 Minuit,

162 772 199 802 tel
208 795 217 811 ,
235 779 252 799 6
266 770 285 800 si
298 776 397 806 graunt
410 776 496 797 come
509 768 528 796 il
543 766 561 796 li
576 766 662 805 plerra
675 767 731 797 sans
744 767 781 796 les
795 776 869 796 murs
882 766 917 796 de
930 767 956 797 la
971 767 1033 797 Vile
1046 767 1162 804 percher
1171 791 1180 805 ‚
1203 777 1219 796 6

163 810 223 841 fims
235 809 272 838 les
282 806 370 838 fossez
383 807 476 836 abatre
484 828 493 843 ,
630 815 632 817 ·
1035 843 1040 848 .
1201 844 1205 848 Ι

201 846 272 878 Sauf
280 856 295 875 a
310 844 421 883 Maier,
439 854 456 873 e
469 854 496 873 as
508 843 631 873 Eskevin
644 864 654 879 ,
672 853 688 872 e
704 853 738 872 au
755 842 907 872 Commiin
920 841 1094 881 d'Abeville‚
1112 843 1148 872 les
1166 853 1222 880 pri-

163 885 267 916 viletres
280 884 316 914 de
329 883 410 913 ladite
424 881 489 912 Vile
501 903 511 920 ,
531 892 566 912 en
579 889 648 911 touz
661 881 697 910 les
709 888 796 910 autres
807 881 914 911 articles
930 904 940 919 ,
957 882 985 920 qi
1001 890 1036 910 ne
1050 880 1110 911 sunt
1125 890 1223 924 conte-

164 935 204 956 00
216 910 252 954 gn
265 921 325 952 cest
337 921 416 951 escrit
428 931 438 957 ς
456 920 475 950 11
489 920 554 959 qu'il
566 920 715 949 demurent
727 942 736 958 ,
752 929 768 949 e
782 920 900 950 doivent
912 919 1042 949 demorer
1053 929 1089 949 en
1105 919 1129 949 la
1143 922 1222 949 10166

166 963 220 994 1’30
234 961 251 991 11
266 969 317 990 ont
330 959 401 997 este,
418 957 521 997 diisque
533 969 547 988 a
561 968 618 987 ore.
932 996 937 1001 .

203 1000 229 1030 E
248 999 363 1029 doivent
383 998 461 1028 avoir
481 997 499 1026 li
520 996 624 1026 Maires
636 1018 646 1033 ,
666 1005 682 1025 e
697 995 715 1024 li
729 995 848 1025 Eskevin
865 1019 874 1034 ,
892 1006 908 1026 e
921 996 938 1025 11
953 994 1083 1025 Comuns
1096 995 1132 1024 de
1148 994 1225 1039 Abe-

166 1039 223 1070 vile
236 1061 246 1076 ,
263 1037 288 1066 13
306 1036 386 1066 lettre
408 1034 485 1065 Mon
505 1034 639 1073 Seigneur
653 1033 678 1063 le
692 1033 759 1073 Roy
774 1057 783 1071 ,
808 1044 824 1063 6
838 1044 883 1063 013
896 1035 990 1064 Dame
1003 1034 1028 1063 sa
1043 1031 1226 1077 Compaigne

166 1077 228 1108 sour
247 1075 271 1105 13
292 1074 425 1110 Sauvete,
443 1083 459 1102 e
480 1074 505 1103 16
517 1073 645 1103 establete
659 1072 693 1102 de
707 1072 765 1102 leur
779 1073 940 1111 privileges,
959 1072 994 1102 de
1009 1080 1078 1102 touz
1090 1071 1227 1110 Articles,

168 1116 198 1156 qi
213 1124 249 1145 ne
260 1113 322 1143 sont
334 1123 369 1142 en
384 1111 443 1141 cest
457 1111 534 1142 escrit
546 1121 678 1141 contenu.

208 1153 262 1183 Les
281 1151 387 1182 Choses
401 1150 551 1181 avantdites
566 1150 626 1179 sunt
640 1148 761 1184 traiteeS,
781 1148 907 1179 ordinees
917 1171 927 1186 ,
946 1158 962 1178 6
977 1148 1129 1186 purparlees
1144 1158 1180 1178 60
1199 1148 1223 1178 13

167 1192 284 1226 Seante,
301 1200 316 1220 e
331 1200 365 1220 en
379 1190 402 1218 la
416 1189 546 1219 volentee
558 1187 636 1218 Mori
650 1187 783 1225 Seigneur
798 1187 822 1217 16
835 1187 901 1227 Roy
911 1210 921 1226 ,
938 1197 954 1216 e
963 1186 1097 1217 Madame
1111 1187 1135 1216 la
1145 1186 1228 1226 Roy-

170 1240 207 1261 ne
221 1230 245 1260 sa
259 1228 450 1268 Compaigne.
648 1264 653 1269 .
1094 1263 1098 1268 -
1222 1264 1227 1269 ’

207 1268 231 1298 Ε
251 1277 285 1297 60
306 1267 539 1296 remembraunce
553 1263 590 1293 dii
604 1270 700 1298 traite,
718 1261 753 1291 de
767 1262 826 1291 6611
842 1262 931 1292 Acort
946 1286 955 1300 ,
972 1273 1023 1292 niis
1040 1261 1158 1300 Maires,
1174 1273 1190 1292 6
1209 1262 1229 1292 11

24 1309 45 1337 ἃ
54 1317 81 1344 11
99 1314 147 1341 166
170 1306 293 1337 Eskevin
306 1304 454 1334 d'Abevile
466 1301 732 1338 devantdiz,avoms
747 1302 799 1329 mis
816 1300 911 1330 nostre
924 1301 983 1330 Seel
998 1302 1039 1330 a*
1049 1301 1106 1330 6611
1120 1301 1227 1338 present

86 1337 92 1343 ⁴
153 1334 158 1339 ⁵
172 1345 254 1374 escrit
264 1341 428 1382 cirograffe,
444 1351 460 1370 6
473 1341 607 1378 endente,
625 1349 641 1368 6
656 1338 735 1368 baille
748 1348 782 1368 au
797 1338 938 1369 devantdit
954 1338 1031 1368 Mon
1047 1339 1180 1378 Seigneur
1195 1339 1230 1369 de

174 1382 292 1413 Fienles.

212 1457 272 1487 Fait
285 1456 318 1486 &
333 1454 410 1485 done
424 1462 458 1483 en
472 1452 543 1490 l'an,
559 1461 576 1482 6
589 1451 615 1482 61
625 1451 678 1491 Jor
693 1452 853 1483 devantdiz.

201 1578 292 1612 Bulla
304 1588 358 1625 per
374 1588 467 1624 quam
489 1579 571 1622 Papa
580 1574 730 1628 fignificat
760 1578 834 1622 Regi
852 1577 968 1624 Angliae
989 1579 1203 1611 Promotionem

641 1626 746 1668 suam.

30 1715 108 1747 Ann.
122 1715 162 1746 D.
261 1710 374 1742 Arrinus
388 1709 544 1749 Episcopus
557 1731 567 1747 ,
584 1708 674 1738 servus
691 1708 835 1751 servorum
850 1709 907 1739 Dei
921 1709 1063 1740 carissimo
1077 1711 1105 1740 in
1120 1709 1237 1741 Christo

51 1755 136 1785 1281.
273 1750 332 1780 lilio
458 1748 533 1787 Regi
547 1747 658 1786 Angliae
670 1745 783 1786 illustri,
803 1747 914 1778 salutem
935 1749 967 1778 δε
989 1748 1176 1789 apostolicam
1189 1750 1238 1780 be-

30 1797 83 1821 An.
104 1803 131 1831 9.
176 1788 381 1820 nedietionem.

30 1836 61 1859 Ε.
84 1840 108 1859 ι.
219 1824 515 1864 Incomprehensibilia
534 1824 592 1854 Dei
604 1823 716 1861 Judicia
729 1846 738 1861 ,
756 1824 789 1854 δε
804 1823 1004 1863 investigabiles
1017 1825 1071 1854 vise
1087 1826 1142 1861 ejus
1157 1835 1240 1866 gran-

30 1874 71 1898 Ex
86 1872 144 1896 Au·
176 1865 245 1896 dem
264 1867 396 1895 nimirum
417 1863 561 1903 stuporem
576 1862 811 1893 confiderantibus
831 1864 981 1902 ingerunt,
1000 1864 1033 1895 &
1047 1864 1155 1894 causam
1171 1873 1239 1904 pro-

30 1915 96 1946 togr.
177 1904 256 1934 16610
270 1914 329 1934 0011
342 1903 410 1933 levis
425 1901 611 1932 admirationis
625 1900 781 1938 inducunt,

216 1942 289 1980 Qiis
305 1943 382 1971 enim
398 1941 426 1970 in
438 1940 551 1970 illorum
564 1938 788 1969 confideratione
800 1949 859 1969 non
874 1938 1000 1977 stupeat?
1021 1940 1094 2008 (ᾈὲἰε
1109 1951 1168 1971 000
1182 1941 1240 1971 110-

176 1982 271 2019 pendo
293 1981 410 2010 miretur
425 2001 435 2017 ,
453 1979 487 2010 &
507 1979 603 2008 timeat
622 1978 665 2008 illa
680 1977 849 2014 judiciorum
863 1980 962 2008 secreta
978 1978 1058 2008 caelel
1075 1979 1151 2017 ium,
1170 1990 1242 2017 quo-

176 2029 240 2050 rum
256 2019 386 2049 ordinem
402 2027 462 2048 non
476 2016 554 2046 datur
569 2016 648 2046 nosse
662 2016 844 2054 mortalibus,
861 2026 906 2047 aut
925 2017 952 2046 in
973 2017 1064 2047 Terra
1078 2027 1184 2054 ponere
1200 2028 1241 2048 ra-

177 2060 302 2088 tionem:
323 2057 457 2094 Quorum
472 2055 591 2084 misteria
604 2064 682 2084 mens
697 2054 817 2084 humana
831 2064 884 2084 nec
900 2054 1091 2094 investigando
1106 2065 1240 2095 compre-

177 2094 301 2126 hendere
322 2088 422 2125 sufficit
434 2117 444 2130 ,
469 2103 523 2124 066
544 2092 746 2124 confidet-ando
765 2093 898 2124 discutere
912 2116 922 2132 ,
941 2093 986 2125 vel
1004 2094 1179 2125 manifestare
1195 2095 1241 2125 lo-

200 2133 294 2164 uendo
303 2133 315 2162 ?

177 2145 198 2173 q
214 2172 289 2210 Qis
310 2172 426 2210 inquam
445 2169 548 2208 absque
568 2169 684 2208 stupore
704 2179 738 2200 ac
765 2177 868 2200 terrore
895 2169 1007 2201 latentes
1031 2171 1240 2202 cotidianorum

177 2219 331 2240 eventuum
354 2209 529 2247 praevifiones
547 2208 697 2239 attendat?
725 2208 798 2247 Qis
819 2208 969 2250 intelligere
991 2209 1077 2240 valeat
1097 2210 1242 2241 discretam

177 2247 289 2279 lancem
302 2249 438 2286 aequitatis
451 2247 593 2278 0660106,>
611 2247 666 2286 qua
680 2246 728 2276 ille
742 2248 772 2277 in
786 2256 845 2285 quo
859 2247 909 2276 {ibi
925 2247 1110 2278 misericordia
1119 2271 1128 2287 ,
1146 2250 1179 2280 &
1192 2260 1242 2279 ve·

177 2288 240 2317 ritas
251 2287 420 2324 obviarunt,
437 2287 484 2324 qui
497 2285 650 2323 Ecclesiae,
688 2295 752 2315 uam
767 2295 826 2315 non
840 2285 930 2316 solum
950 2287 1182 2326 misericorditer,
1195 2287 1241 2318 sed

179 2325 340 2356 mirabiliter
362 2325 410 2355 suo
423 2324 553 2362 sanguine
574 2325 669 2361 precio
680 2333 699 2353 o
720 2323 863 2362 fundavit,
881 2324 914 2354 ὃς
930 2325 958 2353 10
971 2325 1042 2355 adeo
1055 2325 1140 2356 solida
1154 2326 1244 2356 firmi-

179 2372 234 2396 tate
247 2363 337 2394 Petrae
349 2363 517 2393 inviolabilis
535 2362 665 2392 stabilivit
679 2385 689 2400 ,
707 2371 738 2392 ut
752 2363 837 2401 portis
854 2363 933 2404 inferi
950 2385 960 2400 ,
977 2364 1011 2393 &
1026 2365 1124 2394 mortis
1136 2364 1242 2404 legibus

178 2402 342 2441 praevaleret
357 2425 366 2440 ,
382 2402 456 2431 suam
473 2402 501 2430 in
515 2400 613 2430 1306113
626 2399 758 2438 apostolis
773 2401 899 2438 promilit
920 2403 1158 2438 omnipotentiam
1171 2426 1181 2441 ,
1200 2402 1243 2432 us-

178 2451 234 2480 que
246 2440 280 2470 ad
294 2440 567 2470 consummationem
581 2439 679 2475 seculi,
693 2438 872 2480 assistricem,
890 2438 974 2475 ipsam
1002 2440 1129 2470 humano
1136 2441 1245 2478 judicio

179 2478 400 2515 quodammodo
419 2478 611 2513 derelinquens
625 2500 635 2515 ,
649 2486 712 2506 eam
734 2485 828 2507 tamen
843 2478 1030 2514 ireqiientium
1045 2481 1247 2518 vacationum,

181 2518 216 2548 &
235 2516 382 2556 aliquando
400 2518 483 2546 etiam
497 2514 658 2545 diffusarum
680 2516 771 2545 vexari
787 2517 927 2555 permittat
941 2517 1146 2556 incommodis,
1163 2518 1196 2548 ὅ(
1214 2519 1245 2548 in

181 2555 364 2587 substituendi
378 2554 524 2585 Pontificis
538 2554 728 2591 etped'tatione
741 2554 886 2592 languere,

220 2593 288 2632 Qia
310 2593 364 2630 ipse
385 2594 461 2623 idem
482 2592 687 2631 sapientissimus
708 2592 883 2623 Ponderator
898 2616 908 2630 ,
927 2593 974 2630 qui
994 2592 1038 2623 sti-Ta
1059 2593 1190 2624 ineffabili
1205 2594 1244 2624 sa-

181 2631 285 2672 pienti&
300 2633 329 2661 in
349 2631 446 2661 statera
460 2630 609 2661 1660111013
622 2632 720 2661 merita
732 2631 902 2670 singulorum
918 2632 1074 2671 appendat,
1088 2634 1121 2664 &
1137 2634 1245 2662 unicui-

181 2681 240 2709 que
252 2670 406 2700 secundum
423 2680 507 2706 opera
522 2669 566 2700 sua
582 2669 671 2699 reddit
685 2692 695 2707 ,
714 2669 783 2699 illius
798 2670 923 2708 regimen
938 2671 986 2700 etsi
998 2670 1087 2709 justa,
1107 2672 1188 2701 nobis
1204 2679 1244 2701 ta-

182 2719 251 2739 men
266 2708 365 2748 ignota
379 2709 411 2739 ec
424 2707 550 2738 miranda
562 2708 720 2746 libratione,
739 2707 892 2745 dispensans
907 2708 990 2746 illud,
1009 2709 1045 2739 116
1061 2709 1128 2739 11013
1142 2710 1244 2739 inscru-

184 2747 273 2778 tabilis
293 2747 495 2786 dispensationis
507 2746 638 2784 alternat,
653 2754 683 2776 ut
697 2748 717 2775 is
730 2746 902 2776 subtrahatur
918 2747 1055 2777 interdurn
1065 2770 1074 2786 ,
1087 2749 1133 2778 cui
1147 2748 1245 2787 suppe—

181 2787 259 2816 tebat
273 2786 301 2815 in
314 2784 499 2815 habundantia
512 2784 648 2814 fortitudo
660 2785 811 2823 virtutum,
828 2786 905 2823 cujus
918 2786 975 2815 vita
988 2785 1100 2816 subditis
1119 2789 1246 2824 profutu-

183 2834 213 2855 ra
231 2824 325 2862 sperari
347 2832 455 2861 poterat
467 2846 478 2862 ,
496 2833 532 2853 eo
555 2823 613 2861 ipso
633 2823 785 2862 langaevior
803 2822 836 2854 ad
855 2823 974 2854 dandam
995 2824 1084 2855 salutis
1102 2824 1243 2856 scientiam

205 2862 261 2892 lebi
276 2862 346 2892 suae:

184 2873 205 2901 p
220 2900 406 2931 Substituatur
426 2901 498 2930 vero
520 2899 567 2938 qui
588 2899 614 2928 se
637 2899 729 2937 potest
745 2910 804 2930 non
818 2899 932 2938 indigne
947 2900 1041 2940 fateri,
1059 2902 1092 2932 &
1108 2903 1243 2933 virtutum

183 2939 281 2978 inopia
301 2938 423 2968 debilem
439 2960 449 2976 ,
468 2938 501 2968 &
520 2937 581 2968 alias
606 2938 742 2978 imparem
756 2938 791 2969 ad
803 2938 944 2969 summam
958 2939 1102 2971 Pontificii
1114 2941 1246 2971 sarcinam

185 2976 401 3017 supportandam
410 2985 416 3005 t

226 3014 397 3052 Hujusrnodi
411 3013 627 3044 stibtraetionem
634 3015 662 3043 in
676 3014 756 3044 obitu
766 3014 852 3045 felicis
860 3016 1060 3047 recordationis
1066 3017 1187 3048 Nicolai
1196 3018 1248 3048 Pa-

185 3063 232 3092 pae
247 3052 462 3083 Praedecefforis
474 3051 577 3088 nostri,
597 3053 674 3090 cujus
686 3053 770 3091 longe
786 3053 892 3093 lateque
906 3055 978 3085 sama
991 3056 1087 3086 claruit
1101 3080 1110 3095 ,
1129 3058 1243 3087 emicuit

187 3093 260 3130 vita,
278 3091 445 3129 experientia
460 3091 493 3120 ὃ(
508 3089 648 3127 prudentia
664 3092 820 3130 eminebat,
833 3093 930 3123 eadem
940 3094 1081 3135 ,perpessa
1094 3095 1246 3126 marei-Ec-

189 3130 269 3162 clesia
282 3130 419 3159 viduitatis
434 3127 583 3168 angustias,
600 3127 764 3167 aliquamdiu
777 3133 919 3167 peramare
931 3131 1057 3163 deflevit:

226 3167 460 3199 Substitutionem
481 3174 573 3196 autem
590 3188 599 3203 ,
616 3167 754 3203 praetae‘cae
767 3179 825 3198 non
840 3170 995 3200 absimilem
1010 3194 1018 3209 ,
1036 3173 1064 3201 iii
1081 3171 1177 3202 nostrai
1192 3183 1246 3202 vo-

189 3207 301 3238 catione
314 3206 349 3236 ad
362 3203 531 3243 apostolatus
545 3204 674 3234 officium
683 3227 692 3242 ,
707 3208 784 3241 cuius
797 3207 893 3238 seriem
909 3209 1055 3246 sut-scripta
1068 3210 1245 3249 describunt,

188 3254 241 3275 nos
276 3254 309 3274 ex
323 3243 484 3274 nostrorum
503 3242 721 3274 consideratione
735 3242 915 3285 (1616610010,
930 3248 958 3277 10
981 3247 1140 3279 humilitatis
1153 3250 1246 3288 spiritu

211 3293 243 3312 ro
264 3290 364 3312 remur.

189 3291 209 3323 p
230 3319 397 3350 Memorato
417 3319 553 3357 liquidem
573 3318 781 3350 Praedeceffore
799 3322 895 3353 nostro
932 3332 1016 3363 prout
1036 3325 1169 3356 Domino
1189 3326 1247 3364 pla-

192 3359 269 3397 cuit,
284 3360 319 3389 ab
333 3357 386 3389 hic
398 3357 460 3388 luce
475 3357 634 3401 10003610,
643 3357 758 3401 ejusque
770 3369 890 3401 corpore
903 3346 994 3393 delato
1007 3364 1040 3393 ad
1057 3363 1170 3394 Urbem
1179 3366 1245 3403 ,ibi-

191 3407 250 3436 que
272 3397 300 3426 in
318 3396 521 3439 apostolorum·
533 3405 662 3434 principis
680 3396 812 3441 basilidi,
827 3399 875 3429 ubi
885 3400 997 3437 saepeliri
1010 3401 1156 3442 delegerit,
1176 3412 1244 3433 cum

193 3437 371 3474 exequiarum
388 3434 578 3471 solempnitate
599 3433 692 3464 debita
713 3436 868 3472 tumulat03
888 3449 954 3477 003,
973 3441 1006 3470 &
1022 3441 1125 3471 Fratres
1139 3442 1247 3480 nostri,

190 3476 265 3507 anxii
278 3475 314 3505 de
326 3474 472 3503 vacatione
485 3472 565 3510 ipsius
586 3471 735 3511 Eccleliae,
754 3473 874 3507 Viterbii
886 3500 896 3515 ,
915 3478 963 3510 ubi
976 3487 1044 3509 tunc
1060 3479 1189 3510 Romana
1203 3490 1246 3510 re-

190 3513 295 3546 fidebat
309 3511 409 3550 Curia,
428 3512 457 3541 in
465 3509 622 3554 Episcopali
635 3509 740 3542 Palatio
754 3515 890 3546 concordi
901 3523 970 3546 voto
983 3519 1167 3548 convenimus
1180 3529 1246 3559 pro-

190 3552 290 3584 visioni
312 3550 434 3590 ejusdem
454 3548 657 3579 Ecclesiasticae
675 3552 881 3589 propensiorem
901 3554 989 3586 daturi
1007 3566 1142 3596 operam,
1161 3565 1246 3597 prout

193 3590 336 3624 necessitas
350 3589 485 3628 exigebat.
1242 3631 1249 3634 ᾖ

234 3627 319 3659 Circa
332 3628 389 3658 hoc
402 3636 496 3658 autem
510 3626 631 3664 pluribus
645 3626 803 3671 1136130003
815 3629 915 3661 1130103
932 3655 942 3672 ,
959 3632 1024 3673 post
1037 3633 1159 3672 aliquam
1176 3641 1247 3664 tem-

195 3669 272 3706 poris
284 3677 414 3704 moram,
429 3675 514 3706 quam
528 3665 601 3696 casus
616 3675 698 3704 varii,
717 3667 750 3697 &
764 3667 880 3699 diversae
896 3671 1112 3703 circumstantia:
1128 3672 1245 3703 induxe-

195 3714 285 3744 runt,
306 3705 476 3736 demum‘in
499 3703 586 3748 Festo
606 3702 756 3752 Cathedrae
778 3705 858 3750 ipsius
879 3709 1069 3747 apostolorum
1094 3711 1249 3751 Principis,

196 3743 284 3775 iidem
305 3744 410 3775 Fraires
427 3742 517 3772 nostri
530 3765 539 3777 ,
559 3752 608 3780 per
622 3752 696 3772 vlam
710 3744 840 3774 berutmit
853 3767 864 3782 ,
879 3746 912 3776 ad
927 3748 1093 3780 6166000601
1109 3751 1250 3780 celebran-

199 3781 266 3813 dam
281 3782 398 3813 61661310
410 3780 604 3818 concorditer,
623 3781 653 3810 in
667 3791 732 3820 nos,
753 3790 820 3812 tunc
831 3783 911 3814 titulo
923 3785 1024 3817 11106116
1040 3788 1158 3818 Ceciliae
1172 3788 1251 3818 Pres-

201 3819 329 3859 byterum
342 3819 535 3856 Cardinalem,
553 3820 719 3850 unanimiter
733 3819 936 3853 concordantes
947 3846 957 3862 ,
973 3824 1007 3854 ad
1022 3826 1126 3857 summi
1139 3827 1252 3866 aposto-

201 3856 271 3887 latas
283 3859 411 3897 apicem,
428 3857 461 3888 &
474 3857 552 3896 ipsius
565 3855 714 3888 Cathedrae
728 3868 780 3888 nos
795 3858 898 3897 eligdre
910 3861 1101 3895 conscensum.

242 3894 340 3933 Qam
352 3906 420 3934 nos,
439 3905 470 3926 ui
485 3895 544 3934 est,
561 3895 701 3932 speculam
716 3898 893 3935 eirtimantes,
911 3908 947 3929 eo
957 3910 1016 3931 non
1030 3903 1176 3934 immerito
1192 3904 1252 3935 alti-

203 3932 305 3963 tudinis
325 3935 474 3972 grandioris
486 3958 495 3973 ,
521 3944 579 3973 quo
599 3934 690 3964 eidem
706 3934 821 3965 inlidens
834 3958 844 3974 ‚
863 3936 1026 3970 constitutus
1045 3941 1123 3979 super
1142 3944 1238 3973 omnia
1247 3966 1261 3982 ,.

205 3970 358 4008 speculator
371 3972 475 4004 locatus
486 3972 563 4004 altius
572 3996 580 4011 ,
597 3973 770 4010 prospectare
782 3974 891 4013 longius
901 3976 1020 4017 600613,
1035 3978 1167 4018 speculari
1179 3989 1257 4012 tene-

207 4016 252 4041 tur
264 4010 391 4041 attentius
403 4033 415 4049 ,
428 4011 462 4043 &
479 4012 564 4043 totius
582 4010 672 4043 Orbis
690 4012 826 4044 ambitum
839 4035 851 4051 ,
866 4019 943 4045 curae
953 4013 1006 4046 suae
1021 4016 1180 4058 commissi,
1197 4029 1259 4051 non

2230 159 2308 202 191

1252 239 1308 263 tam
1322 234 1480 273 praesentiti,
1499 236 1585 273 quam
1601 234 1778 274 providenti&
1791 234 1924 274 circuire,
1942 236 2009 266 extir
2029 245 2074 267 are
2085 236 2153 268 vitia
2185 237 2301 268 virtutes
2323 238 2399 270 Ann.
2414 240 2458 273 D,

1253 271 1384 310 inserere,
1402 282 1454 311 pro
1467 274 1572 304 viribus
1586 274 1770 305 Ecclesiarum
1780 275 1896 305 obviare
1911 276 2007 312 pericu
2018 276 2143 313 is,pr0vi
2164 285 2210 305 ere
2222 285 2304 306 com-
2346 278 2431 308 1281.

1256 310 1362 347 modis,
1379 311 1411 340 ὃς
1426 311 1499 341 saluti
1512 312 1660 349 specialiter
1673 312 1814 342 intendere
1828 314 2000 352 animarum,
2018 313 2102 344 statiis
2114 314 2308 352 eminentiam,
2324 318 2390 345 Edv.
2402 325 2426 343 1δ

1255 348 1288 377 &
1303 349 1514 379 immensitatem
1531 351 1670 380 iminentis
1683 351 1776 380 oneris
1786 351 1979 389 pensabamus:
2110 353 2112 356 ⁴

1299 385 1395 416 Tanto
1418 396 1452 417 ex
1476 387 1632 425 hujusmodi
1656 390 1806 419 vocatione
1827 389 1927 419 redditi
1947 390 2065 429 proinde
2088 390 2174 430 magis
2184 389 2312 428 attoniti,

1254 431 1360 460 quanto
1373 425 1407 454 ab
1423 425 1441 444 ²*
1457 426 1560 455 altioris
1571 425 1678 493 sgradus
1696 427 1816 465 appetitu
1829 427 1966 457 fueramus
1984 430 2020 458 ab
2032 430 2102 458 olim
2114 429 2170 458 fixo
2185 428 2310 468 proposi-
2332 422 2459 458 *II-¹⁶7⁰

1255 467 1288 490 to
1307 462 1411 501 alieni,
1435 463 1555 493 arbitrati
1583 474 1678 502 emper
1699 466 1806 494 tutioris
1828 465 1889 495 fore
1908 466 2014 496 consilii
2037 467 2117 497 nobis
2135 467 2228 497 altiora
2248 476 2309 497 non

1256 508 1380 538 quaerere
1393 523 1403 538 ,
1421 502 1451 531 10
1471 501 1562 531 (10010
1579 502 1702 532 Domini
1725 502 1866 532 humiliter
1885 503 2036 534 habitando
2049 505 2084 535 de
2102 504 2217 545 propria
2230 504 2313 535 salute

1255 546 1351 567 curare
1365 561 1375 576 ,
1400 549 1485 577 quam
1503 540 1655 579 periculose
1679 540 1756 579 super
1769 540 1950 572 universalem
1964 543 2095 573 omnium
2114 553 2210 574 curain
2225 543 2312 582 erigi,

1256 577 1291 607 ὃ(
1305 576 1338 606 ad
1353 579 1421 607 tanti
1435 578 1534 617 fastigii
1548 579 1764 608 sollicitudinem
1778 579 1895 614 elevari3

1295 614 1375 645 Hinc
1393 615 1594 646 insufficientiae
1614 617 1716 646 nostrae
1730 616 1912 646 consideratio
1926 619 2107 650 contrahebat
2120 620 2264 657 animum,
2279 620 2314 650 &-

1257 652 1273 681 11
1286 654 1354 682 tanti
1369 653 1554 693 assumptione
1568 655 1667 684 laboris
1679 654 1820 685 dexteram
1834 656 2001 686 retrahebat:
2022 657 2157 688 Suadebat
2170 658 2316 688 instantius

1257 691 1350 728 potitis
1370 700 1453 722 tantae
1476 693 1558 723 i'nolis
1575 693 1684 730 pondus
1706 692 1846 732 effugere,
1863 694 1949 732 quarn
1963 697 2118 726 eorundem
2133 696 2250 727 fratrum
2269 697 2315 727 in-

1259 729 1364 759 stantiae
1390 731 1568 767 consentire;
1594 741 1694 761 verum
1709 754 1718 769 ,
1746 732 1774 761 in
1790 733 1963 762 contrarium
1985 733 2155 764 conscientici
2169 735 2315 776 suadente,

1259 778 1318 797 non
1334 768 1389 797 6116
1401 771 1543 799 vocationi
1557 769 1679 799 Domini
1715 780 1799 808 quam
1815 778 1892 800 tanto
1906 771 2077 802 verisimilius
2090 774 2243 804 eorundem
2259 775 2316 805 113-

1260 813 1336 835 trum
1351 806 1421 836 adeo
1433 809 1568 837 unanimis
1581 818 1689 838 concor
1710 809 1732 837 ia
1743 809 1946 847 praetendebat,
1962 819 2068 847 quanto
2082 810 2183 842 diutius
2194 811 2316 850 ipsorum

1260 843 1367 874 fuerant
1380 853 1445 875 vota
1458 845 1610 883 discordia)
1636 848 1839 876 contumaciter
1854 848 2033 878 resistendum
2042 871 2053 887 ,
2072 859 2108 879 ne
2124 850 2178 886 ipsi
2188 851 2244 880 Dei
2260 850 2317 882 Ec-

1262 881 1340 911 clesia
1355 906 1364 919 ,
1389 893 1424 912 eo
1443 885 1574 921 prolixit‘is
1593 884 1729 914 viduitatis
1749 884 1893 922 dispendiis
1911 896 2066 925 gravaretur
2080 910 2090 926 ,
2107 898 2164 927 quo
2186 890 2247 920 alias
2261 889 2319 929 spes

1263 929 1319 949 erat
1336 921 1489 960 incertior,
1505 922 1540 952 de
1555 923 1636 960 ipsius
1648 923 1805 960 provisione
1819 925 1931 962 vicina,

1300 957 1449 997 Tandem,
1467 961 1547 990 variis
1561 961 1609 990 alle
1630 963 1676 991 atis
1689 962 1925 1000 excusationibus,
1944 972 1998 992 nec
2011 962 2147 1002 admissis,
2165 964 2212 995 sed
2226 965 2261 995 ab
2272 965 2323 994 eil-

1264 996 1330 1026 dem
1352 996 1480 1027 fratribus
1499 1000 1529 1027 in
1550 1009 1585 1028 eo
1617 1009 1715 1029 ervore
1734 1001 1883 1030 voluntatis
1904 1002 2008 1030 ancxiae
2023 1023 2032 1039 ,
2055 1002 2324 1041 importunitatisque

1266 1034 1435 1065 multimode
1448 1036 1584 1066 obauditis
1599 1059 1610 1075 ,
1625 1045 1656 1067 ut
1677 1047 1774 1066 manus
1792 1037 1826 1066 ad
1846 1038 2005 1069 exuendum
2021 1049 2072 1069 nos
2086 1041 2252 1079 clamidem,
2271 1040 2326 1079 qua

1268 1073 1447 1112 tegebamur,
1464 1075 1644 1105 <attenderent
1658 1097 1667 1112 ,
1685 1085 1738 1104 066
1758 1075 1838 1114 ipsius
1854 1086 1885 1104 ru
1906 1084 1974 1105 turae
1989 1086 2184 1117 pepercerunt,
2211 1080 2260 1110 sub
2280 1081 2327 1118 spe

1267 1112 1400 1149 unigeniti
1423 1112 1482 1142 Dei
1503 1112 1549 1142 filii
1572 1113 1694 1142 Domini
1712 1113 1786 1150 Jehu
1807 1111 1916 1143 Chriii
1939 1113 2110 1146 Huinilitatis
2130 1118 2232 1147 nostrae
2252 1120 2326 1149 colla

1270 1150 1437 1185 subjecimus
1448 1151 1517 1189 jugo
1529 1161 1543 1180 a
1564 1151 1692 1180 ostolicae
1705 1152 1857 1189 servitutis,
1875 1151 1911 1181 de
1925 1151 1971 1181 sua
1987 1153 2087 1189 pietate
2100 1154 2234 1193 sperantes
2247 1156 2326 1196 quod

1268 1187 1322 1226 ipse
1335 1210 1345 1225 ,
1374 1189 1421 1225 qui
1440 1191 1516 1227 quta
1538 1161 1683 1228 lssvangelii
1701 1190 1844 1219 veritatem
1865 1190 1989 1228 quinque
2009 1200 2133 1230 panum,
2150 1193 2327 1233 duorumque

1270 1225 1386 1265 piscium
1403 1228 1585 1265 paucitatem,
1602 1228 1714 1258 satietati
1727 1227 1926 1257 discumbentis
1940 1228 1973 1257 ad
1984 1228 2175 1267 jtiffumipfius
2188 1233 2332 1263 immensae

1271 1263 1455 1294 multitudinis
1475 1284 1484 1285 η
1817 1275 1886 1295 cum
1903 1265 2063 1304 fragmentis

1275 1319 1391 1324 -—---—
1742 1305 1901 1341 coaequavit
1915 1326 1925 1341 ,
1949 1304 2052 1334 nostrae
2074 1306 2268 1337 imbecillitatis
2288 1310 2332 1338 in-

1268 1339 1459 1370 sufficientiam
1481 1341 1527 1371 sus,
1548 1341 1685 1371 immensa
1707 1342 1807 1373 virtute
1821 1364 1831 1379 ,
1855 1343 1927 1380 quali
1945 1343 2018 1380 quali
2038 1343 2132 1374 saltem
2157 1344 2329 1377 sufficientiae

1270 1380 1339 1409 tanti
1356 1380 1446 1409 oneris
1459 1380 1492 1410 &
1508 1380 1607 1410 laboris
1620 1380 1759 1417 aequabit,

1310 1416 1355 1447 Ad
1373 1417 1449 1457 quod
1465 1418 1500 1447 de
1513 1418 1558 1448 sua
1575 1419 1738 1448 misecordia
1751 1418 1977 1457 obtinenduum,
1996 1419 2120 1451 fidelium
2142 1421 2267 1461 suffragia
2279 1424 2335 1453 hu-

1274 1455 1374 1486 militer
1395 1456 1574 1493 imploramus
1588 1479 1598 1494 ,
1616 1458 1649 1487 86
1663 1457 1724 1487 11103
1739 1457 1889 1497 specialiter
1902 1480 1912 1495 ‚
1929 1459 1977 1497 qui
1990 1458 2113 1489 secularis
2126 1459 2266 1497 potestatis
2279 1462 2333 1492 sol—

1272 1494 1446 1524 licitudinem
1461 1496 1490 1524 in
1508 1496 1614 1532 populo
1629 1495 1751 1525 Domini
1764 1495 1954 1534 susceperunt,
1972 1505 2003 1527 ut
2024 1498 2054 1527 in
2073 1498 2121 1528 illo
2142 1508 2227 1536 prout
2241 1499 2274 1529 ad
2289 1510 2337 1530 eos

1274 1534 1411 1601 pertineg,
1425 1533 1575 1563 nobiscum
1590 1533 1705 1564 fideliter
1717 1535 1750 1565 &
1762 1534 1879 1564 sollicite
1893 1534 2068 1566 collaborent
2077 1561 2086 1575 ,
2101 1536 2276 1569 decrevimus
2289 1546 2337 1569 ex-

1284 1580 1373 1601 iortan
1395 1581 1434 1601 os.

1313 1609 1436 1649 Ideoque
1452 1609 1572 1678 regalem
1586 1609 1776 1640 excellentiam
1792 1613 1896 1642 attente
1915 1621 2044 1653 rogamus
2056 1636 2066 1652 ,
2081 1615 2115 1645 &
2135 1614 2266 1646 instanter
2284 1615 2337 1645 ob-

1277 1648 1414 1678 secramus
1434 1648 1462 1677 in
1513 1649 1612 1678 omino
1631 1649 1705 1687 Jehu
1720 1648 1854 1688 Christo,
1875 1652 1999 1688 quatinus
2019 1652 2167 1691 prudenter
2180 1653 2338 1695 attendens,

1276 1686 1353 1726 quod
1367 1686 1507 1726 gladium,
1523 1689 1552 1717 iii
1567 1687 1756 1718 defensionem
1771 1687 1872 1718 1306136
1886 1689 1943 1719 1)61
1958 1690 2090 1721 Ecclesiae
2103 1714 2113 1730 ,
2131 1691 2164 1722 ad
2178 1692 2334 1722 vindietam

1279 1725 1490 1755 malefactorum
1506 1749 1515 1763 ,
1530 1726 1640 1756 laudem
1665 1730 1734 1756 vero
1757 1726 1902 1757 bonorum
1924 1727 2055 1759 divinitus
2068 1730 2229 1760 ordinatum
2242 1732 2258 1761 a
2273 1729 2341 1760 Do-

1281 1765 1362 1793 mino
1380 1764 1542 1802 accepistis,
1562 1765 1598 1794 lic
1615 1765 1665 1794 illo
1680 1787 1690 1803 ,
1704 1766 1780 1803 juxta
1795 1766 2000 1805 beneplacitum
2020 1766 2171 1798 ordinantis
2184 1769 2217 1799 &
2234 1779 2340 1800 conce-

1279 1801 1368 1832 dentis
1380 1825 1389 1841 ,
1409 1805 1488 1833 utaris
1502 1815 1511 1840 ς
1529 1812 1558 1833 ut
1573 1812 1622 1841 per
1638 1813 1703 1833 eum
1717 1804 1775 1833 vim
1793 1805 1927 1842 aequitatis
1950 1814 2080 1836 exercens
2091 1829 2100 1843 ,
2117 1807 2223 1837 molem
2239 1808 2341 1847 iniqui-

1280 1842 1339 1871 tatis
1353 1849 1480 1878 potenter
1493 1841 1651 1880 destruens,
1671 1841 1754 1878 ipsam
1770 1842 1826 1872 Dei
1842 1842 1997 1873 Ecclesiam
2013 1867 2022 1881 ,
2041 1845 2150 1884 ejusque
2170 1844 2261 1876 fideles
2274 1855 2341 1884 pro-

1280 1888 1385 1918 pugnes
1402 1903 1411 1918 ,
1429 1880 1461 1910 &
1482 1887 1607 1918 protegas
1622 1891 1631 1917 3
1651 1889 1704 1910 066
1727 1880 1817 1910 minus
1831 1881 1880 1911 sub
1899 1881 1954 1912 fide
1976 1881 2070 1921 falsos,
2088 1893 2174 1921 quam
2189 1882 2343 1916 Christiani

1279 1919 1401 1948 nominis
1413 1917 1505 1948 hostes
1520 1927 1666 1955 exoerreaS,
1685 1918 1717 1948 &
1732 1918 1875 1961 dispergas,

1318 1956 1421 1995 Sicque
1442 1957 1546 1987 600613
1560 1980 1569 1995 ,
1585 1957 1636 1987 tibi
1658 1958 1799 1986 concessae
1814 1959 1843 1987 in
1857 1958 1905 1987 illo
1925 1961 2107 1998 congruentia
2126 1961 2271 1999 potestati,
2290 1962 2342 1999 pro

1281 1995 1386 2024 viribus
1401 1995 1526 2034 impleas,
1544 1994 1621 2033 quod
1635 1996 1778 2034 triumpho
1791 1997 1820 2025 in
1829 1997 1963 2027 virtutum
1977 1998 2084 2028 3611003
2098 1999 2250 2038 gloriosus,
2263 2009 2342 2039 egre-

1281 2033 1393 2073 giusque
1403 2033 1515 2071 justitiae
1531 2033 1622 2064 cultor
1633 2043 1775 2071 appareas,
1792 2035 1825 2064 &
1840 2044 1907 2064 cum
1923 2035 2022 2065 mundi
2035 2037 2165 2068 salvatore
2180 2061 2190 2076 ‚
2209 2039 2285 2077 cujus
2298 2049 2342 2079 ty-

1280 2081 1351 2109 pum
1367 2072 1436 2110 geris
1450 2073 1583 2109 nomine,
1602 2072 1730 2102 merearis
1745 2073 1802 2102 sine
1813 2072 1869 2102 fine
1884 2082 2008 2112 regnare:

1318 2109 1399 2140 Illam
1415 2110 1450 2140 de
1469 2111 1550 2141 nobis
1564 2111 1641 2147 spem
1655 2119 1759 2140 certam
1770 2135 1779 2148 ‚
1795 2111 1828 2141 &
1841 2111 2026 2143 indubitatam
2039 2112 2171 2144 fiduciam
2186 2114 2345 2155 habiturus,

1281 2148 1359 2186 quod
1379 2157 1457 2178 tuam
1469 2172 1478 2187 ,
1497 2150 1530 2179 &
1554 2149 1633 2188 regni
1655 2149 1694 2178 tui
1713 2149 1920 2188 prosperitatem
1933 2173 1943 2188 ,
1961 2159 2076 2188 paterno
2090 2152 2210 2184 zelantes
2222 2153 2345 2193 affedm,

1281 2187 1315 2218 &
1328 2196 1389 2216 eam
1405 2197 1464 2217 non
1478 2187 1569 2217 solum
1584 2186 1749 2217 conservare
1769 2187 1954 2226 intendimus,
1971 2189 2019 2220 sed
2039 2190 2090 2228 ὅτ,
2107 2190 2238 2222 facultate
2251 2192 2346 2224 succe-

1281 2226 1383 2264 dente,
1401 2225 1605 2264 favorabiliter,
1623 2234 1758 2265 quantum
1774 2236 1842 2257 cum
1855 2226 1925 2256 Deo
1938 2229 2107 2268 poterimus,
2126 2238 2304 2269 promovere.

1318 2301 1388 2346 Dat.
1409 2303 1483 2342 apud
1504 2301 1620 2333 Urbem
1641 2310 1764 2335 veterem
1787 2304 1813 2335 8.
1837 2302 1899 2335 Kal.
1921 2303 2009 2342 April.
2030 2304 2138 2337 Pontis.
2158 2306 2249 2338 nostri
2270 2317 2345 2339 anno

1282 2350 1386 2381 Pl'lmO.

1985 2418 2039 2449 Sub
2054 2419 2103 2461 filo
2117 2420 2242 2451 canabeo.

1376 2549 1450 2593 Regi
1470 2548 1600 2579 francia
1609 2575 1619 2590 ‚
1645 2546 1725 2594 quod
1739 2551 1943 2580 immutationi
1955 2549 2048 2582 alicui
2063 2552 2095 2581 in
2109 2549 2255 2596 Vastania

1714 2595 1914 2642 fhperftdeat.

1289 2676 1495 2739 MAgnifico
1508 2678 1650 2718 Principi,
1667 2680 1727 2711 &c.
1742 2679 1826 2711 Edw.
1840 2681 1915 2720 Dei,
1934 2674 1994 2714 &0
2360 2671 2438 2703 Ann.
2452 2672 2496 2707 D:

1284 2735 1289 2738 -
1415 2716 1596 2748 Intellbiimus
1616 2719 1693 2757 quod
1707 2741 1717 2756 ,
1743 2719 1817 2749 circa
1838 2719 1941 2750 statum
1962 2729 2042 2752 terrae
2063 2722 2166 2753 nostrae
2177 2721 2342 2762 Vaseoniae,
2379 2712 2464 2741 128¹·

1284 2753 1329 2784 seu
1345 2755 1554 2786 consuetudines
1567 2757 1704 2795 ejusdem,
1720 2757 1809 2797 aliqua
1829 2760 1982 2796 proponitis
1996 2761 2161 2799 immutare;
2358 2753 2411 2777 Ax.
2431 2760 2460 2784 9·

1321 2791 1413 2824 Unde
1433 2804 1501 2825 cum
1521 2805 1574 2825 nos
1589 2818 1598 2833 ,
1623 2796 1642 2826 si
1660 2795 1736 2826 (11613
1750 2804 1819 2826 terra
1833 2797 2032 2829 reformatione
2051 2799 2080 2829 in
2099 2798 2344 2831 consuetudinibus
2360 2793 2388 2816 E.
2409 2798 2432 2815 ¹·
2478 2829 2485 2836 ,

1285 2831 1329 2861 ν61
1348 2831 1403 2862 31113
1426 2833 1543 2872 indigeat
1557 2856 1567 2871 ,
1584 2835 1668 2873 parati
1686 2834 1778 2864 sumus
1797 2844 1860 2865 eam
1872 2836 1943 2873 quta
1957 2836 2082 2867 vestrum
2097 2839 2242 2869 consilium
2255 2839 2342 2870 refor-
2362 2827 2499 2855 &tull-¹·

1284 2879 1377 2908 mare,
1395 2870 1632 2902 Dominationem
1647 2872 1767 2903 vestram
1779 2872 1881 2904 affeetu
1895 2884 1952 2913 quo
1966 2874 2111 2913 poffumus
2126 2877 2256 2915 ampliori
2270 2887 2340 2908 exo·
2362 2866 2498 2902 tenkegal.

1284 2918 1388 2946 ramus,
1407 2919 1538 2949 quatenus
1550 2909 1635 2940 (116136
1650 2912 1840 2942 immutationi
1853 2912 2019 2950 supersedere
2033 2915 2137 2953 velitis,
2359 2905 2498 2933 M²mb'·2·

1323 2946 1439 2977 Dileeto
1460 2948 1493 2978 &
1516 2947 1589 2978 fideli
1609 2949 1848 2994 nostronJohanni
1866 2951 1901 2980 de
1920 2950 2059 3021 0116)(11ζ,
2077 2952 2232 2984 Senelcallo
2247 2953 2346 2987 nostro

2039 3000 2059 3022 13

1286 2992 1367 3016 terrae
1384 2986 1527 3025 piaedietae
1541 3009 1551 3025 ,
1568 2987 1598 3016 in
1620 2997 1736 3027 negotiis
1751 2987 1852 3018 nostris
1866 2999 1963 3020 coram
1979 3001 2017 3022 vo
2072 2991 2247 3032 expediendis
2269 2993 2350 3025 favo-

1287 3032 1347 3053 rem
1362 3024 1550 3063 benevolum,
1568 3024 1588 3054 fi
1603 3025 1710 3066 placet,
1727 3026 1896 3058 exhibendo.

1321 3099 1389 3131 Dat.
1406 3101 1478 3141 apud
1493 3100 1674 3141 Clarendon,
1692 3111 1739 3142 27.
1754 3102 1801 3133 die
1816 3102 1932 3144 Martii,
1944 3114 2021 3137 anno
2032 3105 2129 3147 Regni
2143 3107 2230 3140 nostri
2243 3112 2332 3140 nono»
2348 3126 2351 3127 ν

1310 3231 1338 3258 *⁶
1365 3235 1472 3266 Litera
1486 3232 1675 3280 quorundam
1701 3236 1866 3281 Wfionum
1888 3237 2089 3285 deprecatoria
2097 3253 2108 3279 ;
2130 3246 2181 3284 ne,
2208 3253 2228 3274 a
2247 3245 2324 3290 Rege
2362 3245 2498 3280 *11.168.

1440 3283 1558 3327 rejefsi,
1584 3283 1707 3316 alterius
1722 3283 1939 3332 Jurisdiffloni
1954 3287 2187 3334 fhbjicerentur.
2312 3304 2316 3309 ·

1360 3366 1473 3397 Omino
1491 3368 1555 3405 suo,
1572 3377 1632 3405 prae
1651 3368 1760 3399 60116113
1772 3372 1934 3402 mortalibus
1950 3372 2090 3413 diligendo
2101 3397 2110 3412 ‚
2129 3373 2262 3405 Domino
2279 3375 2339 3407 Ed·
2357 3367 2434 3401 Assn·
2447 3372 2493 3403 D*

1368 3406 1479 3443 wardo,
1499 3405 1556 3436 Dei
1568 3406 1652 3445 gratia
1689 3407 1783 3439 illustri
1799 3409 1827 3439 R
1847 3411 1872 3439 σί
1893 3411 2003 3450 Angliae
2016 3435 2026 3450 ,
2044 3412 2176 3442 Domino
2191 3412 2343 3445 Hiberniae
2384 3410 2470 3444 1281.

1287 3444 1324 3487 ὃς
1339 3443 1418 3473 Duci
1441 3444 1633 3484 Aequitaniae,
1651 3429 1691 3489 sui
1713 3445 1804 3477 fideles
1864 3450 1946 3488 ilites,
1964 3450 2107 3480 domicelli
2140 3451 2174 3481 &
2195 3452 2274 3482 liberi
2287 3453 2342 3484 ho·
2358 3451 2394 3474 A.
2415 3458 2442 3483 9-

1287 3492 1373 3512 101063
1384 3481 1527 3520 Johannes
1540 3483 1576 3512 de
1590 3482 1742 3526 Greilliaeo
1755 3508 1765 3523 ,
1784 3485 1954 3517 Guilielmus
1971 3472 2129 3527 Qiernard’i
2144 3488 2285 3529 Dornon,
2303 3492 2344 3522 A-
2359 3490 2390 3513 E.
2410 3497 2435 3515 ¹·

1286 3530 1400 3550 maneus
1413 3520 1448 3551 de
1464 3520 1513 3551 Cis
1529 3520 1672 3552 Dominus
1684 3522 1720 3552 de
1733 3523 1856 3556 Beffauat
1898 3525 2014 3557 Vivians
2025 3527 2060 3556 de
2073 3527 2178 3558 Sancto
2193 3527 2322 3561 Martino
2359 3529 2415 3552 ¹³⁰?-

1288 3559 1429 3602 Arnoldus
1451 3560 1610 3590 Ainanenni
1630 3560 1666 3590 de
1684 3559 1843 3602 Campeto,
1864 3548 1985 3594 Milites:
2006 3564 2168 3595 Amanenus
2180 3565 2216 3596 de
2231 3554 2339 3599 Lebre3
2358 3564 2497 3600 Vast'0n·9²

1286 3606 1333 3636 to,
1351 3596 1529 3627 Guillielmus
1545 3597 1670 3637 Doffoa,
1686 3599 1828 3631 Sewardus
1839 3601 1874 3632 de
1890 3602 1987 3640 Mota,
2006 3602 2123 3634 Garcias
2134 3603 2203 3636 Arn.
2219 3604 2343 3638 Vicecoa
2356 3605 2386 3628 E.
2407 3611 2431 3630 ¹·

1287 3646 1346 3666 mes
1372 3635 1524 3666 Maritimae
1562 3635 1722 3668 Amanenus
1745 3639 1782 3668 de
1806 3639 1915 3679 Lesgoz
1957 3641 2133 3672 Lombardus
2148 3642 2183 3673 de
2206 3643 2325 3676 Scotiffa
2357 3649 2393 3667 m·
2411 3648 2441 3676 7·

1289 3674 1434 3705 Rolandus
1451 3675 1487 3704 de
1503 3658 1619 3714 Nsoysac
1632 3697 1642 3713 ‚
1662 3675 1706 3706 Ra
1725 3677 1845 3708 mundus
1860 3680 1895 3708 de
1917 3662 2078 3717 ssol‘ussian3
2094 3679 2192 3712 Petrus
2226 3669 2343 3715 Bernar³

1288 3713 1356 3751 dus,
1373 3712 1443 3742 Arn.
1455 3714 1491 3757 ⁵&
1508 3712 1642 3743 Bernotus
1654 3714 1690 3758 de
1743 3724 1872 3746 ontamer
1906 3715 2089 3756 Raymundus
2102 3704 2216 3750 Arnalcsi
2229 3721 2264 3752 de
2277 3722 2345 3752 Bin-

1288 3751 1361 3781 helas
1374 3774 1383 3788 ‚
1401 3751 1564 3795 Guilbertus
1582 3750 1666 3782 Furci
1685 3753 1816 3792 d’Ornoy
1829 3777 1838 3792 ‚
1856 3739 1984 3791 I-lugnels
2002 3755 2039 3786 de
2056 3755 2250 3797 Novelliano,
2269 3760 2343 3791 Gar-

1290 3791 1344 3820 cias
1370 3789 1484 3819 Amaldi
1505 3789 1540 3819 de
1561 3788 1631 3829 Hoy
1647 3811 1656 3828 ‚
1680 3791 1818 3822 Arnaldus
1834 3792 1871 3822 de
1891 3792 1988 3824 Mont.
2004 3793 2181 3827 Domicelli:
2198 3798 2342 3836 Johannes

1290 3827 1428 3858 Columbi
1442 3826 1521 3857 Civis
1535 3826 1721 3867 Burdegaliae,
1740 3830 1831 3869 Agnes
1844 3839 1914 3861 uxor
1927 3832 2070 3875 quondam
2090 3833 2214 3867 Domini
2227 3836 2314 3867 Gaws
2330 3843 2350 3862 ³

1291 3865 1318 3897 di
1339 3866 1374 3896 de
1394 3865 1552 3905 Lugantent
1573 3865 1676 3896 Militis
1693 3868 1821 3898 (16100611
1867 3879 1984 3900 nomine
2002 3870 2050 3901 filii
2067 3871 2105 3902 sui
2120 3896 2130 3912 ,
2148 3875 2182 3905 ὃς
2197 3875 2345 3906 Petrovila

1289 3905 1344 3935 den
1354 3904 1417 3943 Tey
1426 3926 1435 3942 ,
1450 3914 1532 3934 terras
1545 3904 1578 3934 &
1591 3902 1672 3935 feoda
1681 3907 1710 3936 10
1724 3905 1820 3937 Borno
1853 3908 1981 3947 abentes,
1992 3908 2088 3951 seipsos
2102 3912 2137 3943 ad
2150 3912 2270 3952 ejisdem
2278 3923 2341 3952 per-

1293 3951 1408 3982 petuum
1422 3943 1585 3980 obsequium
1598 3943 1632 3973 &
1645 3943 1773 3975 debitum
1787 3945 1959 3977 famulatum.

1334 3982 1568 4012 Dominationem
1581 3980 1702 4014 vestram
1714 3991 1807 4014 tenere
1820 3985 1950 4016 volumus
1962 3995 2015 4026 pro
2028 3988 2184 4027 constanti,
2200 3988 2276 4027 quod
2284 3989 2348 4020 nul-

1296 4021 1401 4053 latenus
1413 4020 1494 4051 nobis
1508 4019 1618 4059 placet,
1633 4028 1664 4052 ut
1677 4021 1760 4054 altam
1772 4021 1901 4061 justitiam
1913 4033 2048 4059 terrarum
2059 4027 2217 4060 nostrarum
2230 4027 2350 4067 praedic-

2245 4073 2336 4098 tarum
2342 4087 2353 4103 ,
