2570 4261
232 145 285 188 82

77 253 155 287 'Arm
168 253 210 284 D.

102 293 185 332 1263.

77 337 143 362 Hm.
165 342 190 369 3.

573 321 696 354 Littera
714 321 788 366 Regi·
806 321 951 354 Franciae.

324 449 421 487 Cum,
439 457 565 489 parentes
587 443 721 479 mandato
740 447 851 487 vestro,
867 449 901 480 ad
924 459 976 480 vos
989 450 1018 479 in
1032 448 1164 488 proximo
1177 444 1214 476 de
1231 454 1303 489 con-

235 490 294 520 filio
334 497 466 518 rocerum
489 485 654 517 nostrorum
669 487 846 525 personaliter
859 487 993 518 accedere
1007 494 1214 525 proponamuS,
1232 483 1304 527 infra

237 498 362 558 Oitagas
377 526 450 556 beati
466 524 616 556 Michaelis
629 527 760 566 proximo
773 533 901 556 venturas
914 527 943 556 in
960 526 1093 565 Angliam
1106 522 1304 566 reversum-si-

235 574 285 597 cut
306 564 488 604 Magnatibus
507 563 610 594 nostris
623 564 698 595 bona
713 564 768 594 fide
780 565 975 603 promisimus,
993 564 1126 595 volumus
1139 562 1173 592 &
1188 570 1304 604 requiri-

237 612 299 635 mus
318 603 413 643 quod,
431 603 451 633 si
471 612 569 633 contra
590 602 647 634 hoc
668 603 839 641 promissum
861 602 1037 634 nostrum&
1051 601 1180 632 debitum
1193 609 1303 629 veneri-

235 652 313 679 mus,
332 642 376 672 seu
396 642 493 672 venire
514 642 702 681 voluerimus,
720 651 772 672 nos
791 641 825 672 ad
849 641 959 672 dictum
979 639 1150 681 promissum
1170 636 1302 670 nostrum

234 680 441 720 complendum
456 680 639 722 compellatis.

77 421 131 483 Za.
146 426 194 454 47.
236 410 376 469 REGI
392 410 535 448 Franciae,
552 408 619 439 Rex
634 407 746 448 Angliae
761 408 893 449 salutern,
912 410 946 442 ὃς
961 409 1092 448 sincerae,
1109 409 1170 440 &c.

135 466 147 492 3

78 477 177 522 imis.

84 541 126 559 ¹2-

272 759 360 792 Teste
375 769 406 792 ut
421 761 505 802 supra.

1303 868 1329 887 s

234 896 283 929 Dc
307 892 463 927 concordia
488 893 578 939 fidia
609 898 686 927 inter
713 892 910 928 Edmirdum
933 896 1169 941 Primogenitum
1189 895 1277 939 Regis
1286 889 1339 949 ,N

503 946 539 981 cy·
557 943 704 989 quosdam
724 947 888 991 (Magnates
902 944 1030 990 Angliae.

68 1031 144 1062 Arm·
161 1028 202 1059 D·
316 1034 388 1064 Toz
406 1042 490 1071 ceus,
509 1033 545 1064 ke
564 1031 653 1063 cestes
671 1033 762 1063 lettres
780 1040 895 1063 verront
911 1033 927 1062 ὲ
942 1041 1058 1071 orront‚
1073 1032 1151 1072 Rog.
1172 1032 1208 1064 de
1223 1031 1299 1073 Ley-

104 1069 188 1107 1263.
313 1073 385 1103 burn
417 1071 486 1110 Joh.
501 1072 538 1102 de
558 1072 650 1111 Vaus,
669 1071 744 1102 Ralf.
764 1070 868 1110 Basset,
896 1070 984 1101 Ham.
1004 1070 1194 1112 Lestraunge,
1211 1081 1227 1102 e
1245 1071 1299 1110 Jo-

76 1112 129 1136 An.
143 1118 189 1144 47-
235 1110 299 1140 han.
316 1095 459 1147 Grirsard,
479 1110 551 1141 salut.

76 1152 110 1175 H.
123 1157 148 1184 3·
272 1149 362 1180 Sache
376 1149 470 1180 vostre
484 1149 647 1180 Universite
661 1149 697 1180 ke
711 1173 720 1187 ‚
744 1159 811 1179 cum
825 1149 854 1179 vi
870 1147 930 1179 eust
946 1155 1063 1179 content
1081 1156 1159 1179 entre
1173 1158 1244 1179 mon
1257 1148 1298 1190 sy-

76 1189 107 1213 L.
121 1189 157 1213 A.
164 1184 191 1222 f-
235 1197 265 1218 re
287 1187 425 1227 Edward,
440 1187 478 1218 fiz
493 1189 564 1219 aisne
576 1189 602 1219 le
617 1189 675 1219 Roi
690 1187 895 1227 d'Engleterre‚
912 1197 928 1217 e
942 1198 1011 1227 nos,
1030 1197 1101 1218 nous
1115 1188 1151 1225 de
1166 1198 1212 1218 ces
1225 1197 1297 1218 con-

78 1233 143 1260 233·
158 1224 184 1250 b·
232 1235 291 1258 teut
304 1228 451 1266 amender,
475 1237 492 1257 e
504 1227 624 1266 abesser,
647 1237 663 1257 e
675 1227 711 1257 de
724 1227 811 1258 seurte
822 1226 906 1264 faire,
923 1235 940 1256 e
955 1227 991 1258 de
1004 1226 1075 1257 estre
1089 1227 1128 1257 lui
1142 1236 1207 1267 amy
1222 1236 1237 1256 a
1249 1234 1296 1256 to-

75 1266 148 1290 Penes
156 1266 208 1290 Ca·
233 1274 272 1296 tes
286 1266 326 1296 ses
338 1267 408 1297 boso
428 1276 491 1304 nes,
515 1274 652 1297 encontre
664 1274 723 1296 tote
737 1274 821 1305 gent,
845 1275 880 1303 qe
895 1275 946 1295 nos
961 1265 1014 1295 tele
1034 1265 1121 1296 seurte
1135 1289 1144 1304 ‚
1169 1275 1256 1296 come
1270 1265 1296 1296 le

77 1310 171 1328 merar.
229 1304 326 1335 Cunte
340 1306 375 1336 de
432 1315 525 1336 arenn.
544 1315 561 1335 e
588 1315 659 1335 mon
675 1304 733 1344 syre
755 1303 834 1334 Heri.
854 1303 905 1334 Fiz
926 1303 952 1333 le
966 1304 1026 1334 Roi
1046 1303 1230 1345 d'Aletnayne
1245 1303 1295 1334 de—

75 1343 189 1367 Smmr-
229 1343 350 1375 viseront
367 1355 382 1374 e
393 1344 501 1375 dirront
510 1367 518 1382 ‚
544 1344 567 1374 F
568 1354 650 1373 erons
662 1353 677 1373 e
691 1342 835 1374 tendroms
850 1342 1015 1373 fermemant
1029 1353 1045 1373 e
1059 1342 1180 1382 estable,
1205 1352 1220 1372 a
1234 1350 1292 1373 tote

229 1381 327 1413 nostre
340 1384 404 1419 vic;
423 1382 503 1412 sauue
517 1383 542 1413 le
555 1391 697 1413 commun
710 1382 860 1420 (crement,
889 1380 959 1411 k’est
969 1381 995 1412 al
1010 1381 1121 1414 honour
1136 1381 1172 1413 de
1185 1381 1256 1421 deu,
1275 1390 1292 1412 e

228 1431 244 1452 a
257 1421 282 1450 la
296 1421 339 1462 fay
354 1421 379 1451 le
392 1420 453 1451 Roi
468 1431 484 1450 e
497 1432 511 1452 a
545 1420 609 1452 rofit
623 1421 661 1451 du
677 1430 796 1451 reaume.

264 1460 289 1490 E
308 1469 407 1490 avoms
424 1459 493 1498 Jure
515 1431 558 1490 igr
577 1459 655 1497 saynt
669 1459 832 1498 Ewangeles
843 1458 879 1490 de
892 1468 971 1500 tenyr
982 1467 1054 1491 totes
1067 1469 1113 1490 ces
1126 1458 1241 1498 choseS,
1256 1458 1292 1489 ke

226 1499 288 1530 sunt
303 1497 449 1530 desusdites
461 1499 562 1529 fermes
577 1509 593 1528 e
607 1498 730 1529 estables.

262 1537 308 1568 En
331 1537 484 1568 tesemoine
506 1537 542 1567 de
563 1547 630 1576 ques
651 1537 747 1568 choses
767 1547 818 1567 nos
831 1547 918 1568 avons
931 1538 984 1567 mis
997 1547 1049 1568 nos
1063 1537 1136 1568 seaus
1150 1547 1165 1568 a
1179 1537 1238 1568 cest
1251 1546 1292 1568 es-

226 1578 312 1616 crite,
330 1576 365 1606 ke
386 1575 417 1606 fu
440 1575 480 1606 fet
498 1586 513 1606 a
534 1576 672 1606 Lamhiee
695 1575 738 1607 Le
757 1575 867 1607 Samadi
903 1576 1029 1615 roche-yn
1041 1586 1118 1617 apres
1131 1577 1155 1607 la
1169 1575 1294 1614 ass'ump-

224 1618 293 1646 cion
313 1615 410 1646 nostre
431 1614 545 1654 Darne,
565 1614 627 1645 Lan
649 1614 684 1646 de
701 1615 727 1646 la
740 1624 823 1655 grace
835 1585 932 1646 nosne
944 1615 1093 1655 Seynour,
1111 1615 1179 1655 mil,
1195 1624 1212 1646 e
1225 1614 1292 1646 deus

224 1662 308 1694 cent,
324 1665 340 1685 e
353 1653 512 1692 seiffaunte,
531 1664 548 1684 e
563 1655 633 1685 trais.

78 1792 94 1809 *
110 1793 133 1820 1·
147 1800 212 1827 774-

79 1876 156 1909 Ann.
174 1876 214 1907 D.

102 1917 186 1955 1263.

336 1786 363 1813 ’X‘
391 1791 441 1823 De
453 1799 526 1835 pace
544 1798 612 1820 cum
627 1786 777 1820 Lemelino
785 1785 852 1831 filio
872 1783 991 1832 Griffini
1006 1783 1179 1820 traaanda.

235 1877 322 1934 RE
332 1877 362 1908 X
380 1878 531 1916 omnibus,
549 1876 583 1907 ad
600 1885 687 1915 qum,
702 1875 763 1906 &c.
779 1874 899 1919 salutem.
987 1914 993 1919 ·
1069 1913 1074 1919 ¹

334 1917 434 1947 Sciatis
449 1927 500 1946 nos
515 1915 717 1946 venerabilibus
732 1914 853 1951 patribus
872 1913 925 1943 W.
940 1912 1134 1943 Wioornienfi
1148 1937 1158 1953 ‚
1178 1913 1218 1944 R.
1232 1912 1296 1944 Co-

77 1958 131 1984 An.
151 1965 197 1991 47.
233 1956 370 1999 ventrensi
385 1956 419 2000 ᾃ
436 1954 621 1998 Lichfeldensi
634 1953 779 1998 Episcopis
795 1975 804 1990 ,
828 1951 961 1996 Henrico
976 1937 1035 1996 filio
1054 1952 1141 1996 Regis
1162 1951 1296 1997 Aleman-

78 1999 197 2067 ἶῖὲὲῃ
234 2002 407 2063 ”3323315032
417 1990 903 2074 '3332‘ss5„{“1¹05¹5.5¹1{.{⁴33}{512‘‘5
924 1989 1298 2074 Ssmsitifssfissffiaepiss

252 2069 365 2106 Valliae)
388 2072 500 2110 plenam
525 2072 556 2102 ὃς
575 2071 691 2101 liberam
712 2067 816 2100 dedisse
836 2039 1001 2108 potestatem
1019 2068 1153 2099 traciandi
1172 2068 1297 2113 denpace

79 2118 105 2136 n.
126 2118 135 2135 1
145 2118 168 2136 ι.
235 2109 328 2141 nostra
344 2112 415 2140 inter
431 2121 483 2141 nos
519 2112 552 2142 &
566 2110 694 2140 homines
708 2107 817 2138 nostros
831 2117 864 2138 ex
879 2117 933 2138 una
949 2115 1024 2145 parte
1038 2129 1048 2145 ,
1071 2107 1104 2137 &
1118 2107 1296 2139 Lewelinum

232 2148 321 2178 filium
335 2148 472 2188 Griffini,
489 2135 522 2181 ἒ(
538 2148 708 2188 complices,
726 2147 759 2178 &
772 2145 892 2192 fautores
908 2145 968 2176 suos
981 2155 1016 2176 ex
1029 2145 1129 2185 altera3
1148 2147 1181 2178 &
1195 2156 1295 2188 pacem

232 2186 309 2217 illam
324 2186 468 2226 firmandi,
487 2197 540 2227 pro
619 2197 634 2217 e
655 2186 748 2217 nostra
761 2208 771 2224 ,
793 2195 825 2215 ac
843 2185 862 2215 si
883 2185 1028 2222 praesentes
1049 2183 1166 2216 essemus
1180 2208 1190 2225 ,
1213 2193 1297 2224 prout

232 2225 332 2256 melius
344 2225 463 2256 viderint
477 2235 547 2266 expe
568 2235 622 2263 ite·,

272 2263 380 2294 Rarum
394 2265 427 2296 &
443 2263 557 2295 firmum
573 2263 691 2295 habituri
728 2261 843 2302 uicquid
856 2261 984 2303 praediffl
1003 2261 1095 2293 fideles
1114 2263 1202 2293 nostri
1217 2286 1227 2303 ,
1252 2263 1298 2294 vel

232 2302 272 2334 illi
286 2312 318 2333 ex
332 2303 394 2342 ipsis
408 2313 479 2342 quos
490 2303 634 2344 praesentes
649 2302 699 2335 ade
722 2312 738 2333 e
757 2302 907 2341 contigerit
922 2324 931 2340 ,
955 2300 1034 2341 super
1053 2301 1198 2340 praemiffis
1211 2302 1298 2333 duxe-

231 2342 287 2373 rint
302 2341 472 2372 faciendum.

271 2379 305 2410 In
318 2381 411 2419 cuiuS,
429 2381 490 2411 &c.

269 2460 360 2493 Teste
374 2461 459 2502 Rege
471 2461 543 2501 apud
557 2460 683 2493 Westm.
698 2470 738 2491 22
749 2461 794 2491 die
806 2460 934 2501 Augusti.

268 2542 413 2585 Confimilis
437 2542 531 2573 littera
552 2546 696 2573 emanavit
717 2546 822 2573 nomine
842 2545 920 2580 Regis
935 2541 995 2584 fine
1009 2539 1063 2582 ista
1078 2540 1216 2572 additione
1228 2565 1238 2580 ,
1263 2541 1297 2574 &

229 2591 330 2623 pacem
344 2582 421 2613 illam
434 2581 506 2613 firm.
522 2582 582 2613 &c.
598 2581 682 2622 usque
695 2581 820 2621 Ratum,
838 2582 898 2612 &c.

268 2667 340 2694 Item
359 2663 500 2704 consimiles
515 2662 615 2693 litterae
630 2669 792 2693 emanarunt
823 2673 845 2692 tc
860 2662 1002 2692 traaandi
1025 2661 1056 2690 de
1071 2667 1138 2698 pace
1151 2662 1224 2691 inter
1241 2663 1296 2691 Re-

229 2713 309 2740 gem,
327 2701 365 2737 ὅγ’
382 2701 741 2744 Ea'wardumfiliumfieum
755 2724 764 2740 ‚
839 2701 955 2731 homines·
974 2703 1051 2736 Regis
1071 2709 1106 2728 ex
1127 2710 1183 2728 una
1197 2707 1297 2738 parte,

233 2739 272 2774 όν
289 2740 459 2771 Lewelinum
467 2740 560 2781 filium
573 2741 684 2779 Griffi‘ni
694 2763 700 2773 ‚
721 2738 758 2774 ᾤ’
774 2739 923 2778 complices,
942 2737 1115 2778 &fautores
1130 2736 1192 2776 ficos
1205 2749 1239 2767 ex
1253 2737 1297 2767 al-

234 2786 313 2818 tera,
332 2778 472 2818 &pacem
487 2779 564 2810 illam
570 2779 720 2821 firmandi,
730 2778 801 2820 ficut
814 2782 964 2808 continetur
977 2781 1006 2808 in
1018 2776 1117 2811 littera
1124 2776 1269 2815 praedicza.

273 2862 343 2889 Item
358 2872 403 2890 con
415 2860 493 2890 zmilis
507 2860 603 2890 littera
617 2863 758 2890 emanavit
767 2884 777 2898 ,
794 2863 898 2890 nomine
914 2862 991 2898 Regis
1006 2881 1015 2898 ,
1039 2857 1078 2894 &
1091 2858 1232 2888 Edwardi
1239 2857 1298 2901 filii

227 2895 287 2936 fici,
299 2898 357 2939 fine
370 2860 426 2939 istc
436 2901 573 2930 additione
582 2922 591 2938 ,
607 2900 639 2930 δε
656 2908 757 2938 pacem
771 2898 845 2930 illam
859 2899 997 2930 firmandi.

347 3033 396 3065 De
415 3033 562 3065 Eleffione
575 3030 708 3066 Abbatis
725 3033 828 3066 Sansti
845 3031 964 3066 Albani
976 3031 1191 3078 confirmanda.

85 3127 152 3159 Am,
174 3126 216 3158 D,
237 3119 433 3182 URbanus
446 3119 615 3159 Episcopus,
632 3121 724 3152 servus
738 3123 881 3153 semorum
895 3122 970 3162 Dei,
987 3121 1127 3153 carissimo
1141 3122 1170 3152 in
1183 3121 1301 3152 Christo

106 3167 188 3204 1263,
316 3159 374 3190 filio
388 3158 485 3202 nostro
614 3160 688 3201 Regi
708 3161 820 3200 Angliae
840 3161 955 3201 illustri,
971 3161 1085 3192 salutem
1104 3162 1138 3192 ὃς
1155 3160 1302 3198 Apostoli-

86 3209 137 3233 An.
146 3215 191 3241 47.
239 3209 303 3230 cam
315 3197 551 3241 benedic‘honem.

85 3248 121 3270 H.
143 3253 167 3277 ς.
278 3237 409 3267 Rationis
419 3236 508 3266 oculis
520 3243 656 3266 intuentes
668 3238 821 3269 commoda
833 3248 897 3278 quae
912 3261 922 3277 ,
946 3238 1108 3269 vacantibus
1122 3237 1254 3269 Ecclesiis
1268 3238 1302 3270 δε

87 3284 126 3307 Ex
141 3276 197 3308 Au-
243 3275 438 3313 Monasteffls,
455 3274 490 3304 de
508 3274 606 3304 salubri
618 3276 775 3312 provifione
789 3277 975 3316 proveniunt,
992 3276 1135 3307 reddimur
1149 3277 1236 3307 corde
1251 3277 1304 3307 sol-

85 3326 149 3355 μμ,
241 3314 309 3344 liciti
321 3322 369 3353 ut,
388 3315 462 3344 circa
475 3313 663 3351 provisionem
676 3315 835 3354 hujusmodi
852 3316 1009 3347 faciendam
1022 3339 1033 3355 ,
1053 3315 1204 3346 fmetuosae
1215 3323 1304 3347 atten-

240 3354 323 3382 tionis
337 3352 459 3383 studium
476 3352 616 3382 habeatur.

277 3391 350 3421 Sane
363 3390 542 3421 Monasterio
558 3390 655 3420 Sancti
672 3390 772 3422 Albani
821 3391 855 3422 ad
872 3391 1036 3424 Romanam
1055 3391 1209 3423 Ecclesiam
1223 3392 1304 3423 nullo

242 3429 339 3459 medio
351 3430 520 3467 pertinente,
539 3428 645 3459 ordinis
660 3429 755 3461 Sanffi
771 3414 929 3470 B'enediffi,
948 3431 1128 3462 Lincolnien.
1144 3431 1303 3462 Dioc.Ab-

242 3466 311 3496 batis
324 3470 460 3508 regimine
478 3467 616 3504 destitu03
632 3467 729 3499 dileeti
741 3468 790 3498 filii
896 3469 978 3500 Prior
990 3471 1024 3502 &
1039 3469 1208 3501 Conventus
1222 3469 1304 3510 ipsius

244 3502 426 3545 Monasterii,
439 3506 484 3537 die
502 3506 536 3537 ad
554 3506 715 3545 eligendum
731 3507 842 3548 praefixfi
856 3530 865 3545 ,
887 3511 994 3539 vocatis
1009 3509 1145 3540 omnibus
1157 3532 1167 3547 ,
1189 3510 1239 3547 qui
1253 3509 1303 3539 de-

243 3542 377 3584 buerunt,
393 3545 542 3576 voluerunt
555 3545 589 3575 &
609 3553 761 3584 potuerunt
779 3545 904 3576 comode
927 3546 1054 3578 interesse
1067 3570 1078 3586 ,
1102 3549 1305 3578 convenientes

243 3589 273 3622 in
293 3591 381 3612 unum
393 3606 402 3620 ,
424 3583 540 3623 Spiritus
554 3583 649 3614 Sancti
667 3584 754 3624 gratia
773 3584 903 3615 invocat&
950 3586 1087 3617 dilectum
1100 3585 1191 3616 filium
1206 3586 1303 3625 Roget

244 3626 317 3659 rium
339 3620 373 3649 de
389 3621 526 3653 Nortone
545 3622 688 3653 Abbatem
714 3623 795 3662 ipsius
815 3608 983 3654 Monasterii
997 3648 1007 3664 ‚
1032 3632 1101 3655 tunc
1122 3623 1304 3655 Monachum

244 3655 362 3698 ejusdem
370 3680 386 3701 ³.
394 3660 441 3698 qui
455 3661 490 3690 ab
502 3660 685 3692 adolescentia
700 3661 745 3692 sua
760 3662 789 3691 in
803 3671 840 3691 eo
854 3663 906 3692 fuit
925 3662 1097 3695 laudabiliter
1110 3663 1304 3702 conversatus,

244 3702 338 3736 virum
349 3704 444 3738 utique
455 3699 605 3736 providum
618 3700 652 3731 &
668 3699 836 3738 honestum,
851 3709 884 3730 ac
905 3702 934 3730 in
947 3702 1129 3739 spiritualibus
1144 3702 1177 3732 &
1193 3710 1305 3742 tempo-

246 3730 344 3760 ralibus
359 3736 590 3778 circumspectum
605 3761 615 3776 ,
638 3739 667 3769 in
687 3738 828 3770 Abbatem
847 3738 968 3777 ejusdcm
987 3739 1155 3772 Monasterii
1166 3741 1306 3772 canonice

246 3768 281 3799 ὃς
296 3771 472 3802 concorditer
484 3774 633 3813 elegerunt.

286 3805 452 3852 Praesentato
464 3811 646 3854 itaque-nobis
659 3816 693 3846 ὃς
709 3814 837 3846 fratribus
849 3815 951 3846 nostris
963 3816 1109 3848 electionis
1121 3816 1254 3856 decreto,
1271 3817 1306 3848 &

260 3845 408 3888 terentibus
423 3846 503 3888 diCtis
517 3849 613 3880 Priore
627 3853 660 3883 ὃς
673 3852 830 3883 Conventu
842 3854 983 3885 humiliter
1000 3865 1050 3893 per
1068 3854 1164 3885 sedem
1179 3854 1307 3894 Aposto-

259 3892 333 3926 icam
352 3882 519 3926 eledtionem
542 3887 701 3924 hujusmodi
729 3891 912 3931 confirmari,
936 3903 988 3923 nos
1008 3893 1180 3923 elestionem
1201 3892 1307 3933 ipsam,

248 3930 314 3965 quia
325 3930 482 3964 invenimus
495 3932 556 3952 eam
577 3928 715 3969 canonice
733 3929 902 3959 celebratam
913 3952 923 3967 ‚
948 3933 982 3962 &
996 3931 1032 3961 de
1044 3931 1202 3971 ydoneitate
1215 3930 1307 3969 perso-

249 3967 295 4000 nae
307 3958 386 3997 ipsius
401 3958 498 4004 eledh,
515 3962 728 4006 eit-testimoniis
742 3966 798 3996 fide
811 3967 979 4007 dignorum,
996 3970 1078 3999 nobis
1092 3970 1126 4000 &
1139 3969 1239 3999 eisdem
1253 3969 1307 3999 fra-

250 3996 335 4025 tribus
350 3997 431 4033 plene
445 3995 586 4042 constitit,
600 3999 771 4045 dehipsorum
786 4004 901 4034 fratrum
923 4006 1041 4036 consilio
1057 4007 1186 4038 duximus
1200 4006 1306 4038 confir-

251 4033 397 4084 rmndam3
415 4034 495 4069 firma
508 4044 647 4075 concepta
666 4038 768 4079 fiducia}
787 4042 865 4082 quod
885 4043 978 4076 eidem
991 4044 1184 4085 Monasterio,
1201 4054 1251 4085 per
1262 4046 1305 4085 ip-

708 134 1484 189 CONVENTIONES,
1540 135 1928 191 LITERAE,

1340 221 1394 265 sius
1406 220 1522 253 Abbatis
1535 224 1720 269 ministerium
1736 251 1746 267 ,
1772 228 1954 267 prosperitatis
1968 228 2001 260 ὃς
2019 228 2136 261 honoris
2147 252 2157 270 ,
2180 229 2250 263 Deo
2268 233 2408 274 propitio,
2426 227 2503 259 Assn·
2518 222 2563 263 D:

1340 260 1489 291 desiderata
1503 271 1672 301 proveniant
1683 268 1866 298 incrementa.
2447 267 2504 297 ¹2⁶

1364 298 1459 342 'Cum
1475 308 1585 340 autem,
1601 302 1639 334 fili
1651 304 1790 336 cariffime
1804 329 1814 345 ,
1839 306 1871 337 fit
1885 307 1989 345 pietatis
2001 315 2072 347 opus
2085 330 2096 347 ,
2119 306 2179 339 Dei
2196 307 2340 341 ministros
2358 310 2409 343 be-
2425 310 2489 335 ΗΜ·
2501 316 2527 345 3·
2557 300 2568 306 ⁴¹

1341 343 1430 385 nigrio
1443 338 1539 368 favore
1552 341 1697 389 prosequi,
1717 355 1750 375 ac
1765 354 1813 375 eos
1825 345 1916 375 verbis
1928 345 1962 376 &
1974 346 2122 386 operibus,
2141 357 2195 385 pro
2209 346 2299 387 Regis
2311 353 2409 382 aererni

1340 375 1445 423 gloria,
1462 386 1588 421 venerari
1604 402 1614 418 ,
1637 382 1819 413 Serenitatem
1839 383 1962 423 Regiam
1976 394 2009 415 ro
2029 394 2106 415 amus
2154 386 2189 417 δε
2206 385 2354 418 hortamur
2367 397 2410 420 at-

1340 422 1436 453 tente,
1452 423 1578 454 quatinus
1591 419 1713 450 eundem
1730 421 1874 452 Abbatem
1917 432 1986 453 cum
2046 408 2187 455 onaiierio
2202 424 2253 456 fibi
2271 427 2409 458 commisa

1338 451 1385 491 so,
1409 453 1530 494 habens,
1545 464 1598 494 pro
1609 458 1705 502 nostra
1719 461 1753 491 &
1767 445 1944 498 Apostosicae
1958 461 2026 492 sedis
2047 462 2200 494 reverentii
2211 486 2222 502 ,
2244 465 2408 505 propensius

1340 492 1576 523 commendatum
1592 496 1712 539 ,ypsum
1736 498 1829 538 Regio
1850 499 1947 530 favore
1966 500 2075 531 munias
2087 523 2098 540 ,
2120 501 2154 532 &
2193 504 2410 542 opportunitatis

1339 537 1486 575 tempore,
1503 540 1641 577 poteritiae
1654 544 1710 580 tuae
1730 537 1849 568 brachiis
1867 539 1964 569 tuearis
1979 550 1990 578 3
2012 540 2048 570 ita
2062 540 2144 579 quod
2164 524 2408 580 Magnificentiam

1340 575 1419 599 tuam
1431 569 1522 609 dignis
1533 571 1652 611 proinde
1663 584 1693 604 in
1709 574 1844 607 Domino
1857 576 1982 609 laudibus
1992 577 2239 609 commendemus.

1375 647 1443 695 Dat.
1458 651 1533 691 apud
1547 651 1665 698 Urbem
1676 663 1799 688 veterem
1808 681 1818 697 ‚
1836 660 1936 699 quinto
1950 659 1992 690 Id.
2015 659 2205 701 Septembris,
2223 658 2412 695 Pontifican‘is

1337 687 1427 719 nostri
1441 699 1518 721 anno
1531 698 1624 724 tertio.

1331 817 1383 868 ἃ
1392 824 1442 855 De
1459 825 1537 870 Rege
1556 823 1601 857 ad
1623 826 1972 924 ParliamentussnRegis
1990 835 2121 866 Franciae
2142 831 2225 880 apud
2244 834 2408 867 Bononiam
2426 832 2446 852 *
2462 834 2555 871 1·775·

1780 889 1836 924 pro
1853 891 1867 912 C
1895 892 1962 914 uro.

1336 955 1463 1017 REX
1481 963 1634 1008 omnibus,
1651 965 1712 996 &a
1729 966 1852 998 salutern.
2421 980 2490 1013 Am,
2514 983 2546 1016 D

1435 1000 1514 1032 Cum
1523 1001 1676 1046 ‚Dominus
1694 1004 1760 1035 Rex
1769 1006 1900 1050 ‚Franciae
1912 1032 1922 1046 ,
2010 1010 2146 1043 Nuncios
2159 1012 2220 1043 suos
2233 1011 2267 1044 &
2286 1012 2404 1050 litteras,
2445 1008 2516 1061 126'3
2547 1008 2556 1015 ’

1336 1048 1390 1069 nos
1402 1048 1542 1086 rogaverit
1556 1042 1633 1087 quod
1648 1041 1688 1088 ad*
1702 1042 1922 1076 Parharnentum
1949 1057 2035 1088 uum,
2052 1050 2127 1088 apud
2147 1050 2307 1082 Bononiam
2323 1049 2402 1088 supra
2418 1064 2472 1088 An.
2483 1046 2529 1097 47'

1336 1084 1414 1108 mare
1449 1089 1479 1109 in
1501 1080 1612 1112 instanti
1627 1081 1780 1121 Qimdena
1801 1083 1966 1116 Nativitatis
1985 1086 2074 1118 beatae
2095 1087 2199 1119 Mariae
2219 1089 2402 1126 accedamus,
2416 1103 2445 1126 H
2524 1084 2531 1090 ’

1336 1117 1371 1147 &
1387 1101 1535 1164 Nfagnates
1549 1119 1644 1161 Regni
1665 1120 1753 1151 nostri
1774 1124 1902 1167 corporis
1919 1123 2008 1154 nostri
2021 1125 2193 1158 debilitatem
2212 1127 2400 1166 advertentes,
2417 1108 2534 1175 Ρᾷῑῗζῃ,

1335 1156 1370 1186 &
1382 1155 1485 1187 statum
1496 1157 1671 1190 diversorum
1685 1168 1867 1200 negotiorum
1877 1185 1886 1200 ‚
1911 1172 1963 1193 nos
1979 1164 2013 1194 ὃς
2028 1163 2165 1204 Regnum
2184 1165 2314 1200 nostrum
2328 1175 2400 1196 con·
2414 1180 2449 1204 H.
2473 1187 2498 1214 3,

2112 1204 2234 1242 partibus
2246 1204 2400 1236 transmari-
2415 1224 2440 1242 n,
2457 1225 2482 1253 3,

1334 1195 1503 1239 tingentium
1513 1219 1523 1236 ,
1540 1198 1744 1230 considerantes
1757 1223 1768 1239 ,
1788 1210 1899 1232 moram
1916 1201 2043 1233 nostram
2062 1213 2092 1233 in

1334 1243 1377 1264 nis
1389 1235 1574 1275 longinquam
1587 1237 1754 1269 formident:

1368 1272 1405 1303 N
1406 1283 1454 1318 os,
1470 1284 1569 1306 eorum
1583 1277 1712 1316 petitioni
1727 1278 1762 1309 δε
1775 1278 1912 1310 voluntati
1925 1279 2076 1312 satisfacere
2089 1291 2158 1322 pero
2179 1290 2266 1313 rantes
2295 1282 2401 1313 eisdem

1333 1312 1510 1358 promisimus
1525 1314 1600 1359 bona
1614 1314 1672 1346 fide
1695 1315 1870 1354 (juramento
1886 1327 1937 1387 Ser
1959 1318 2123 1351 Galfridum
2175 1321 2258 1352 atelin
2271 1304 2403 1352 ²Militem

1332 1350 1462 1394 nostrum
1476 1362 1505 1382 in
1517 1363 1609 1384 anima
1630 1353 1725 1385 nostra
1746 1356 1871 1393 praestito
1907 1366 1923 1387 e
1944 1366 2087 1398 praecepto
2108 1359 2218 1398 nostro)
2238 1358 2315 1399 quod
2329 1359 2349 1390 si
2366 1359 2402 1390 ad

1331 1398 1340 1418 1
1361 1388 1420 1428 sum
1434 1389 1563 1431 Regem,
1582 1392 1869 1461 ficuffiiroponimus,
1886 1395 2019 1427 accedere
2039 1406 2092 1428 nos
2112 1399 2210 1429 contin
2231 1407 2275 1436 at,
2289 1408 2343 1429 nos
2359 1399 2402 1429 in-

1356 1438 1372 1458 a
1387 1428 1512 1474 Oitabas
1530 1430 1625 1475 Sandh
1680 1431 1790 1462 ichaelis
1801 1455 1810 1470 ,
1832 1435 1965 1473 proximo
1978 1435 2081 1467 futuras
2094 1459 2104 1474 ,
2130 1438 2213 1468 omni
2236 1447 2266 1468 us
2282 1438 2402 1477 negotiis

1331 1467 1519 1536 pgdaetermiffis
1531 1479 1562 1499 in
1575 1468 1708 1510 Angliam
1729 1479 1915 1510 revertemur,
1934 1472 2093 1506 infirmitate
2112 1476 2256 1507 dumtaxat
2270 1485 2330 1506 non
2346 1476 2402 1507 im-

1330 1515 1350 1543 p
1387 1515 1469 1537 iente.

1354 1543 1407 1589 ‘Et
1416 1545 1512 1590 quod,
1530 1547 1561 1576 in
1575 1548 1698 1585 partibus
1711 1548 1777 1587 illis,
1795 1558 1860 1590 erga
1874 1549 1965 1588 ipsum
1985 1549 2100 1591 Regem
2114 1576 2124 1591 ‚
2148 1553 2194 1583 vel
2213 1553 2319 1593 aliquos
2333 1552 2400 1584 alios

1331 1583 1418 1614 nichil
1432 1585 1583 1624 facremm,
1597 1596 1651 1618 nec
1699 1588 1880 1619 ocurabimus
1896 1588 1974 1627 quod
1988 1591 2096 1622 utilitati
2109 1590 2215 1621 nostrae
2225 1614 2236 1630 ,
2261 1592 2295 1623 &
2310 1591 2401 1623 haere-

1330 1621 1400 1692 dqu
1415 1623 1593 1694 nostrongcn,
1609 1636 1643 1658 ac
1692 1628 1757 1667 egni
1771 1626 1860 1658 nostri
1874 1637 1935 1658 non
1949 1637 2087 1668 congruat
2100 1630 2147 1662 vel
2157 1629 2271 1662 honori.

1381 1672 1401 1692 n
1415 1671 1512 1702 cujus,
1565 1673 1591 1694 c.

1369 1742 1459 1774 Teste
1471 1743 1555 1785 Rege
1568 1747 1643 1786 apud
1657 1746 1781 1778 Westm.
1798 1755 1832 1787 15
1846 1747 1893 1780 die
1907 1747 2087 1786 Septembris.

1562 1882 1611 1914 De
1631 1881 1751 1928 Treuga
1770 1890 1839 1912 cum
1856 1881 2007 1914 Lewelino
2016 1878 2163 1925 firmata.

1335 1965 1463 2022 REX
1482 1966 1630 2013 Lewelino
1644 1969 1703 2001 filio
1718 1969 1838 2001 Griffini
1850 1970 1972 2001 salutem.
2419 1969 2496 2002 Ann.
2512 1969 2554 2002 D.-

1433 2004 1583 2038 Noveritis
1617 2009 1675 2039 uod
1688 2019 1740 2039 nos
1751 2018 1804 2047 pro
1819 2010 1919 2053 nobis,
1933 2009 1966 2040 &
1980 2007 2083 2040 nostris
2094 2031 2105 2048 ‚
2130 2016 2255 2048 treugas,
2269 2016 2336 2053 quas
2349 2018 2402 2038 nu·
2440 2011 2524 2048 1263.

1348 2054 1383 2088 'er
1397 2054 1531 2090 ceperunt
1544 2046 1584 2077 R.
1650 2056 1739 2079 ventr.
1757 2047 1791 2078 &
1806 2047 2007 2079 Lichfeldensis
2023 2047 2193 2089 Episcopus,
2211 2046 2355 2091 Henricus
2369 2046 2403 2077 fi-
2418 2052 2468 2076 An.
2483 2058 2533 2084 47.

1345 2093 1386 2114 ius
1399 2083 1488 2124 Regis
1500 2084 1696 2126 Alemamstae,
1730 2086 1855 2117 ohannes
1869 2086 1977 2117 Comes
1989 2086 2163 2125 Warennae,
2181 2087 2215 2116 &
2229 2086 2343 2130 quidam
2358 2085 2403 2116 alii
2417 2091 2453 2114 H.
2476 2097 2502 2123 3.

1334 2123 1615 2193 iedtvpdlzitg‘l'ltzrstmb&
1630 2125 1688 2193 hobc
1723 2126 1844 2166 eputati,
1861 2126 1932 2156 inter
1945 2134 1998 2155 nos
2011 2125 2046 2156 &
2065 2134 2118 2155 vos
2129 2148 2139 2163 ,
2164 2124 2350 2155 concedimus
2369 2125 2404 2156 δι
2419 2130 2477 2154 Par.
2490 2133 2539 2161 47.

1385 2173 1394 2192 i
1460 2173 1488 2193 ii
1544 2173 1564 2193 o
1596 2173 1660 2195 erva
1682 2174 1768 2194 imus:

1371 2199 1412 2232 Ita
1425 2200 1553 2233 videlicet
1567 2202 1643 2242 quod
1664 2201 1796 2233 homines
1815 2201 1904 2233 nostri
2421 2168 2457 2193 H*
2467 2173 2552 2202 3‘”‘²‘

1915 2216 2260 2225 -————-—-·-—--
2274 2203 2390 2233 mittent

1337 2241 1370 2272 &
1384 2239 1472 2270 nostri
1486 2249 1555 2272 cum
1568 2240 1665 2271 vestris
1676 2241 1770 2272 eundo
1782 2241 1816 2272 ὅτ.
1831 2239 1982 2272 vendendo
1995 2250 2096 2270 ornnes
2109 2240 2307 2280 mercandisas,
2323 2225 2408 2281 usqug

1336 2279 1372 2310 ad
1385 2278 1501 2310 Festum
1517 2279 1614 2310 Sancti
1628 2279 1747 2310 Mai-tini
1759 2280 1891 2318 proximo
1904 2287 2072 2317 venturum,
2091 2279 2124 2310 &
2138 2280 2216 2319 quod
2230 2280 2310 2310 liceat
2323 2279 2408 2310 Gen-

1336 2318 1410 2350 tibus
1423 2319 1456 2349 &
1469 2317 1576 2349 Ballivo
1589 2317 1684 2349 Castri
1697 2318 1743 2350 del
1760 2318 1894 2358 Gannos,
1914 2317 2081 2349 victualibus
2095 2319 2207 2348 munire
2219 2341 2229 2357 ,
2246 2329 2306 2348 uno
2319 2318 2409 2348 barel-

1335 2357 1366 2388 lo
1381 2357 1415 2387 ad
1428 2356 1583 2387 duodecim
1597 2367 1707 2396 remos,
1722 2357 1768 2388 vel
1785 2358 1878 2388 minus
1895 2365 2032 2396 quantum
2053 2356 2165 2387 necesse
2179 2357 2280 2396 fuerit,
2298 2356 2409 2387 inhabi-

1337 2397 1458 2428 tantibus
1471 2394 1582 2426 dietum
1595 2394 1729 2426 Castrum
1742 2395 1826 2465 usgue
1837 2395 1871 2426 ad
1885 2396 2041 2426 terminum
2055 2394 2235 2433 praediCmm.

1372 2434 1407 2466 In
1420 2435 1513 2473 cujus,
1531 2434 1591 2465 &c.
1607 2433 1746 2465 duraturas
1790 2443 1845 2474 que
1853 2432 1970 2464 Festum
1980 2432 2077 2464 Sanffi
2093 2431 2212 2466 Martini
2227 2433 2407 2473 praedicmm.

1373 2515 1462 2548 Teste
1474 2515 1558 2556 Rege
1569 2516 1645 2555 apud
1657 2516 1785 2548 Westm.
1805 2515 1840 2547 18
1856 2514 1902 2546 die
1916 2514 2098 2556 Septembris.

1566 2653 1616 2685 De
1635 2650 1789 2685 Conduilu
1800 2662 1856 2699 pro
1871 2652 2003 2684 Nunciis
2019 2649 2178 2684 Lemelini.

1336 2741 1413 2803 N
1422 2738 1515 2770 Uncii
1528 2739 1669 2772 Lewelini
1682 2740 1730 2770 filii
1745 2738 1885 2784 Gri'ffini,
1912 2739 2055 2783 venientes
2068 2738 2103 2768 ad
2118 2737 2233 2783 Regem
2252 2738 2287 2768 ad
2301 2738 2404 2770 Parlia-
2427 2735 2504 2767 Asin.
2519 2735 2562 2767 D.

1422 2786 1553 2808 mentum
1588 2789 1604 2809 a
1618 2777 1702 2808 Festo
1717 2778 1812 2808 Sandti
1828 2775 1977 2807 Michaehs
1996 2787 2025 2806 m
2041 2785 2094 2808 tres
2106 2775 2284 2815 septimanaS,
2299 2777 2404 2810 habent
2449 2774 2534 2815 1263·

1336 2817 1438 2849 litteras
1451 2816 1541 2856 Regis
1553 2800 1589 2846 de
1604 2816 1750 2847 conductu
1765 2839 1775 2854 ,
1800 2815 1912 2851 eundo,
1930 2814 2179 2859 perhendinando,
2196 2815 2230 2846 &
2242 2815 2405 2856 redeundo,
2425 2817 2478 2841 An.
2494 2823 2543 2850 47-

1338 2857 1478 2888 duraturas
1491 2854 1578 2893 usque
1590 2854 1625 2886 ad
1637 2854 1755 2886 Festum
1767 2854 1863 2886 Sancti
1877 2852 2016 2894 Martini,
2032 2855 2062 2885 iri
2075 2862 2208 2894 proximo
2220 2854 2355 2887 futurum.
2423 2857 2518 2919 ssidffm

1371 2937 1462 2970 Teste
1475 2945 1506 2969 ut
1520 2935 1607 2976 supra.

1595 3072 1645 3106 De
1661 3068 1791 3115 custodia
1816 3073 1920 3118 magni
1939 3069 2042 3118 sigilli
2062 3071 2162 3117 Regis,

1343 3161 1626 3226 MEmorandum
1644 3159 1721 3201 quod
1740 3159 1774 3190 18
1794 3158 1839 3190 die
1859 3158 2031 3198 Septembris
2051 3159 2160 3191 receffit
2174 3158 2323 3191 Dominus
2342 3157 2408 3189 Rex
2428 3165 2505 3196 Ann,
2518 3165 2562 3197 D,

1429 3201 1465 3233 de
1479 3199 1604 3231 Westm.
1620 3199 1711 3232 versus
1733 3205 1820 3236 partes
1838 3199 2028 3231 transmarinas
2041 3221 2051 3236 ,
2075 3199 2110 3230 &
2131 3209 2178 3230 ma
2219 3207 2268 3228 um
2289 3197 2408 3237 sigillum
2449 3206 2522 3244 1263

1344 3242 1432 3281 Regis
1452 3239 1581 3270 remansit
1597 3239 1627 3269 in
1651 3237 1778 3281 custodia
1800 3236 1938 3268 Nicholai
1960 3237 2161 3282 Archidiacom'
2179 3207 2296 3267 {limfis
2309 3247 2325 3281 3-
2342 3236 2408 3280 qui,
2425 3247 2478 3271 Aa.
2494 3254 2542 3280 47,

1341 3280 1411 3310 dum
1434 3278 1501 3308 Rex
1519 3277 1615 3316 agebat
1633 3278 1663 3307 in
1686 3277 1805 3316 partibus
1824 3276 2006 3308 transmarinis
2020 3300 2030 3315 ,
2055 3276 2145 3308 mchil
2165 3275 2338 3314 consignaVit
2358 3274 2408 3305 nisi
2424 3286 2461 3308 H.
2479 3292 2507 3319 3,

1343 3318 1439 3350 brevia
1438 3316 1572 3387 &cursoria
1587 3338 1598 3354 ‚
1621 3316 1720 3356 quibus
1733 3315 1806 3346 testis
1819 3315 1872 3347 fuit
1885 3314 1927 3346 H.
1943 3315 1970 3347 le
1990 3314 2147 3356 Despenser
2155 3313 2328 3354 Justiciarius
2344 3312 2408 3344 An-
2425 3323 2541 3356 Fut-47·

1342 3358 1424 3398 gliae,
1472 3365 1498 3387 c.

2425 3362 2459 3386 H.
2472 3361 2562 3396 3.n.i.{

1344 3490 1372 3518 ²*
1397 3491 1447 3524 De
1457 3488 1635 3535 proteffione
1651 3498 1707 3535 pro
1726 3489 1880 3522 comitiva
1897 3491 1987 3536 Regis
2004 3491 2037 3522 in
2056 3489 2223 3522 franciam
2230 3483 2403 3534 profeCZuri.
2424 3493 2444 3513 ἢ*
2458 3495 2483 3522 1.
2496 3493 2560 3530 776.

1443 3578 1553 3609 Alter-us
1575 3577 1612 3609 de
1636 3577 1739 3618 Burges
1785 3577 2007 3610 Bartholomaeus
2023 3578 2050 3609 le
2071 3577 2095 3609 B
2113 3577 2171 3617 god
2184 3600 2196 3616 ‚
2219 3572 2355 3618 Radulfus
2369 3572 2405 3604 de
2425 3576 2502 3609 Ann.
2516 3575 2558 3607 D.

1445 3616 1575 3656 Gorgm,
1606 3617 1727 3648 ohannes
1740 3603 1775 3648 de
1790 3617 1930 3658 Valhbus,
1949 3617 2023 3648 Elias
2037 3617 2073 3661 de
2093 3587 2214 3657 Rabayn
2227 3636 2237 3652 ,
2262 3610 2406 3642 Ga-lfrldus
2452 3615 2539 3654 1264.

1343 3657 1380 3688 de
1392 3656 1481 3694 Percy
1497 3677 1506 3693 ,
1531 3656 1564 3686 &
1610 3656 1717 3688 adulfus
1734 3657 1771 3687 de
1788 3656 1920 3698 Bakepuz
1932 3679 1942 3696 ,
1967 3654 2173 3695 proficiscentes
2185 3660 2257 3684 scum
2269 3650 2352 3691 Rege
2370 3650 2406 3681 ad
2423 3655 2551 3691 An.48-=

1346 3703 1435 3734 partes
1448 3693 1651 3734 transmarinas,
1666 3696 1770 3726 habent
1781 3695 1879 3727 litteras
1889 3695 1926 3726 de
1937 3694 2115 3736 protectione
2129 3701 2196 3725 cum
2207 3688 2340 3733 clausula,
2354 3689 2407 3721 du·
2423 3698 2458 3722 Η.
2479 3702 2504 3730 3.

1344 3742 1445 3766 raturas
1458 3733 1592 3771 quamdiu
1606 3734 1710 3766 fuerint
1722 3735 1752 3765 in
1765 3735 1877 3767 servitio
1890 3734 1978 3774 Regis
1990 3735 2022 3765 in
2034 3734 2157 3774 partibus
2167 3727 2314 3770 praedldiis.
2425 3731 2509 3799 {³⁷22-
2523 3728 2559 3773 ά

1376 3813 1413 3847 .T
1413 3813 1471 3847 este
1483 3813 1566 3856 Rege
1577 3816 1650 3856 apud
1663 3815 1779 3850 Dovor.
1793 3816 1890 3854 primo
1901 3814 1945 3847 die
1953 3813 2086 3855 januarii.
2426 3781 2558 3885 ἕξις-ἕξ,

2344 4075 2349 4085 “
2356 4082 2411 4114 rr·
