2570 4261
573 147 700 187 ET
786 146 1101 189 ACTA
1185 146 1770 192 PUBLICA.

0 226 90 258 mn
147 228 186 259 Et
211 230 296 261 nicliil
319 231 428 268 penitus
442 256 450 269 ,
469 240 568 262 contra
589 231 740 269 praemiffi,
758 241 808 269 per
823 232 998 270 Episcopos,
1017 232 1168 269 Praelatos,

2 276 68 305 292.
111 266 259 307 Comites,
279 269 399 300 Baiones
414 271 446 301 ὃς
461 269 584 300 Nobiles
599 271 704 307 praeiati
720 270 816 306 Regni
828 271 934 301 Scotiie
949 272 1165 309 proposito,ex-

0 307 29 332 'v-
50 314 73 332 1-
111 305 220 344 liibito,
238 308 283 338 vel
296 307 425 345 ostenso,
444 308 521 346 quod
537 309 616 338 usum
637 309 670 338 &
690 309 853 338 exercitium
869 309 1062 349 superioritatis
1075 311 1107 341 &
1122 310 1166 339 di-

0 529 94 564 II-552.

0 3455 123 3495 Johannes

0 3498 89 3533 Comyn
94 3515 100 3521 .

0 3568 19 3588 *⁵
30 3570 135 3605 IL553.

48 3761 88 3785 M.

107 3758 134 3785 6.

112 345 181 373 recti
198 345 331 376 Dominii
345 346 433 376 nostri
446 347 559 376 differre
571 346 671 376 debeat
685 346 730 376 vel
745 346 867 376 auferre:

150 382 269 420 Propter
291 383 369 421 quod
392 385 474 414 vobis
489 407 498 421 ,
523 386 556 414 ὃς
572 383 782 414 Communitati
795 384 921 421 praedicti
935 385 1029 424 Regni
1043 385 1166 428 Scotiae,

114 421 148 451 δε
162 422 326 459 unicuique,
345 422 381 451 de
395 421 613 451 Communitate
623 421 738 459 eadem,
757 423 803 452 hic
818 422 961 461 existenti,
979 425 1024 453 die
1038 423 1166 453 hesterna

115 459 252 489 notificari
272 460 305 489 δε
325 459 487 489 denunciari
513 459 634 489 fecimus
647 483 658 499 ,
683 470 733 497 per
755 460 927 498 Episcopum
950 471 1140 492 memoratum
1157 485 1166 499 ,

114 497 193 534 quod
207 506 291 533 cum,
311 506 344 526 ex
360 506 435 534 parte
449 496 556 535 vestra,
575 505 621 527 aut
636 498 855 529 Communitatis
870 499 1007 537 ejusdem,
1026 500 1105 529 dieto
1119 499 1164 529 die

116 535 201 565 nichil
221 535 307 567 fuerit
324 536 500 574 propolitum
515 559 524 572 ,
548 536 704 565 exhibitum
718 558 728 573 ,
751 536 796 566 seu
812 536 972 575 ostensum,
991 539 1010 557 ’¹‘
1029 538 1107 575 quod
1126 539 1166 572 ius

115 576 149 604 ἃ
163 574 360 602 executionem
374 574 419 603 seu
435 575 599 603 exercitium
609 575 676 611 juris
691 573 883 611 superioritatis
897 599 906 612 ,
930 576 975 606 seu
986 576 1085 605 directi
1100 575 1165 605 Do-

114 612 195 678 niigii
216 610 304 641 nostri
324 611 452 648 praedic‘ti
463 634 474 651 ,
493 612 598 641 debeat
612 611 781 650 aliquatenus
796 614 948 653 impedire,
967 623 1014 644 aut
1025 615 1109 644 etiam
1120 624 1164 644 re—

114 659 155 680 tar
177 659 236 678 are:

150 687 315 717 Intentionis
328 688 430 718 nostrae
444 687 484 718 est
498 689 526 717 in
539 689 656 727 negotio
670 689 728 726 ipso
742 688 895 726 procedere
905 691 967 727 jure
983 691 1097 727 proprio
1107 713 1114 727 ,
1124 700 1165 719 rsi-

115 727 193 757 tione
207 726 399 763 superioritatis
414 726 514 756 directi
529 725 664 756 Doini'nii
678 726 766 756 nostri
781 751 790 764 ,
816 729 899 757 nobis
911 730 939 757 iri
956 729 1072 765 praefato
1087 728 1166 766 Reg-

117 775 158 794 no
179 764 282 794 Scotiae
304 766 491 801 competentis
505 786 515 802 ,
538 764 571 794 ad
594 765 864 803 congnoscendum,
888 766 1108 803 discutiendum,
1133 769 1167 796 ὃς

114 802 312 832 diffiniendum
334 801 370 832 de
387 803 450 840 jure
470 803 643 841 singulorum
658 825 668 841 ‚
687 804 735 841 qui
751 803 785 833 ad
800 803 936 842 Regnum
950 804 1116 842 praedictum
1125 806 1170 843 jus

116 841 167 870 sibi
183 840 333 871 vendicant
345 850 465 878 quoquo
479 841 577 871 modo.

155 915 264 954 Unde,
282 917 351 948 cum
366 916 490 948 Nobiles
505 917 580 956 Viri,

119 992 269 1023 Florentius
284 997 372 1022 Comes
386 993 558 1032 Hollandiae,

119 1031 251 1061 Robertus
264 1032 294 1061 de
310 1034 399 1070 Brus,
419 1034 549 1062 Dominus
561 1031 626 1062 Val-

157 1070 191 1099 lis
207 1070 367 1108 Anandiae,
692 1071 790 1110 sicum,

121 1107 263 1146 Johannes
277 1109 308 1137 a'e
322 1107 485 1148 Hastynges,
665 1109 796 1139 Robertus
809 1111 841 1139 de
857 1111 973 1150 Pinkeny
982 1131 992 1148 ,
1008 1108 1046 1144 (ly-

122 1149 258 1176 Patricius
285 1147 316 1176 de
339 1147 462 1177 Dombar
483 1151 575 1178 'Comes
596 1149 629 1178 de
666 1148 796 1177 Nicolaus
810 1149 842 1178 de
856 1148 962 1186 Soules,
981 1146 1018 1182 ὠ·
1033 1148 1143 1177 tandem

161 1184 308 1223 Manlau,
666 1185 811 1224 Johannes
826 1188 857 1217 a'e
871 1186 1005 1224 Balliolo,

124 1225 167 1253 W
164 1222 286 1253 illielmus
299 1223 330 1252 a'e
341 1226 408 1263 Ros,

665 997 707 1024 W
705 993 827 1025 illielmus
838 997 869 1025 de
878 995 951 1034 Vifiv
960 1004 1008 1035 per
1019 995 1170 1025 Wzlterum

701 1034 733 1063 de
760 1034 958 1064 Huntercmnbe
983 1038 1171 1063 Attornatum

159 1300 202 1330 Ex
223 1309 299 1338 parte
319 1297 414 1331 nostrii
435 1309 483 1338 per
496 1299 643 1341 praefatum
655 1300 829 1339 Episcopum
842 1302 999 1341 singillatim
1009 1301 1172 1340 interrogati

122 1338 235 1369 suilient
249 1364 258 1377 ,
277 1341 310 1370 δε
331 1339 488 1378 diligentius
501 1340 638 1377 requisiti,
656 1341 684 1369 in
699 1340 842 1377 praesentia
854 1340 1076 1378 Episcoporum,
1095 1339 1172 1369 Prae-

122 1378 244 1408 latorum
256 1402 266 1416 ,
293 1376 446 1408 Comitum
461 1401 471 1415 ,
498 1377 639 1407 Baronum
651 1402 661 1415 ,
687 1378 858 1416 Magnatum
873 1402 883 1415 ,
901 1380 934 1408 &
947 1378 1121 1415 Procerum,
1137 1388 1171 1407 ac

124 1415 348 1446 Coinmunitatis
361 1415 502 1454 utriusque
517 1415 612 1454 Rssni
625 1417 672 1446 hic
687 1417 882 1455 existentium,
899 1427 936 1446 an
947 1416 1025 1454 super
1037 1417 1173 1455 petitione

121 1455 166 1484 sua
175 1478 184 1491 ,
201 1453 236 1484 ad
251 1453 459 1485 succedendum
474 1455 502 1484 in
516 1454 635 1492 Regum
647 1454 752 1485 Scotiae
764 1464 971 1492 memoratum,
985 1455 1089 1484 vellent
1103 1464 1153 1484 nos
1162 1477 1172 1492 ,

123 1491 299 1523 Edwardum
313 1492 424 1531 Regem
439 1492 568 1531 Angliae,
584 1494 613 1522 in
627 1491 798 1530 superiorein
811 1494 844 1524 &
861 1493 999 1523 directum
1010 1492 1172 1523 Dominum

124 1530 221 1569 Regni
241 1530 346 1560 Scotiae
358 1531 611 1569 ‚recongnoscere?
638 1532 671 1562 &
684 1532 843 1562 concedere
858 1531 928 1562 stare
937 1532 994 1569 juri
1008 1541 1105 1560 coram
1120 1541 1172 1561 no-

124 1569 187 1599 bis?
205 1569 238 1599 &
254 1569 269 1598 3³.
281 1569 379 1606 nobis,
397 1570 430 1600 δε
444 1579 541 1599 coram
555 1569 637 1599 nobis
652 1578 762 1607 petere,
778 1570 945 1607 respondere
959 1592 969 1608 ,
985 1570 1018 1600 &
1033 1571 1174 1607 recipere,

124 1607 204 1645 super
218 1607 276 1637 hoc
287 1607 399 1645 justiti-„e
414 1608 682 1644 complementum?

163 1645 208 1675 Ac
229 1645 315 1677 iidem
336 1645 445 1676 Comes
466 1646 504 1676 R.
523 1645 559 1675 de
581 1645 665 1683 Erus,
683 1647 717 1677 δε
730 1647 824 1676 caeteri
836 1646 961 1677 Nobiles
975 1646 1123 1684 antedicti,
1144 1646 1177 1676 ὃς

127 1683 279 1715 novissime
293 1683 438 1721 johannes
451 1683 487 1713 de
500 1683 618 1714 Balliolo
641 1683 756 1714 finaliter
775 1687 809 1716 &
829 1685 968 1722 expresse,
987 1695 1085 1714 coram
1109 1684 1178 1722 Epi-

128 1723 235 1790 scogis,
253 1722 389 1760 praelatis,
409 1722 588 1759 Comitibus,
606 1721 817 1761 Baronibus,&
829 1724 886 1753 aliis
897 1723 1069 1761 Nobilibus,
1085 1733 1117 1753 ac
1132 1733 1177 1753 to-

127 1761 158 1795 ta
200 1762 387 1790 ommunitate
400 1759 552 1798 praedista,
569 1761 603 1791 &
617 1760 695 1790 nullo
709 1762 919 1792 contradicente
932 1761 977 1791 seu
993 1762 1176 1800 reclamante,

126 1798 334 1837 responderint,
351 1799 439 1836 perse
454 1798 570 1837 quilibet
581 1799 741 1837 separatim,
760 1799 838 1837 quod
851 1810 920 1837 nOS,
935 1799 1108 1830 Edwardum
1116 1800 1178 1830 Re-

126 1848 194 1877 gem
209 1837 336 1877 Angliae,
355 1839 384 1867 in
398 1837 567 1876 superiorem
583 1838 617 1868 &
630 1837 770 1868 directum
785 1838 951 1868 Dominum
964 1838 1059 1877 Regni
1072 1838 1177 1868 Scoti.e

126 1877 241 1914 publice
256 1876 499 1915 recongnoscunt:
519 1877 552 1907 &
565 1877 659 1913 aperte
675 1876 840 1910 concedunt
854 1875 925 1907 stare
943 1876 997 1913 iuri
1009 1887 1107 1907 coram
1123 1887 1177 1906 no-

127 1916 170 1945 bis
187 1915 266 1952 super
276 1916 338 1953 jure
352 1915 540 1953 successionis,
559 1914 638 1953 quod
653 1916 690 1945 eis
705 1915 739 1945 ad
754 1915 893 1953 Regnum
915 1915 1019 1946 Scotiae
1039 1916 1178 1952 competit

125 1964 248 1992 quoquo
269 1953 384 1992 modo,
409 1955 443 1986 ὃς
455 1955 541 1984 etiarn
553 1953 588 1983 ad
607 1953 776 1992 petendum,
794 1953 1038 1992 respondendum,
1056 1955 1089 1984 &
1104 1955 1175 1983 reci-

150 1992 265 2022 iendum
287 1993 302 2021 {1
323 1994 405 2023 nobis
419 2017 429 2031 ,
451 1993 484 2024 ὃς
507 2001 604 2023 coram
625 1994 706 2024 nobis
720 2017 730 2031 ,
756 1993 825 2024 licut
839 1994 854 2022 {1
867 1993 1005 2030 superiore
1019 1993 1052 2023 ὃς
1067 1991 1177 2022 direc‘to

162 2032 264 2061 omino
277 2030 373 2070 Regni
388 2031 509 2069 Scotiae,
528 2030 775 2068 complementum
785 2030 899 2070 justiti-ae
911 2032 940 2061 in
953 2031 1005 2061 hac
1018 2039 1103 2069 parte.

166 2069 259 2099 Vobis
273 2069 404 2100 univerfis
419 2071 452 2102 &
467 2069 594 2108 lingulis,
611 2069 647 2099 de
660 2079 780 2108 utroque
795 2070 901 2109 Regno
921 2070 970 2101 hic
983 2069 1179 2106 existentibus,

126 2107 307 2138 notificamus
321 2109 354 2139 δε
375 2108 513 2146 dicimus,
532 2106 611 2146 quod
623 2109 786 2139 'intentionis
806 2108 911 2138 nostrae
932 2108 993 2146 est,
1013 2117 1058 2146 ut,
1076 2107 1181 2137 discor-

127 2146 237 2176 diarum
250 2147 283 2177 &
298 2146 500 2177 diffensionum
512 2146 628 2176 sublatis.
636 2147 773 2184 materiis,
791 2147 1010 2185 tranquilitatem
1024 2147 1058 2177 &
1078 2155 1178 2183 pacem

128 2186 159 2215 in
172 2184 251 2214 dicio
266 2185 373 2224 Regno
386 2185 508 2222 Scotiae,
526 2186 560 2216 &
575 2185 646 2214 inter
666 2184 820 2224 regnicolas
840 2186 1004 2215 conservare
1019 2196 1025 2214 :
1051 2185 1126 2214 nulla
1137 2186 1180 2213 in-

129 2223 225 2253 debite
239 2224 269 2252 in
286 2224 345 2261 ipso
358 2224 465 2263 Regno
477 2223 555 2260 super
569 2223 691 2260 aliquem
707 2233 864 2261 occupare:
885 2223 985 2253 nullius
998 2222 1113 2253 differre
1123 2223 1181 2261 jus-

128 2263 236 2300 titiam,
253 2261 299 2292 seu
313 2262 374 2292 alias
388 2271 554 2301 prorogare:
575 2261 675 2291 nutlius
688 2261 847 2297 diminuere
858 2262 1013 2300 libertates,
1031 2271 1084 2292 nec
1099 2262 1184 2292 etiam

128 2300 283 2338 impedire:
303 2300 527 2331 nullumlaedere
541 2300 632 2330 minus
641 2299 918 2338 justezzunicuique,
937 2300 1006 2331 licut
1019 2300 1182 2340 superior&

130 2339 253 2369 directus
267 2338 429 2377 Dominus,
443 2341 486 2378 jus
500 2339 580 2369 suum
594 2339 730 2369 tribuere:
749 2339 823 2378 leges
838 2341 871 2370 ὃς
885 2338 1099 2369 consuetudines
1115 2338 1183 2368 dicti

128 2375 229 2414 Regni
243 2378 334 2407 bonas
344 2379 378 2409 &
397 2379 560 2421 approbatas
574 2376 666 2407 facere
679 2377 876 2407 inviolabiliter
890 2377 1044 2408 observari:
1061 2386 1094 2406 ac
1109 2385 1178 2414 ope-

132 2425 195 2446 ram
215 2415 347 2445 adhibere
364 2416 509 2446 sollicitam
521 2416 597 2445 circa
611 2424 659 2451 ea,
678 2425 742 2452 quae
754 2415 988 2445 reformationem
1002 2414 1088 2444 statsis
1101 2414 1183 2452 ipfius

132 2453 231 2493 Regni
241 2453 405 2492 respiciunt,
424 2455 456 2485 ὃς
472 2455 595 2491 quietem
609 2461 772 2490 perpetuam
785 2453 904 2490 partium
918 2452 1088 2483 eorundem:

169 2493 318 2529 Speramus
330 2493 409 2522 enim
423 2493 477 2530 fic,
495 2493 524 2522 in
543 2491 596 2521 hac
610 2500 706 2530 parte,
724 2501 792 2521 cum
804 2491 862 2521 Dei
874 2491 993 2528 auxilio,
1016 2490 1182 2528 providere,

132 2530 215 2568 quod
229 2529 312 2560 cedet
332 2530 367 2560 ad
389 2530 478 2561 divini
491 2530 617 2559 nominis
631 2529 760 2567 laudem,
779 2531 812 2561 ὅ(
826 2529 928 2560 statum
943 2528 1106 2569 prosperum
1121 2528 1182 2558 Re-

132 2570 223 2607 gionis
235 2568 375 2607 ejusdem,
392 2579 425 2599 ac
440 2570 524 2600 etiam
537 2567 572 2598 ad
586 2567 669 2598 dietae
683 2576 763 2598 terrae
784 2569 817 2599 ὃς
832 2568 987 2599 incolarum
1007 2567 1088 2605 ipsius
1101 2577 1184 2597 com-

132 2607 254 2638 modum
274 2606 448 2638 redundabit.

170 2645 209 2676 Et
223 2655 383 2683 quanquam
395 2645 523 2683 praedicffi
537 2645 632 2685 Regni
646 2645 751 2676 Scotiae
763 2646 887 2684 superior
900 2647 934 2677 &
947 2645 1069 2676 diretftus
1076 2644 1184 2675 Domi-

133 2694 186 2714 nus
198 2684 255 2714 ess'e
267 2685 433 2723 noscamur,
448 2686 481 2716 &
492 2685 536 2722 jus
552 2684 744 2724 superioritatis
760 2685 793 2715 &
807 2684 1049 2715 directiDominii
1061 2683 1183 2721 ejusdem

134 2722 247 2761 Regni,
265 2723 395 2753 executio
409 2724 454 2753 seu
470 2723 633 2753 exercitium
646 2722 715 2752 dieti
725 2723 793 2760 juris
809 2723 840 2752 sit
851 2722 999 2760 nostrum,
1019 2732 1079 2752 non
1092 2723 1185 2751 inten-

132 2761 242 2798 dimus,
260 2769 375 2798 propter
389 2761 463 2799 hoc,
482 2771 534 2791 nos
550 2761 566 2790 ὲ
577 2762 640 2799 jure
655 2760 849 2798 haereditario,
869 2761 946 2799 quod
968 2761 1049 2790 nobis
1063 2759 1098 2790 ad
1113 2770 1185 2797 prae-

133 2796 245 2830 diistum
269 2799 407 2838 Regnum
427 2800 533 2831 Scotiae
547 2823 557 2837 ,
582 2798 675 2837 quoad
696 2800 895 2839 proprietatem
917 2798 1013 2837 ipsius,
1030 2799 1186 2836 competit,

133 2837 299 2876 excludere,
318 2839 447 2876 quamvis
470 2847 582 2868 utamur
598 2838 661 2875 jure
678 2837 873 2875 superioritatis
893 2838 926 2868 ὅ(
940 2837 1037 2867 directi
1052 2837 1184 2867 Dominii

134 2876 206 2906 dicti
228 2876 344 2915 Regni,
370 2878 397 2906 in
418 2875 578 2906 exhibendo
595 2875 731 2914 justitiam
745 2877 852 2906 caetei‘is
869 2875 1082 2907 vendicantibus
1099 2875 1142 2913 jus
1155 2876 1185 2905 in

134 2914 242 2954 Regno
262 2914 390 2952 eodem,
415 2915 454 2944 set
471 2916 514 2953 jus
536 2914 683 2952 nostrum,
701 2923 831 2952 tanquam
847 2924 917 2944 unus
931 2916 1002 2945 inter
1016 2914 1083 2944 alios
1093 2915 1136 2952 jus
1151 2913 1185 2943 ad

134 2952 274 2991 Regnum
287 2953 466 2983 vendicantes
481 2952 667 2992 praedistum,
685 2953 758 2983 veile
772 2953 902 2991 prosequi
918 2977 927 2990 ,
948 2963 980 2982 ac
995 2954 1079 2982 etiam
1094 2952 1187 2983 decla-

136 3001 196 3059 Eare·
208 2992 273 3028 viis,
292 2990 402 3060 mogiis,
418 2992 452 3022 ὃς
465 2992 656 3030 temporibus,
675 2992 775 3029 quibus
789 2992 824 3022 de
831 3001 894 3030 jure
908 2991 1078 3029 debeamus,
1095 2991 1129 3022 ὃς
1144 2992 1187 3021 vi-

158 3039 259 3059 erimus
272 3038 341 3068 expe
373 3038 410 3059 re.

175 3106 240 3137 Hiis
250 3115 361 3146 autem,
379 3117 428 3145 per
441 3107 589 3145 praefatum
602 3107 766 3140 Dominum
781 3109 894 3140 Re-sem
908 3109 991 3140 dietis
1003 3133 1013 3147 ‚
1031 3110 1080 3147 &,
1097 3116 1129 3138 ut
1142 3116 1191 3138 ex-

160 3146 269 3176 rimitur
282 3170 292 3185 ,
308 3147 460 3185 peroratis,
474 3146 642 3184 supradictus
659 3146 802 3184 Johannes
817 3136 853 3178 d³e
868 3148 1003 3184 Balliolo,
1020 3148 1054 3177 ad
1067 3146 1189 3177 eundem

172 3185 304 3214 ominum
318 3184 432 3224 Regem
445 3184 598 3222 accedens,
615 3184 683 3214 dixit
698 3186 805 3225 eidem,
825 3186 905 3225 quod
919 3186 1009 3225 ipsum
1022 3187 1051 3215 in
1065 3186 1189 3223 superio—

139 3232 202 3253 rem
221 3224 255 3254 &
277 3223 417 3253 direffitum
437 3223 606 3265 Dominum.
618 3222 716 3259 Regni
727 3224 831 3255 Scoti.e
846 3225 960 3263 publice
975 3224 1188 3261 recongnoscit:

140 3262 175 3292 ὅ(
195 3262 290 3298 aperte
312 3261 445 3291 concedit
466 3260 536 3290 stare
553 3270 609 3299 Juri
628 3270 730 3290 coram
751 3272 787 3293 eo
803 3286 812 3302 ,
830 3264 909 3301 super
918 3264 981 3302 jure
995 3261 1191 3298 successioniS,

139 3299 221 3337 quod
235 3299 285 3329 sibi
298 3299 333 3331 ad
348 3299 484 3339 Regnum
499 3299 604 3330 Scotiae
623 3301 761 3336 competit
782 3302 1042 3340 qualitercumque,
1061 3302 1092 3331 &
1107 3301 1191 3330 etiam

141 3337 364 3376 adpetendum,
382 3336 608 3375 respondendum
622 3361 632 3375 ‚
651 3337 684 3367 &
703 3339 894 3378 recipiendum
915 3341 950 3371 ab
966 3350 1001 3370 eo
1016 3363 1024 3377 ‚
1045 3340 1077 3370 &
1092 3347 1191 3368 coram

143 3386 180 3407 eo
197 3398 206 3414 ,
227 3376 296 3406 sicut
316 3376 332 3405 a
353 3376 491 3413 superiore
514 3377 547 3406 &
567 3375 677 3406 dired‘m
697 3375 831 3407 Domino
850 3379 930 3416 iplius
949 3378 1044 3415 Regni
1069 3377 1190 3415 Scotiae,

144 3414 222 3454 quod
232 3415 299 3452 juris
313 3414 347 3444 &
358 3415 473 3444 rationis
486 3414 609 3444 fueritin
624 3414 677 3444 hac
690 3422 775 3451 parte.

182 3453 296 3483 Deinde
314 3452 459 3491 Johannes
473 3474 482 3490 ,
504 3452 594 3482 dietus
610 3455 723 3491 Comyn,
741 3451 886 3484 Dominus
901 3453 937 3485 de
952 3454 1141 3491 Badenough,
1159 3452 1193 3482 ad

144 3492 312 3531 praedicium
326 3490 491 3520 Dominum
503 3490 616 3529 Regem
626 3490 754 3528 accessit,
773 3492 806 3522 δε
821 3493 856 3522 ab
869 3503 905 3522 eo
920 3494 1017 3531 (quem
1030 3495 1059 3523 in
1072 3493 1193 3530 superio-

148 3541 209 3561 rem
225 3531 257 3562 &
272 3529 412 3560 chrestum
426 3528 589 3559 Dominum
605 3528 700 3568 Regni
712 3529 818 3560 Scotiae
832 3533 1029 3570 rccongnovit)
1046 3533 1113 3560 inter
1127 3530 1192 3560 alios

150 3571 169 3590 ²*
188 3569 215 3599 se
229 3568 390 3606 supplicavit
402 3566 511 3597 admitti
522 3568 552 3597 in
567 3568 701 3606 petitione
709 3568 790 3606 juris,
809 3569 887 3606 quod
901 3571 928 3599 in
944 3569 1116 3600 successione
1124 3569 1193 3598 dieti

150 3607 248 3645 Regni
261 3607 365 3637 Scotiae
376 3606 403 3635 se
418 3605 552 3636 afferebat
563 3605 678 3636 habere·
700 3615 759 3642 quo
773 3606 888 3644 quidem
909 3618 956 3646 per
975 3609 1063 3646 ipsum
1087 3608 1194 3638 Domi-

150 3657 221 3677 num
234 3646 347 3685 Regem
359 3644 394 3674 ad
409 3644 563 3681 petendum
575 3643 650 3674 admi
675 3653 709 3680 ο,
728 3653 794 3674 cum
807 3646 837 3674 in
857 3645 1029 3683 superiorem
1051 3647 1083 3677 δε
1103 3645 1194 3675 direc-

150 3693 213 3715 tum
226 3684 390 3714 Dominum
407 3682 503 3722 Regni
515 3682 619 3712 Scotiae
633 3681 745 3719 publice
761 3685 1018 3720 recongnoscebat:
1039 3686 1071 3715 δεῖ
1088 3693 1194 3714 conce-

150 3723 196 3753 bat
210 3724 321 3760 aperte,
340 3731 438 3751 coram
451 3721 600 3757 omnibus,
618 3721 651 3751 &
665 3719 744 3749 nullo
758 3721 970 3752 contradicente
984 3724 1029 3753 seu
1042 3723 1195 3752 reclaman-

151 3770 195 3798 te,
219 3762 291 3791 stare
306 3761 361 3798 juri
381 3769 479 3790 corani
497 3769 533 3788 co
554 3759 634 3796 super
652 3759 713 3796 jure
729 3757 906 3789 succeffionis
920 3784 930 3797 ,
948 3761 1026 3798 quod
1038 3761 1072 3791 ad
1085 3761 1195 3791 dic'tum

152 3798 286 3837 Regnum
300 3799 403 3829 Scotiae
419 3797 563 3834 vendicat,
581 3807 613 3826 ac
628 3798 712 3827 etiam
724 3795 758 3826 ad
772 3797 942 3836 petendum,
951 3799 1178 3836 respondendum
1187 3823 1196 3836 ,

152 3838 186 3867 &
207 3837 398 3874 recipiendum
420 3837 455 3866 ab
477 3845 513 3865 eo
533 3836 566 3866 δε
588 3845 687 3865 coram
706 3835 845 3876 6021lest
857 3836 873 3864 ἐι
886 3835 1026 3873 superiore
1041 3839 1073 3868 ὃ(
1087 3837 1197 3868 directo

152 3874 287 3904 Domino
303 3876 398 3915 Regni
411 3875 531 3911 Scotiae,
550 3873 627 3912 quod
638 3872 739 3911 justitia
750 3872 880 3904 madebit.

192 3912 254 3950 Qii
269 3913 382 3950 quidem
395 3922 518 3950 petentes
535 3912 613 3950 super
626 3912 842 3949 recongnitione
855 3911 1047 3951 superioritatis
1062 3915 1095 3945 &
1107 3914 1198 3944 direc-

152 3951 174 3981 ti
191 3949 338 3989 Dominii,
356 3951 436 3981 dicto
448 3951 582 3981 Domino
598 3950 672 3989 Regi
686 3949 798 3986 Angliae
811 3948 847 3978 de
859 3949 997 3987 praedieto
1012 3952 1119 3991 Regno
1127 3953 1200 3983 Sco-

155 3990 202 4019 tiae
217 3987 325 4026 debiti,
349 3989 476 4020 fecerunt
495 3989 554 4019 fieri
573 3990 671 4024 litteras
694 3987 750 4017 suns
771 3997 894 4024 patentes
913 3989 1056 4022 confectas
1069 3991 1198 4022 sermone

156 4025 286 4063 Gallico,
304 4026 424 4056 formam
441 4038 503 4066 quae
517 4028 637 4067 sequitui·
651 4027 836 4058 continentes.

195 4067 266 4094 Tom.
286 4067 310 4095 I.
330 4066 362 4095 P.
380 4068 438 4095 111.

2199 166 2256 208 97

1244 231 1272 261 A
1284 237 1364 270 tous,
1383 233 1431 270 qui
1446 233 1521 263 ceste
1536 235 1613 265 lettre
1627 245 1744 267 verront
1757 245 1796 266 ou
1809 242 1916 268 orronti

1242 305 1348 335 Florem
1364 312 1452 337 Comte
1466 310 1497 337 de
1511 310 1662 349 Hollarzde,

1241 345 1339 373 Robert
1354 348 1385 375 de
1400 350 1487 383 Erus,
1507 351 1630 384 Seigneur
1643 351 1677 378 du
1695 348 1748 377 Val
1759 350 1791 378 de
1806 352 1930 389 Anand,

1239 382 1337 426 Johan
1351 385 1381 412 de
1396 384 1495 413 Varislol
1507 389 1629 421 Sez‘gneur
1645 389 1676 416 de
1691 391 1822 427 (iavaeye,

1239 420 1338 458 johan
1354 423 1385 450 de
1396 422 1498 462 Hastyg
1511 434 1523 451 s
1539 428 1661 460 Seigneur
1677 426 1708 454 de
1725 428 1894 466 Bergeveny,

1243 459 1342 496 Johan
1357 464 1453 499 Conigyn
1469 465 1578 497 seignur
1594 464 1625 491 de
1642 463 1811 499 Baa'enaugh.

1243 497 1343 526 Patrttk
1357 499 1388 526 de
1405 499 1526 527 Dombar
1540 504 1622 529 Come
1636 502 1667 530 de
1680 499 1708 529 la
1725 501 1857 539 Marem,

1243 534 1342 572 Julian
1357 537 1388 565 de
1402 538 1475 576 Vescy
1481 545 1530 574 por
1538 537 1588 575 son
1601 541 1685 576 Pere,

1243 573 1371 602 Nicolaus
1382 575 1413 603 de
1425 575 1512 604 Soules
1520 599 1529 613 ,
1548 587 1562 605 e

1245 611 1390 641 Guilli‘ame
1403 614 1437 641 du
1451 616 1519 651 Ros,

1245 650 1330 679 Saluz
1345 660 1381 679 en
1397 650 1498 690 Deeu,

1248 723 1345 754 Come
1360 736 1431 756 nous
1446 727 1613 758 entendoms
1626 728 1706 757 avoir
1719 727 1791 758 dreit
1803 738 1838 758 en
1852 728 1981 760 Reaume
1994 730 2029 761 de
2044 731 2165 769 Escoce,
2184 745 2200 765 e
2212 735 2256 766 cel

1212 761 1284 792 dreit
1301 763 1455 802 moustrer,
1473 766 1636 804 chalenger,
1655 776 1670 795 e
1690 776 1798 796 averret
1818 767 1920 798 devant
1934 769 2022 807 celui,
2040 772 2068 808 qi
2081 771 2141 810 plus
2155 773 2190 802 de
2204 784 2256 811 po⁴

1213 810 1263 831 ver
1267 823 1279 844 2
1295 802 1465 838 jurisdiction
1480 814 1496 833 e
1510 803 1607 834 Reson
1621 804 1681 833 eust
1695 803 1731 833 de
1744 805 1808 835 trier
1822 806 1916 836 nostre
1929 806 2016 845 dreit,

1254 839 1279 868 h
1299 840 1325 869 le
1346 841 1432 870 noble
1453 841 1554 872 Prince
1569 865 1578 879 ,
1604 841 1664 871 Sire
1682 841 1801 872 Edward
1815 866 1824 881 ,
1848 854 1896 883 par
1910 845 1934 873 la
1945 855 2026 884 grace
2039 846 2075 876 de
2089 846 2173 885 Deu,
2192 848 2257 888 Rey

1216 876 1234 906 d
1244 876 1405 916 Lngleterre
1417 902 1426 916 ,
1452 889 1523 909 nous
1544 881 1580 909 eit
1598 881 1740 909 enformes
1754 903 1762 917 ,
1780 891 1826 917 pai·
1839 882 1927 912 bones
1941 894 1956 913 e
1970 883 2116 915 suffisantes
2130 886 2238 917 Resons
2247 909 2258 925 ‚

1216 926 1271 952 que
1287 926 1302 945 a
1317 916 1354 945 lui
1373 925 1469 954 apent,
1496 919 1603 948 ezavoir
1617 917 1653 947 de
1674 918 1698 946 la
1718 918 1877 957 soveraigne
1899 920 2040 960 Scignurie
2061 923 2140 954 dudit
2162 925 2258 955 Reau-

1212 963 1270 1021 gne.
1279 953 1315 983 de
1333 953 1441 984 Escoce
1455 977 1465 992 ,
1486 966 1502 985 e
1520 956 1545 985 la
1564 956 1748 986 conoiffance
1766 956 1802 986 de
1822 959 1879 996 oir,
1898 960 1961 989 trier
1977 970 1993 989 e
2016 963 2149 992 terminer
2161 963 2259 994 nostre

1234 1001 1299 1021 reit:

1252 1029 1340 1071 Nous
1354 1053 1364 1068 ,
1389 1030 1425 1059 de
1444 1030 1539 1060 nostre
1559 1041 1660 1068 propre
1675 1032 1789 1062 volente
1798 1033 1856 1062 sans
1869 1034 1935 1064 nule
1950 1045 2062 1066 manere
2079 1037 2114 1067 de
2129 1038 2209 1069 force
2221 1049 2260 1069 ou

1215 1067 1347 1097 destresse
1357 1092 1366 1105 ,
1391 1068 1506 1098 voloms
1519 1092 1529 1106 ,
1555 1071 1673 1099 otrioms
1693 1072 1710 1099 e
1723 1079 1866 1108 gratitoms
1887 1072 1923 1102 de
1937 1076 2063 1104 recevoir
2077 1075 2146 1106 dreit
2159 1077 2261 1108 devant

1215 1107 1271 1143 lui,
1287 1116 1372 1136 come
1384 1107 1506 1136 soverain
1521 1105 1655 1145 Seigneur
1669 1107 1705 1137 de
1719 1109 1744 1138 la
1757 1110 1845 1138 tierre.

1253 1144 1277 1174 E
1291 1145 1403 1175 volor.is
1415 1147 1442 1183 ja
1455 1145 1480 1174 lc
1492 1155 1597 1182 mcms,
1616 1156 1631 1174 e
1646 1155 1833 1182 promettoms
1850 1158 1904 1184 que
1918 1158 1989 1178 nous
2003 1159 2147 1189 averomS,
2169 1163 2184 1182 e
2199 1162 2261 1183 ten*

1215 1182 1312 1212 droms
1332 1183 1403 1212 ferm
1425 1193 1440 1212 e
1458 1183 1563 1213 estable
1580 1184 1630 1213 son
1647 1184 1686 1214 fet
1699 1197 1709 1222 3
1737 1196 1752 1214 e
1767 1195 1803 1223 qe
1817 1186 1888 1216 celui
1902 1196 2062 1224 eiiipoi·tera
2076 1189 2102 1218 le
2116 1189 2262 1229 Reaumc,

1214 1232 1229 1251 a
1244 1231 1271 1258 qi
1285 1221 1356 1251 dreit
1369 1219 1395 1250 le
1406 1221 1487 1251 dorra
1501 1221 1602 1251 devant
1616 1222 1665 1251 lui.

1232 1259 1297 1327 sEn
1316 1260 1490 1299 tesmoingne
1511 1260 1546 1290 de
1565 1259 1640 1290 ceste
1654 1261 1738 1292 chose
1754 1272 1824 1292 nous
1838 1272 1936 1293 avoms
1951 1264 2003 1293 niis
2017 1272 2076 1294 noz
2091 1264 2162 1295 seaiz
2176 1276 2191 1295 a
2204 1267 2264 1297 cest

1214 1308 1230 1328 e
1241 1305 1302 1328 crit.

1253 1373 1304 1405 Fet
1317 1385 1332 1405 e
1347 1375 1422 1406 done
1436 1385 1450 1405 a
1463 1373 1617 1419 Norbam,
1636 1375 1661 1406 Ie
1677 1376 1782 1414 lXslsirdy
1796 1378 1911 1414 procein
1925 1388 2001 1417 apres
2014 1378 2038 1409 la
2052 1378 2221 1419 Ascension,
2238 1381 2265 1412 le

1216 1424 1252 1444 an
1267 1415 1302 1444 de
1318 1414 1414 1444 Grace
1429 1414 1478 1444 mil
1491 1424 1507 1444 e
1519 1415 1586 1445 deus
1600 1424 1666 1445 cent
1679 1425 1804 1446 nonante
1817 1419 1982 1453 premerem.

1254 1490 1447 1521 Postmodum
1469 1492 1550 1559 idgitur
1571 1490 1699 1529 praesatus
1722 1491 1868 1522 Dominus
1882 1491 1964 1531 Rex,
1982 1493 2141 1528 diligentius
2153 1496 2267 1527 investi⁴

1218 1538 1285 1569 gans
1301 1531 1356 1560 vias
1372 1532 1404 1561 &
1417 1540 1468 1559 mo
1489 1540 1537 1567 os,
1556 1540 1605 1567 per
1621 1540 1702 1569 quas,
1722 1531 1795 1560 circa
1809 1530 1963 1569 praemiffa,
1981 1533 2014 1562 ad
2032 1529 2266 1566 reformationem

1221 1568 1306 1598 statiis
1327 1568 1425 1607 Regni
1442 1568 1548 1598 Scotiae
1568 1568 1725 1606 antedicti,
1751 1568 1823 1599 foret
1845 1570 1936 1600 utilius
1951 1572 2183 1610 procedendum,
2202 1573 2266 1613 post

1220 1616 1315 1637 motus
1333 1609 1424 1637 varios
1437 1629 1446 1644 ,
1470 1607 1503 1637 &
1523 1606 1644 1637 diversos
1662 1606 1801 1636 sermones
1817 1630 1825 1643 ,
1851 1608 1959 1638 habitos
1973 1610 2044 1639 inter
2058 1611 2145 1648 ipsum
2160 1611 2268 1642 Domi->

1220 1655 1290 1675 num
1305 1644 1418 1681 Regem
1432 1645 1556 1684 Angliae,
1574 1646 1606 1675 ὃς
1621 1644 1792 1683 Episcopos,
1810 1646 1842 1675 &
1856 1646 1987 1676 Pur-latos
2001 1648 2079 1685 ipsius
2093 1649 2269 1686 Reznisco-

1220 1685 1285 1722 tiae,
1304 1693 1337 1713 ac
1358 1683 1481 1713 Nobiles
1500 1692 1669 1724 praenotatos
1681 1707 1690 1721 ‚
1707 1684 1751 1721 jus
1772 1685 1806 1714 ad
1818 1684 1893 1714 idem
1907 1684 2058 1725 Regnum,
2077 1697 2106 1717 ut
2117 1682 2269 1726 supradici-

1220 1731 1280 1760 tur,
1298 1721 1490 1759 vendicantes,

1257 1760 1391 1790 Tandem
1405 1759 1570 1790 consensum
1585 1760 1674 1790 extitit
1687 1761 1855 1791 unanimiter
1864 1784 1873 1799 ,
1891 1763 2073 1792 concorditer
2087 1765 2121 1794 &
2135 1775 2270 1796 commu-

1220 1800 1305 1837 niter,
1324 1799 1401 1829 nullo
1413 1799 1640 1836 contradicente,
1659 1799 1692 1828 &
1706 1799 1742 1828 de
1756 1800 1899 1830 voluntate
1913 1803 2063 1831 communi
2077 1805 2210 1833 omnium
2221 1814 2269 1834 or-

1219 1838 1345 1868 dinatum
1358 1861 1368 1875 ,
1392 1836 1470 1874 quod
1491 1836 1615 1867 Domini
1630 1837 1773 1874 johannes
1793 1837 1829 1868 de
1849 1838 1965 1869 Balliolo
1980 1863 1989 1877 ,
2007 1839 2195 1878 &johannes
2207 1842 2271 1872 Co-

1221 1886 1307 1914 myn,
1325 1886 1378 1916 pro
1393 1877 1419 1906 se
1432 1876 1465 1906 &
1480 1876 1536 1905 aliis
1551 1876 1724 1913 petentibus,
1740 1876 1787 1913 qui
1798 1878 1988 1907 nominationi
2009 1878 2144 1909 faciendae
2158 1890 2207 1918 per
2221 1889 2271 1910 eos

1221 1915 1413 1952 consentient,
1433 1915 1532 1952 eligant
1546 1913 1723 1952 quadraginta
1737 1915 1810 1944 viros
1820 1915 1950 1945 discretos
1963 1917 1996 1946 &
2011 1916 2104 1947 fideles
2117 1941 2126 1955 ,
2153 1929 2223 1956 quos
2237 1918 2272 1949 ad

1221 1954 1278 1983 hoc
1298 1952 1416 1983 idoneos
1434 1952 1563 1982 senserint
1579 1962 1584 1981 :
1605 1952 1638 1982 &
1653 1953 1799 1983 Dominus
1814 1953 1958 1984 Robertus
1973 1954 2010 1984 de
2024 1954 2108 1994 Brus,
2127 1966 2179 1996 pro
2193 1957 2220 1987 se
2235 1957 2270 1988 &

1222 1993 1328 2022 caeteris
1350 1991 1505 2028 petentibus
1520 2014 1530 2028 ,
1553 1990 1674 2021 similiter
1691 1991 1742 2058 gui
1767 1993 1956 2027 nominationi
1982 1993 2116 2025 faciendae
2135 2005 2184 2032 per
2202 2005 2270 2026 eum

1222 2030 1396 2060 consentient
1413 2052 1422 2066 ,
1445 2028 1528 2068 eligat
1547 2028 1615 2058 alios
1636 2039 1689 2066 qua
1712 2029 1830 2068 raginta,
1847 2040 1969 2067 quorum
1983 2033 2099 2062 nomina
2113 2033 2147 2063 ad
2162 2035 2271 2064 tertiam

1222 2069 1298 2098 diem
1317 2068 1478 2106 sequentem
1491 2091 1500 2105 ,
1525 2067 1644 2105 scilicet,
1665 2068 1791 2105 quintam
1806 2069 2009 2107 menlisJuiiii,
2025 2071 2041 2099 a
2054 2070 2136 2101 dietis
2150 2073 2272 2109 partibus

1222 2107 1302 2137 disto
1316 2106 1449 2136 Domino
1462 2105 1539 2144 Regi
1552 2105 1693 2136 tradentur
1707 2106 1737 2135 in
1751 2105 1868 2143 scriptis:
1890 2106 2034 2138 Dominus
2054 2112 2125 2140 vero
2140 2110 2204 2141 Rex
2219 2110 2274 2141 sta-

1222 2154 1282 2176 tuet
1297 2146 1330 2176 &
1343 2142 1489 2184 affignabit
1499 2144 1597 2183 viginti
1612 2152 1730 2183 quatuor
1739 2145 1813 2175 viros
1827 2145 1934 2183 plures,
1951 2155 1997 2177 aut
2012 2149 2171 2187 pauciores,
2189 2158 2275 2187 prout

1224 2184 1273 2214 sibi
1288 2183 1446 2222 videbitur,

1265 2222 1327 2261 Qii
1339 2232 1454 2260 omneS,
1472 2220 1641 2261 assignati&
1653 2222 1809 2260 nominati,
1828 2224 1990 2262 congregati
2002 2225 2031 2253 in
2042 2233 2147 2263 unum,
2164 2226 2194 2255 in
2207 2225 2276 2257 loco

1226 2262 1260 2293 &
1281 2262 1406 2291 termino
1425 2270 1474 2300 per
1493 2260 1660 2298 praedictum
1675 2259 1840 2290 Dominum
1854 2261 1971 2298 Regem
1987 2261 2151 2301 statuendis,
2169 2264 2204 2294 de
2215 2266 2276 2301 jure

1226 2300 1370 2337 cujussibet
1383 2298 1584 2338 praedictorum
1591 2298 1762 2336 Nobilium,
1775 2299 1819 2335 jus
1833 2300 1862 2329 in
1877 2299 2050 2331 successione
2061 2303 2276 2343 praedich'Reg-

1227 2340 1256 2369 ni
1279 2338 1383 2368 Scotiae
1405 2337 1618 2369 vendicantium
1633 2360 1642 2376 ,
1666 2337 1838 2375 cognoscant
1856 2338 1889 2368 &
1902 2337 2063 2378 discutiant,
2081 2349 2165 2378 prout
2177 2343 2277 2372 rationi

1227 2378 1261 2408 &
1271 2377 1326 2415 juri
1339 2376 1430 2407 visum
1446 2376 1530 2406 fuerit
1543 2377 1628 2414 magis
1643 2377 1830 2406 conveniens:
1850 2375 1887 2405 Et
1900 2398 1910 2412 ,
1927 2376 2004 2414 quod
2018 2377 2097 2415 super
2111 2379 2162 2408 hiis
2176 2381 2276 2410 inven-

1227 2424 1290 2445 tum
1304 2415 1403 2452 fuerit,
1421 2414 1538 2444 fideliter
1552 2416 1669 2444 referant
1681 2413 1798 2451 praefato
1813 2413 1945 2444 Domino
1959 2414 2053 2453 Regi,
2071 2416 2104 2446 ad
2120 2427 2204 2454 quem
2213 2427 2276 2455 per-

1226 2455 1296 2483 tinet
1310 2454 1456 2492 negotium
1470 2451 1604 2483 diffinire:
1623 2453 1656 2483 &
1670 2451 1724 2489 ipse
1741 2451 1808 2481 illud
1820 2451 1972 2482 secundum
1988 2452 2087 2484 Deum
2101 2456 2134 2485 ὃς
2141 2455 2276 2493 justitiam

1226 2491 1342 2521 finaliter
1361 2491 1548 2529 terminabit,
1573 2489 1708 2521 reservata
1727 2489 1835 2528 semper
1855 2490 1945 2520 eidem
1958 2490 2091 2522 Dom'mo
2104 2492 2195 2532 Regi,
2213 2494 2276 2531 plu-

1228 2540 1269 2559 res
1288 2529 1409 2598 asidendi
1428 2529 1465 2559 de
1483 2528 1533 2558 suis
1548 2553 1558 2567 ,
1583 2531 1617 2560 &
1638 2528 1811 2558 diminuendi
1826 2528 1862 2558 de
1876 2530 1930 2567 eis,
1950 2539 2004 2567 pro
2018 2530 2066 2560 suo
2080 2531 2175 2570 libito,
2190 2531 2276 2563 libera

1248 2578 1295 2598 ote
1321 2577 1372 2598 ate.

1228 2579 1246 2606 P
1266 2607 1296 2636 Si
1310 2609 1382 2636 vero
1396 2605 1534 2644 aliquem,
1552 2605 1597 2636 vel
1611 2604 1734 2643 aliquos,
1752 2604 1788 2634 de
1801 2604 1881 2634 dietis
1897 2605 2016 2642 personis
2030 2631 2040 2644 ,
2058 2607 2094 2637 fic
2109 2609 2277 2647 nominatis,

1228 2655 1277 2683 per
1298 2644 1486 2676 infirmitatem
1501 2667 1510 2682 ,
1535 2644 1580 2674 seu
1606 2643 1679 2673 aliud
1699 2643 1935 2681 impedimentum
1954 2644 2111 2683 legitimum
2127 2670 2136 2685 ,
2157 2646 2273 2678 detineri

1229 2685 1394 2722 contingat,
1419 2682 1578 2716 ordinatum
1595 2681 1636 2712 est
1650 2684 1682 2712 &
1697 2681 1860 2711 consensum
1874 2681 1953 2719 quod
1968 2685 2047 2722 alius,
2066 2685 2111 2716 vel
2126 2685 2186 2724 alii,
2204 2686 2273 2717 loco

1228 2724 1298 2754 illius
1332 2723 1377 2752 seu
1390 2721 1518 2758 illorum,
1535 2720 1659 2757 valeant,
1678 2719 1723 2750 seu
1738 2720 1826 2750 valeat
1840 2720 1991 2757 subrogari.

1269 2761 1287 2780 ᾗ
1305 2746 1346 2791 ’Et
1359 2759 1402 2790 isti
1415 2759 1516 2790 modus
1529 2760 1562 2790 &
1577 2758 1718 2795 forma,in
1733 2758 1869 2796 praedietis
1883 2759 1933 2788 suis
1947 2759 2204 2798 articulis,praef.ito
2212 2762 2279 2794 Do-

1229 2800 1309 2829 mino
1325 2799 1419 2838 Regi,
1436 2798 1593 2836 petentibus
1613 2797 1746 2827 omnibus
1769 2798 1800 2827 &
1816 2796 1939 2835 lingulis,
1956 2796 2118 2837 Epilcopis,
2138 2799 2275 2840 PraelatiS‚

1229 2837 1392 2867 Comitibus
1407 2861 1415 2875 ,
1441 2836 1594 2866 Baronibus
1607 2859 1618 2873 ,
1635 2836 1795 2873 caeterisque
1809 2835 1980 2873 Nobilibus,
1999 2846 2111 2867 necnon
2123 2838 2156 2868 &
2171 2838 2278 2870 Custo-

1230 2876 1311 2906 dibus
1330 2875 1399 2906 dieti
1414 2874 1509 2914 Regni
1531 2874 1652 2911 Scotiae,
1671 2875 1847 2912 placuerunt,
1865 2875 1914 2911 &,
1934 2875 2097 2904 consensum
2113 2876 2215 2906 eisdem
2231 2887 2278 2908 ex-

1230 2913 1355 2954 pressum
1368 2914 1522 2951 praebentes
1531 2937 1540 2951 ,
1559 2912 1629 2950 ipsos
1642 2921 1872 2950 acceptaverunt,
1889 2912 2067 2943 laudaverunt
2079 2938 2088 2951 ,
2107 2915 2139 2945 &
2153 2925 2277 2947 concor-

1230 2953 1302 2983 diter
1317 2952 1514 2990 approbarunt.

1270 3030 1378 3061 ACmm
1392 3053 1401 3066 ,
1424 3037 1499 3058 anno
1521 3037 1579 3064 quo
1599 3027 1676 3064 supra
1723 3028 1751 3057 iii
1773 3027 1922 3065 parochiali
1944 3026 2067 3069 Ecclesia
2080 3027 2116 3058 de
2129 3028 2282 3069 Norbani,

1233 3067 1420 3100 Duiielmensi
1433 3066 1568 3104 Dioceli,
1586 3067 1666 3096 tertia
1679 3051 1725 3096 die
1736 3066 1854 3097 intrante
1870 3065 2007 3104 praedicto
2019 3067 2228 3107 menseJunio,

1271 3143 1455 3176 Praesentibus
1462 3168 1472 3182 ,

1234 3220 1359 3261 Praefato
1374 3224 1488 3251 Domino
1500 3223 1585 3256 Rege:
1604 3228 1636 3247 ac

1234 3259 1433 3290 Venerabilibus
1453 3260 1579 3288 Patribus
1600 3259 1740 3294 Dominis,

1273 3298 1407 3337 Johanne
1415 3323 1423 3336 ,
1432 3301 1484 3326 Dei
1496 3295 1591 3334 gratu}
1598 3318 1609 3334 ,
1623 3295 1741 3324 Archie-

1264 3338 1365 3376 pisc'opo
1375 3340 1402 3367 E
1405 3335 1532 3375 baracensi
1540 3357 1548 3372 ,
1556 3333 1668 3371 Angliae
1677 3336 1741 3363 Pri-

1273 3383 1346 3405 mate

1236 3399 1538 3452 Roberto³Bathonievfi
1552 3409 1589 3445 ῤ’
1605 3408 1706 3440 Wllen
1717 3420 1741 3448 ι,

1235 3456 1359 3483 Antonio
1373 3450 1542 3491 Dttrtelmeiifi
1550 3473 1560 3488 ,

1237 3493 1278 3522 W
1278 3490 1384 3520 illielmo
1398 3488 1512 3529 Elienfi,

1239 3531 1280 3560 W
1278 3527 1385 3559 ilhelmo
1398 3530 1491 3558 Sanr‘li
1506 3526 1646 3566 Andreae,
1663 3522 1700 3560 &⁴

1238 3568 1353 3598 Roherto
1368 3564 1518 3606 Glasguenfi
1528 3587 1536 3602 ,
1551 3565 1681 3603 Episcopis
1690 3561 1744 3597 :dy

1240 3610 1315 3637 Viris
1329 3608 1449 3644 Egregiis
1457 3628 1465 3641 ,
1476 3606 1597 3632 Dominis
1605 3627 1614 3640 ,
1621 3604 1647 3631 E
1651 3604 1745 3631 dni-un-

1277 3646 1308 3674 do
1318 3668 1327 3682 ,
1336 3649 1434 3674 Fratre
1448 3643 1511 3671 dicii
1528 3644 1637 3670 Domini
1643 3644 1720 3677 Regis
1733 3651 1741 3668 :

1241 3682 1386 3714 Willielmo
1413 3682 1444 3711 a‘e
1463 3678 1589 3709 Valentia
1602 3703 1612 3716 ,
1644 3682 1744 3708 Comite

1277 3721 1437 3750 Pembrokiae
1446 3741 1454 3756 ,

1239 3764 1354 3790 Hmmo
1367 3761 1398 3788 de
1410 3756 1495 3797 Lafiy
1503 3778 1512 3793 ,
1527 3757 1627 3785 Comite
1635 3753 1744 3784 Lincol-

1275 3802 1343 3836 nne,

1240 3841 1338 3870 Roqero
1368 3833 1462 3874 Bygod
1474 3857 1482 3870 ,
1509 3834 1609 3861 Comite
1631 3832 1687 3860 Nor
1707 3830 1745 3859 ol-

1278 3867 1344 3904 Ἀηίε
1356 3897 1364 3911 ,
1389 3871 1425 3906 (ιζ’
1442 3867 1600 3909 stlai'estallo
1614 3873 1681 3907 Aug
1693 3873 1740 3907 ἐφ’,

1242 3911 1400 3943 Βοηεηαίᾶσ
1415 3913 1514 3939 Camite
1526 3909 1557 3937 αἱ»
1575 3911 1661 3945 fllar,

1243 3951 1364 3982 Gilberto
1377 3952 1476 3979 comite
1493 3947 1524 3975 de
1538 3950 1675 3984 Aneguz,

1777 3218 1891 3248 Roberto
1907 3220 1938 3249 de
1952 3222 2039 3259 Brut,
2053 3224 2152 3251 Comite
2165 3221 2197 3252 de
2212 3224 2234 3251 C
2234 3232 2281 3251 ar·

1778 3258 1926 3325 Thgssaldo
1937 3297 1968 3326 de
1984 3297 2106 3336 Vcrdun,

1777 3334 1879 3363 Thenai
1894 3336 1924 3363 de
1938 3334 2049 3364 Berkele
2058 3359 2067 3372 ,

1779 3375 1890 3409 Hugone
1906 3372 1929 3401 le
1946 3372 2106 3412 Daspenstr,

1781 3413 1822 3441 W
1821 3409 1927 3440 illielmo
1941 3412 1972 3440 de
1986 3413 2083 3440 &msto
2097 3410 2190 3449 Claro,

1782 3451 1900 3478 Patricio
1913 3449 1943 3477 de
1958 3449 2099 3488 Graham,

1784 3489 1826 3517 W
1825 3486 1929 3516 ilhelmo
1943 3488 1974 3516 de
1990 3491 2123 3517 Moy-avia
2131 3510 2141 3526 ,

1779 3525 1892 3555 Ricardo
1906 3526 2037 3564 Syward,

1781 3563 1907 3601 Galf'rido
1921 3564 1952 3592 de
1967 3563 2128 3603 flloiribray,

1781 3601 1917 3631 Miclmele
1932 3602 1962 3630 de
1978 3604 2081 3640 ltsymes
2091 3626 2099 3639 ,

1783 3639 1902 3669 llizltero
1921 3640 1951 3668 de
1972 3639 2047 3668 Bello
2062 3643 2173 3678 Campo,
2191 3640 2283 3671 Senes-

1820 3677 1885 3706 callo
1900 3678 1964 3706 dieii
1979 3680 2089 3707 Domini
2102 3681 2196 3717 Regis,

1784 3715 1929 3745 Willielmo
1948 3716 1979 3744 de
1999 3719 2095 3746 filonte
2114 3717 2235 3754 Rcvelli5
2255 3729 2287 3747 ac

1782 3752 1979 3783 l‘bnerabjlssbus
2009 3756 2080 3784 Viris
2101 3777 2110 3792 ,
2145 3759 2225 3793 Magi
2236 3761 2287 3785 tris

1820 3793 1934 3820 Hem-ico
1947 3794 2056 3821 Decano
2069 3793 2207 3823 Eboracen
2219 3797 2245 3832 i,

1783 3829 1915 3868 Johanm
1935 3830 1967 3859 de
1989 3829 2074 3870 Lascy
2087 3854 2097 3870 ,
2121 3832 2288 3862 Cancellm·io

1819 3872 1840 3897 C
1841 3866 1986 3908 yastrenfi,
2005 3868 2042 3903 &o

1785 3907 1903 3936 llsszltero
1933 3916 1965 3935 ae
1999 3909 2150 3944 Langeton.
2177 3911 2286 3938 Decana

1820 3944 1941 3985 Ecclesia:
1956 3945 1988 3974 de
2001 3948 2111 3983 Bruges.

1285 4028 1329 4059 Ac
1351 4026 1405 4058 aliis
1424 4022 1565 4062 Episcopis
1580 4046 1589 4060 2
1607 4020 1942 4089 Praelatisqgomitibus,
1961 4021 2132 4061 Baronibus,
2151 4021 2295 4089 Magabu-

2285 4081 2295 4095 η

2273 234 2346 264 Anii.
2361 228 2404 266 D.

2294 283 2379 310 129³.

2271 316 2336 339 Eiw.
2360 321 2383 338 ii

2292 2776 2420 2811 *11554i
