2570 4261
92 235 222 270 AnnD.

115 284 198 313 1297.

94 316 161 343 Edu.
184 324 207 343 1.

90 1201 215 1236 Auni).

115 1252 200 1282 1297.

87 1286 139 1310 An.
158 1292 200 1317 25.

87 1325 117 1348 Ε.
143 1331 164 1348 ι.
218 1324 221 1325 ’

85 1363 141 1387 Rot.
161 1359 219 1387 Ale-

86 1408 156 1424 man.
175 1407 217 1432 25-

86 1440 114 1463 E.
129 1446 194 1463 Lm,

90 1484 132 1510 ¹4-

83 1625 216 1662 ‘ill-753·

92 3625 166 3657 Ann.
177 3626 218 3657 D.

118 3674 202 3703 1297.

94 3708 145 3730 Aa.
159 3713 204 3738 25.

93 3745 122 3766 E.
146 3751 168 3767 i.

93 3782 148 3805 Rot.
161 3779 218 3805 Ale-

94 3825 163 3843 man.
179 3825 223 3850 25.

94 3856 123 3879 E.
147 3863 170 3880 i.
187 3864 223 3881 m.

97 3899 138 3924 ¹4-

247 165 327 209 174

280 240 318 271 Et
332 238 410 278 quod
424 239 505 269 etiam
522 238 558 268 de
570 236 710 275 praedietis
724 235 971 267 confoederatione
986 236 1019 267 &
1032 235 1171 273 amicitia,
1190 235 1297 266 &om-

242 279 324 309 nibus
339 277 592 313 conventionibus,
606 276 682 305 circa
696 274 753 304 hoc
768 284 817 312 per
830 274 920 312 ipsum
935 273 1085 304 Comitem
1093 273 1297 311 Flandriae,seu

242 319 299 354 ejus
321 316 439 345 nomine
479 313 616 351 romisi'iS,
635 312 753 343 fideliter
774 314 808 344 ὃς
830 312 1028 345 inviolabiliter
1047 311 1244 349 observandis,
1261 312 1297 341 ab

243 355 301 392 ipso
324 353 440 383 Comite
485 351 615 389 landriae,
633 351 711 381 mestis
733 351 915 389 corporaliter
936 349 1110 381 sacrosanffis
1125 349 1298 389 Evangeliis,

243 394 431 425 iuramentum
443 389 604 427 praestetur:

238 427 246 431 ⁷
278 429 409 459 Necnon
430 429 463 457 ad
485 426 684 465 requirendum
706 426 740 458 &
753 426 933 465 habendum,
948 426 1029 464 super
1044 425 1206 466 praemissis,
1226 435 1298 469 con-

240 468 366 504 sensum,
383 466 633 504 approbationem,
649 467 684 496 &
698 465 926 503 ratificationem,
944 475 979 504 ac¹
991 465 1093 495 litteras
1113 464 1237 494 filiorum
1255 473 1298 500 ip-

240 506 290 535 sius
304 504 428 534 Comitis
440 503 594 543 Flandriae,
612 505 645 535 ὅ(
661 503 803 535 Baronum
812 526 821 542 ,
838 513 871 534 ac
885 503 1137 533 Communitatum
1151 501 1298 544 Flandriae,

239 545 273 574 δε
294 542 407 585 aliarum
425 550 562 573 terrarum
582 542 693 574 suarum
706 565 718 582 ,
735 543 790 574 una
810 552 879 572 cum
898 542 994 572 litteris
1013 540 1137 571 Comitis
1160 539 1297 570 Flandriae

240 588 404 612 memorati:
438 594 441 597 >

275 619 312 650 Et
325 619 421 648 omnia
435 617 485 649 alia
493 619 533 657 s&
548 619 651 659 singula
666 619 808 657 facienda,
822 628 887 657 quae
899 619 973 648 circa
988 616 1130 660 praemissa
1142 617 1175 648 &
1189 625 1294 647 eorum

237 657 385 695 quodlibet
398 657 502 688 fuerint
516 667 672 696 oponuna,
691 659 724 688 &
740 668 803 696 quae
818 655 957 695 praemissa
971 664 1158 694 contingunt,
1175 656 1220 686 vel
1229 665 1295 693 pos-

237 698 298 763 s‘unlt
316 696 482 736 contingere
504 707 623 735 quoquo
642 696 732 726 modo
748 719 758 734 ,
776 696 861 726 etiam
881 695 901 724 si
918 693 1083 725 mandatum
1105 695 1213 734 exigant
1233 694 1293 731 spe-

240 745 283 765 cia
294 745 318 764 e.

237 805 239 807 ,
277 772 388 803 Rarum
402 773 523 804 habituri
537 773 570 804 ὃ(
585 781 734 810 acceptum
748 774 815 810 quic
838 770 884 802 uid
898 780 947 809 per
959 770 1073 801 eosdem
1082 793 1092 809 ,
1110 770 1295 809 Episcopum,

241 810 394 842 Comitem
417 811 580 849 Sabaudiae,
599 810 725 841 Militem
748 811 781 841 δε
834 810 1006 847 monicum,
1019 816 1065 839 aut
1079 817 1150 848 tres,
1167 809 1213 840 vel
1225 809 1296 839 duos

236 860 355 887 eorum,
373 849 392 879 si
406 860 493 887 unus,
512 849 557 879 vel
569 848 628 879 duo
641 858 675 879 ex
691 849 751 886 ipsis
765 848 867 880 fuerint
881 847 1021 885 absentes,
1040 848 1176 886 petitum,
1194 857 1296 885 opten-

236 897 299 958 turii
315 889 347 919 &
363 887 471 956 saitugi
486 887 568 919 fuerit
582 889 610 917 in
625 887 790 929 praemissis,
807 888 840 918 &
857 886 983 925 quolibet
998 886 1215 926 praemifforum.

293 937 309 955 n
323 936 418 964 cujus,
459 935 498 956 ἐ.

683 147 1491 217 ,εοΝνΕΝΤΙοΝΕμ
1559 147 1944 203 LITERAE,

1335 233 1442 272 Militi,
1460 234 1494 265 δε
1511 233 1636 274 johanni
1655 235 1862 270 detBerewico
1882 236 2037 268 Canonico
2059 235 2211 275 Eborum,
2228 237 2276 268 vel
2289 237 2396 277 tribus,
2413 236 2490 268 Ann.
2501 238 2543 272 D.

1334 281 1381 302 aut
1394 271 1507 303 duobus
1521 273 1646 312 ipsorum
1663 275 1695 311 (si
1709 285 1797 313 unus,
1813 275 1861 305 vel
1872 274 1932 306 duo
1947 284 1981 305 ex
1994 275 2056 314 ipsis
2071 275 2174 306 fuerint
2185 275 2321 314 absentes)
2337 276 2397 316 ple-
2433 285 2518 316 1297.

1335 319 1403 340 nam
1415 309 1529 350 damus,
1547 313 1580 343 &
1593 313 1794 351 concedimus,
1812 322 1912 344 tenore
1927 313 2123 352 praesentiurn,
2140 313 2325 352 potestatem:
2412 316 2478 344 Edv.
2501 325 2525 346 ι.

1375 348 1483 378 Ratum
1504 350 1622 380 habituri
1641 352 1675 381 ὃς
1699 351 1815 382 firmum
1830 376 1840 390 ,
1859 351 1995 390 quicquid
2018 361 2068 390 per
2090 351 2260 391 praedistos,
2278 352 2397 390 Episco-

1338 395 1425 425 pum,
1442 386 1591 418 Comitem
1602 411 1612 427 ,
1630 388 1777 428 Militem,
1794 391 1827 421 &
1843 390 2025 421 Canonicum
2040 410 2042 413 ψ
2061 390 2108 421 vel
2122 399 2175 420 trec
2189 399 2237 422 aut
2253 391 2324 422 duos
2345 401 2397 422 eo-

1337 434 1401 454 rum
1416 434 1446 456 ut
1459 426 1630 463 praedie'tum
1643 427 1708 472 est,¹
1718 428 1884 472 traetatum,
1901 414 2188 468 initum,sirmatum,
2205 430 2240 461 &
2255 429 2393 461 assecura-

1338 470 1427 538 tfflEt',
1438 464 1969 547 zzfsstgffinfiissefiffigffieprgeffeiaeghda'
1987 515 2057 544 ῃος,
2073 505 2108 537 &
2123 507 2220 537 onmia
2240 507 2317 538 bona
2336 515 2393 538 no·

1338 536 1393 567 stra
1405 538 1557 582 specialiter
1570 541 1738 580 obligamus.

1374 575 1409 606 In
1425 587 1519 618 quuS‚
1537 580 1598 611 &c.

1374 652 1442 685 Dat.
1456 654 1529 693 apud
1543 655 1739 697 Walfingham
1751 659 1828 690 sexto
1842 658 1888 689 die
1905 659 2057 690 Februarii.

1374 729 1566 763 Consimilem
1579 733 1746 771 potestatem
1760 735 1976 767 confoederandi
1988 736 2093 769 habent
2106 735 2192 767 iidem
2204 735 2319 768 Nuncii
2329 743 2408 781 ’per'

1336 767 1418 837 {liam
1442 770 1562 840 litterzgcn
1583 780 1725 810 patentem
1739 796 1749 812 ,
1767 775 1798 804 in
1820 774 1877 813 qua
1898 784 1960 805 nou
1979 773 2011 806 fit
2032 777 2141 807 mentio
2162 775 2198 806 de
2218 775 2393 815 obligation-

1358 817 1500 847 onorum,
1551 819 1576 840 c.

1372 883 1563 916 Consimilem
1576 886 1743 924 potestatem
1758 887 1861 919 habent
1873 887 1961 919 iidem
1975 887 2103 927 Nuncii,
2120 899 2170 928 per
2191 890 2255 921 alias
2274 882 2393 930 litteras,

1336 921 1371 952 ad
1382 924 1561 954 trastandum
1574 935 1641 956 cum
1655 925 1812 957 Nobilibus
1827 925 1990 958 Comitatus
2002 928 2036 957 &
2049 936 2130 958 terrae
2149 927 2338 968 Burgundiae,
2355 930 2390 962 ὃς

1280 975 1288 978 ·
1337 960 1393 991 aliis
1417 963 1554 1002 personis,
1571 974 1604 994 ac
1627 963 2140 1010 Communitatibus'quibuscumque
2153 990 2163 1004 ,
2177 967 2211 997 &
2232 967 2390 999 undecum-

273 1002 340 1034 Dat.
355 1001 427 1042 apud
441 1003 483 1033 W
486 1002 639 1042 aliingham
652 1003 729 1034 sexto
745 1003 790 1034 die
806 1003 957 1035 Februarii.

240 1125 365 1170 Potestas
382 1126 598 1172 cwffoederancli
620 1141 689 1161 cum
706 1131 791 1162 Duce
811 1127 1004 1176 Lothoringia’
1015 1131 1070 1172 ,ὠ
1090 1128 1195 1161 multis
1213 1126 1291 1159 aliis.

238 1212 356 1274 REX
376 1214 509 1244 omnibus
521 1214 555 1244 ad
572 1223 661 1253 quos,
675 1214 736 1245 &c.
751 1214 876 1245 salutem.

238 1289 286 1320 b‘l'
306 1252 464 1320 VNoverit
477 1252 652 1283 Universitas
666 1253 756 1283 vestra
772 1251 871 1291 quod,
888 1252 921 1283 ad
936 1251 1111 1283 tractandum
1133 1263 1201 1284 cum
1221 1252 1294 1283 No-

260 1300 289 1320 ll
336 1302 377 1321 11'0
399 1315 404 1319 .
425 1315 431 1320 .

240 1330 356 1360 vinculo
378 1329 500 1367 speciali,
524 1331 557 1361 &
577 1330 684 1360 easdem
708 1330 985 1361 confoederationem
1007 1330 1040 1361 &
1054 1332 1207 1362 amicitiam
1223 1331 1294 1360 inter

240 1377 292 1398 nos
305 1369 338 1398 &
352 1368 440 1405 ipsum
456 1368 571 1399 Ducem
587 1368 700 1398 ineundi
714 1370 747 1400 δε
763 1368 906 1399 firmandi:
929 1370 961 1400 &
978 1379 1027 1406 per
1037 1369 1245 1407 juramentum,
1263 1369 1292 1398 in

237 1408 360 1475 gimabm
375 1406 500 1473 nogtratn
515 1406 721 1446 praestandum,
740 1409 774 1439 &
790 1417 886 1446 poenae
901 1407 1106 1449 appositionem
1123 1406 1296 1438 assecurandi

286 1454 318 1473 ro
341 1454 408 1473 oran
432 1456 451 1473 i·

273 1482 433 1513 Venerabili
444 1469 521 1513 'Pani
536 1483 667 1515 &Valtero
682 1484 871 1516 Coventrensi
886 1478 919 1515 δὲ
937 1484 1134 1524 Lychfeldensi
1149 1484 1294 1522 Episcopo

235 1521 419 1552 Thes-aurario
431 1521 547 1560 nostro,
567 1522 696 1553 Amadeo
712 1523 823 1554 Comiti
836 1523 979 1554 Sabaiidiae
1001 1522 1220 1563 Consanguineo
1242 1532 1295 1552 no-

238 1559 295 1590 stro
317 1559 477 1598 karissimo,
494 1560 600 1591 Ottoni
622 1561 657 1591 de
669 1561 864 1592 Grandissono
880 1561 987 1600 Militi,
1005 1562 1038 1593 &
1049 1561 1174 1600 Jobanni
1187 1561 1223 1592 de
1239 1561 1292 1592 Be-

236 1599 342 1628 rewico
361 1598 515 1629 Canonico
537 1599 669 1629 Eborum
684 1624 694 1637 ,
713 1601 759 1631 vel
780 1602 868 1631 tribus
883 1624 892 1639 ,
910 1609 957 1630 aut
976 1600 1087 1631 duobus
1107 1600 1251 1638 ipsorum,
1270 1600 1290 1630 si

236 1647 323 1675 unus,
342 1637 387 1666 vel
408 1638 426 1655 ³*
446 1638 505 1667 duo
520 1647 553 1667 ex
568 1638 631 1676 ipsis
645 1638 748 1669 fuerint
763 1639 903 1677 absentes,
920 1639 1032 1677 plenam
1052 1639 1152 1670 damus
1171 1639 1204 1670 ὃ(
1220 1648 1293 1669 con-

235 1675 377 1713 cedimus,
395 1683 494 1706 tenore
510 1677 702 1715 praesentium,
721 1677 897 1714 potestatem.

273 1713 382 1744 Rarum
404 1713 524 1744 habituri
546 1715 579 1745 δε
601 1715 714 1745 firmum
761 1716 874 1754 uicquid
896 1726 946 1754 per
968 1715 1118 1754 praefatos,
1133 1715 1292 1746 Thesauri-

234 1753 325 1789 rium,
343 1752 509 1790 Comitem,
529 1753 654 1783 Militem
677 1755 710 1784 δε
729 1726 930 1792 ἒεῃοηίευηι,
948 1754 994 1784 vel
1015 1763 1088 1792 tres,
1105 1762 1151 1784 aut
1166 1754 1236 1784 duos
1250 1755 1292 1792 ip-

234 1791 347 1828 sorum,
365 1799 396 1822 ut
407 1790 573 1828 praedistum
587 1792 645 1829 est,
661 1792 935 1830 ti·a&atum,initum
944 1792 1122 1832 ,firmatum,
1139 1793 1172 1824 &
1185 1793 1290 1823 assecu-

236 1838 345 1867 ratum,
363 1839 396 1860 ac
411 1830 518 1860 factum
533 1829 614 1860 fuerit
627 1832 654 1860 in
671 1830 823 1869 priemissis.

274 1867 370 1906 Et,ad
385 1877 415 1898 ea
428 1869 525 1898 omnia
541 1867 657 1900 fideliter
673 1870 922 1908 observanda,nos
936 1870 969 1902 &
985 1870 1082 1900 omnia
1094 1869 1170 1900 bona
1186 1869 1292 1908 nostra,

236 1906 387 1944 specialiter
402 1907 569 1943 obligamus.

271 1944 306 1975 In
322 1946 418 1983 cujus,
436 1945 496 1976 &c.

272 2021 340 2052 Dat.
351 2021 425 2060 apud
439 2021 635 2062 Walsmgham
649 2022 725 2055 sexto
738 2023 786 2055 die
799 2024 823 2054 F
824 2024 951 2056 ebruarii.

452 1315 458 1320 .
480 1292 564 1322 Duce
578 1291 770 1330 Lotheringiae
784 1292 819 1322 de
833 1291 1085 1322 confoederationis
1108 1293 1141 1322 ὃς
1165 1292 1296 1322 amicitiae

272 2098 345 2129 Item
359 2098 464 2129 habent
478 2098 561 2130 aliam
572 2099 749 2131 consimilem
763 2100 928 2141 potestatem
937 2124 948 2140 ,
966 2099 1023 2132 sine
1036 2099 1155 2132 clausula
1169 2099 1205 2131 de
1218 2100 1293 2131 obli-

235 2138 347 2176 gatione
366 2139 529 2176 bonorum,
547 2137 607 2172 &a
627 2146 658 2167 ut
670 2138 763 2179 ficpra.

274 2175 309 2206 Et
324 2184 381 2206 erat
398 2175 464 2206 inde
477 2186 530 2206 una
543 2184 659 2207 tantum.

272 2250 345 2282 Item
366 2252 469 2284 habent
487 2252 568 2283 aliam
589 2253 767 2285 consimilem
787 2254 955 2293 potestatem
984 2253 1200 2286 confoederandi
1221 2263 1291 2284 cum

235 2289 341 2321 Nobili
358 2290 384 2320 V
387 2292 428 2321 ito
444 2309 457 2314 -
476 2309 488 2313 -
508 2291 627 2322 Comite
642 2293 822 2332 Hayrioniae,
840 2294 900 2325 &e
915 2303 983 2324 cum
998 2293 1116 2324 clausula
1129 2292 1165 2323 de
1184 2292 1293 2333 obliga—

234 2330 313 2359 tione
325 2330 488 2368 bonorum,
508 2330 567 2364 dvc.
583 2338 614 2359 ut
625 2330 717 2370 stapra.

272 2366 310 2398 Et
320 2376 376 2398 erat
390 2368 455 2398 inde
470 2378 523 2398 una
536 2369 624 2400 littera
637 2378 755 2400 tantum.

269 2405 344 2436 Item
364 2405 468 2436 habent
487 2407 568 2437 aliam
589 2409 766 2438 consimilem
788 2408 958 2446 potestatem
980 2407 1196 2439 confoederandi
1221 2418 1289 2439 cum

234 2444 336 2474 codem
351 2442 487 2483 Comite,
506 2447 566 2476 &c.
581 2446 638 2476 fine
653 2447 771 2478 clausula
785 2446 821 2478 de
836 2447 1009 2488 obligatione
1025 2447 1178 2477 bonorum.

270 2481 309 2514 Et
323 2491 380 2513 etat
393 2483 458 2513 inde
474 2493 528 2513 una
543 2492 660 2515 tantum.

272 2521 345 2551 Item
364 2521 470 2553 habent
487 2522 568 2552 aliam
590 2523 765 2554 confimilem
787 2523 954 2562 potestatem
979 2522 1194 2554 confoedemndi
1221 2533 1291 2554 cum

234 2559 337 2590 Nobili
351 2559 424 2590 Viro
442 2578 456 2583 -
473 2579 486 2583 -
505 2560 622 2591 Comite
639 2562 783 2600 Guelriae‚
801 2563 862 2594 &c.
875 2573 944 2594 cum
959 2561 1078 2594 clausula
1089 2561 1124 2592 de
1137 2562 1291 2600 obligatio-

235 2608 271 2628 ne
283 2599 427 2628 bonorum
463 2597 523 2633 &c.
537 2607 569 2628 ut
577 2599 672 2638 ficpra.

274 2636 312 2666 Et
323 2646 379 2666 erat
392 2637 420 2666 in
441 2647 457 2666 c
471 2647 524 2668 una
537 2645 658 2668 tantum.

274 2674 347 2705 Item
368 2675 473 2705 habent
495 2676 576 2706 aliam
598 2676 775 2706 consimilem
800 2676 967 2714 potestatem
992 2677 1207 2708 confoederandi
1222 2687 1291 2708 cum

237 2713 340 2743 eodem
358 2713 490 2752 Comite,
507 2714 568 2745 δίς.
585 2714 640 2744 sine
655 2715 773 2746 clausula
787 2715 823 2746 de
836 2716 1009 2754 obligatione
1022 2717 1186 2754 bonorum,
1204 2716 1265 2747 &c.

273 2751 310 2782 Et
325 2759 381 2782 erat
395 2751 460 2782 inde
474 2763 529 2783 una
543 2761 660 2783 tantum.

271 2827 343 2859 Item
357 2828 460 2860 habent
475 2829 555 2859 aliam
570 2826 748 2860 consimilem
756 2829 922 2868 potestatem
936 2830 1152 2861 confoederandi
1166 2841 1235 2862 cum
1243 2842 1292 2862 ve-

234 2867 349 2897 nerabili
364 2866 461 2905 Patre,
479 2867 621 2906 Episcopo
635 2868 802 2907 Leodiensi,
820 2870 881 2900 &c.
897 2878 967 2900 cum
979 2868 1099 2901 clausula
1119 2869 1155 2900 de
1180 2870 1292 2908 obliga·

235 2907 314 2935 tione
329 2905 492 2944 bonorum,
508 2907 568 2937 &c.

274 2943 311 2974 Et
323 2954 381 2974 erat
395 2944 458 2975 inde
473 2955 526 2975 uiia
543 2953 659 2975 tantum.

276 2981 350 3025 item
370 2983 474 3014 habent
494 2984 672 3014 consimilem
687 2983 854 3024 potestatem
868 2984 1086 3016 confoederandi
1101 2995 1169 3015 cum
1185 2984 1289 3016 eodem

237 3017 378 3058 Episcopo
387 3044 397 3058 ,
415 3022 475 3051 &c.
488 3021 545 3052 sine
558 3022 674 3053 clausula
691 3022 726 3053 de
740 3022 916 3060 obligatione
930 3024 1093 3062 bonorum,
1108 3024 1170 3055 &c.

274 3056 311 3087 Et
326 3066 383 3088 erat
397 3058 462 3089 inde
477 3069 531 3090 una
543 3070 660 3091 tantum.

271 3132 345 3164 ltem
367 3134 469 3165 habent
495 3136 575 3167 aliam
603 3137 770 3174 potestatem
797 3137 1012 3169 confoederandi
1039 3147 1109 3168 cum
1138 3139 1290 3170 venerabili

235 3166 312 3241 ’11)ξὲιὲ
311 3195 340 3240 ὦ
347 3171 487 3242 Eigcsssopo
497 3175 687 3213 Trajeistensi,
702 3177 761 3207 &c.
779 3187 846 3206 cum
862 3176 979 3208 clausula
993 3176 1030 3208 de
1041 3177 1213 3216 obligatione
1235 3178 1290 3209 bo·

349 3233 359 3249 ,
431 3235 436 3240 .

274 3248 310 3279 Et
323 3257 379 3279 erat
393 3249 459 3279 inde
471 3260 525 3280 una
539 3259 656 3281 tantum.

272 3287 347 3317 Item
360 3287 464 3318 habent
479 3288 653 3319 consimilem
671 3290 834 3328 potestatem
849 3291 1065 3323 confoederandi
1088 3301 1157 3322 curn
1180 3292 1284 3324 eodem

238 3324 381 3394 {epeiscopo
393 3327 581 3365 Trajectenii,
599 3328 659 3358 &ci
675 3329 730 3358 sine
746 3330 865 3361 clausula
877 3331 913 3361 de
927 3331 1102 3369 obligatione
1125 3331 1288 3370 bonorum,

274 3401 311 3433 Et
325 3411 380 3434 erat
395 3402 460 3434 inde
473 3413 528 3434 una
543 3411 660 3435 tantum.

426 3531 552 3576 Potestas
571 3533 615 3566 ad
629 3533 886 3579 confoederana'um
899 3537 1090 3583 generaliter.

241 3615 359 3675 REX
377 3618 507 3649 omnibus
523 3619 556 3649 ad
573 3629 661 3657 quos,
679 3620 738 3650 &e
751 3620 873 3651 salutem.

342 3655 468 3686 Noverit
483 3657 658 3687 Universitas
674 3658 764 3688 vestra
776 3659 870 3697 quod,
887 3659 921 3690 ad
942 3658 1118 3691 tractandum
1135 3669 1204 3691 cum
1227 3661 1290 3698 qui-

242 3690 415 3730 buscumque
429 3694 600 3733 Nobilibus,
618 3697 651 3726 &
665 3696 722 3726 aliis
738 3697 875 3735 personis,
893 3698 1094 3737 cujuscumque
1109 3698 1223 3736 Regni,
1240 3698 1286 3728 seu

242 3737 338 3771 terrae,
357 3729 454 3774 status,
470 3732 626 3771 dignitatis,
644 3734 689 3764 seu
703 3734 872 3765 conditionis
887 3735 1016 3767 existant:
1033 3747 1067 3767 ac
1087 3735 1290 3767 Communita-

243 3766 316 3809 tibus
326 3768 361 3809 ’ὃς
375 3768 608 3810 Universitatibiis
624 3772 863 3811 quibuscumque,
881 3774 918 3803 de
931 3775 1183 3805 confoederationis
1204 3775 1237 3805 &
1260 3783 1290 3804 a·

242 3813 358 3846 micitiae
370 3808 483 3849 vmculo
495 3809 603 3845 speciali
614 3819 618 3838 z
629 3811 661 3840 &
674 3809 783 3840 easdem
799 3811 1074 3843 confoederationem
1089 3813 1123 3844 &
1137 3813 1289 3843 amicitiam

240 3849 310 3871 inter
323 3852 374 3871 nos
387 3844 418 3872 &
432 3845 501 3880 ipsos
517 3847 627 3877 ineundi
640 3849 673 3878 &
688 3847 830 3878 firmandi:
849 3850 882 3880 ὃς
898 3860 944 3887 per
956 3852 1164 3888 juramentum,
1184 3851 1212 3880 in
1226 3852 1287 3880 ani-

241 3879 455 3946 mzmrnocsi'tram
470 3883 672 3924 praestandum,
688 3886 722 3916 &
736 3896 831 3923 poeuae
845 3888 1052 3925 appositionem
1065 3888 1235 3919 aflecurandi
1255 3889 1288 3919 &

243 3927 276 3946 ro
299 3927 318 3946 ο
333 3926 366 3946 an
389 3928 413 3955 i,

279 3954 399 3985 Dileciis
412 3956 446 3998 βε
459 3955 581 4001 fidelibus
595 3961 694 3992 nostris
703 3985 712 3999 ,
731 3962 892 3993 Venerabili
905 3963 1135 4002 Patri,Waltei-o
1148 3962 1289 3994 Conven-

241 3993 321 4022 trensi
334 3994 366 4023 &
385 3992 568 4039 Lichseldensi
589 3997 731 4037 Episcopo
743 4024 753 4038 ,
770 4001 955 4031 Thesaurario
975 4003 1075 4033 nostro
1087 4026 1098 4041 ,
1116 4002 1152 4031 Α.
1175 4000 1288 4032 Comici

240 4030 384 4061 Sabaudiae
397 4029 616 4070 Consangiiineo
629 4037 726 4067 nostro
741 4038 878 4069 carissimo
887 4063 896 4077 ,
914 4040 1020 4070 Ottoni
1035 4040 1071 4072 de
1091 4036 1286 4072 Grandissono

1337 1008 1409 1038 que,
1427 1000 1463 1031 de
1485 1001 1737 1033 confoederationis
1756 1002 1775 1022 ³¹³
1798 1004 1831 1035 &
1849 1006 1980 1034 amicitiae
2000 1004 2116 1035 vinculo
2135 1003 2264 1043 speciali,
2281 1003 2339 1040 &a
2357 1014 2391 1036 ut
2410 1009 2543 1047 *11.754;,‘

1327 1040 1432 1105 stifm'
1449 1040 1483 1070 &
1495 1050 1566 1085 *cum
1586 1040 1702 1086 clausula
1720 1040 1755 1072 de
1769 1042 1946 1079 obligatione
1958 1043 2121 1081 bonorum,
2140 1053 2204 1082 quae
2216 1043 2330 1084 incipit,
2346 1043 2386 1084 ά

1336 1086 1355 1123 ᾳ
1383 1087 1416 1106 ea
1429 1077 1644 1121 ommafidelster
1658 1078 1844 1119 observanda,
1861 1079 1922 1116 &n

1372 1153 1440 1186 Dat.
1456 1164 1488 1187 ut
1500 1155 1589 1195 supra.

1335 1299 1384 1330 De
1406 1300 1552 1346 Treugis,
1567 1300 1635 1343 five
1655 1310 1748 1346 pace,
1775 1302 1852 1333 inter
1880 1302 1988 1347 Regem
2006 1303 2042 1339 ὠ·
2062 1304 2264 1335 Romanorum
2280 1304 2388 1349 Regem

1379 1358 1417 1379 ex
1435 1358 1523 1429 pase
1546 1360 1626 1392 una,
1649 1351 1685 1387 ὠ·
1712 1351 1822 1396 Regem
1849 1351 1979 1383 Francia
2001 1361 2039 1383 ex
2057 1350 2140 1394 alia,
2165 1349 2332 1384 traHandis
2348 1355 2386 1391 ἅ·

1380 1407 1467 1429 menn
1491 1408 1525 1430 υ.
1888 1412 1899 1419 ·

1403 1489 1533 1522 Niversis
1554 1490 1663 1522 Christi
1684 1491 1828 1531 fidelibus,
1845 1491 1879 1523 ad
1895 1502 1967 1530 quos
1980 1492 2126 1532 praesentes
2139 1493 2236 1526 litterae
2249 1502 2387 1533 pervene-
2405 1501 2482 1533 Am,
2494 1502 2536 1534 D,

1419 1531 1495 1568 rint,
1513 1529 1684 1568 Edwardus,
1703 1530 1761 1561 Dei
1777 1531 1883 1569 gratia,
1900 1532 1961 1562 &c.
1978 1531 2100 1563 salutern.
2248 1535 2252 1537 '
2433 1550 2519 1579 129-—

1367 1568 1498 1613 Noverit
1518 1569 1692 1600 Universitas
1712 1568 1804 1600 vestra
1826 1569 1904 1608 quod
1919 1580 1988 1609 nos,
2003 1571 2045 1601 ob
2060 1571 2245 1602 reverentiam
2260 1570 2328 1601 sedis
2342 1570 2386 1602 A·
2403 1583 2455 1608 An.
2476 1559 2524 1617 2s5‚

1349 1606 1478 1638 ostolicae
1493 1629 1503 1645 ,
1527 1608 1560 1638 &
1578 1607 1613 1638 ad
1634 1607 1785 1638 instantem
1805 1618 1835 1638 re
1856 1609 2012 1639 uisitionem
2029 1609 2232 1640 venerabilium
2251 1609 2385 1647 Parrum,
2405 1623 2434 1646 E.
2454 1628 2478 1646 ι,

1329 1617 1529 1676 Bominorum
1546 1645 1576 1676 B.
1594 1645 1757 1677 Albanensis
1793 1618 1868 1677 &3
1886 1646 2059 1686 Penestrini,
2077 1647 2136 1679 Dei
2149 1648 2252 1688 gratia,
2269 1647 2386 1686 Episco-
2405 1661 2461 1685 Rot.
2475 1656 2536 1684 Ale-

1330 1694 1451 1728 porum,
1470 1684 1582 1728 Sanetae
1598 1684 1741 1716 Romanae
1756 1671 1890 1716 Ecclesiae
1912 1684 2124 1726 Cardinalium,
2141 1685 2305 1718 nostrorum
2327 1686 2388 1724 spe⁴
2405 1704 2476 1723 man.
2489 1704 2536 1729 25-

1330 1723 1444 1754 cialium
1457 1732 1634 1763 amicorum,
2405 1737 2468 1761 1:11.
2483 1742 2522 1770 „3

1367 1761 1493 1800 Damus,
1511 1763 1544 1792 &
1565 1762 1751 1793 concedimus
1772 1772 1822 1800 per
1843 1762 2005 1802 praesentes,
2021 1762 2130 1794 dilectis
2144 1763 2178 1795 &
2190 1762 2318 1794 fidelibus
2331 1772 2387 1794 nos
2408 1780 2451 1808 ¹4-
2497 1772 2508 1785 ·

1332 1798 1409 1839 stris,
1424 1800 1576 1831 venerabili
1594 1800 1692 1839 Patri,
1709 1801 1752 1831 W
1754 1801 1840 1832 altero
1863 1801 2053 1833 Covemrensi
2074 1803 2108 1833 &
2127 1801 2325 1840 Lychfeldensi
2346 1800 2387 1832 E-

1330 1838 1408 1870 1εὸὶο
1417 1863 1426 1876 ,
1444 1839 1629 1870 Thesaurario
1643 1839 1760 1878 nostro,
1777 1839 1908 1870 Amadeo
1923 1839 2035 1871 Comiti
2047 1839 2194 1871 Sabaudiae
2206 1839 2386 1878 Consangui-

1332 1887 1388 1908 neo
1411 1877 1511 1909 nostro
1531 1878 1694 1916 karissimo,
1711 1878 1815 1908 Ottoni
1834 1878 1869 1908 de
1883 1877 2081 1909 Grandiffonov
2094 1878 2202 1916 Militi,
2221 1878 2390 1916 &Johanni

1332 1915 1368 1946 dc
1382 1915 1528 1947 Bercwico
1541 1915 1693 1947 Canonico
1708 1916 1861 1954 Eborurri·7
1879 1916 1926 1947 seu
1940 1917 2042 1956 tribus,
2059 1925 2107 1948 aut
2122 1917 2233 1948 duobus
2245 1916 2390 1956 ipsorum,

1331 1954 1352 1985 fi
1366 1965 1436 1985 unus
1449 1955 1493 1986 vel
1506 1955 1565 1986 duo
1581 1964 1614 1985 ex
1627 1955 1689 1993 ipsis
1703 1955 1806 1986 fuerint
1819 1955 1960 1994 absentes,
2385 1993 2388 1995 Α

1367 1992 1487 2025 Plenam
1503 1994 1537 2024 δε
1552 1994 1669 2024 liberam
1701 1993 1866 2032 otestatem,
1884 2004 1917 2025 ac
1935 1994 2049 2032 speciale
2065 1993 2227 2024 mandatum
2240 1993 2387 2032 tractandi,

1332 2033 1450 2063 nominc
1463 2031 1579 2070 nostro,
1596 2032 1633 2063 de
1646 2033 1674 2063 su
1701 2032 1823 2070 ereutii,
1841 2033 1877 2062 de
1893 2034 2007 2072 treugis,
2025 2033 2060 2064 &>
2079 2033 2115 2063 de
2134 2042 2219 2072 pace,
2236 2033 2308 2064 inter
2331 2031 2391 2062 Re-

1330 2079 1398 2118 gem
1421 2071 1625 2101 Romanorum
1647 2072 1680 2102 &
1700 2070 1837 2115 Valitores
1856 2071 1918 2115 suos
1937 2073 1970 2102 δε
1988 2070 2123 2102 Valitores
2139 2070 2250 2116 nostros
2266 2079 2300 2101 ex
2313 2079 2391 2108 parte

1332 2109 2084 2192 {¹1¹3}’diiiffissz‘i‘ss‘mff‘ffclissffai‘'iissffscffsszffi
2091 2109 2388 2192 issiffissr’dsi'eiss‘mg‘ffss

1352 2196 1399 2216 em
1423 2185 1625 2217 Romanorum
1645 2187 1678 2218 &
1698 2197 1750 2216 nos
1772 2187 1805 2217 ὅ(
1824 2185 1962 2217 Valitores
1977 2186 2106 2226 nostrOS,
2123 2186 2258 2224 &ipsum
2273 2186 2388 2225 Regem

1348 2225 1461 2255 'ranciae
1473 2226 1507 2255 &
1523 2224 1662 2256 Valitores
1678 2224 1739 2255 suos
1754 2226 1869 2255 exortis:

1370 2262 1408 2293 Et
1427 2264 1510 2294 etiam
1530 2263 1637 2293 easdem
1674 2262 1860 2293 sufferentiam
1867 2286 1877 2301 ,
1894 2270 2001 2301 treugas
2034 2263 2068 2293 &

2122 2272 2205 2300 cem,
2222 2260 2369 2294 ordinandi

1331 2301 1462 2339 ineundi,
1480 2303 1514 2334 ὃς
1536 2285 1679 2332 firmandi:
2015 2302 2022 2306 ’

1700 2300 1737 2332 Et
1760 2302 1859 2331 omnia
1878 2302 1926 2332 alia
1951 2304 1984 2333 ὃς
2007 2286 2082 2341 iingu
2094 2311 2108 2331 a
2122 2301 2258 2339 faciendi,
2277 2311 2340 2340 quae
2352 2285 2389 2332 ad

1332 2340 1542 2378 praemissorum
1559 2339 1766 2378 expeditionem
1779 2339 1879 2370 fuerint
1894 2348 2050 2378 oportuna:

1368 2378 1477 2408 Rarum
1491 2379 1611 2409 habituri
1627 2379 1660 2408 δε
1675 2377 1788 2408 firmum
1804 2378 1938 2416 quicquid
1975 2388 2003 2408 er
2020 2377 2186 2416 praedistos,
2201 2375 2393 2417 Episcopum,

1333 2414 1502 2455 Comitem,
1524 2417 1649 2447 Militem
1665 2417 1697 2447 &
1714 2415 1913 2455 Canonicuni,
1924 2388 1974 2446 veli
1986 2425 2112 2454 tres,aut
2125 2415 2196 2446 duos
2211 2415 2389 2455 eorum,fic-

1333 2464 1363 2485 ut
1379 2455 1548 2493 praedictum
1565 2454 1623 2493 est,
1641 2454 1808 2494 tractatum,
1825 2454 2004 2493 ordinatum,
2022 2456 2125 2486 initum
2138 2455 2171 2486 &
2197 2454 2305 2486 facium
2327 2454 2390 2485 fue-

1332 2495 1368 2524 rit
1383 2495 1410 2523 in
1424 2493 1578 2532 praemissis.

1370 2531 1424 2570 Et,
1442 2532 1476 2563 :id
1491 2533 1552 2563 haec
1568 2533 1665 2563 omnia
1679 2531 1795 2562 fideliter
1809 2531 1999 2570 observanda,
2016 2531 2174 2572 obligamus
2188 2541 2258 2570 ηοε,
2273 2531 2308 2564 &
2323 2540 2390 2562 om-

1331 2572 1378 2601 nia
1392 2572 1467 2601 bona
1483 2571 1594 2609 nostra,
1613 2571 1756 2609 praesentia
1769 2571 1803 2603 &
1817 2570 1915 2602 futura.

1371 2608 1405 2639 In
1419 2610 1513 2649 cujus,
1529 2611 1588 2643 &c.

1369 2685 1437 2716 Dat.
1461 2685 1534 2724 apud
1556 2685 1752 2726 Walsingham
1771 2685 1848 2717 sexto
1860 2685 1907 2716 die
1920 2685 2062 2717 Februarii
2071 2707 2081 2725 ‚
2094 2693 2171 2719 antio
2183 2684 2284 2723 Regni
2299 2683 2388 2724 Regis

1333 2724 1471 2755 vicesimo
1486 2725 1595 2763 quinto.

1370 2799 1560 2832 Consimilern
1575 2799 1744 2838 potestatem
1758 2799 1861 2829 habent
1873 2798 1958 2829 iidem
1973 2797 2087 2829 Nuncii
2095 2820 2106 2837 ,
2115 2799 2144 2827 in
2160 2796 2216 2836 quii
2230 2796 2296 2828 Rex
2302 2796 2390 2828 Fran-

1332 2841 1386 2870 ciae
1402 2862 1412 2878 ,
1427 2849 1495 2870 cum
1516 2838 1704 2877 Valitoribus,
1722 2837 1857 2876 praecedit
1879 2837 1945 2867 alios
1966 2837 2060 2876 Reges
2098 2845 2166 2867 cum
2187 2845 2287 2866 eorum
2310 2835 2388 2866 Vali-

1331 2878 1455 2916 toribus;
1475 2879 1503 2907 in
1517 2877 1573 2916 qua
1585 2878 1670 2908 etiam
1685 2877 1834 2915 apponitur
1847 2875 1964 2907 clausula
1978 2875 2014 2906 de
2027 2860 2203 2913 obligatione
2215 2875 2372 2909 bonorum.

1369 2954 1438 2986 Dat.
1454 2963 1485 2986 ut
1499 2953 1585 2993 supra.

1369 3030 1463 3061 Aliam
1484 3030 1650 3070 potestatem
1668 3029 1771 3060 habent
1792 3028 1877 3059 iidem
1901 3028 2014 3059 Nuncii
2027 3051 2037 3067 ,
2071 3029 2101 3058 in
2123 3026 2178 3067 qua
2199 3027 2297 3065 Reges
2320 3026 2388 3059 Ro-

1330 3079 1480 3100 manorum
1496 3070 1528 3100 &
1541 3069 1651 3108 Angliae
1684 3077 1753 3099 cum
1767 3077 1868 3098 eorum
1884 3066 2073 3105 Valitoribus,
2091 3064 2254 3105 praecedunt
2267 3066 2386 3103 Regem

1330 3108 1455 3139 Franciae
1469 3117 1538 3139 cum
1552 3107 1604 3138 suis
1615 3091 1778 3139 val'itoribus
1793 3106 1827 3137 δε
1840 3106 1895 3136 line
1909 3105 2028 3137 clausula
2042 3104 2079 3136 de
2099 3104 2274 3146 obligatione
2292 3105 2386 3135 bono-

1332 3156 1406 3178 rum.

1374 3289 1423 3321 De
1433 3283 1572 3333 potestate
1591 3283 1705 3330 easdem
1725 3285 1857 3330 Treugas
1873 3285 1925 3366 ’ἳὶ
1940 3287 2047 3318 Pacem
2067 3286 2099 3315 in
2117 3285 2204 3330 Regis
2217 3285 2357 3315 animam

1783 3346 1882 3379 Juran
1904 3347 1924 3367 Ι.

1332 3427 1539 3492 UNiversis
1555 3426 1662 3458 Christi
1677 3428 1819 3466 fidelibus,
1837 3427 1872 3458 ad
1888 3437 1959 3467 quos
1972 3427 2117 3466 praesentes
2132 3426 2231 3458 litterae
2252 3433 2387 3464 pervene-
2402 3428 2477 3462 Arm,
2492 3431 2533 3463 Β,

1420 3469 1491 3505 rint,
1511 3466 1679 3505 EdwarduS,
1698 3468 1757 3498 &c.
1777 3467 1900 3497 salutem.
2056 3473 2063 3481 ·
2259 3503 2265 3508 ι
2423 3478 2509 3508 1297,

1368 3506 1497 3536 Noverit
1511 3505 1671 3535 universitas
1687 3505 1778 3536 vestra
1791 3504 1886 3544 quod,
1903 3514 1971 3535 cum
1987 3514 2056 3542 nos,
2073 3504 2114 3535 ob
2129 3510 2312 3546 reverentiam
2332 3500 2384 3531 Se·
2399 3511 2451 3536 An.
2468 3518 2515 3544 ²5·

1329 3545 1371 3575 dis
1387 3543 1578 3583 Apostolicae,
1593 3544 1626 3574 ὃ(
1639 3543 1673 3574 ad
1692 3543 1842 3574 instantem
1864 3543 2075 3581 requisitionem
2098 3541 2307 3572 Venerabilium
2329 3539 2387 3585 {³3²⁴
2400 3550 2430 3573 Ε.
2453 3556 2477 3573 ι.

1330 3592 1423 3621 trum,
1443 3582 1640 3612 Dominorum
1662 3581 1692 3612 B.
1712 3581 1874 3612 Albanensis
1912 3582 1946 3612 &
1969 3580 1998 3611 S.
2014 3579 2190 3618 Penestrini,
2207 3578 2266 3609 Dei
2279 3585 2384 3617 gratia,
2400 3584 2504 3613 mmm,

1331 3621 1556 3659 Episcoporum,
1580 3619 1690 3650 Sanctae
1714 3620 1855 3651 Romanae
1874 3604 2008 3650 Ecclesiae
2027 3617 2220 3649 Cardinalium
2233 3639 2244 3656 ,
2268 3614 2384 3646 nostro-

1332 3669 1396 3689 rum
1410 3658 1566 3696 specialium
1578 3660 1737 3688 amicorum
1745 3682 1754 3696 ,
2232 3693 2238 3698 ,

1368 3696 1540 3727 Dederimus
1553 3697 1586 3726 &
1601 3697 1821 3727 concesserimus
1835 3695 1942 3726 dilectis
1953 3696 1987 3726 &
2001 3694 2128 3726 fidelibus
2150 3692 2268 3727 nostris,
2286 3690 2383 3721 Vene-

1330 3735 1408 3764 rabili
1422 3734 1513 3772 Patri,
1532 3734 1584 3763 W.
1605 3733 1792 3765 Coventrensi
1805 3735 1839 3766 &
1862 3733 2050 3765 Lichfeldensi
2070 3731 2212 3775 Episcopo
2229 3728 2385 3759 Thefixura-

1331 3774 1374 3803 rio
1395 3772 1514 3809 nostro,
1532 3771 1660 3803 Amadeo
1681 3773 1793 3804 Comiti
1819 3772 1964 3802 Sabaudiae
1981 3771 2202 3812 Consanguineo
2216 3765 2314 3796 nostro
2335 3767 2384 3798 ka-

1329 3810 1455 3848 riffimo,
1472 3810 1576 3840 Ottoni
1596 3810 1632 3841 de
1654 3810 1846 3842 Grandiffono
1865 3810 1970 3847 Militi,
1989 3810 2023 3840 &
2039 3808 2164 3847 Johanni
2177 3805 2212 3835 de
2228 3804 2383 3844 Berewyco

1331 3848 1484 3879 Canonico
1504 3848 1650 3887 Eborum,
1668 3850 1713 3880 seu
1734 3851 1838 3886 tribus,
1854 3856 1901 3878 aut
1922 3847 2032 3877 duobus
2043 3845 2181 3883 ipsorum,
2199 3843 2219 3873 fi
2233 3853 2319 3882 uuus,
2338 3843 2384 3875 vel

1331 3886 1390 3917 duo
1403 3895 1436 3916 ex
1448 3886 1510 3923 ipsis
1524 3887 1626 3917 fuerint
1638 3887 1778 3925 absentes,
1797 3896 1845 3924 per
1857 3886 1919 3915 alias
1931 3886 2032 3914 litteras
2049 3881 2157 3912 nostras
2165 3904 2182 3926 ,ι
2274 3921 2278 3926 .
2359 3921 2365 3927 ι

1370 3924 1487 3955 Plenam
1500 3924 1667 3961 potestatem
1682 3928 1715 3957 δε
1731 3924 1847 3963 speciale
1869 3922 2031 3953 mandatum
2050 3920 2200 3962 tractandi,
2218 3919 2383 3958 ordinandi,

1331 3962 1446 3992 ineundi
1461 3986 1471 4000 ,
1494 3973 1527 3993 ac
1547 3963 1691 4002 firmandi,
1712 3964 1832 3994 nomine
1849 3960 1964 3996 nostro,
1978 3956 2192 4002 ,suffer-entiam,
2218 3966 2327 4002 treugas
2348 3959 2382 3990 δε

1331 4010 1450 4039 pacem,
1466 4000 1545 4038 super
1566 4003 1688 4040 guerris,
1704 4002 1722 4021 *¹
1743 3998 1970 4034 dissensionibuS,
1990 3997 2023 4027 &
2042 3995 2183 4026 discordiis
2203 3996 2383 4034 quibuscum-
2399 3988 2531 4027 ’ῙῙ-Τίῗτ

1332 4048 1405 4077 que,
1422 4040 1492 4070 inter
1506 4039 1619 4079 Regem
1631 4039 1835 4070 Romanorum
1849 4037 1883 4068 ὃς
1896 4035 2034 4067 Valitores
2047 4033 2108 4066 suos
2123 4034 2156 4066 ὅ(
2169 4044 2221 4066 nos
2235 4035 2270 4067 ὅ(
2284 4034 2386 4103 valitro‘-
