2570 4261
118 212 194 245 Anii.
209 211 250 242 D.

139 259 223 289 1293.

118 293 183 317 Ἐάν.
207 298 230 315 ι.

117 587 246 618 ’11.606.

251 128 328 168 118

261 221 325 241 mus
337 215 510 247 exponente,
529 204 623 244 quod,
638 204 718 235 clarae
738 203 905 239 memori-ae,
923 199 1099 243 Alexander,¹
1117 197 1231 228 ultimus
1251 195 1317 226 Rex

262 250 382 285 Scotiae,
401 248 431 276 iii
450 245 560 275 duobus
581 243 709 280 milibus,
727 250 863 278 centum,
888 248 984 278 quater
1002 239 1117 276 viginti,
1143 237 1176 266 ὅ(
1195 235 1314 271 deceni,

262 288 295 318 &
318 287 421 323 septem
440 284 514 314 libris
534 281 749 320 sterlingorum,
767 280 800 310 &
813 279 885 309 οέὶο
903 277 1008 314 solidis,
1024 276 1187 311 tenebatur,
1206 273 1239 304 &
1258 280 1316 316 erat

262 324 371 359 eidem,
390 322 458 352 durn
479 320 570 350 adhuc
594 321 719 356 viveret,
737 318 875 357 obligatus
896 325 931 346 ex
946 324 1025 346 certo
1038 313 1204 347 contraiitu,
1220 311 1317 353 habito

262 364 334 392 inter
348 361 511 390 Dominum
526 358 640 396 Regem
652 358 685 388 ὃς
699 357 789 394 ipsum
798 380 807 394 ,
826 365 878 393 pro
890 355 961 385 vinis
976 355 1009 385 ὃς
1023 351 1124 390 blado,
1143 360 1206 388 quet:
1225 348 1260 378 ab
1272 358 1315 385 ip-

261 400 292 431 so
305 400 401 428 habuit
412 399 445 428 &
457 398 570 434 recepit.
1234 425 1240 430 ⁹
1269 424 1274 429 .

298 437 354 466 Pro
374 437 474 474 quibus
496 435 545 472 ipsi
561 433 686 472 Johanni
704 431 862 463 custumani
885 431 961 461 suam
972 429 1008 460 de
1020 427 1091 460 Bere
1139 426 1157 456 k
1168 423 1318 463 specialiter

261 475 412 514 obligavit,
431 474 576 512 quousque
597 472 666 502 effer
687 471 736 502 fibi
755 471 790 501 de
810 469 886 500 dieta
909 468 1029 507 pecunia
1048 467 1095 497 seu
1129 465 1207 495 ebito
1220 462 1321 493 satisfa-

259 514 354 544 etum:
1303 539 1309 543 Ι

298 549 336 580 Et
370 548 428 580 uod
444 559 539 587 nunc,
557 548 603 579 die
617 547 695 579 certt'i'
707 547 742 578 ad
756 547 814 577 lioc
826 546 875 576 fibi
891 555 940 583 per
952 554 1004 575 vos
1017 541 1165 580 asfignata,
1181 538 1323 583 requisivit

262 599 314 620 vos
329 590 368 619 inl
383 597 459 618 anter
473 589 506 619 ὃς
521 587 640 625 pluries,
657 586 837 624 praesentibus
851 583 1047 614 executoribus
1064 581 1082 599 *³
1097 578 1256 624 testamenti
1275 577 1319 606 di-

261 628 301 658 ἂι
315 626 464 657 Alexandri
480 625 624 664 quondam
639 625 726 663 Regis
739 625 862 660 Scotiae,
881 621 959 660 quod
973 620 1061 663 ipsum
1076 628 1104 648 in
1116 627 1180 657 jure
1197 617 1248 647 suo
1262 625 1320 659 ‘cu-

260 667 353 696 raretis
371 665 482 703 audire,
500 665 533 696 ὃς
555 664 635 702 super
657 664 791 700 petitione
814 661 877 699 sua,
896 669 982 698 quam
998 656 1166 698 iaciebat-de
1181 654 1320 692 praedffilo

218 703 220 705 ¹
260 704 375 742 debito,
393 704 443 734 fibi
458 704 548 734 facere
559 703 604 740 jus
618 703 650 732 ὅτ.
661 700 774 739 justitiae
794 699 1055 736 complementum,
1074 695 1199 726 offerens
1219 693 1246 723 se
1267 691 1321 722 sta-

260 744 313 774 tim
326 753 452 781 paratum
464 741 569 771 docere
580 740 616 770 de
628 738 766 777 praedit‘to
775 739 838 776 jure
851 738 900 767 suo
915 746 963 774 per
977 736 1077 765 litteras
1092 735 1125 764 ὅ(
1138 734 1188 763 alia
1198 733 1322 771 legitima

243 771 445 812 ‘documentaz
466 790 529 818 quae
543 779 640 809 omnia
653 778 719 816 fibi,
737 785 837 808 contra
845 777 889 815 jus
903 777 935 806 δε
945 773 1080 814 justitiam
1097 771 1266 808 recusando,
1282 769 1322 799 fa-

106 1645 182 1676 Ann.
194 1644 234 1675 D.

127 1693 210 1723 1293.

105 1727 157 1751 An.
175 1733 219 1750 21.

104 1766 134 1789 Ε.
159 1771 182 1789 ι.

104 1804 144 1827 ,Ex
161 1802 218 1826 Au-

103 1846 166 1873 mgr.
179 1840 205 1864 in

104 1877 188 1903 Turri.

104 2534 180 2566 Ann.
193 2534 235 2565 D.

133 2582 216 2612 1293.

103 2616 157 2640 An.
171 2622 214 2640 21.

103 2655 133 2678 Ε.
157 2660 179 2677 1.

103 2693 157 2716 Καὶ.
170 2694 235 2716 Scot.

104 2736 148 2754 21.
163 2731 191 2755 Ε.
212 2736 234 2754 i.

102 2775 139 2794 m.
152 2774 181 2800 4.

102 3411 235 3446 §11.607.

261 830 326 850 cere
339 818 506 858 denegastis,
526 826 557 847 ut
575 816 654 847 dicit·
1044 850 1048 855 ι
1087 850 1091 855 ¹

299 858 420 895 Propter
443 866 507 894 quae
527 855 677 893 praedie'tus
693 853 836 891 Johannes
858 851 978 889 Masun,
1004 850 1020 880 a
1038 859 1106 888 juris
1126 847 1256 892 defesiu,
1276 845 1321 890 seu

258 896 326 936 juris
340 896 541 934 denegatione,
559 904 609 932 per
624 904 676 923 vos
688 893 737 922 fibi
753 892 846 929 fana,
863 890 897 920 ad
912 899 982 927 iios,
995 898 1026 919 ut
1041 888 1075 918 ad
1091 887 1262 930 superiorem
1279 895 1322 922 ip-

263 934 314 964 fius
336 934 432 971 Regni
452 933 556 964 Scotiae
579 931 745 962 Dominum
766 929 932 969 appellavit,
951 936 1048 968 petens
1061 928 1094 958 &
1107 926 1259 963 supplicans
1271 932 1321 961 per

260 983 330 1010 nos,
349 973 379 1002 in
398 971 483 1002 vestri
505 971 667 1008 defeffimm,
687 970 736 1000 fibi
752 969 889 1007 justitiam
912 966 1038 997 exhiberi
1071 966 1147 1004 juxta
1162 962 1259 1002 quod,
1278 971 1320 991 ra-

260 1013 339 1041 tione
352 1011 496 1048 superioris
509 1009 656 1047 Dominii‚
675 1008 754 1047 quod
769 1009 797 1037 in
809 1006 913 1037 eodem
927 1005 1033 1045 Regno
1047 990 1199 1040 babemus,
1217 1000 1252 1032 ad
1267 1009 1319 1030 nos

258 1049 411 1080 dinoscitur
427 1050 572 1087 pertinere.
1299 1077 1304 1082 ι

295 1087 376 1118 Cum
394 1089 476 1128 igitur
496 1086 569 1125 justa
591 1086 748 1124 petentibus
769 1093 829 1114 non
851 1083 883 1113 sit
904 1080 1082 1119 denegandus
1096 1079 1219 1124 auditus,
1236 1077 1319 1120 vobis

258 1126 442 1165 mandamus,
459 1125 778 1162 firmiterinjungenteS,
797 1121 874 1160 quod
890 1121 942 1151 fitis
957 1129 1056 1150 coram
1071 1119 1152 1148 nobis
1175 1128 1204 1147 iii
1224 1115 1320 1160 crasti-

259 1175 299 1195 rio
313 1165 487 1196 Ascensionis
502 1164 624 1194 Domini
640 1163 771 1200 proximo
786 1161 898 1198 futuro,
916 1158 989 1197 apud
1011 1155 1318 1201 XVestmonasterium,

260 1204 412 1240 responsuri
432 1205 511 1241 super
532 1200 676 1240 praemisfis
699 1199 815 1239 praefato
840 1198 998 1229 Mercatori
1022 1197 1082 1234 (cui
1096 1194 1179 1239 ‘diem
1194 1193 1319 1237 eundem

259 1241 439 1280 praefiximus)
462 1243 495 1273 δε
517 1242 545 1270 iri
567 1240 641 1270 dieta
665 1238 747 1270 causa
767 1237 973 1276 appellationis,
990 1243 1076 1275 prout
1090 1233 1201 1277 justum
1218 1232 1319 1276 suerit,

258 1280 434 1349 <{iargeeffurss
453 1280 572 1317 fafturi,
590 1280 675 1310 etiam
689 1279 723 1309 ὅ(
738 1277 876 1315 recepturi
891 1275 1024 1312 ulterius,
1042 1271 1120 1312 quod
1136 1270 1241 1311 justitia
1260 1270 1319 1301 sua-

279 1329 294 1349 e
317 1328 343 1348 it.

295 1356 329 1387 In
342 1357 438 1395 cujus,
456 1357 516 1388 &c.

293 1434 381 1464 Teste
395 1434 477 1474 Rege
488 1432 562 1473 apud
576 1432 705 1472 Kirkeby
717 1432 823 1463 od'tavo
835 1430 880 1461 die
896 1429 1002 1461 Martii.

351 1561 456 1593 Litera
479 1571 499 1591 a
516 1559 663 1592 Florentio
684 1560 796 1590 Comite
814 1554 980 1590 Hollandiae
997 1552 1033 1586 de
1051 1551 1219 1587 Credentia.

303 1643 473 1675 Erenifiimo
489 1643 629 1681 Principi,
650 1642 783 1673 Domino
798 1640 956 1678 Edwardo,
976 1639 1049 1679 Regi
1065 1637 1233 1677 ‘Anglorum
1255 1636 1318 1680 glo-

316 1682 478 1720 riofisfimo,
500 1682 656 1713 Florentius
672 1681 783 1711 Comes
795 1679 974 1716 Hollandiae,
986 1678 1047 1708 suus
1062 1684 1154 1714 totus,
1164 1676 1318 1713 praesentis-

254 1722 354 1752 fimam
375 1722 408 1753 &
432 1720 627 1760 paratissimam
648 1719 682 1751 ad
706 1729 884 1757 quaecunque
903 1717 983 1756 ipfius
999 1715 1173 1754 beneplacita
1187 1714 1317 1745 volunta-

254 1769 322 1791 tem.

292 1798 401 1829 vestr-ne
421 1798 603 1829 Excellentiae
624 1795 798 1827 honorandae
822 1794 982 1825 Arnoldurn
1004 1793 1041 1824 de
1060 1791 1151 1823 Raust
1165 1814 1174 1830 ,
1197 1789 1316 1835 familia-

254 1847 315 1867 rem
336 1837 467 1867 nostrum
480 1861 489 1874 ,
510 1836 629 1866 latorem
651 1835 829 1873 punientium
844 1857 853 1871 ,
878 1833 1105 1869 transmittimus,
1130 1830 1314 1867 supplicantes

252 1876 363 1913 studio,
382 1886 441 1913 quo
455 1875 601 1914 possumus
614 1875 766 1911 ampliore,
786 1882 919 1910 quatenus
935 1871 1045 1908 verbis,
1063 1879 1127 1908 quae
1139 1869 1231 1906 idem,
1247 1877 1314 1898 nos-

253 1923 298 1944 tro
312 1915 447 1951 nomine,
466 1914 547 1944 vobis
561 1913 635 1943 dicet
644 1935 653 1950 ,
671 1912 804 1942 adhibere
818 1911 974 1949 dignemini
987 1909 1099 1947 plenam
1112 1907 1215 1945 fidem,
1230 1907 1263 1938 &
1279 1905 1313 1937 ad

250 1963 284 1983 ea
298 1953 396 1983 oculos
408 1952 508 1982 vestrae
519 1951 725 1982 benevolentiae
739 1957 905 1981 convertere
918 1947 1059 1988 gratiosos.

289 1991 444 2028 Piaererea,
461 1990 592 2020 Domine
613 1988 770 2026 kariffime,
796 1989 916 2027 petimus
938 1986 1044 2017 intenta
1064 1994 1176 2023 mente,
1201 1992 1232 2015 ut
1252 1984 1312 2016 hoc

251 2029 373 2060 vestram
394 2039 454 2059 non
476 2038 591 2059 moveat
611 2028 870 2065 Dominationem,
889 2025 967 2063 quod
983 2035 1053 2062 nos,
1069 2024 1103 2054 ad
1118 2023 1238 2065 praesens
1258 2033 1311 2060 pro

251 2067 353 2098 nostris
365 2068 486 2106 negotiis
501 2066 694 2104 expediendis,
713 2065 786 2103 apud
800 2075 853 2095 vos
866 2064 977 2094 nostros
992 2063 1129 2093 Nuncios
1145 2062 1312 2100 sollempnes

253 2107 286 2137 δε
301 2106 491 2144 sublimiores,
510 2114 594 2143 prout
609 2104 709 2136 vestrae
724 2104 864 2143 Dignitati
880 2102 978 2142 Regiae
999 2103 1131 2132 conoruit
1151 2125 1161 2139 ,
1180 2110 1241 2131 non
1261 2100 1312 2130 de-

250 2144 485 2182 stinamus,causa
497 2143 621 2182 legitima
634 2142 836 2181 praepediente,
854 2151 940 2179 quam
954 2140 1032 2170 idem
1045 2125 1204 2178 Krnoldus,
1220 2138 1310 2169 Nun-

250 2185 310 2213 cius
332 2183 443 2220 noster,
462 2183 607 2212 Serenitati
628 2181 726 2211 vestim
738 2181 828 2211 verbo
840 2189 920 2211 tenus
932 2179 1096 2218 explicabit,
1115 2188 1184 2209 cuin
1202 2179 1310 2209 caeteris

250 2220 352 2252 nostris
366 2221 484 2259 negotiis
497 2220 664 2258 supraditstis.

289 2259 387 2290 Valeat
401 2261 433 2291 ὃς
447 2260 538 2298 vigeat
552 2258 642 2289 vestra
658 2257 827 2288 Dominatio
840 2267 890 2295 per
904 2265 1033 2294 tempora
1042 2255 1179 2295 longiora.

288 2385 399 2416 Citatio
419 2380 573 2429 Johannis
594 2384 682 2429 Regis
703 2384 802 2414 Scotiae
822 2379 867 2413 ad
878 2377 1107 2425 respondendum
1124 2382 1155 2410 in
1176 2380 1270 2410 Curia

371 2435 458 2478 Regis
478 2431 592 2479 Angliae
601 2431 691 2477 fitper
705 2428 827 2476 justitia
846 2427 1012 2472 Aiacdtffo
1032 2428 1188 2474 denegata.

798 2495 806 2506 0

316 2516 392 2556 EX,
410 2516 532 2562 superior
554 2516 699 2547 Dominus
718 2515 814 2554 Regni
834 2514 957 2551 Scotiae,
975 2512 1080 2543 dilecto
1101 2513 1136 2544 ὃς
1155 2511 1230 2543 fideli
1243 2512 1310 2552 suo,

330 2556 469 2595 Johanni,
487 2555 586 2586 eadem
601 2555 704 2593 gratia,
722 2554 797 2594 Regi
810 2553 915 2584 Scotiae
930 2551 1043 2590 illustri,
1060 2550 1185 2582 salutem.

289 2593 456 2633 Macduffo,
474 2593 532 2624 filio
549 2593 701 2624 Malcolmi
716 2592 860 2630 quondam
876 2591 1000 2621 Comitis
1011 2590 1048 2620 de
1070 2590 1130 2629 Fif,
1148 2591 1310 2629 accepimus

253 2641 429 2671 exponente,
452 2632 530 2671 quod
551 2642 619 2663 curn
640 2641 746 2669 nuper,
771 2631 841 2660 duni
860 2639 969 2660 eramus
989 2628 1062 2667 apud
1084 2628 1212 2659 Berewik
1231 2629 1260 2659 su

253 2670 411 2710 Twedam,
434 2671 604 2701 dedissemus
626 2669 777 2700 venerabili
795 2668 889 2706 Patn',
907 2667 960 2698 W.
978 2667 1111 2706 Episcopi
1131 2667 1227 2698 Sam-[ti
1277 2677 1310 2697 ri-

253 2708 344 2748 dreae,
363 2711 397 2741 &
412 2709 503 2740 Sociis
517 2710 585 2747 suis,
602 2708 777 2738 Custodibus
791 2706 916 2744 praedicti
930 2706 1026 2745 Regni
1040 2705 1163 2743 Scotiae,
1180 2707 1209 2736 in
1230 2716 1310 2736 man-

251 2747 339 2786 datis,
360 2757 389 2778 ut
405 2748 441 2778 de
456 2750 533 2778 terris
546 2748 579 2778 ὅτ.
592 2747 757 2778 tenementis
772 2745 852 2783 ipfius
866 2743 1036 2782 Mackduff,
1055 2744 1092 2773 de
1106 2743 1184 2774 Rere
1203 2754 1215 2773 s
1229 2745 1263 2775 &
1274 2745 1311 2775 de

253 2785 329 2824 Crey
344 2786 391 2823 (de
407 2787 507 2825 quibus
520 2797 569 2824 per
582 2786 692 2816 dietum
705 2783 896 2822 Episcopum,
915 2791 982 2813 tunc
999 2781 1161 2824 Custodem
1224 2784 1306 2814 mita-

252 2823 301 2891 ῑῦί
306 2824 344 2893 51³?
359 2825 420 2864 Fif,
435 2825 662 2864 conquerebatur
677 2823 703 2854 se
718 2823 774 2853 effe
787 2822 975 2852 deforciatum
989 2819 1100 2860 injuste)
1116 2821 1166 2850 libi
1174 2821 1308 2859 justitiam

250 2872 282 2892 ex
305 2873 312 2892 i
336 2872 428 2894 erent:

289 2900 326 2931 Et
340 2901 473 2939 demum,
492 2902 565 2937 iuxta
580 2901 701 2932 sormam
717 2898 838 2930 mandati
853 2896 941 2941 nostri
956 2897 1101 2936 praedieti,
1119 2907 1167 2934 per
1180 2897 1310 2928 confide-

252 2940 390 2969 rationem
407 2940 609 2978 pi-aedietorum
624 2938 805 2975 Custodum,
822 2937 946 2968 seilinam
958 2945 1094 2967 terrarum
1111 2937 1144 2968 ὃς
1161 2945 1308 2967 tenemen-

251 2986 349 3007 torum
361 2977 520 3016 hujusmodi
536 2977 737 3016 recuperasset:

281 3014 348 3058 ‚VOS
361 3015 397 3046 de
409 3017 511 3046 eisdem
525 3018 601 3048 terris
615 3018 648 3047 δε
663 3016 846 3052 tenementis,
866 3013 965 3052 injuste
981 3013 1014 3044 &
1035 3012 1093 3043 fine
1107 3013 1232 3052 judicio,
1250 3013 1308 3044 dis-

251 3052 383 3083 seisivistis
400 3055 522 3085 eundem
539 3079 549 3093 ,
576 3056 605 3085 iri
628 3055 709 3093 ipfius
724 3053 882 3091 dampnum
899 3063 959 3083 non
981 3051 1132 3082 modicum
1155 3053 1188 3083 ὃς
1211 3061 1308 3092 grava-

251 3101 334 3121 men:

290 3129 343 3168 Et,
363 3140 399 3160 ne
413 3130 451 3160 'us
465 3130 544 3161 suum
558 3130 769 3168 prosequeretur
782 3130 911 3168 ulterius,
929 3129 1062 3160 facientes
1074 3127 1198 3159 eundem
1209 3139 1306 3160 carce-

250 3168 297 3198 rali
311 3167 393 3199 custo
414 3170 447 3199 iae
461 3170 628 3206 mancipari,
643 3170 675 3200 &
688 3168 818 3206 tandem,
833 3169 911 3206 super
923 3168 1003 3199 dietis
1016 3168 1094 3198 terris
1108 3168 1142 3199 &
1158 3174 1306 3199 tenemen-

249 3208 301 3244 tis,
321 3207 464 3245 quoddam
479 3208 608 3245 iniquum
622 3207 680 3237 redi
690 3207 825 3246 judicium
840 3215 938 3237 contra
952 3217 1028 3236 eum.

288 3244 424 3283 Cumque
440 3245 641 3283 postmodum,
659 3246 673 3274 ἷι
689 3255 800 3275 carcere
823 3245 969 3283 liberatus,
986 3255 1039 3275 vos
1058 3243 1240 3282 requisivisset
1260 3246 1304 3275 in-

251 3282 354 3313 stanter
367 3285 399 3315 ὃ(
413 3284 531 3323 pluries,
549 3283 626 3322 quod
641 3284 730 3320 ipsum
744 3285 773 3313 in
794 3284 848 3313 ‘ure
864 3283 912 3313 suo
926 3285 1058 3314 curaretis
1077 3281 1187 3320 audii-e,
1205 3285 1239 3314 δε
1261 3285 1304 3314 su-

251 3331 300 3358 per
314 3324 452 3359 petitione
464 3323 525 3360 sua,
565 3332 630 3352 uam
645 3322 761 3352 faciebat
795 3332 811 3352 e
826 3322 966 3359 praedietis
978 3323 1056 3352 terris
1069 3322 1102 3352 &
1119 3324 1305 3361 tenementis,

251 3360 300 3389 fibi
314 3360 407 3391 facere
414 3361 460 3399 jus
471 3362 504 3392 δε
514 3362 544 3399 ju
572 3362 628 3391 itiae
643 3360 906 3398 complementum,
924 3360 1049 3390 offerens
1062 3359 1088 3389 se
1101 3367 1227 3397 paratum
1249 3360 1303 3391 do-

249 3407 331 3436 cere,
349 3399 385 3429 de
408 3399 545 3437 praedicto
560 3401 622 3437 jure
643 3399 706 3436 su0‚
726 3408 776 3436 per
796 3398 895 3428 litteras
913 3399 945 3429 δε
965 3399 1015 3429 alia
1035 3399 1054 3418 *¹
1075 3398 1201 3437 legitima
1213 3398 1305 3429 docu-

251 3444 363 3475 menta,
382 3447 433 3468 vos
449 3439 547 3468 omnia
561 3438 604 3468 illa
619 3437 686 3474 fibi,
703 3446 801 3466 contra
811 3437 855 3474 jus
871 3437 903 3468 δε
922 3437 1059 3475 justitiam
1078 3436 1247 3476 recusando,
1264 3437 1305 3468 fa-

250 3483 315 3503 cere
328 3474 502 3514 denegastis,
519 3485 550 3506 ut
564 3475 650 3513 dicit,

289 3509 404 3549 Propter
425 3524 489 3551 quae
509 3514 658 3551 piaediftus
683 3511 868 3543 Mackduffus
886 3513 902 3542 a
922 3513 1130 3550 gravaminibus
1143 3512 1308 3552 antedictis,

251 3558 307 3578 nec
320 3559 376 3579 non
391 3553 422 3582 &
439 3554 454 3582 a
469 3552 608 3590 praeditsto
616 3550 742 3590 judicio,
758 3560 891 3589 tanquam
905 3552 941 3580 ab
954 3553 1071 3591 iniquo,
1088 3562 1121 3582 ac
1138 3551 1207 3589 juris
1225 3552 1305 3582 defe-

253 3586 320 3629 έζυ,
338 3587 382 3631 seu
393 3591 459 3631 jnris
471 3591 674 3630 denegatione,
713 3599 740 3618 er
754 3599 806 3618 vos
821 3589 870 3619 fibi
883 3589 977 3626 faffis,
993 3590 1028 3620 ad
1040 3600 1109 3630 nos,
1126 3598 1159 3620 ut
1171 3589 1205 3619 ad
1225 3590 1305 3629 supe-

256 3633 359 3653 norem
374 3630 451 3665 ipsius
465 3628 560 3668 Regni
573 3629 679 3659 Scotiae
725 3629 858 3657 ominum
868 3652 877 3665 ,
892 3629 1054 3666 appellavit,

294 3660 393 3706 Perens
407 3666 438 3694 &
453 3667 604 3704 supplicans
618 3676 668 3704 per
682 3676 752 3703 nos,
772 3667 800 3695 in
817 3666 902 3695 vestri
924 3667 1087 3705 defectum,
1104 3665 1155 3696 fibi
1169 3666 1305 3705 justitiam

255 3699 393 3736 exhiberi,
409 3702 562 3734 secundum
577 3704 672 3743 quod,
691 3705 797 3734 ratione
810 3703 1003 3740 superioritatis
1018 3705 1166 3743 Dominii,
1185 3704 1263 3743 quod
1277 3707 1306 3735 in

255 3736 367 3782 eodemx
374 3738 479 3775 Regno
493 3743 642 3780 habemus,
659 3742 693 3772 ad
707 3752 759 3772 iios
771 3742 922 3772 dinoscitur
936 3745 1082 3779 pertinere.

294 3773 402 3804 Verum
415 3779 483 3807 cum
495 3780 566 3816 justa
580 3781 736 3818 petentibus
750 3791 810 3811 non
829 3780 860 3809 iit
883 3780 1063 3818 denegandus
1083 3780 1208 3820 auditus,
1223 3782 1305 3812 vobis

257 3812 438 3851 mandamus,
456 3815 771 3859 firmitersinjungenteg
790 3818 868 3856 quod
883 3819 936 3848 fitis
950 3830 1047 3850 coram
1062 3820 1159 3856 nobis,
1170 3820 1199 3848 in
1209 3819 1306 3849 crasti-

257 3860 298 3880 no
319 3850 429 3893 San-Ctae
448 3852 588 3885 Trinitatis
635 3857 799 3894 ubicunque
817 3865 885 3886 tunc
903 3857 1039 3888 fuerimus
1060 3859 1090 3888 iri
1113 3857 1231 3895 Anglia,
1262 3867 1306 3887 re-

258 3888 380 3932 sponsuri
393 3888 471 3932 super
483 3879 623 3934 praemisfis
635 3895 751 3931 praesato
766 3894 926 3924 Mackduff
937 3897 994 3932 (cui
1007 3896 1084 3926 diem
1096 3893 1218 3925 eundem
1233 3905 1305 3932 prae-

257 3925 378 3970 fixlmus)
395 3927 427 3957 &
448 3929 563 3972 m-dieta
581 3933 660 3961 causti
674 3933 878 3970 appellati01ii<‚
898 3942 982 3970 prout
995 3934 1104 3972 justum
1120 3934 1220 3971 fuerit,
1239 3943 1307 3971 pro-

252 3965 373 4033 {ssffim’
391 3964 490 3996 facturi
508 3975 609 4005 etiam,
633 3971 666 4000 &
684 3972 823 4009 recepturi
841 3971 973 4011 ulterius,
997 3972 1077 4012 quod
1090 3971 1195 4012 justitia
1211 3970 1308 4002 suade-

702 104 1506 159 CONVENTIONES‚
1561 103 1948 151 LITERAE,

2439 185 2514 217 Arin.
2524 182 2566 224 D,

2462 230 2547 265 1293.

2436 267 2503 294 Edv.
2521 275 2548 294 1.

1393 190 1428 221 In
1439 190 1519 229 cujus
1533 191 1590 229 rei,
1607 192 1668 223 &c.

1393 267 1484 298 Teste
1498 266 1584 304 Rege
1595 267 1670 305 apud
1682 266 1819 298 Cantebr.
1837 266 1969 298 vicesima
1983 265 2080 303 quinta
2093 263 2140 295 die
2155 263 2264 296 Martii.

1393 306 1432 336 Et
1451 305 1615 348 mandatum
1629 305 1670 336 est
1686 306 1838 336 Vicecom.
1858 304 2054 336 Northumbr.
2073 301 2154 342 quod
2178 302 2328 341 praedidtas
2349 302 2423 335 litte-

1357 346 1533 420 ἷεὲἓικιαῑο
1545 343 1623 382 Regi
1634 344 1744 409 ‘Scotiae
1758 346 1788 374 in
1802 345 1914 383 propria
1927 342 2043 381 persona
2054 341 2161 373 deferat
2173 343 2207 374 &
2227 341 2375 380 praesentet
2389 350 2421 374 ut

1396 457 1487 488 Teste
1499 465 1529 488 ut
1543 458 1629 497 supra.

1639 583 1687 615 De
1699 586 1827 628 pecunia
1844 581 1960 615 decimae
1979 591 2134 614 mutuata.

1425 665 1481 696 EX
1497 666 1649 705 omnibus,
1666 667 1727 698 ὅτε.
1745 667 1869 698 salutern.
2432 657 2509 697 Ann-
2521 667 2565 703 D.

1461 705 1560 735 Sciatis
1582 705 1661 743 quod
1679 706 1750 736 cum
1772 716 1824 736 rios
1845 705 2121 750 recipi⁴fecerimus,
2143 715 2194 744 per
2215 703 2420 738 Chariffimum
2454 714 2538 746 1293.

1361 741 1475 785 fratrem
1489 742 1636 786 nostrum,
1653 743 1843 787 Edmundum
1857 743 2007 787 Comitem
2031 744 2220 784 Leycestriae,
2236 755 2252 774 a
2274 746 2422 777 venerabi·
2434 747 2486 773 An.
2502 755 2547 776 21.

1452 781 1866 851 JW
1880 782 1920 812 0·
1940 782 2073 851 ιιι·
2270 783 2462 854 case}
2487 793 2510 812 ·-

1361 856 1559 903 Αρᾳῇοζίεαπι
1574 833 1846 902 deputatis,ldecem
1858 831 1943 903 {21¹ss
1955 830 2302 903 fibrarurfiosntgslinaegorzedi
2316 861 2354 892 de
2369 833 2420 901 {tep-
2433 830 2547 890 Εῗῖ-Ζηὶἶ

1361 905 1446 926 cunia
1461 896 1583 944 eiusdem
1598 896 1823 942 Df29¹mae2.p.¹0
1837 897 2002 942 quibusdam
2015 896 2104 928 arduis
2124 900 2242 938 negotiis
2263 899 2364 931 nostris
2388 902 2417 931 in
2435 899 2476 926 18·
2493 903 2542 927 Ce-

1359 933 1578 1004 gggggffik&
1600 936 1683 974 alibi,
1701 944 1735 966 ex
1757 936 1934 975 injund’tione
1953 937 1986 968 ὃς
2008 945 2154 976 praecepto
2172 936 2273 968 nostro
2292 938 2418 978 speciali,
2431 938 2486 965 dul.

1381 1050 1386 1055 ι
1425 1020 1454 1050 t,
1469 1022 1534 1081 plr)ol
1538 1011 1687 1080 1ᾀίξὶοιᾞιτι
1703 1011 1907 1081 Csslledtorum
1921 1012 2066 1043 securitate
2065 1036 2088 1081 ᾗ

1358 1058 1462 1156 Ξὲῗέῐῑῐει
1478 1051 2130 1134 τηιίιΙΙιιὶξιιιιεῐῖἰᾶξιῗυιιι,εὲἓῗιῗέξὲῐωυῃῖῃῖξηᾱαφ
2149 1090 2183 1120 &
2203 1099 2351 1131 rogatum,
2368 1095 2422 1123 eis-

1359 1127 2155 1206 ςὲἑὲιῗιῖἷέῐῗῖοὲξὲἑιῖἓὲἕᾎῗιὲᾶῗὲἓῗι’ἐὲἓὲῗὰῗ,
2164 1128 2421 1201 ammisit?-

1360 1214 1398 1235 σο
1419 1214 1585 1288 ¹isizslaetiii'rqiie
1598 1243 1783 1288 Edmuiidus,
1800 1243 1884 1275 frater
1899 1243 2012 1288 noster,
2031 1243 2234 1274 nichilominus
2253 1244 2421 1289 praedidam

1359 1291 1488 1326 pecluniae
1503 1283 1643 1314 summam
1656 1282 1706 1313 fibi
1718 1291 1874 1327 mutuatam
1888 1282 1969 1313 fuisse
1989 1283 2024 1314 ὃς
2043 1282 2077 1327 ad
2096 1282 2123 1313 se
2144 1283 2316 1322 pervemffe,
2334 1285 2368 1316 ὅτ
2387 1286 2420 1316 in

1358 1321 1507 1352 utilitatem
1521 1322 1596 1353 suam
1610 1321 1778 1353 conversam
1793 1320 1874 1352 fuisse
1886 1329 2104 1360 recognoverit,
2123 1321 2158 1352 &
2171 1321 2291 1352 eandem
2304 1322 2422 1355 reddere

2102 1012 2293 1053 Mercatores,
2310 1015 2347 1046 de
2365 1015 2421 1048 So-

2089 1051 2223 1090 lorentia‚
2244 1053 2273 1082 se
2292 1054 2320 1083 in
2340 1054 2423 1085 dietis

1302 1367 1309 1377 ¹
1358 1359 1532 1399 promiserit,
1551 1369 1636 1398 prout
1656 1361 1685 1390 in
1705 1359 1811 1397 scriptis
1831 1360 2002 1399 obligatoriis
2020 1360 2108 1390 fratris
2127 1359 2234 1399 nostri,
2252 1361 2286 1392 ὃ(
2304 1361 2421 1393 Merm-

1359 1406 1454 1429 torum
1468 1398 1687 1438 praedidtorum,
1705 1397 1785 1438 super
1799 1397 1959 1437 hujusmodi
1973 1398 2234 1438 recognitionibus,
2251 1399 2362 1432 divisim
2384 1402 2420 1433 δε

1356 1436 1500 1475 separatim
1515 1437 1674 1475 confeecis,
1690 1436 1830 1481 praemisia
1843 1436 1951 1480 plenius
1966 1437 2159 1482 continentur.
2206 1477 2212 1482 .

1356 1515 1385 1543 in
1396 1475 1819 1552 fflssgqggffigfflggffiffi
1837 1475 2421 1556 {ff‘ssssiffiffifndffifuffimffcsssffi‘gafff

1357 1562 1423 1596 neS,
1441 1562 1499 1584 tam
1512 1553 1602 1584 fratris
1617 1552 1718 1591 nostri,
1737 1552 1822 1591 quam
1838 1551 2036 1583 Mercatorum
2049 1551 2270 1591 praenietorum,
2288 1564 2342 1592 pro
2363 1565 2420 1587 no.

1356 1591 1399 1635 bis
1411 1593 1445 1623 &
1459 1591 1559 1622 nostris
1572 1591 1701 1631 agendis,
1719 1592 1752 1624 &
1764 1590 1801 1622 de
1814 1591 1948 1622 mandato
1968 1590 2086 1629 nostro,
2104 1598 2135 1622 ut
2153 1592 2348 1632 praetnittitur,
2366 1594 2420 1625 sint

1356 1638 1425 1660 inita
1440 1631 1473 1661 &
1486 1631 1642 1662 contraita.

1394 1668 1464 1699 Nos
1476 1693 1485 1706 ,
1516 1668 1709 1707 indempnitati
1736 1667 1934 1699 Mercatorum
1951 1666 2155 1706 praediitorum
2177 1668 2302 1700 volentes
2319 1671 2348 1700 in
2363 1670 2418 1703 hac

1355 1707 1688 1776 pcssiieec‘iss‘r'ssffcssi‘ssc'nous}
1704 1705 2187 1776 ὲΞἛἚῗῖιιιὲἒῗὲῗὲιέῗιιῗωξῗ
2205 1709 2420 1777 ῐέαὲηῇῑω

1352 1783 1405 1828 lios
1419 1809 1429 1823 ,
1453 1784 1533 1822 super
1543 1770 1767 1824 'obligationibus
1782 1782 1942 1822 hujusmodi
1957 1806 1968 1822 ,
1998 1784 2032 1814 &
2050 1755 2417 1826 praeffidhqsummiqplezg.

1355 1832 1410 1852 niae
1434 1824 1545 1861 quietos
1570 1823 1661 1854 facere
1673 1845 1683 1863 ,
1708 1822 1742 1854 &
1770 1821 1936 1863 ‘indempnes
1956 1822 2147 1861 promittimus
2166 1821 2284 1854 fideliter
2302 1826 2415 1856 conser-

1353 1871 1426 1892 vare.

1391 1899 1426 1930 In
1442 1900 1536 1940 cujus,
1555 1900 1617 1935 &c.

1392 1979 1483 2012 Teste
1497 1980 1579 2022 Rege
1591 1981 1666 2020 apud
1678 1981 1804 2013 Westm.
1821 1981 1895 2013 sexta
1909 1979 1954 2012 die
1972 1978 2046 2012 Maii

1351 2018 1640 2095 gfflssoducentefimo
1657 2021 1847 2060 nonagesimo
1866 2021 1968 2057 tertio,
1992 2021 2026 2051 &

2081 1989 2159 2013 anno
2178 1978 2304 2012 Domini
2324 1983 2416 2015 mille-

2047 2005 2146 2059 Regni
2166 2019 2256 2051 nostri
2279 2022 2417 2054 vicesimo

1384 2182 1493 2214 Litera
1508 2192 1529 2213 a
1549 2184 1665 2215 comite
1679 2181 1828 2215 Flandriae
1839 2208 1849 2224 ,
1874 2181 1912 2214 de
1925 2179 2074 2228 difi·ordia
2088 2191 2155 2215 orta
2169 2184 2247 2214 inter
2261 2178 2393 2216 homines

1690 2229 1859 2273 Flandriae,
1884 2233 1922 2269 (ῥ’
1939 2231 2064 2277 Angliae.

1419 2313 1651 2358 Xeellentisfirno
1663 2313 1863 2359 Domino-suo
1877 2313 2021 2358 Edwardo
2031 2337 2042 2352 ,
2059 2313 2118 2358 Dei
2132 2313 2221 2358 gratia
2255 2313 2330 2359 Regi
2350 2313 2414 2346 An-
2432 2306 2506 2338 Am·
2516 2306 2564 2340 D·

1430 2353 1511 2390 gliae,
1530 2352 1664 2397 Domino
1686 2352 1836 2383 Hibemiae
1863 2363 1904 2397 *ac
1924 2352 2005 2384 Duci
2022 2353 2183 2391 Aquitaniae
2204 2338 2319 2391 ilsustri,
2336 2353 2413 2385 Gui-
2450 2355 2535 2386 ¹293-

1352 2389 1392 2420 do
1400 2412 1411 2432 2
1429 2390 1540 2435 Comes
1554 2390 1690 2435 Flandrige
1704 2392 1738 2423 &
1753 2376 1889 2422 Marcfiio
1903 2390 2121 2435 Namurc'ensis,
2139 2390 2270 2435 salutern,
2286 2392 2320 2423 &
2343 2402 2412 2424 cum
2428 2388 2478 2413 ²¹¹¹·
2498 2394 2544 2414 2¹·

1351 2428 1526 2467 Obiequendl
1546 2429 1789 2469 promptitudine,
1818 2439 1940 2469 paratam
1959 2429 1994 2461 ad
2013 2439 2070 2469 ejus
2088 2429 2262 2468 beneplacita
2282 2429 2413 2462 volunta-
2428 2427 2458 2489 {-
2483 2433 2535 2490 ¹0·'‚

1350 2475 1436 2550 [Uerg-x
1448 2506 1635 2555 insinuatione
1647 2506 1772 2538 clamosa
1784 2506 1987 2538 Mercatorum
2003 2506 2037 2538 &
2050 2506 2222 2552 hominurn,
2240 2507 2306 2547 qui,
2324 2517 2413 2548 nego-
2427 2472 2502 2537 ἦν’*
2524 2471 2562 2499 tg-

1352 2551 1473 2589 tiationis
1487 2555 1569 2576 causa
1581 2585 1585 2590 Π
1602 2554 1703 2591 terram
1712 2569 1722 2585 ,
1739 2547 1773 2578 &
1783 2554 1880 2584 portus
1890 2545 2003 2590 nostros
2017 2545 2155 2576 Flandriae
2174 2546 2352 2590 frequentare
2373 2557 2414 2578 as—
2429 2540 2491 2567 Tur·

1350 2582 1504 2626 sueverint,
1523 2594 1556 2615 au
1579 2595 1680 2615 ivimus
1717 2584 1774 2615 uod
1786 2595 1825 2615 nu
1847 2595 1877 2615 er
1890 2593 1962 2615 inter
1982 2584 2092 2616 vestros
2110 2583 2148 2614 de
2165 2583 2278 2615 Baionia
2298 2586 2332 2617 &
2353 2585 2415 2617 An—

1353 2620 1425 2664 gl122
1443 2622 1477 2652 &
1495 2622 1608 2680 noffros
1627 2623 1665 2654 de
1683 2623 1706 2653 F
1717 2623 1811 2654 andria
1852 2624 1962 2667 omines
1981 2622 2294 2692 quosdam&ducentes
2315 2623 2411 2668 Navi·
2429 2660 2445 2678 1

1351 2660 2119 2737 ιἰἰωίιίἰιϊι
2141 2661 2414 2736 saansaan
2455 2657 2561 2690 ¹¹⁶⁸·

1353 2744 1461 2766 mortui
1474 2737 1549 2775 sunt,
1570 2738 1604 2768 &
1617 2737 1684 2775 passi
1699 2738 1761 2781 sunt
1773 2735 2065 2781 infimti'Mercatores
2087 2746 2181 2767 rerum
2199 2737 2327 2777 suarum,
2345 2749 2412 2777 quae

1351 2773 1386 2804 ad
1401 2783 1497 2818 portus
1509 2774 1621 2806 nostros
1637 2775 1774 2805 Flandriae
1786 2774 1888 2819 adduci
1901 2774 2076 2819 debuerunt,
2091 2783 2175 2819 grave
2188 2774 2360 2819 dampnum,
2374 2787 2411 2808 ex

1351 2823 1411 2850 quo
1425 2813 1587 2857 timendum
1602 2812 1644 2843 est
1655 2824 1691 2844 ne
1705 2813 1780 2852 quasi
1794 2813 1951 2845 umversalis
1963 2811 2048 2844 status
2068 2821 2298 2851 negotiationum
2315 2816 2411 2847 turbe-

1351 2859 1421 2919 tur131
1426 2851 1482 2894 *nisi
1495 2852 1581 2882 celeri
1594 2853 1722 2883 remedio
1732 2860 1915 2896 occurratur:
2117 2891 2123 2896 .

1350 2899 1470 2973 sqrassss'f
1477 2890 1633 2973 ὃῖξιὲῗιὲῗ
1645 2890 1829 2972 ἐζῙῗξὲῗῖξΞΨ
1863 2888 2164 2967 ὃξῶἷῗέῗιῖΐὲῐῖἒ
2172 2889 2413 2963 Ῑῡῧῗὲἓιῗὲἷῗῖ

1351 2976 1410 3004 gis,
1429 2967 1463 2998 &
1478 2966 1722 3012 W¹¹¹¹elm51m.d5²
1734 2967 1816 3006 Speia
1829 2967 1866 2997 de
1879 2966 1958 3011 Dam
1966 2990 1976 3004 ,
1993 2966 2131 3011 opidanos
2143 2967 2256 3012 nostros
2269 2967 2410 3009 dilectos,

1350 3005 1384 3035 ad
1408 3004 1509 3036 vestrae
1530 3005 1727 3050 magnitudinis
1747 3005 1941 3037 excellentiam
1957 3005 2144 3044 destinamus,
2161 3006 2291 3044 precibus
2304 3008 2410 3039 intimis

1350 3052 1479 3083 rogantes
1492 3052 1620 3090 quatinus
1634 3043 1736 3074 eisdem
1745 3068 1755 3083 ,
1774 3044 1819 3088 seu
1835 3043 1962 3082 duobus,
1979 3053 2026 3075 aut
2040 3045 2090 3075 uni
2101 3053 2136 3089 eir
2149 3046 2204 3083 eis,
2222 3046 2252 3075 in
2265 3045 2317 3076 hiis
2326 3057 2408 3085 ,quae

1349 3092 1384 3112 ex
1404 3090 1480 3125 parte
1496 3082 1590 3126 nostra
1611 3083 1691 3120 super
1712 3082 1876 3126 praermffis,
1894 3084 1928 3114 δε
1948 3092 1980 3113 ea
2002 3083 2200 3121 tangentibus,
2216 3084 2408 3125 exposuerint,

1347 3120 1434 3151 fidem
1448 3119 1632 3165 indubitatam
1647 3121 1797 3165 clementia
1811 3121 1910 3159 regalis
1923 3121 2052 3160 dignetur
2064 3121 2205 3151 adhibere.

1386 3157 1502 3190 Crescat
1518 3159 1552 3190 &
1565 3167 1660 3197 vigeat
1674 3169 1703 3189 in
1716 3158 1852 3190 Domino
1864 3160 1955 3192 vestra
1970 3161 2042 3199 regia
2055 3159 2230 3199 magnitudo.

1383 3235 1494 3266 Datum
1508 3235 1583 3274 apud
1599 3235 1726 3266 Maleam
1738 3237 1816 3275 juxta
1828 3236 1929 3276 Brugis
1941 3239 1972 3269 in
1985 3236 2077 3278 vigilia
2092 3235 2276 3268 Assentionis.

1346 3374 1456 3405 Citatio
1476 3372 1562 3416 Regis
1580 3373 1678 3402 Scotiae
1693 3367 1738 3401 ad
1751 3368 1997 3417 respondendum,
2016 3370 2108 3416 fieper
2131 3370 2337 3417 Appellatione
2363 3371 2409 3405 ad

1393 3422 1502 3466 Regem
1522 3419 1638 3465 Angliae
1648 3445 1658 3460 ,
1680 3428 1734 3464 per
1750 3417 1927 3462 Austricam
1943 3416 2082 3451 haeredem
2099 3421 2236 3467 Magni,
2252 3418 2404 3466 quondam

1391 3471 1479 3515 Regis
1498 3469 1645 3500 Manm‘ae.

1345 3551 1468 3613 REX
1481 3574 1491 3590 ,
1516 3551 1576 3595 &o
1603 3550 1726 3589 superior
1747 3551 1891 3582 Dominus
1910 3551 2016 3583 Scotiae
2030 3575 2040 3590 ,
2061 3551 2168 3582 diletff’m
2188 3552 2223 3583 &
2239 3550 2314 3583 fideli
2330 3551 2399 3591 suo,
2418 3552 2495 3583 Ann.
2510 3551 2553 3586 D.

1423 3590 1565 3628 Johanni,
1583 3590 1681 3619 eadem
1695 3591 1798 3630 gratia,
1814 3591 1889 3628 Regi
1903 3591 2008 3622 Scotiae
2021 3590 2137 3629 illustri,
2153 3590 2276 3621 salutern.
2440 3601 2528 3631 1293,

1383 3628 1531 3672 Austrica‚
1556 3627 1773 3672 Consanguinea
1792 3630 1826 3660 &
1847 3624 2044 3669 Haerede„ut
2063 3628 2172 3668 afferit,
2193 3628 2294 3668 Magni
2308 3637 2401 3666 quon·
2418 3635 2473 3658 An.
2488 3640 2534 3659 21.

1345 3665 1411 3696 dam
1433 3666 1521 3705 Regis
1540 3665 1685 3710 Manniae,
1707 3669 1868 3705 accepimus
1888 3675 2064 3707 exponente,
2081 3666 2160 3706 quod
2200 3675 2268 3696 curn
2289 3666 2344 3704 ipsa
2365 3667 2400 3699 ad
2421 3674 2450 3696 Ε.
2473 3678 2497 3697 i.

1345 3704 1466 3748 vestram
1481 3703 1655 3742 praesentlam
1667 3706 1837 3744 acceffisset,
1855 3706 1974 3736 asserens
1988 3715 2092 3736 terram
2105 3705 2141 3734 de
2157 3689 2229 3734 Man
2242 3701 2298 3734 effe
2308 3706 2352 3743 jus
2365 3707 2400 3737 &
2418 3711 2550 3736 Rot.scot.

1345 3742 1551 3786 l-laereditatem
1570 3742 1663 3782 suam,
1681 3745 1715 3775 &
1736 3755 1789 3775 vos
1807 3744 1989 3782 requisivisset
2006 3743 2192 3773 instanter&
2204 3741 2305 3787 pluries
2320 3744 2399 3782 quod
2418 3749 2455 3773 A.
2471 3754 2516 3774 21.

1344 3780 1430 3824 ipsam
1444 3791 1472 3810 iri
1483 3791 1542 3818 Jure
1556 3781 1605 3811 suo
1618 3784 1746 3813 curaretis
1757 3783 1868 3821 audire,
1885 3784 1919 3813 &
1932 3783 2012 3820 super
2025 3781 2160 3820 petitione
2171 3779 2217 3809 sua
2225 3802 2235 3818 ,
2254 3790 2339 3819 quam
2359 3782 2401 3813 fa-
2417 3793 2453 3812 m.
2467 3792 2496 3818 4.

1345 3820 1439 3848 ciebat
1452 3818 1490 3848 de
1503 3819 1574 3849 terra
1589 3820 1740 3859 praediCta,
1758 3821 1809 3852 fibi
1820 3821 1913 3851 facere
1922 3821 1965 3858 jus
1977 3821 2010 3850 &
2024 3818 2138 3856 justitiae
2156 3818 2404 3856 complementum

1347 3856 1484 3901 (offerens
1496 3857 1522 3886 se
1537 3867 1656 3895 paratam
1671 3859 1793 3897 docere,
1808 3859 1846 3889 de
1858 3858 1994 3898 praediCto
2003 3858 2065 3896 jure
2077 3856 2143 3893 su0‚
2157 3855 2185 3884 in
2208 3856 2301 3888 forma
2321 3858 2402 3890 debi-

1345 3903 1391 3932 ta,
1407 3894 1561 3925 secundum
1582 3896 1676 3933 legem
1696 3899 1730 3928 ὃς
1750 3896 1984 3928 constitutionem
2037 3894 2121 3923 rtium
2144 3892 2265 3933 illarum)
2287 3906 2340 3928 vos
2359 3898 2403 3929 su-

1347 3933 1470 3971 pradicta
1484 3933 1533 3964 fibi
1549 3934 1656 3974 facere,
1673 3945 1704 3966 ut
1717 3935 1836 3970 dicitur,
1856 3943 1955 3976 conti-a
1964 3903 2099 3976 juffidam
2115 3929 2278 3972 denegastis.
2393 3967 2396 3970 ,

1386 3970 1506 4015 Propter
1526 3982 1589 4009 quae
1609 3973 1745 4013 praedicta
1767 3972 1896 4003 Austrica
1910 3971 1928 4001 a
1936 3979 2004 4008 juris
2015 3968 2146 4012 defeetu‚
2162 3971 2209 4001 seu
2221 3971 2335 4012 justitiae
2350 3972 2401 4005 de-

1347 4018 1513 4049 negatione,
1531 4011 1548 4042 a
1560 4012 1642 4044 vobis
1656 4011 1693 4043 ad
1708 4021 1778 4050 nos,
1796 4018 1828 4042 ut
1842 4009 1876 4042 ad
1889 4008 2060 4047 superiorem
2075 4008 2157 4046 ipsius
2175 4008 2274 4051 Regni
2294 4012 2407 4081 Sccbtig
