2570 4261
707 91 1503 147 CONVENTIONES,
1561 88 1953 135 L'ITERAE,

244 128 260 155 1
270 114 321 154 68

93 197 169 228 Arm.
182 196 225 227 D.
1356 217 1361 221 ¹
1380 176 1418 207 Et
1433 176 1511 221 quod
1523 177 1562 208 illi
1573 176 1610 208 de
1623 177 1654 221 R
1709 177 1751 215 la,
1768 174 1937 220 qui'detent‘i
1948 172 2061 217 suerunt
2072 171 2146 211 apud
2160 172 2336 218 Olet-oneng
2346 173 2400 206 sci.
2411 166 2490 213 Αιιιιτ
2502 168 2556 204 m

497 245 502 247 -
1425 214 1658 284 Ἣ
1693 210 2519 286 aarum}

91 278 156 302 Hen.
170 283 196 310 3.
470 298 520 328 Dc
533 290 688 337 discordiis
705 294 736 323 in
755 292 808 324 W
824 293 907 322 mnia
918 286 1070 334 fidandis·
1341 264 1538 335 asscgffigtfm
1547 264 1707 324 1advenliiirm
1716 263 1849 322 ῗιοίῗτῗιπι
1861 289 1906 321 vel
1919 288 1967 319 filii
1981 287 2071 320 nostri
2082 289 2113 319 in
2123 272 2304 321 Wasconia'
2317 261 2336 282 u
2346 261 2401 292 que
2468 268 2476 277 Ι
2499 269 2521 296 ’““

93 378 170 409 Ann-
186 376 228 407 D·
322 381 440 411 Enricus
454 401 463 415 ,
482 378 539 408 Dei
559 376 646 415 gratis
657 399 667 414 ,
684 375 748 406 Rex
768 375 878 415 Angliae
893 397 902 412 ,
916 374 976 404 &Q
997 371 1130 403 omnibus
1143 366 1252 399 Ballivis
1265 365 1300 396 &
1375 330 1410 361 In
1424 341 1516 368 culus'
1534 331 1595 361 &c-

118 424 202 455 1252-
337 419 460 448 fidelibus
475 417 540 454 suis,
558 416 603 445 has
616 415 716 458 litteras
728 414 840 452 visuris,
858 414 902 457 vel
921 411 1069 447 audituris,
1087 410 1208 439 salutern.
1225 444 1230 448 ι
1247 443 1252 448 y
1379 406 1467 450 Teste
1484 406 1566 446 Rege
1585 405 1658 447 apud
1670 405 1872 438 windesoram
1885 427 1896 443 ,
1918 412 1951 444 13
1968 403 2014 435 die
2023 403 2120 445 Junii,
2137 413 2228 442 anim,
2245 403 2305 435 &c.
2318 403 2402 436 trice·-

92 458 145 482 An.
163 457 206 491 3⁶-
281 458 360 488 Cum
373 478 383 493 ,
406 465 457 496 per
478 457 588 485 crebras
604 453 777 494 diversorum
795 453 939 481 telamones
954 472 963 487 ,
980 450 1014 491 ad
1034 447 1159 477 nostram
1172 450 1301 474 nonnam
1342 444 1414 475 fimo
1425 448 1509 475 seggo,

90 497 126 520 H.
149 501 173 528 3·
242 495 407 535 pervenisset
419 503 516 530 graves
535 502 610 523 ortas
623 491 703 522 fuisse
717 491 863 521 diicordias
879 491 951 518 inter
964 488 1115 517 Simonem
1135 484 1170 513 de
1183 481 1302 512 Monte.-

517 531 692 567 Leicestriae,
711 530 809 560 locum
824 527 953 558 nostrum
974 527 1004 554 in
1018 523 1173 553 Wasconia
1185 520 1302 550 Tenen-

91 530 204 566 Pat·3⁶·
241 535 325 572 forti,
344 532 494 562 Comitem
997 561 1147 593 Buruenses
1181 568 1213 588 ac
1235 557 1303 586 alios

1053 586 1070 600 0
1152 582 1161 597 2

91 572 128 594 H.
147 577 171 603 3·
186 576 222 594 ²⁷²·
239 582 311 604 tem:
332 571 365 601 &
384 570 517 609 quosdam
540 570 703 613 Magnates,
722 567 839 597 Barones
854 588 864 604 ,
877 565 977 601 Cives,

93 615 118 649 ,7-
129 605 154 632 d.
238 621 320 642 terrae
333 609 437 639 nostrae
453 608 616 638 wasconiae
629 619 638 644 3
1174 635 1179 640 1

91 652 117 671 '7¹
132 643 225 671 cedula.
278 649 324 679 Ad
339 658 404 685 quas
421 646 550 677 sedandas
564 644 722 676 remedium
736 642 866 673 adhibere
885 640 1011 670 volentes
1026 661 1035 676 ,
1050 633 1239 671 venerabilem
1254 642 1301 670 pa-

242 696 315 718 trem
339 687 379 716 G.
402 685 570 723 Burtlegaliae
584 681 834 719 Archiepiscopum
850 704 860 718 ,
883 681 914 710 &
935 677 1070 719 quosdam
1086 673 1250 711 Magnates,
1265 681 1300 701 ac

240 727 307 756 alios
321 724 465 761 Clericos,
491 726 524 753 δε
547 722 648 752 Laicos
669 721 738 749 illius
754 728 835 750 terrie
849 719 883 749 ad
897 716 1068 757 praesentiam
1080 712 1207 743 nostram
1226 711 1301 740 fece-

240 766 329 795 rimus
344 763 470 794 evocari:
1167 789 1171 794 ι

278 803 415 842 Quorum
428 799 524 830 auditis
539 800 572 830 ὃς
592 796 736 827 intellec'tis
750 796 819 824 hinc
838 793 901 823 inde
916 791 1074 835 propositis,
1093 790 1135 832 &⁴
1145 787 1204 818 viso
1220 785 1298 826 quod

237 841 307 871 hinc
321 835 387 870 inde
409 837 548 877 proposita
567 845 665 866 coram
682 834 765 864 nobis
778 843 837 863 non
848 833 992 871 potuimus
1007 840 1038 860 m
1053 828 1154 867 Anglii
1166 835 1300 857 commo-

1391 568 1419 594 *
1438 570 1526 602 Bulla
1544 573 1703 603 monitoria
1719 572 1794 616 Regi
1810 569 1945 615 Angliae,
1961 578 2016 613 pro
2027 567 2164 614 Epiftopo
2182 568 2361 609 Menevenst
2411 575 2427 592 ὓ
2445 576 2468 605 1,
2479 578 2545 614 47⁶·

1683 618 1774 664 staper
1786 619 1858 664 jure
1869 626 2058 664 patronatus.
2412 656 2480 713 ΑᾹῚ

2483 681 2544 715 .D.

1342 701 1565 770 12¹9chssstOE
1579 700 1845 747 EpiscopuS,serviis
1853 701 1994 732 servorum
2007 700 2082 739 Dei,
2097 699 2272 745 cariffimoin
2280 695 2400 745 Christo
2432 730 2467 752 12

1414 741 1464 771 1110
1535 740 1611 780 Regi
1623 740 1738 778 Angliae
1750 740 1848 771 illustri
1859 740 1972 771 salutern
1987 740 2020 771 &
2033 739 2217 779 apostolicam
2224 738 2398 770 benedictio-
2408 763 2460 787 An.
2469 730 2529 797 ςζὲ

1338 787 1448 847 nelli-ite
1463 825 1538 855 patet
1558 815 1636 855 quod
1650 816 1685 847 ad
1697 816 1852 848 extollenda
1872 816 2008 855 justorum
2023 817 2180 857 praeconia,
2198 815 2365 856 prospiciens
2377 817 2395 848 e
2405 802 2448 864 {x
2461 806 2520 865 34⁶¹„

89 1380 221 1416 ‘1-475·

236 880 274 910 de
287 880 425 916 diffinire,
849 909 854 914 ,

278 917 328 949 De
344 916 459 947 consilio
473 913 572 945 nostro
586 913 624 944 sic
636 912 766 943 duximus
774 907 999 950 providendum,
1015 905 1091 946 quod
1106 914 1174 942 nOS,
1188 910 1235 933 aut
1242 901 1300 932 Ed-

238 957 346 987 wardus
364 955 431 985 filius
445 952 538 983 noster
553 952 772 991 primogenitus,
787 951 817 978 in
826 947 910 978 Festo
918 944 1121 989 Purificationis
1134 944 1223 984 beatae
1234 940 1301 984 Ma-

240 996 288 1026 ria:
303 995 433 1033 proximo
447 1001 586 1029 venturo,
603 990 649 1020 vel
661 991 730 1020 citra
743 990 820 1018 idem
837 985 969 1023 Festum,
987 992 1092 1014 erimus
1104 992 1133 1011 in
1146 980 1300 1010 Walcoma

237 1044 291 1071 pro
307 1033 377 1063 statu
391 1032 458 1062 illius
472 1039 551 1060 terrae
564 1029 705 1059 salubriter
718 1025 884 1057 ordinando.

278 1071 331 1110 Et,
351 1079 381 1101 ut
393 1079 463 1100 terra
480 1069 523 1098 illa
541 1069 654 1098 interim
670 1067 698 1096 in
712 1066 805 1096 debita
816 1062 1000 1100 tranquilitate
1013 1058 1152 1100 persistat,
1169 1057 1301 1102 volumus

240 1111 273 1141 &
288 1110 403 1140 firmiter
418 1107 593 1146 priucipimus
606 1105 744 1143 praedicto
757 1103 868 1132 Con-iti
883 1100 1061 1143 Leicestnae,
1079 1099 1111 1128 δε
1127 1096 1232 1140 Ballivis
1251 1095 1302 1125 suis

241 1148 424 1184 NVascmiae,
450 1147 482 1177 &
503 1146 635 1176 omnibus
655 1144 711 1173 aliis
734 1142 842 1172 Balli'vis
860 1142 893 1172 δε
914 1139 1041 1168 fidelibus
1058 1135 1159 1179 nostris
1181 1134 1300 1177 ejusdem

241 1194 322 1217 terrae
335 1210 345 1225 ,
363 1185 440 1225 quod
461 1194 561 1214 omnes
583 1182 691 1214 articuli
713 1180 853 1217 subscripti
877 1178 993 1208 firmiter
1007 1177 1206 1211 observentur,
1223 1172 1302 1203 vide—

240 1225 307 1255 licet
1041 1245 1045 1248 Δ

277 1248 369 1303 Quod
381 1272 490 1301 treuga,
512 1271 562 1297 per
577 1260 713 1290 diiestum
734 1259 845 1289 fratrem
861 1254 991 1285 nostrum
1011 1251 1174 1283 Galfridum
1191 1249 1227 1280 de
1243 1248 1300 1279 Le-

239 1303 358 1341 zignan,
375 1302 488 1331 fratrem
507 1299 543 1328 R.
564 1297 733 1337 Magistrum
749 1295 863 1325 Militiae
874 1293 991 1332 Templi
1004 1293 1035 1321 in
1042 1290 1158 1334 Anglia,
1175 1287 1301 1319 &Hen-

240 1342 331 1371 ricum
344 1341 380 1370 de
393 1338 556 1378 VVengham
565 1360 574 1375 ,
593 1347 663 1376 quos
677 1337 706 1366 in
722 1334 856 1366 Nuncios
870 1331 979 1362 nostros
994 1331 1118 1360 misimus
1130 1339 1166 1371 ,ιιι
1179 1327 1301 1357 wasco-

239 1381 301 1417 nia,
320 1380 339 1398 ’Β
360 1387 438 1417 capta
457 1378 539 1417 usque
560 1375 594 1405 ad
615 1375 801 1405 Nativitatem
820 1370 1038 1408 beatijohannis
1058 1366 1204 1411 Bapustg,
1222 1374 1298 1394 anno

240 1417 337 1457 Regni
359 1417 448 1447 nostri
469 1414 611 1446 tricesimo
633 1413 709 1443 sexto
723 1435 731 1449 ,
750 1412 782 1442 ὃς
804 1409 916 1449 postea,
934 1408 968 1438 ad
982 1406 1140 1449 instantiam
1154 1404 1298 1435 didtorum

239 1455 407 1494 Magnarum
429 1456 462 1485 δε
484 1454 625 1484 Baronum
640 1451 821 1486 W'asconiae,
839 1457 909 1487 quos
931 1447 965 1477 ad
984 1448 1156 1488 praesentiam
1173 1442 1299 1472 nostram

236 1494 434 1530 evocavimus,
452 1493 481 1522 in
508 1491 609 1529 Anglia
633 1497 781 1528 prorogata
806 1487 888 1524 usque
911 1484 947 1516 ad
969 1485 1186 1520 aiiumptionem
1212 1482 1300 1511 beatae

239 1532 342 1564 Mariae
375 1533 490 1561 roximo
503 1530 677 1568 sequentem,
696 1529 726 1557 in
740 1527 788 1557 suo
798 1527 899 1555 robore
913 1524 992 1554 dui-er
1006 1525 1037 1554 &
1052 1520 1202 1562 perseveret
1216 1519 1300 1559 usque

1342 855 1418 899 coelo
1429 855 1548 893 justitia,
1564 855 1649 886 erexit
1663 855 1692 885 in
1707 855 1815 896 populis
1828 855 2021 895 Regnantium
2036 855 2117 893 solia,
2136 855 2169 886 &
2182 856 2300 885 aliorum
2313 853 2396 888 Prin—

1340 902 1438 937 cipum
1450 893 1611 932 potestates,
1630 903 1682 924 nec
1695 894 1779 925 etiam
1791 892 1873 931 latet,
1891 894 1911 924 si
1923 893 2067 938 diligenter
2080 894 2239 933 inspicitur,
2257 893 2397 932 quodpo-

1340 932 1456 969 tiffime,
1477 933 1512 962 ad
1530 932 1640 974 laudern
1662 933 1805 963 bonorum
1818 956 1828 971 ,
1848 940 1966 962 terrenae
1976 931 2172 971 Jurisdifflonis
2185 933 2323 969 recipiunt
2341 930 2400 970 gla-

1343 969 1423 1001 dium
1435 970 1545 1010 Regalis
1559 971 1680 1002 fortu'nae
1694 970 1804 1010 fastigio
1819 970 1896 1010 praesi
1937 970 1975 1000 iti.
2178 993 2181 998 .
2407 992 2410 996 .

1381 1009 1459 1048 Qae
1480 1010 1575 1049 utique
1596 1008 1700 1050 antiqui
1722 1008 1816 1050 Reges
1829 1009 1862 1040 ὃ(
1907 1009 2026 1049 rincipes
2043 1007 2203 1048 diligentius
2216 1006 2410 1048 attendentes,

1342 1057 1375 1078 ac
1391 1047 1593 1085 considerantes
1632 1047 1729 1079 rovide
1771 1046 1828 1078 uod
1843 1045 1897 1078 viri
1909 1045 2085 1078 eccleliastici
2099 1056 2157 1084 prae
2171 1046 2228 1077 aliis
2239 1047 2300 1078 sunt
2315 1048 2403 1085 pieta-

1343 1088 1376 1117 tis
1396 1086 1527 1127 operibus
1547 1088 1593 1127 &g
1615 1087 1694 1117 ivinis
1706 1085 1747 1117 ob
1757 1085 1843 1126 equiis
1857 1085 1997 1124 deputati„
2010 1085 2081 1123 ipsos
2095 1085 2128 1115 δε
2143 1085 2289 1116 ecclesiam
2310 1087 2404 1117 multis

1342 1125 1503 1156 libertatum
1523 1124 1678 1167 Privilegiis
1701 1125 1886 1168 munierunt-3
1905 1133 1989 1161 quam
2010 1132 2075 1153 uam
2088 1128 2104 1153 a
2119 1121 2274 1162 Domino,
2291 1123 2404 1156 dicente

1342 1163 1475 1201 apostolis
1491 1187 1500 1202 ,
1517 1164 1550 1194 ὃς
1572 1165 1601 1193 in
1625 1162 1746 1202 personis
1759 1172 1876 1201 eorum,
1894 1161 1952 1192 aliis
1964 1164 1978 1192 a
2003 1161 2108 1199 umptis
2120 1161 2149 1190 in
2164 1161 2269 1191 sortem
2281 1162 2404 1193 domini-

1343 1212 1406 1246 cam
1415 1226 1424 1241 ,
1440 1214 1485 1243 qut
1500 1213 1548 1232 vos
1567 1205 1676 1241 tangit,
1693 1213 1734 1231 me
1747 1204 1856 1240 tangit,
1873 1200 1994 1242 specialis
2012 1199 2156 1239 Privilegii
2171 1201 2328 1239 receperint
2339 1211 2405 1232 mu-

1344 1250 1478 1272 nimenta.

1381 1279 1471 1318 Sane,
1486 1279 1648 1310 Venerabili
1660 1278 1756 1310 Fratre
1773 1277 1872 1311 nostro
1886 1277 2030 1316 Episcopo
2043 1276 2212 1308 Menevensi
2225 1278 2406 1317 accepimus,

1342 1327 1533 1356 conquerente
1548 1318 1644 1357 quod,
1661 1327 1730 1348 cum
1744 1317 1828 1357 usque
1838 1316 1874 1351 ad
1887 1317 1949 1347 haec
1960 1325 2088 1356 tempora
2109 1315 2181 1354 ipse,
2199 1326 2231 1346 ac
2248 1316 2403 1353 praedeces-

1342 1355 1414 1386 sores
1426 1359 1481 1394 ejus
1494 1357 1572 1397 super
1583 1355 1790 1394 cognoscendis
1801 1354 2010 1396 &dirimendis
2022 1354 2222 1393 quaestionibus
2230 1355 2297 1393 juris
2307 1362 2402 1395 patro-

1343 1392 1423 1425 natus
1440 1395 1627 1426 Ecclesiarum
1641 1394 1696 1431 suae
1712 1393 1840 1425 Civitatis
1854 1395 1886 1425 &
1907 1393 2035 1424 Diocesis
2048 1403 2112 1433 quae
2126 1393 2196 1423 inter
2209 1393 2345 1432 quoscum
2367 1403 2404 1425 ue

1343 1443 1395 1472 pro
1417 1442 1543 1473 ternpore
1562 1434 1739 1464 vertebantur
1753 1456 1761 1470 ,
1788 1432 1902 1470 plenam
1918 1431 2143 1470 jurisdiffionern
2162 1431 2326 1471 habuerint,
2375 1442 2407 1463 e-

1343 1473 1452 1512 rintque
1465 1474 1494 1504 in
1506 1473 1585 1510 plena
1596 1472 1670 1511 quasi
1686 1470 1852 1509 poffeffione
1864 1470 2055 1508 jurisdictionis
2068 1468 2251 1508 hujusmodia
2264 1478 2405 1510 tempore,

1344 1511 1422 1546 cuius
1434 1511 1570 1547 memoria
1584 1519 1645 1540 non
1656 1509 1762 1548 existit,
1776 1548 1780 1553 Ι

237 1570 271 1601 ad
306 1571 348 1600 uri
368 1571 509 1600 cationcm
522 1569 612 1598 beatae
624 1566 727 1597 Mariae
739 1564 930 1604 supradictam.
1380 1549 1430 1593 ΤΕ]
1443 1573 1453 1594 2,
1467 1557 1602 1587 praetextu
1619 1547 1791 1592 consuemdfl,
1794 1548 1844 1586 ¹5⁵:
1863 1547 1908 1578 vel
1923 1556 2004 1578 cosm
2027 1546 2090 1591 telae
2152 1547 2221 1590 {1⁰52
2239 1546 2399 1591 iqAngliaz

310 1618 320 1638 t
337 1608 414 1646 quod
431 1617 541 1646 treuga,
560 1616 646 1643 quam
659 1605 791 1635 volumus
810 1604 843 1633 &
858 1597 1105 1643 praecipimuseffc
1121 1599 1190 1628 inter
1201 1596 1301 1637 praefa-
1346 1595 1377 1618 Ut
1398 1587 1704 1633 d3C1ffl12-0bservatae>
1721 1587 1770 1618 Ubl
1787 1585 1822 1630 dt?
1841 1585 1919 1630 ἧᾶῼ
1937 1595 1975 1623 <lu
2027 1594 2103 1615 ¹0¹1&
2137 1584 2275 1654 1³&OEle
2288 1595 2318 1616 ¹¹¹
2337 1587 2404 1617 f01'0

237 1656 299 1678 tum
315 1647 465 1677 Comitem
482 1644 661 1682 Leicestriae,
677 1643 709 1673 &
724 1651 822 1672 ornnes
841 1642 906 1671 alios
921 1639 956 1668 de
972 1638 1098 1668 districtu
1115 1636 1214 1666 nostro
1225 1659 1235 1675 ,
1253 1634 1301 1665 ad—
1344 1625 1445 1664 Ιζ8810
1459 1626 1642 1665 ἀΕΕΙάΠΠῖῑΠ)
1657 1625 1888 1657 COflsUCtUdfflem
1901 1624 1987 1662 ῙΡῘΞἪ1
2002 1623 2036 1654 ad
2050 1632 2139 1661 Ρῗὶῑῑῦε
2196 1623 2407 1661 ἓῙῙΙὲῑΕΧῑὲΉᾶθτ

228 1684 377 1718 'haerenroe
395 1685 487 1716 eidem
508 1683 636 1720 Comiri,
653 1683 686 1712 &
698 1683 782 1711 etiarn
796 1681 866 1710 inter
879 1688 977 1708 omnes
989 1676 1055 1706 alios
1071 1677 1120 1713 qui
1133 1675 1168 1704 de
1183 1684 1219 1705 eo
1230 1684 1299 1713 que-

238 1725 392 1755 rimoniam
409 1724 514 1753 habent
525 1745 534 1759 ,
551 1723 584 1753 ὃς
606 1720 654 1759 qui
673 1720 816 1750 voluerint
835 1718 890 1748 esse
902 1718 932 1747 in
944 1724 1056 1754 treuga,
1072 1715 1152 1744 duret
1165 1713 1198 1744 &
1211 1722 1300 1743 rema-

238 1772 302 1794 neat
317 1763 401 1803 usque
412 1761 446 1793 ad
462 1760 690 1791 Purificationem
704 1757 875 1798 praedictam.

276 1801 313 1832 Et
324 1800 401 1840 quod
414 1799 549 1831 Castrum
563 1799 598 1829 de
613 1798 706 1837 Burgo
720 1796 847 1827 reddatur
861 1792 990 1825 Arnoldo
1006 1791 1041 1821 de
1055 1789 1241 1834 Blankeford,
1259 1789 1299 1834 se-

238 1839 368 1871 cundum
387 1848 515 1869 tenorem
528 1838 681 1868 litterarum
693 1836 847 1876 patentium
862 1856 872 1872 ‚
889 1833 968 1870 inde,
985 1832 1059 1860 inter
1069 1829 1179 1860 didium
1195 1827 1299 1860 Comi-

236 1886 315 1918 tem,
332 1878 365 1909 &
381 1877 471 1918 ipsum
483 1877 656 1913 Arnalclum,
675 1874 831 1910 fmstarum,
1063 1909 1067 1914 Ι

273 1916 316 1948 lta
336 1924 431 1948 tamen
445 1916 521 1954 quod
537 1915 599 1952 ille,
616 1923 701 1954 quem
725 1913 862 1943 mittimus
883 1911 912 1940 in
932 1908 1087 1939 &Vasconia
1099 1915 1298 1944 executorem,

237 1955 274 1986 δί
287 1955 511 1986 conservatorem
526 1963 628 1992 treugae
645 1953 677 1983 ὅ(
688 1951 869 1982 articulorum
885 1949 1020 1990 istorum,
1039 1945 1213 1991 personaliter
1220 1945 1298 1975 adeat

236 1996 245 2024 i
267 1994 327 2025 sum
343 1993 517 2030 Amaldum,
534 1993 567 2023 ὃς
581 1992 728 2031 diligenter
744 1990 864 2028 inquirat
877 1989 913 2018 ab
921 1997 956 2017 eo
971 1996 1019 2016 cui
1033 1986 1152 2015 volucrit
1166 1983 1298 2027 Castrum

236 2033 305 2064 ilud
323 2032 414 2071 tradi,
433 2033 466 2063 &
486 2033 547 2069 ille,
565 2041 651 2071 quern
672 2029 748 2060 idem
769 2026 926 2064 Amardus,
944 2026 974 2055 in
990 2024 1131 2068 praesentia
1146 2022 1214 2052 dieti
1227 2032 1298 2066 con-

236 2071 396 2109 servatoris,
414 2070 590 2110 assignaverit
613 2070 647 2099 ad
673 2068 784 2098 dictum
810 2065 945 2096 Castrum
969 2061 1164 2106 recipiendum
1181 2071 1300 2105 nomine

241 2110 307 2148 suo,
323 2111 441 2150 receptis
478 2111 530 2139 rius
548 2110 584 2139 ab
597 2108 700 2138 eodem
715 2107 809 2137 litteris
821 2104 978 2144 patentibus
991 2101 1061 2132 dicti
1075 2099 1218 2137 Comitis,
1234 2110 1299 2138 quas

236 2148 303 2179 inde
317 2148 400 2179 habet
506 2158 570 2178 rum
583 2147 650 2177 illud
665 2147 690 2176 ei
703 2145 786 2175 faciet
799 2144 916 2174 liberari.

273 2186 311 2218 Et
355 2171 418 2217 uod²
433 2195 524 2217 currat
542 2186 682 2225 judicium
703 2184 781 2223 super
801 2181 904 2212 Castro
923 2181 958 2212 de
982 2180 1150 2222 FrontiaCO,
1167 2179 1200 2209 &
1215 2179 1297 2221 etiam

236 2226 315 2263 super
358 2225 580 2256 icecomitatibus
595 2222 914 2258 Castellion.videlicet,
929 2221 964 2250 de
982 2218 1154 2254 Castellion⁷
1171 2216 1298 2254 Gorlon,

237 2264 270 2295 &
291 2264 326 2296 de
340 2263 434 2294 Podio
447 2264 591 2294 Norman.
610 2264 639 2292 in
651 2262 772 2291 adventu
786 2260 901 2298 nostro,
919 2267 963 2288 vei
979 2258 1083 2300 praefati
1098 2256 1146 2286 filii
1159 2255 1259 2299 nostri.
1279 2295 1284 2299 Ι

274 2302 311 2334 Et
333 2303 410 2342 quod
435 2303 561 2340 captivi,
580 2302 626 2339 qui
652 2301 724 2337 capti
738 2300 848 2329 fuerunt
864 2299 893 2328 in
909 2295 1061 2327 manirestis
1074 2305 1194 2335 guerris,
1212 2303 1298 2324 mous

238 2349 339 2372 contra
351 2342 460 2372 dictum
476 2339 624 2370 Comitem
638 2348 672 2369 ex
687 2347 762 2378 parte
781 2337 840 2373 illa,
857 2337 904 2374 qui
927 2335 1071 2365 manifeste
1084 2342 1297 2373 guerreaverunt

237 2390 336 2411 contra
354 2380 443 2421 ipsum
468 2379 636 2416 Comitem,
656 2388 740 2408 manu
761 2377 904 2413 leventur,
919 2374 989 2405 dum
1006 2382 1100 2403 tamen
1119 2373 1237 2402 Domini
1256 2374 1297 2412 ip-

238 2419 331 2449 sorum
345 2420 520 2456 captivorum
538 2418 588 2448 sint
604 2417 674 2446 infra
684 2425 824 2455 treugarn3

276 2457 317 2488 Ita
339 2466 431 2488 tamen
455 2456 533 2495 quod
546 2480 555 2494 ,
574 2457 601 2486 in
621 2455 757 2495 proedic‘to
781 2453 865 2484 Festo
880 2451 1085 2483 purificationis
1100 2473 1109 2488 ,
1127 2450 1162 2480 de
1176 2450 1299 2488 personis

239 2498 246 2525 i
270 2497 380 2535 sorum,
398 2495 441 2527 vel
456 2497 492 2526 de
508 2495 639 2534 pecunia,
660 2504 711 2532 pro
728 2492 964 2533 redemptionibus
981 2490 1166 2529 iugulorum,
1185 2488 1299 2527 respon—

259 2543 334 2565 eatur
348 2535 397 2574 ipsi
414 2534 541 2572 Comiti,
560 2532 712 2563 secundum
727 2533 813 2568 majus
829 2532 861 2561 ὃ(
875 2531 974 2560 minus.

277 2573 314 2603 Et
328 2572 406 2612 quod
421 2573 558 2603 reliduum
573 2573 716 2612 pecuniie,
734 2580 820 2608 quarn
836 2570 912 2599 idern
927 2569 1037 2598 Comes
1057 2567 1124 2597 dicit
1140 2567 1188 2597 sibi
1203 2567 1298 2597 deberi

237 2622 253 2641 a
275 2611 420 2641 Gaillardo
441 2612 476 2642 dc
497 2611 576 2641 Solio
598 2612 631 2640 &
654 2609 855 2646 Complicibus
873 2608 941 2645 suis,
960 2617 1019 2636 non
1033 2607 1153 2644 exigatur
1167 2606 1203 2636 ab
1217 2607 1277 2644 ipsis
1289 2629 1298 2645 ‚

237 2650 282 2679 vel
304 2650 505 2687 fidejussoribus
524 2659 622 2678 eorum
637 2671 646 2686 ,
669 2658 716 2685 per
737 2647 845 2677 dictum
868 2646 1014 2676 Comitem
1032 2668 1041 2682 ,
1060 2645 1104 2674 vel
1123 2644 1183 2674 suos
1199 2668 1209 2683 ,
1227 2646 1297 2675 citra

237 2689 346 2718 dietum
369 2688 484 2718 Festum
511 2687 734 2722 purificationis,
761 2695 789 2715 ut
812 2695 880 2715 tunc
901 2683 1139 2720 curratjudicium
1158 2684 1230 2713 inter
1248 2693 1298 2714 eos

237 2737 334 2757 coram
349 2728 448 2763 nobis,
466 2726 509 2757 vel
523 2726 659 2765 przedicto
676 2724 735 2753 lilio
749 2723 863 2759 nostrO,
879 2723 956 2761 super
971 2721 1118 2751 exactione
1132 2721 1276 2758 praedicta.

271 2765 308 2795 Et
323 2766 418 2805 quod,
435 2767 462 2795 in
486 2765 621 2801 praedidio
640 2762 725 2792 Festo
739 2761 956 2795 purificationis,
971 2770 1038 2797 nos,
1055 2760 1098 2789 vel
1120 2760 1246 2797 praefatus
1264 2760 1298 2790 fi·
1340 2784 1344 2786 a

235 2804 286 2834 lius
308 2803 402 2834 noster
420 2804 552 2833 omnibus
573 2802 608 2832 de
625 2810 695 2831 terra
710 2800 802 2830 nostra
822 2800 999 2836 NN'asconie,
1018 2801 1074 2828 tam
1090 2797 1226 2836 Clericis,
1244 2798 1296 2829 Ba-

236 2843 368 2880 tonibus,
389 2841 546 2879 Militibus,
563 2840 694 2877 Civibus,
717 2839 896 2878 Burgenlibus
909 2861 918 2873 ,
936 2839 1018 2875 quam
1035 2838 1167 2867 omnibus
1187 2838 1244 2867 aliis
1261 2838 1296 2868 de

237 2880 298 2917 ipso
313 2880 431 2911 Comite
444 2904 453 2918 ,
471 2881 515 2910 vel
533 2880 583 2910 suis
601 2879 852 2916 conquerentibus,
873 2877 980 2914 justiti-„e
996 2876 1241 2913 complementum
1256 2876 1297 2907 fa-

238 2920 348 2986 }{eiigus
368 2920 513 2957 exhiberi,
537 2917 690 2949 secundum
710 2916 942 2946 coriiuetudinem
964 2914 1115 2944 Cunarum
1137 2914 1296 2945 nostrarum

258 2973 259 2976 =
285 2966 299 2985 a
311 2967 412 2986 conte.

1342 1675 1373 1695 re
1394 1665 1508 1704 volens,
1526 1663 1616 1696 causas
1635 1663 1745 1694 easdem
1777 1665 1807 1694 in
1821 1662 1944 1693 Diocese
1962 1660 2148 1700 Menevensi,
2165 1661 2207 1695 dec
2215 1671 2295 1693 novo
2306 1662 2406 1694 subor-

1343 1710 1394 1741 taS,
1412 1702 1440 1734 in
1465 1703 1530 1734 foro
1553 1702 1651 1741 Regio
1675 1686 1768 1733 decidi
1795 1702 1827 1732 &
1853 1701 1950 1732 discuti
1975 1699 2161 1739 mandavisti3
2179 1700 2283 1731 faciens
2309 1701 2404 1732 eidem

1343 1740 1486 1781 Episcopo
1501 1741 1619 1773 inhiberi
1633 1750 1671 1771 ne
1683 1740 1719 1772 de
1733 1739 1928 1778 huiuscemodi

1342 1790 1375 1811 ac
1392 1780 1412 1810 si
1424 1781 1458 1810 ad
1472 1780 1568 1811 forum
1582 1778 1799 1811 ecclesiasticum
1814 1788 1875 1809 non
1890 1778 1935 1818 spe

1378 1817 1450 1850 Nec
1470 1819 1521 1849 hiis
1543 1824 1711 1857 contentus,
1728 1817 1819 1858 ipsum
1841 1826 1938 1848 coram
1953 1816 2007 1847 tuis
2016 1815 2180 1854 justiciariis
2193 1816 2292 1847 vocari
2305 1817 2407 1854 praeci-

1341 1858 1434 1897 piens,
1450 1856 1540 1888 fecisti
1553 1867 1635 1896 eum,
1654 1865 1703 1896 per
1712 1864 1794 1887 terras
1806 1855 1840 1886 &
1856 1855 1978 1886 maneria
1990 1854 2036 1886 sua
2050 1855 2114 1895 cogi
2148 1862 2180 1885 ut
2194 1854 2230 1885 ad
2244 1864 2345 1886 eorum
2353 1864 2405 1886 ve·

1340 1897 1413 1926 niret
1433 1896 1624 1935 praesentiam,
1641 1895 1818 1934 responsurus
1838 1902 1923 1932 quare
1940 1894 1969 1923 in
1988 1893 2052 1924 foro
2070 1877 2259 1924 ecciefiastico
2272 1893 2408 1938 quaestio-

1340 1944 1388 1965 nes
1400 1934 1546 1974 praedictas
1559 1934 1672 1965 auderet
1683 1933 1819 1965 discutere
1830 1939 1930 1963 contra
1945 1931 2177 1963 consuetudinem
2194 1931 2292 1972 Regni
2305 1932 2353 1962 tui.

1379 1973 1433 2012 Et,
1451 1974 1516 2004 licet
1535 1973 1611 2004 idem
1633 1972 1805 2012 Episcopus,
1820 1971 1898 2010 'apud
1911 1969 2104 2002 celsitudinem
2119 1978 2198 2001 tuam
2213 1969 2405 2008 multipliciter

1342 2011 1369 2041 se
1388 2011 1534 2050 excusans,
1550 2012 1720 2052 protectioni
1739 2010 1806 2041 sedis
1824 2008 1989 2049 apostolicae
2011 2008 2175 2040 summiserit
2197 2007 2223 2038 se
2236 2008 2269 2039 &
2283 2009 2345 2048 sua,
2359 2010 2408 2039 nis

1342 2050 1628 2082 chilorninus·tamen
1641 2058 1671 2081 tu
1680 2073 1690 2089 ,
1705 2057 1835 2088 reputans
1846 2048 1936 2086 ipsum
1954 2057 2008 2086 pro
2020 2055 2072 2078 tuo
2089 2047 2169 2078 libito
2183 2055 2406 2087 contumacem,

1341 2090 1418 2119 bona
1438 2090 1494 2128 eJus
1514 2088 1630 2119 mobilia
1648 2089 1682 2120 &
1701 2087 1858 2118 immobilia
1876 2087 1986 2124 capi&
1998 2084 2173 2125 sequestrari,
2190 2095 2224 2116 ac
2236 2085 2354 2116 famulos
2367 2087 2403 2118 &

1340 2128 1486 2158 servientes
1495 2127 1577 2167 ipsius
1590 2128 1626 2157 ab
1642 2136 1741 2158 eorum
1755 2124 2040 2157 administrationibus
2052 2124 2196 2162 amoveri3
2214 2124 2248 2155 &
2261 2124 2339 2162 alias,
2353 2132 2405 2155 tuo

1342 2167 1476 2205 nomine,
1492 2167 1521 2195 in
1543 2166 1641 2196 locum
1661 2174 1761 2196 eorum
1783 2164 1894 2202 induci,
1913 2171 1965 2202 pro
1987 2170 2033 2193 tua
2047 2163 2205 2201 voluntate,
2223 2161 2359 2192 mandasti
2374 2163 2406 2193 in

1342 2206 1421 2243 ipsius
1436 2204 1570 2243 Fpiscopi
1578 2227 1589 2243 ,
1605 2205 1639 2235 &
1652 2203 1786 2234 Ecclesiae
1801 2201 1982 2233 Menevensis
1994 2202 2125 2239 injuriam
2139 2210 2199 2232 non
2215 2199 2359 2232 modicam
2371 2201 2406 2233 &

1342 2253 1500 2273 UTssVssan.

1341 2268 1359 2283 τ’
1379 2282 1527 2320 Quocirca
1547 2280 1721 2311 serenitatem
1742 2280 1864 2320 Regiam
1885 2288 2013 2319 rogamus
2029 2279 2176 2317 attentius,
2203 2277 2237 2308 &
2261 2277 2405 2309 hortamur

1340 2323 1468 2359 quatinus
1483 2343 1492 2359 ,
1515 2319 1691 2350 considerato
1711 2318 1865 2349 clementer
1883 2317 1958 2357 quod
1979 2318 2057 2348 tuam
2069 2316 2151 2347 decet
2165 2315 2407 2347 mansuetudinem

1338 2361 1398 2397 jura
1419 2357 1601 2389 ecclesiastica
1614 2367 1675 2387 non
1693 2356 1810 2395 elidere,
1828 2355 1873 2386 sed
1887 2357 1982 2394 potius
1995 2355 2152 2394 defensare,
2171 2354 2328 2391 hujusmodi
2344 2363 2406 2394 gra-

1342 2398 1454 2428 vamina
1474 2397 1602 2427 revocari
1614 2396 1731 2426 faciens:
1749 2395 1782 2426 &
1795 2394 1886 2425 eidem
1900 2393 2043 2432 Episcopo
2062 2392 2140 2433 super
2152 2392 2314 2432 praemiffis,
2331 2403 2406 2432 quo-

1342 2446 1406 2466 rurn
1425 2436 1574 2466 occasione
1594 2434 1715 2472 dampna
1737 2434 1850 2464 incurrit
1869 2433 1963 2471 gravia
1985 2433 2018 2463 ὃς
2033 2431 2177 2473 expensaS,
2193 2431 2407 2462 satisfactionem

1342 2475 1493 2514 plenariam
1514 2473 1660 2512 exhiberi,
1678 2482 1745 2502 eum
1767 2473 1797 2502 in
1818 2472 1870 2502 suis
1887 2471 1996 2510 juribus
2008 2494 2018 2509 ,
2054 2480 2087 2500 ro
2107 2469 2272 2510 apostolicae
2286 2469 2354 2500 sedis
2369 2471 2404 2502 &

1342 2512 1436 2543 nostra
1456 2512 1610 2543 reverentia
1652 2511 1741 2541 taliter
1780 2510 1930 2549 rosequaris
1942 2533 1953 2548 ,
1970 2519 2009 2547 qu
2068 2509 2306 2549 magnificentiam
2324 2516 2403 2540 tuam

1342 2551 1462 2590 proinde
1475 2550 1563 2590 dignis
1576 2551 1606 2580 in
1620 2534 1754 2582 bomino
1777 2548 1891 2580 audibus
1906 2547 2079 2579 extollamus.

1937 1738 2144 1809 fflsaestionibus
2157 1738 2184 1770 se
2191 1739 2405 1780 intromitteret,

1997 1788 2032 1808 en
2051 1787 2058 1807 :

1381 2628 1449 2658 Dat.
1462 2626 1567 2658 Perusii
1576 2649 1585 2666 ,
1600 2635 1615 2665 7
1630 2625 1696 2657 Idus
1706 2625 1774 2665 Julii
1782 2649 1792 2664 ,
1805 2623 1993 2656 Pontificatfis
2005 2624 2093 2655 nostri
2109 2634 2185 2656 anno
2196 2624 2301 2656 decim.

1799 2701 1923 2731 Plumbeo
1938 2698 2010 2737 Sigil.
2018 2700 2098 2738 pend.
2113 2711 2132 2728 a
2135 2699 2189 2742 filo
2200 2700 2324 2740 ranabeo.

1446 2831 1505 2862 Pro
1523 2831 1635 2861 Comite
1657 2824 1805 2861 Cornubiae
1823 2825 1860 2859 de
1877 2828 1975 2872 Regno
1991 2824 2096 2857 Siciliae
2116 2823 2308 2870 acceptando.

1341 2920 1365 2973 I
1387 2953 1431 2983 sto
1445 2952 1504 2983 fili‘o

2407 881 2471 912 tegr-

1374 2914 1558 2945 Nnocentius
1570 2912 1737 2953 Episcopus,
1751 2911 1842 2942 servus
1856 2910 1998 2941 servorum
2011 2909 2069 2940 Dei
2084 2932 2093 2947 ,
2116 2909 2258 2940 carissimo
2270 2911 2300 2940 in
2315 2908 2402 2941 Chri-
2421 2908 2498 2941 Arm.
2508 2909 2550 2941 D.

1634 2951 1713 2989 Regi
1721 2951 1832 2990 Angli-ae
1845 2949 1942 2980 illustri
1957 2948 2087 2987 salutern,
2106 2949 2140 2979 &
2152 2947 2335 2986 apostolicam
2350 2949 2400 2980 be-
2438 2955 2524 2987 1252.

1342 2991 1542 3022 nediCtionem.
2415 2991 2468 3015 An.
2489 2988 2535 3024 3⁶·

1378 3030 1456 3069 Quia
1476 3038 1679 3068 nonnunquam
1697 3027 1780 3058 ardua
1799 3028 1911 3066 negotia
1925 3026 2076 3057 desiderant
2097 3025 2215 3065 longum
2233 3026 2396 3066 naturum,
2418 3030 2455 3054 H.
2478 3036 2503 3062 3.

1341 3070 1435 3099 mirari
1453 3078 1513 3098 non
1534 3066 1619 3098 debes
1638 3066 1805 3106 aliquatenus
1817 3089 1826 3104 ,
1845 3075 1898 3096 nec
1923 3066 2030 3095 moveri
2052 3065 2070 3094 si
2085 3072 2174 3095 tantus
2189 3064 2333 3102 traetatus,
2352 3066 2401 3103 qui
2416 3069 2455 3092 Ex
2470 3067 2530 3092 Au-

1341 3108 1448 3141 habitus
1461 3105 1501 3136 est
1515 3107 1586 3136 inter
1600 3105 1755 3136 Ecclesiam
1771 3104 1935 3134 Romanam
1944 3126 1954 3141 ,
1969 3105 2002 3134 ὃς
2015 3103 2152 3133 ἀίΙεᾶυῐῃ
2169 3102 2258 3132 filiurn
2273 3103 2401 3135 nobilem
2412 3110 2479 3140 togr.

1341 3148 1434 3176 virum
1450 3144 1490 3174 R.
1506 3143 1655 3174 Comitem
1670 3142 1827 3173 Cornubiae
1841 3142 1953 3173 fratrem
1964 3150 2059 3179 tuum,
2077 3140 2155 3180 super
2169 3141 2263 3171 dando
2277 3141 2328 3172 sibi
2340 3150 2402 3181 reg-

1341 3195 1381 3214 no
1395 3183 1514 3220 Siciliae,
1529 3183 1562 3212 ad
1575 3181 1694 3212 eandem
1707 3180 1859 3211 Ecclesiam
1872 3181 1994 3220 legitime
2008 3179 2227 3218 devoluto,non
2242 3179 2284 3209 est
2296 3179 2400 3219 adhuc,

1343 3231 1373 3291 ift
1390 3221 1570 3259 desideratur,
1586 3221 1653 3250 hinc
1666 3220 1729 3250 inde
1741 3219 1852 3250 diverfis
1868 3218 2077 3259 impedimentis
2089 3218 2310 3257 emergentibus,
2328 3226 2400 3249 con-

1358 3269 1506 3291 ummatus.

276 2994 313 3025 Et
337 2995 413 3032 quod
436 2994 566 3023 Castrum
589 2994 624 3023 de
644 2994 720 3024 Saltu
736 3002 891 3031 remaneat,
912 2993 981 3023 sicut
996 3002 1072 3022 nunc
1087 2991 1143 3029 est,
1160 2992 1242 3030 usque
1261 2992 1296 3023 ad

238 3033 348 3063 dierum
365 3033 479 3062 Festum
494 3032 696 3074 Pprificarionis
711 3045 720 3069 ς,
740 3043 768 3062 ut
786 3042 852 3063 tunc
870 3032 933 3062 inde
947 3040 1036 3062 currat
1049 3031 1185 3067 judicium
1199 3041 1297 3061 coram

239 3072 336 3109 nobis,
355 3072 398 3101 vel
413 3071 491 3100 dieto
506 3072 564 3100 tilio
579 3070 676 3100 nostro
689 3072 762 3101 inter
777 3081 846 3109 nos,
865 3073 897 3101 «Sc
913 3069 1072 3100 Gastonem
1086 3069 1298 3100 vicecomitem

237 3110 274 3140 de
295 3110 390 3140 Bearn.
412 3110 482 3140 Arn.
504 3108 639 3138 Garsilam
655 3131 664 3146 ,
680 3109 782 3139 Ernald
800 3110 836 3139 de
854 3108 1013 3146 Navavles,
1032 3109 1065 3139 &
1087 3118 1204 3139 uxorem
1223 3110 1298 3147 ejus,

238 3148 289 3179 nisi
302 3157 370 3179 tunc
384 3158 433 3186 per
445 3157 543 3187 pacem
554 3170 563 3184 ,
578 3147 622 3176 vel
637 3148 821 3177 concordiam
838 3147 917 3177 causa
931 3148 975 3177 illa
989 3149 1160 3177 terminetur.

278 3187 316 3217 Et
330 3187 406 3226 quod
419 3195 514 3225 treuga
528 3185 608 3215 detur
622 3186 753 3215 omnibus
769 3187 1006 3224 conquerentibus
1019 3186 1054 3215 de
1068 3185 1145 3216 dicto
1165 3184 1299 3224 Comite,

239 3225 286 3256 vel
299 3226 366 3264 suis,
384 3225 469 3263 usque
481 3225 515 3254 ad
529 3224 636 3253 dic'tum
653 3225 804 3253 terminum
819 3224 1038 3254 Purificationis:

277 3262 313 3293 Et
334 3264 409 3304 quod
429 3272 522 3301 treuga
542 3262 586 3292 illa
598 3262 794 3292 inviolabiliter
807 3263 966 3292 observetur
985 3263 1021 3292 ab
1033 3263 1166 3292 omnibus
1180 3262 1300 3301 nostris,

244 3301 277 3332 ὅ(
292 3303 367 3339 quod
382 3303 472 3332 nullus
485 3300 646 3331 nostrorum
659 3301 866 3330 contraveniat:
1052 3311 1057 3316 ·

748 3340 751 3343 Ι
876 3338 885 3342 -
1381 3297 1510 3328 Maxime
1530 3306 1597 3327 cum
1621 3307 1679 3326 non
1702 3296 1800 3327 referat
1814 3305 2025 3337 quantacunque
2042 3295 2074 3326 sit
2087 3295 2116 3325 in
2130 3295 2242 3335 agendis
2253 3294 2366 3334 dilatio,
2381 3296 2402 3327 si

280 3339 318 3370 Et
339 3342 435 3380 siquis,
451 3340 495 3370 vel
520 3341 584 3377 qui,
600 3347 724 3378 treugam
745 3338 820 3368 illam
840 3339 1016 3377 infregerint,
1035 3340 1068 3370 ὃς
1082 3338 1138 3369 hoc
1151 3338 1300 3369 emendare

1343 3336 1469 3367 saeliciter
1483 3337 1684 3371 terminentur,
1702 3335 1857 3375 soleantque
1872 3335 2077 3379 cum-quodam
2089 3341 2242 3373 augmento
2261 3333 2282 3353 *θ
2293 3335 2403 3372 venire,
2413 3340 2427 3359 ⁰
2444 3340 2468 3368 1.
2482 3347 2548 3376 477.

246 3377 387 3409 noluerint
405 3389 503 3409 coram
524 3378 661 3416 praediffito
675 3377 882 3415 conservatore,
901 3379 1017 3415 graviter
1030 3388 1100 3416 nos,
1117 3377 1151 3407 ad
1170 3378 1300 3416 eosdem,

249 3425 283 3446 ca
303 3417 406 3455 iemus,
426 3426 509 3454 prout
523 3416 558 3446 de
568 3417 630 3454 jure
644 3415 803 3446 debeamus.

315 3464 340 3492 t,
358 3456 376 3485 si
391 3455 464 3485 idem
482 3454 607 3492 Comes,
623 3455 666 3484 vel
685 3454 780 3493 aliquis
797 3454 832 3484 de
845 3463 919 3491 parte
935 3453 996 3492 sua,
1013 3464 1058 3484 aut
1073 3455 1154 3491 alius,
1171 3454 1253 3483 alicui
1265 3454 1302 3484 de

246 3501 340 3535 parte,
358 3493 467 3523 Comiti
480 3494 635 3530 contraria,
654 3493 859 3531 querimoniam
878 3493 990 3529 fecerit,
1011 3494 1052 3522 vel
1066 3494 1157 3522 ficere
1171 3493 1301 3530 voluerit,

246 3538 317 3559 citra
337 3530 488 3561 adventum
510 3531 638 3561 nostrum
650 3553 660 3569 ,
678 3531 724 3560 vel
743 3531 811 3560 dieti
832 3530 879 3559 lilii
903 3530 989 3559 nostri
1009 3531 1037 3560 in
1054 3532 1221 3567 NVasconia,
1241 3541 1302 3560 non

246 3566 450 3603 respondebitur
472 3569 535 3599 inde
558 3579 655 3599 coram
677 3569 755 3599 dic-“to
776 3569 910 3607 Comite,
935 3569 980 3599 vel
1004 3570 1097 3608 aliquo
1122 3568 1299 3599 Ballivorum

245 3604 378 3647 suorum,
396 3606 431 3649 set
446 3617 540 3637 coram
555 3607 692 3645 praedic‘io
706 3606 921 3637 Conservatorc.

288 3642 343 3679 Et,
361 3646 380 3672 li
395 3644 506 3682 aliquis,
520 3646 556 3674 de
571 3654 645 3683 parte
659 3645 770 3675 Comiti
785 3647 920 3675 contrariu
931 3668 939 3682 ,
957 3645 992 3675 dc
1006 3645 1082 3683 ipso,
1100 3645 1145 3676 vel
1160 3645 1253 3683 aliquo
1267 3644 1303 3674 de

248 3689 326 3718 parte
336 3680 381 3710 sua
390 3684 591 3719 querimoniam
606 3684 696 3713 facere
708 3683 841 3720 voluerit,
859 3685 928 3713 citra
942 3685 1053 3713 dietum
1068 3684 1238 3721 terminum,
1251 3692 1304 3713 co-

249 3727 311 3762 rani
325 3718 425 3749 eodem
440 3719 641 3762 Conservatore
654 3721 784 3758 justitiam
797 3722 990 3758 consequatur.

289 3756 337 3800 Et·
351 3757 483 3800 quod-lili
503 3758 538 3788 de
558 3758 672 3788 Pinibus
686 3782 695 3796 ,
721 3761 767 3799 qui
789 3761 863 3798 capti
882 3760 993 3790 fuerunt
1012 3759 1085 3798 apud
1105 3758 1178 3789 Burd
1217 3758 1302 3796 .post

250 3794 419 3825 confluitum
432 3795 538 3824 ibidem
552 3796 676 3826 habitum
692 3799 763 3827 inter
796 3798 922 3827 raefatum
939 3798 1087 3828 Comitem
1101 3820 1111 3834 ,
1130 3800 1163 3828 &
1179 3767 1305 3827 {golum-

251 3833 348 3871 bingii.
367 3841 401 3861 ex
422 3842 475 3875 una
498 3842 584 3869 parte·
607 3835 639 3864 &
654 3834 762 3865 Rostan
784 3845 831 3864 um
847 3835 882 3864 de
903 3836 982 3865 Solio
999 3845 1033 3865 ex
1047 3836 1147 3873 altera,
1166 3836 1199 3866 &
1218 3835 1302 3865 eriam

253 3870 351 3914 I-'etrus
366 3869 549 3913 Bonefiis,b&
570 3857 720 3902 &ern-:trdus
742 3873 843 3912 ssydan.
860 3873 951 3903 statim
969 3876 998 3902 in
1019 3885 1102 3904 manu
1122 3873 1216 3903 nostra
1236 3874 1304 3912 sint,

252 3912 322 3940 licut
335 3919 412 3939 nunc
425 3908 485 3938 sunt
501 3919 529 3937 in
546 3919 628 3951 manu
641 3911 708 3939 diisti
726 3911 853 3941 Comitis
866 3934 875 3948 ,
893 3911 978 3950 usque
990 3913 1142 3942 adventum
1158 3911 1305 3949 nostrum,

251 3948 296 3977 vel
313 3948 381 3991 dieti
403 3947 449 3976 filii
471 3946 610 3990 ¹³9st¹'¹..¹¹¹
631 3947 790 3979 Wai'conia:
806 3943 855 3979 Ut
877 3958 945 3979 tunc
966 3960 1055 3980 currat
1072 3950 1209 3988 judicium
1226 3949 1306 3986 super

252 3985 387 4016 omnibus
399 3995 464 4023 quae
478 3995 516 4015 eis
526 3986 693 4022 objicientur
705 3996 801 4017 coram
815 3988 896 4017 nobis
910 4008 920 4024 ,
939 3988 982 4017 vel
994 3988 1110 4027 praefato
1125 3988 1184 4019 filio
1197 3987 1304 4019 nostro.

1345 3377 1364 3406 si
1401 3375 1590 3411 rotrahantur,
1608 3383 1667 3403 non
1681 3375 1816 3404 malitiose
1829 3375 1866 3405 set
1878 3373 2087 3410 inevrrabilirer,
2105 3373 2264 3409 concupita.
2438 3406 2442 3410 ⁴

1412 3422 1490 3443 erum
1505 3422 1573 3442 cum
1588 3422 1639 3441 nos
1652 3413 1683 3442 δε
1698 3412 1790 3442 fratres
1802 3412 1907 3451 nostri,
1922 3412 1971 3442 diu
1985 3412 2062 3449 super
2077 3411 2135 3440 hoc
2150 3410 2276 3448 diligenti
2293 3409 2400 3440 delibe-

1345 3453 1451 3482 ratione
1465 3450 1632 3488 praeliabita,
1647 3451 1705 3487 jam
1721 3452 1750 3480 in
1766 3450 1918 3481 Personam
1929 3450 2051 3486 eiusdem
2067 3449 2206 3486 Comitis,
2221 3457 2306 3486 quam
2319 3447 2398 3478 adid

1344 3490 1533 3528 praeelegimus
1548 3511 1557 3526 ,
1583 3489 1811 3527 concordemus,
1829 3490 1965 3527 sperantes
1985 3488 2102 3518 firmiter
2115 3508 2125 3523 ,
2142 3486 2176 3516 &
2190 3495 2243 3523 pro
2253 3494 2332 3516 certo
2352 3493 2395 3516 te-

1345 3537 1440 3558 nentes
1461 3526 1538 3565 quod
1560 3535 1609 3565 per
1628 3527 1718 3564 ipsum
1734 3529 1781 3565 (in
1801 3537 1886 3567 quem
1905 3537 1965 3557 nori
1985 3527 2043 3557 tam
2056 3523 2167 3562 nostra,
2182 3533 2268 3561 quam
2278 3523 2398 3554 aliorum

1345 3568 1402 3596 fere
1427 3566 1559 3596 omnium
1569 3587 1578 3601 ‚
1595 3575 1664 3604 quos
1687 3568 1776 3605 tangit
1802 3567 1967 3605 negotium,
1985 3572 2050 3594 vota
2073 3569 2263 3600 concurrunt,
2281 3561 2400 3600 quique,

1344 3605 1431 3635 veluti
1443 3604 1513 3633 filius
1526 3602 1664 3643 dexter-ae,
1683 3606 1756 3642 pacis
1769 3604 1917 3642 Princeps,
1935 3605 1969 3634 &
1983 3601 2130 3632 matutinus
2145 3599 2260 3630 Lucifer
2273 3599 2402 3637 expecta-

1343 3643 1405 3677 tur)
1433 3641 1552 3679 quiescet
1571 3642 1646 3671 orbis
1666 3643 1834 3673 tumultuosa
1854 3641 1989 3682 quaffatio
2001 3663 2012 3678 ,
2036 3637 2159 3669 Ecclesia
2178 3637 2402 3677 tranquillitatem

1345 3682 1402 3711 reci
1424 3681 1461 3709 iet
1475 3680 1508 3710 &
1523 3679 1728 3718 prosperabitur.

1420 3727 1430 3748 t
1445 3718 1563 3757 ipsemet
1577 3718 1639 3747 haec
1651 3721 1749 3749 omnia
1763 3727 1825 3750 toro
1834 3741 1844 3757 ,
1858 3718 1927 3748 ficut
1941 3714 2099 3753 credimus,
2115 3713 2202 3745 corde
2212 3712 2346 3744 desiderat
2353 3724 2402 3745 ne-

1345 3758 1458 3794 gotium
1472 3765 1550 3786 terrae
1571 3757 1688 3795 sanCtae,
1707 3758 1842 3788 dilectum
1856 3756 1945 3786 filium
1960 3753 2128 3793 Magistrum
2146 3752 2293 3782 Albertum
2307 3751 2404 3784 Nota-

1347 3796 1419 3825 rium
1440 3793 1569 3824 nostrum
1589 3795 1623 3824 ad
1645 3804 1721 3825 tuam
1743 3796 1775 3826 &
1793 3795 1874 3834 ipsius
1896 3792 2068 3831 praesentiam
2089 3799 2156 3820 cum
2168 3790 2255 3826 pleno
2270 3790 2405 3822 mandato

1347 3832 1561 3863 consummandi
1576 3832 1741 3870 praedictum
1754 3835 1898 3872 negotium
1908 3854 1917 3869 ,
1934 3832 1967 3861 &
1981 3828 2099 3860 faciendi
2118 3829 2229 3865 omnia,
2245 3837 2308 3867 quae
2321 3828 2356 3859 ad
2370 3829 2405 3860 il-

1347 3871 1394 3901 lud
1408 3871 1563 3908 pertinent,
1580 3871 1615 3901 de
1626 3871 1740 3901 fratrum
1754 3871 1917 3901 nostrorum
1931 3868 2048 3899 consilio
2059 3865 2246 3904 destinamus,
2265 3868 2328 3904 cui,
2342 3876 2404 3898 tan-

1347 3918 1431 3949 quam
1454 3910 1512 3947 tui,
1531 3909 1564 3939 &
1583 3910 1703 3947 ejusdem
1726 3909 1851 3940 Comitis
1872 3907 1987 3938 honoris
1999 3906 2033 3936 &
2049 3904 2196 3935 commodi
2208 3905 2337 3944 zelatori,
2354 3906 2406 3936 ad-

1347 3948 1442 3979 hibeas
1457 3948 1486 3976 in
1501 3948 1650 3986 omnibus,
1668 3958 1732 3985 quae
1746 3948 1796 3978 tibi
1807 3957 1840 3977 ex
1855 3955 1931 3983 parte
1946 3942 2038 3974 nostra
2048 3942 2146 3987 digerit
2159 3965 2168 3980 ‚
2183 3942 2294 3982 plenam
2307 3943 2404 3974 fidem.

1385 3985 1532 4025 Rogamus
1545 3987 1635 4026 itaque
1648 3985 1840 4018 celsitudinem
1855 3985 1957 4022 regiam
1971 3989 2098 4015 attentius
2109 3981 2142 4013 &
2155 3981 2406 4051 hortamur‚inssfe-

2299 4030 2339 4051 mi
2362 4030 2408 4051 io-
