2570 4261
0 303 17 329 >.

573 205 682 247 ET
763 204 1028 247 ACTA
1109 199 1574 245 PUBLICA.

43 295 122 327 modi
135 292 298 332 processisse
311 291 426 322 fideliter
442 290 642 329 supponimus,
661 292 695 322 &
707 291 850 322 humiliter
867 289 1068 329 confitemur&

71 333 237 370 Impositum
253 333 336 362 nobis
348 340 419 361 onus
434 332 521 367 ipium
537 329 749 367 assumpsimus,
765 339 798 359 ac
812 331 840 358 in
855 340 890 359 eo
905 329 1009 358 divinae
1030 334 1084 354 mi-

0 402 4 409 ,
34 371 192 405 sericordiae
213 371 342 400 nostrum
360 369 524 406 subjecimus
545 368 760 405 imperfedltum3
778 368 913 405 sperantes
933 363 1011 402 quod
1032 363 1085 400 ipsa

36 409 183 448 benignius
199 409 227 438 in
241 407 418 446 beneplacito
433 407 482 436 suo
497 407 593 444 diriget
604 406 680 435 aetus
694 405 803 435 nostros
815 406 849 434 ad
861 406 899 435 sui
922 404 1030 433 laudem
1052 402 1086 431 ὃ(

38 449 175 485 oloriam,
193 447 387 476 exaltationem
402 445 483 481 ipsius
495 445 588 473 matris
599 443 740 481 eccieslae‚
757 453 789 473 ac
802 443 903 473 statum
925 441 1087 479 prosperum

38 473 105 517 {dei
119 485 286 515 Christianae
295 507 304 522 ,
322 492 375 512 nec
388 491 455 519 nos,
471 483 647 519 inerpertum
661 482 693 512 &
709 482 863 518 humilem,
882 482 909 510 in
930 489 986 509 tarn
1008 487 1089 516 gran-

40 525 100 563 dis,
118 523 294 561 dispositione
314 521 376 557 sua,
394 521 476 549 maris
498 520 640 549 altitudine
662 520 784 557 positum
799 519 988 555 derelinquet,
1007 518 1022 545 ‘a
1036 516 1088 545 flu-

39 562 228 593 &tuitionibus
241 569 300 589 non
314 558 446 596 adjutum.

79 599 278 630 Excellentiam
291 598 384 634 itaque
399 595 519 634 Regiam
540 605 707 633 monemus,
724 605 872 633 rogamuS,
891 596 924 626 &
945 594 1091 623 hortamur

42 646 160 675 attente,
179 646 211 666 ac
227 635 403 666 obsecramus
415 635 443 664 in
455 634 513 664 filio
530 633 588 663 Dei
600 633 702 675 Batnai,
721 636 846 672 quatinus
859 631 1060 673 recognoscens
1077 629 1092 658 a

43 676 165 707 domino
185 674 236 704 tibi
255 673 384 704 traditam
402 671 585 709 potestatem,
604 674 641 702 116
662 673 691 701 in
705 672 805 702 semitis
818 672 1014 702 mandatorum
1029 674 1093 698 luo-

44 724 109 745 mm
130 712 271 750 ambules,
289 713 321 742 δε
344 713 373 741 111
396 710 547 747 conspeetu
571 710 626 747 ejus
649 709 769 740 delinees
792 712 846 740 vias
859 719 932 747 tuas,
951 707 1029 746 quod
1045 715 1093 746 per

45 753 154 783 cultum
172 750 285 789 justitiae
299 774 308 786 ,
334 749 472 788 religionis
495 758 623 778 amorem
638 773 646 786 ,
664 750 697 779 ὃς
720 749 921 778 observantiam
943 747 1094 785 aequitatis,

46 799 155 821 aeterno
167 790 238 829 patri
250 796 360 827 gratum
372 796 398 816 te
411 786 548 826 praebeaS,
567 788 615 824 ὃς,
634 797 683 824 per
698 795 778 817 tuum
798 787 863 816 utile
884 787 1018 826 regnantis
1041 787 1096 815 mi·-

47 829 208 865 nisterium,
226 827 351 856 firmetur
365 825 483 854 thronus
497 825 665 863 praesidentis
678 826 707 854 in
721 825 808 864 solio,
826 833 877 861 pax
889 827 922 856 ἅ-
943 824 1097 861 tranquilli-

48 875 87 897 tas
102 866 211 897 subditis
226 866 279 895 tuis
295 864 479 901 proveniant,
497 865 530 894 &
544 864 642 893 vicinis
664 864 793 900 gentibus
812 864 887 901 quies
907 862 1028 903 placida,
1048 872 1096 900 per

48 905 246 942 respariionem
262 901 401 939 quandam
415 901 562 932 fru&uosae
575 901 734 939 alluvionis,
754 902 875 932 accedat.

87 943 155 973 Nos
174 943 268 977 enim,
286 941 333 977 qui
354 939 388 969 ad
409 940 554 977 personam
568 964 577 977 ,
596 939 774 977 domumque
794 939 913 979 Regiam
936 939 972 970 sic
993 937 1098 968 affeetu

49 982 211 1020 praecipuo,
229 980 262 1009 &
281 979 346 1008 zelo
367 979 484 1007 internae
506 978 623 1018 caritatis
643 979 799 1016 aii-icimur,
819 978 896 1016 quod
918 979 1100 1009 veliementer

51 1020 225 1057 appetimus,
244 1019 276 1048 &
290 1026 402 1046 oramus
416 1025 443 1046 te
457 1018 486 1045 in
498 1017 604 1046 actibus
619 1018 670 1046 tuis
685 1016 822 1054 proficere
840 1016 979 1047 laudandis
1003 1025 1099 1045 exem-

53 1058 120 1096 plis,
138 1058 169 1088 &
184 1066 251 1086 cum
267 1055 324 1084 Dei
345 1055 521 1092 beneplacito
543 1054 665 1085 crescere
688 1056 826 1085 continuis
847 1055 1043 1091 incrementis,
1061 1052 1101 1082 af-

53 1096 162 1127 fetrum
175 1095 228 1125 tibi
242 1093 354 1123 sincerae
369 1093 544 1132 benignitatis
558 1093 753 1130 expindiniuS,
773 1094 805 1123 &
820 1093 910 1123 sinum
926 1094 1043 1124 caritatis
1058 1091 1102 1121 so-

52 1134 118 1165 lidae
130 1134 283 1171 aperimus,
302 1141 508 1169 proponentes,
527 1132 555 1160 in
570 1132 670 1168 quibus
684 1141 751 1161 cum
767 1131 834 1161 Deo
853 1134 1023 1169 poterimus,
1043 1129 1103 1159 Re-

55 1174 106 1210 gio
127 1171 231 1201 honori
249 1170 374 1207 deferre,
393 1179 425 1199 ac
446 1179 492 1199 tua
513 1170 546 1200 &
567 1168 661 1212 Regni
674 1168 715 1200 'tui
731 1169 869 1206 comoda,
886 1180 937 1208 pro
953 1170 1052 1208 quibus
1069 1170 1104 1200 ad

55 1221 108 1242 nos
122 1220 189 1240 curn
204 1209 345 1239 securitate
360 1217 502 1237 recurrere
515 1216 635 1246 poteris,
653 1209 683 1237 in
696 1209 917 1246 promptitudine
929 1217 1048 1247 paternae
1055 1209 1105 1239 be-

56 1248 227 1281 nevolentiae
241 1256 419 1285 promovete.

96 1329 163 1359 Dat.
179 1327 288 1366 Aquila:
305 1336 330 1366 3.
346 1326 431 1357 Non.
445 1325 634 1364 Septembris,
655 1323 840 1356 Pontificatfis
857 1323 946 1354 nostri
963 1332 1038 1353 anno
1050 1324 1107 1361 pri-

58 1377 116 1398 mo.

761 1442 815 1474 Sub
825 1441 878 1484 filo
895 1442 999 1471 canabi.

39 1580 90 1613 st*
115 1580 203 1613 Bulla
225 1589 281 1625 pro
307 1576 459 1625 Magistro
485 1574 607 1609 Roberto
629 1574 664 1608 de
681 1572 864 1621 Winchefi,
889 1573 1110 1620 Archicpifiopo

481 1626 694 1667 Cantuarienfi.

132 1716 269 1748 Elestinus
281 1716 455 1755 Episcopus,
475 1714 566 1745 servus
578 1713 721 1745 servorum
736 1714 810 1752 Dei,
830 1706 970 1745 carissimo
985 1715 1014 1743 in
1029 1705 1117 1744 Chri-

104 1793 122 1823 d
135 1756 190 1825 6st'to
203 1755 261 1785 filio
275 1755 309 1786 E.
327 1755 405 1792 Regi
419 1753 530 1793 Angiiae
546 1752 658 1791 illustri,
676 1753 788 1784 salutem
803 1755 835 1784 ὃς
852 1753 1047 1791 Apostolicam
1066 1752 1118 1782 be-

67 1803 104 1825 ne
125 1805 133 1824 1
165 1803 270 1824 ionem.

106 1832 154 1863 Ad
174 1830 332 1862 fovendum
353 1831 382 1860 in
405 1831 523 1861 caritatis
534 1830 683 1860 visceribus
696 1829 883 1861 Ecclesiarum
898 1830 1048 1867 praelatos,
1070 1839 1119 1860 eos

68 1872 210 1909 praecipue
219 1871 272 1908 qui
286 1868 449 1899 Pontificali
462 1868 595 1908 dignitate
609 1870 793 1908 praeminent,
815 1880 850 1899 eo
863 1878 892 1899 te
903 1868 1056 1899 fiducialius
1065 1878 1120 1898 no—

69 1909 129 1939 stris
152 1909 282 1947 precibus
302 1908 468 1945 invitamus,
486 1917 562 1946 quo,
581 1908 608 1936 in
631 1907 777 1937 bonorum
799 1917 920 1945 operum
935 1908 1119 1944 executione,

68 1947 246 1978 Celsitudinis
261 1946 375 1985 Regalis
388 1945 525 1976 affedhim
539 1946 703 1976 extimamus
718 1946 803 1985 magis
818 1954 985 1983 promptum
1000 1946 1032 1975 &
1052 1945 1122 1974 faci-

69 1986 126 2016 lem
141 1986 283 2022 'iiivenire3
302 1993 370 2014 cum
381 1983 454 2022 apud
468 1983 584 2022 Deum,
603 1985 680 2022 cujus
696 1983 783 2014 iidem
805 1983 914 2014 Prielati
934 1982 1053 2014 ministri
1074 1993 1123 2013 ex-

70 2024 173 2062 istunt,
193 2023 382 2053 retributionis
403 2031 516 2052 aeternae
537 2024 710 2061 praemium,
733 2024 766 2054 ὃς
787 2023 860 2060 apud
881 2023 1013 2052 homines
1037 2022 1122 2052 laudis

71 2063 250 2101 praeconium
263 2061 314 2091 tibi
330 2060 431 2091 exinde
444 2062 607 2099 acquiratur.

115 2100 238 2131 Dudum
247 2098 385 2137 siquidem
399 2099 523 2130 Ecclesia
536 2098 726 2130 Cantuariensi
742 2109 792 2137 per
805 2099 934 2137 obitum,
951 2099 1038 2129 bonae
1060 2109 1123 2129 me-

71 2140 188 2178 moriae,
202 2138 336 2176 johannis
351 2137 559 2176 Archiepiscopi
581 2137 799 2175 Cantuarienlis,
818 2137 938 2168 Pastoris
957 2138 1054 2168 solatio
1075 2137 1124 2167 de-

71 2177 178 2215 stituta,
198 2176 292 2206 (1116611
306 2176 353 2206 filii
456 2176 540 2207 Prior
553 2178 586 2208 ὃς
603 2175 767 2215 Capitulum
778 2176 898 2214 ejusdem
914 2175 1126 2214 Eccleiiae2vo-

72 2217 139 2246 catis
160 2215 310 2251 omnibus,
328 2215 375 2252 qui
397 2214 564 2253 voluerunt,
581 2214 756 2252 debuerunt,
775 2216 808 2245 ὃ(
828 2223 980 2252 potuerunt
1001 2215 1127 2245 comode

73 2253 218 2290 interesse,
236 2252 282 2283 die
294 2251 328 2281 ad
341 2253 504 2290 eligendum
518 2252 646 2291 praefixa,
664 2254 866 2284 convenientes
882 2255 912 2283 in
927 2262 1015 2284 unum
1024 2263 1056 2284 ac
1064 2252 1128 2292 Spi=

76 2291 145 2323 ritus
158 2291 253 2322 sineri
264 2290 350 2330 gratia
363 2291 510 2330 invocata,

117 2330 328 2367 Deliberantes,
344 2329 377 2359 ad
397 2330 589 2368 provisionem
607 2329 764 2360 faciendam
784 2329 833 2367 ipsi
856 2329 990 2360 Ecclesiae
1004 2330 1040 2360 de
1053 2329 1131 2359 Prae-

77 2368 153 2407 lato,
171 2378 219 2407 per
230 2369 306 2398 viam
322 2367 476 2404 procedere
487 2368 700 2406 compromissi,
718 2368 823 2406 septem
845 2378 879 2398 ex
900 2368 958 2406 ipso
978 2367 1131 2405 Capitulo,

79 2407 226 2444 videlieet,
246 2406 403 2445 Fratribus,
421 2407 550 2437 Martino
563 2407 599 2437 de
610 2406 695 2437 Cline
708 2406 931 2444 Paeniteiitiario,
950 2406 1081 2437 Galfrido
1096 2406 1132 2436 de

80 2445 220 2476 Ramenal
233 2444 424 2482 Praecentori,
443 2444 598 2482 Radulpho
612 2445 648 2475 de
671 2445 812 2474 Adesham
833 2445 994 2483 Suppriori,
1008 2445 1133 2482 Johanni

80 2484 117 2514 de
131 2483 239 2513 Welles
254 2482 456 2520 Thesautario,
475 2482 607 2513 Roberto
622 2483 658 2513 de
672 2483 787 2520 Celesey
797 2508 806 2520 ,
821 2482 945 2520 Johanni
959 2483 995 2513 de
1007 2483 1084 2520 Wy,
1099 2483 1132 2512 &

80 2521 226 2553 Riccardo
245 2520 281 2551 de
301 2520 412 2558 Chine,
431 2520 585 2551 Monachis
605 2521 726 2559 ejusdem
747 2521 898 2559 Ecclesiae,
916 2521 965 2551 sub
983 2532 1019 2552 eo
1040 2520 1131 2550 modo

80 2560 250 2600 potestatem
272 2558 454 2597 providendi,
473 2569 505 2589 ea
528 2561 608 2596 vice,
626 2560 673 2596 ipsi
696 2559 832 2590 Eccleiiae
851 2559 886 2589 de
900 2559 1015 2590 Pastore
1037 2560 1136 2589 unani-

82 2600 166 2630 miter
181 2597 394 2635 eoncefferunt,
412 2606 443 2627 ut
455 2598 523 2635 ipsi,
541 2598 586 2628 vel
603 2599 693 2636 major
706 2608 766 2636 pars
780 2598 920 2636 ipsorum,
937 2600 1001 2629 vice
1021 2598 1082 2635 sua,
1101 2598 1134 2628 &

82 2637 286 2675 praediffitorum
306 2635 408 2665 Prioris
428 2636 462 2665 &
484 2635 626 2674 Capituli,
645 2646 694 2674 per
713 2636 881 2666 eletstionem
895 2639 1062 2666 canonicam
1077 2645 1138 2665 tan-

85 2675 259 2712 tummodo,
278 2673 371 2704 eidem
384 2672 518 2704 Ecclesiae
539 2674 576 2704 de
616 2675 712 2705 ersona
729 2675 839 2714 ydonea
855 2684 888 2704 ex
902 2675 1009 2714 seipsis,
1027 2674 1074 2705 vel
1081 2674 1137 2703 aliis

85 2714 122 2744 de
133 2714 244 2751 gremio
257 2713 338 2750 ipfius
353 2712 487 2743 Ecclesite
497 2736 506 2750 ,
523 2713 569 2743 vel
581 2722 596 2742 a
607 2712 709 2752 iunde,
727 2713 905 2752 assumenda,
923 2723 1007 2752 prout
1020 2713 1082 2751 ipsis
1095 2713 1139 2743 vi-

85 2751 197 2782 deretur
211 2750 358 2820 eiipediens
365 2775 374 2788 ,
390 2751 586 2788 providerent:

124 2789 162 2820 Et
180 2800 237 2828 quo
263 2814 272 2827 ,
291 2789 442 2827 postquam
456 2799 558 2819 omnes
571 2789 656 2819 iidem
672 2789 833 2828 Monachi,
850 2790 895 2821 vel
908 2791 998 2828 major
1020 2793 1079 2828 pars
1099 2789 1140 2826 ip-

87 2829 199 2866 sorum,
216 2828 376 2859 concordes
387 2827 535 2858 existerent
546 2827 582 2857 de
595 2828 710 2866 persona
731 2828 887 2867 hujusmodi
908 2829 943 2858 eli
963 2828 1049 2866 enda,
1069 2837 1140 2858 unus

86 2867 216 2905 illorum,
234 2867 270 2897 de
291 2866 467 2904 reliquorum
488 2865 674 2903 Collegarum
692 2867 807 2897 suorum
829 2866 933 2897 consen
946 2878 963 2897 u
978 2868 1012 2898 &3
1025 2866 1142 2896 manda·-

88 2914 137 2942 t0,
156 2906 202 2935 vel
215 2906 326 2944 majoris
340 2907 421 2942 partis
434 2915 552 2942 eorum,
571 2906 634 2935 vice
646 2905 708 2943 sua,
726 2906 759 2936 &
773 2905 913 2945 ipsorum,
930 2916 962 2936 ac
977 2906 1063 2935 totius
1084 2904 1142 2934 Ca-

89 2945 169 2982 pituli
183 2944 347 2982 supradicti,
365 2943 513 2980 personam
528 2943 614 2980 ipsam
626 2944 656 2973 iii
678 2943 934 2981 Archiepiscopum
956 2943 1142 2974 Cantuarien-

89 2983 147 3013 sem
162 2983 291 3019 eligeret,
310 2982 343 3012 &
357 2981 531 3011 elefflonem
544 2982 701 3019 hujusmodi
717 2982 880 3020 publicaret.

129 3019 212 3051 Diffi
225 3029 320 3051 autem
333 3019 439 3057 septem
455 3019 610 3057 Monachi,
629 3020 788 3059 hujusmodi
805 3020 942 3058 potestate
956 3028 1085 3057 recepta,
1102 3019 1143 3050 se⁴

91 3059 224 3089 cedentes
244 3060 274 3088 in
294 3066 418 3100 partem,
475 3057 500 3087 st
521 3058 681 3098 diligentes,
702 3067 773 3097 quos
794 3060 864 3089 inter
884 3059 912 3088 se
927 3060 1006 3096 super
1020 3061 1078 3090 hoc
1093 3059 1143 3088 ha-

92 3098 195 3135 buere,
211 3095 248 3126 de
261 3095 373 3125 diversis
387 3067 509 3138 perifd'nijs
524 3098 666 3139 tractatus,
684 3099 714 3127 in
734 3097 924 3128 venerabilem
942 3097 1068 3127 Fratrem
1090 3107 1145 3126 no-

93 3135 182 3165 strum
196 3159 206 3173 ,
224 3134 389 3177 Robertum
409 3133 663 3172 Archiepiscopum
683 3135 908 3166 Cantuariensem
923 3160 932 3173 ,
951 3142 1021 3165 tunc
1042 3136 1145 3165 Archi-

92 3173 247 3204 diaconum
261 3171 435 3210 Essexiae,in
449 3171 573 3202 Ecclesia
588 3173 682 3202 Sanffi
694 3173 771 3204 Pauli
788 3174 968 3204 Londonien.
978 3173 1144 3205 DocCtorern

91 3212 286 3249 Theologicae
298 3211 450 3247 facultatis,
468 3210 649 3240 concorditer
659 3211 862 3243 consenserunt.

131 3249 170 3280 Et
183 3249 285 3280 deinde
297 3248 446 3287 praedictus
458 3248 613 3287 Supprior‚
631 3248 667 3278 de
681 3251 815 3281 consensu
827 3252 859 3282 &
873 3250 1006 3281 mandato
1025 3249 1146 3288 praedic-

95 3297 192 3318 torum
206 3288 393 3324 Collegarum
407 3286 541 3325 suorum,
559 3288 624 3317 vice
636 3286 696 3326 sua,
714 3289 881 3325 &ipsorum
896 3289 1095 3327 Collegarum,
1113 3298 1146 3317 ac

96 3326 221 3363 Capituli
240 3325 386 3363 supradidti
417 3333 451 3354 ex
472 3325 605 3356 concessa
625 3324 676 3355 fibi
696 3327 730 3358 &
750 3327 853 3358 eisdem
875 3327 1003 3365 Collegis
1025 3327 1094 3365 suis,
1111 3327 1147 3355 ab

95 3366 202 3395 eisdem
217 3363 316 3408 Priore
329 3365 362 3394 &
376 3349 420 3393 da
439 3364 576 3407 itulo‚·ut
590 3365 783 3403 praemittitur,
801 3366 951 3405 potestate,
971 3365 1094 3397 eundem
1110 3364 1146 3394 R.

96 3405 124 3433 in
141 3401 392 3442 Archiepiscopum
433 3402 632 3432 antuariensem
647 3402 744 3441 elegit;

134 3441 172 3471 Et
185 3439 344 3479 hujusmodi
355 3439 525 3469 elecItionem
546 3440 639 3477 suam,
657 3441 686 3470 in
707 3440 848 3478 praesentia
867 3442 1027 3481 didiorum,
1047 3441 1150 3472 Prioris

98 3481 131 3511 δε
147 3479 286 3516 Capituli,
301 3477 491 3514 sollempniter
505 3478 671 3515 publicavit:

136 3517 293 3555 Didiusque
305 3516 343 3546 R.
360 3514 562 3553 postmodum,
580 3516 649 3546 infra
661 3525 772 3554 tempus
785 3517 801 3546 a
810 3518 872 3555 jure
886 3518 1036 3557 statutum,
1056 3519 1148 3549 eidem

101 3555 245 3586 Electioni
260 3579 269 3593 ,
287 3554 320 3585 ad
340 3553 444 3584 Prioris
464 3554 498 3584 &
519 3552 643 3591 Capituli
664 3555 866 3592 praedizstorum
888 3556 1058 3595 instantiam,
1078 3568 1149 3587 con-

101 3595 197 3632 sensit,
215 3595 249 3625 &
264 3593 357 3623 forma
368 3591 594 3630 constitutionis,
612 3592 707 3623 faelieis
722 3593 937 3632 recordationis,
955 3595 988 3624 N
992 3596 1073 3626 icolai
1096 3596 1150 3625 Pa-

102 3643 148 3670 pae
163 3633 236 3663 tertii
250 3630 463 3662 Praedecefforis
475 3629 579 3668 nostri,
596 3630 675 3668 super
695 3631 752 3662 hoc
773 3631 874 3670 editae,
891 3633 1042 3670 diligenter
1062 3634 1152 3664 serva-

103 3679 147 3709 ta,
165 3670 343 3709 personaliter
362 3668 396 3699 ad
413 3668 610 3707 Apostolicam
629 3669 741 3707 sedem,
758 3668 829 3700 dum
850 3670 924 3701 sedes
944 3672 999 3709 ipsa
1019 3674 1151 3711 vacabat,

103 3709 241 3740 accedens
249 3732 259 3747 ,
277 3709 334 3739 huc
347 3707 433 3745 usque
446 3707 519 3746 apud
533 3715 594 3737 earn
608 3716 721 3745 propter
732 3708 790 3738 hoc
803 3709 927 3747 noscitur
941 3711 1126 3747 permansisse.

143 3746 272 3777 Demum
291 3754 386 3776 autem
404 3745 489 3775 iidem
510 3744 593 3776 Prior
612 3747 646 3777 &
666 3745 847 3784 Capitulum,
863 3747 993 3778 facientes
1008 3749 1090 3779 nobis
1103 3749 1152 3780 de-

104 3793 214 3815 cretum
228 3784 382 3815 Eieetionis
395 3783 554 3822 hujusmodi
565 3785 721 3822 praesentari
732 3791 782 3822 per
796 3785 858 3815 suos
872 3794 964 3816 certos
982 3786 1154 3818 Procurato-

105 3833 148 3853 res
161 3824 193 3853 &
206 3822 357 3861 Nuntios,
371 3823 406 3853 ad
421 3832 472 3852 nos
486 3830 601 3859 propter
620 3823 677 3852 hoc
697 3822 848 3859 specialiter
867 3823 1034 3863 destinatos,
1054 3827 1153 3863 praefa-

105 3870 150 3891 tus
163 3870 234 3890 vero
247 3860 286 3890 R.
301 3871 349 3899 per
360 3860 476 3898 seipsum
491 3861 506 3889 ὲ
518 3861 602 3890 nobis
619 3861 777 3899 suppliciter
796 3860 964 3900 postulavit,
979 3871 1010 3893 ut
1029 3863 1154 3895 Erectio-

106 3909 174 3930 nem
190 3898 420 3930 confirmaremus
438 3898 571 3929 eandem:

144 3936 213 3966 Nos
225 3937 236 3966 i·
255 3937 308 3967 itur
319 3937 500 3968 Eleffionem
513 3937 599 3975 ipsam
600 3960 625 4004 ὲ
633 3937 666 3968 ὃς
680 3935 814 3975 ipsiusR.
834 3937 980 3974 personam

159 3976 163 3980 ι
1001 3946 1049 3976 per
1068 3951 1155 3972 vene-

106 3975 222 4005 rabilem
265 3983 365 4005 ratrem
386 3975 427 4006 G.
448 3975 580 4006 Sabinen.

628 3975 792 4016 piscopum,
811 3976 845 4006 &
865 3975 983 4006 (11166105
1000 3977 1084 4008 Filios
1099 3990 1154 4009 110-

109 4013 198 4050 stros,
216 4009 248 4041 Β.
267 4021 300 4042 tt.
322 4012 417 4043 Sanffl
433 4013 551 4044 Martini
572 4013 780 4051 presbiterum,
797 4014 832 4044 &
853 4012 885 4042 P.
899 4013 996 4045 Sanc'h
1009 4015 1153 4047 Eustachii

103 4050 287 4088 Diaconum,
305 4049 479 4090 Cardinales,
497 4053 646 4083 examinari
659 4052 778 4082 fecimus
790 4050 957 4095 diligenter3
972 4054 1007 4085 &
1021 4053 1156 4087 111613110-

106 4090 150 4122 bis
164 4089 200 4119 ab
214 4088 317 4127 eisdem
330 4087 524 4123 cardinalibus
537 4090 617 4130 super
629 4090 688 4122 hoc
703 4090 836 4122 relatione
849 4089 924 4120 fideli
933 4112 943 4128 ,

134 4130 208 4158 Tam.
227 4129 253 4157 1.
271 4128 305 4158 P.
325 4128 384 4157 ΠΙ.

2088 208 2162 255 137

1139 286 1215 329 Qia
1231 287 1348 330 eandem
1365 288 1544 330 Eleftionem
1560 290 1718 320 invenimus
1731 289 1766 320 de
1778 290 1836 330 ipso
1850 289 1887 320 R.
1908 288 1979 320 Viro
2002 279 2120 326 quidem
2142 297 2172 316 e-
2191 283 2265 314 Ann.
2281 273 2321 312 ὑί

1130 324 1412 367 1111116111111111611111111
1437 328 1544 357 scientia
1567 329 1702 365 praedito,
1722 330 1786 359 vitae
1809 328 1965 365 laudibilis,
1985 326 2174 358 conversatio·
2209 332 2293 359 1294-

1129 372 1171 391 nis
1186 362 1318 400 placidae,
1339 374 1452 394 morum
1467 365 1612 395 honestate
1625 366 1747 403 decoio,
1766 367 1936 397 discretionis
1950 367 1983 396 δε
1999 365 2102 394 consilii
2112 373 2172 393 ma-
2192 364 2257 389 Edv·
2279 370 2302 386 ι-

1131 401 1241 430 turitate
1256 401 1425 444 conspicuo,
1442 412 1474 432 ac
1491 405 1519 432 in
1534 404 1712 440 spiritualibus
1735 406 1767 435 ὃς
1791 405 1987 444 temporalibus
2005 401 2174 438 circumspe-

1131 438 1180 468 cto
1188 462 1197 475 ,
1218 442 1355 470 canonice
1370 440 1552 478 celebratam,

1167 475 1273 518 Ipsam,
1290 477 1324 507 de
1346 478 1461 508 fratrum
1481 478 1643 509 nostrorum
1664 478 1793 509 Consilio
1802 505 1809 515 .,
1828 481 1989 510 audieritate
2010 476 2178 516 Apostolica

1133 518 1350 558 conrii-mantes,
1368 518 1490 546 eundem
1508 517 1544 546 R.
1559 517 1641 547 dictae
1658 516 1847 548 Cantuariensi
1863 520 1880 538 ἢ*
1901 518 2034 548 Ecclesiae
2049 516 2178 554 prefeci-

1133 562 1195 582 mus
1209 563 1237 582 m
1253 553 1502 592 Archiepiscopum
1518 556 1549 584 &
1565 554 1727 593 Pastorem,

1160 590 1286 633 ’Sibique
1295 592 1492 659 ssubsequenter
1508 603 1556 631 per
1566 593 1675 623 dietum
1689 593 1861 631 Episcopum
1875 604 1976 624 munus
1996 592 2184 623 consecratio-

1136 638 1178 658 nis
1198 639 1305 666 imperi,
1317 639 1323 659 1
1335 653 1344 668 ,

1175 666 1220 697 Ac
1242 668 1355 698 tandem
1377 668 1507 706 pallium,
1525 669 1648 709 infigiie,
1666 668 1797 700 videlicet
1811 693 1820 707 ,
1840 668 2004 706 pontificalis
2023 668 2130 705 officii,
2147 667 2184 698 de

1138 714 1260 748 corpore
1274 707 1346 736 beati
1363 706 1438 736 Petri
1452 707 1612 745 sumptum,
1633 709 1648 737 a
1662 707 1777 744 praefato
1792 707 1830 736 R.
1847 716 1915 736 cum
1926 706 2056 736 instantia}
2072 707 2126 744 qua
2134 706 2184 738 de,-

1141 752 1201 773 cuit
1212 743 1401 786 postulatum,
1420 745 1468 774 sibi
1481 745 1598 776 fecimus
1613 745 1759 783 assignari,
1774 746 1852 783 juxta
1872 746 1993 775 formam
2012 754 2107 782 quam,
2120 744 2185 773 Ro·-

1143 791 1222 824 mana
1237 781 1362 811 Eccleiia
1374 783 1517 813 consuevit
1530 785 1557 813 in
1572 783 1667 814 talibus
1682 784 1841 813 observare:
2147 809 2150 811 .

1180 819 1272 849 Firma
1287 820 1333 857 spe
1367 820 1524 857 fiduciaque
1536 829 1677 859 tenentes,
1697 821 1775 859 quod
1788 821 1885 852 eadem
1899 819 2190 850 Cantuarien.Eccle-

1142 857 1194 894 fia,
1214 857 1281 887 Deo
1295 868 1344 887 auc
1359 868 1427 896 ore,
1445 869 1492 895 per
1508 860 1585 896 ipsius
1600 859 1637 889 R.
1653 858 1795 889 industria-z
1808 870 1839 889 ac
1853 859 2109 898 circumspectionis
2131 857 2190 886 frti-

1143 895 1271 939 Ctuosum
1286 895 1425 934 studium,
1444 897 1652 933 praelervabitur
1667 899 1682 927 ii
1695 899 1783 927 noxiis
1798 899 1829 927 &
1851 897 1984 933 adversis,
2003 897 2035 927 δε
2057 895 2191 932 multipli-

1144 943 1213 963 citer
1228 934 1409 971 spiritualibus
1421 936 1453 965 &
1467 936 1660 972 temporalibus
1675 935 1801 972 proficiet
1814 937 2001 965 incrementis.

1185 971 1265 1002 Cum
1281 974 1388 1009 itaque,
1404 972 1441 1002 fili
1457 973 1607 1011 carissime,
1628 974 1658 1003 sit
1673 974 1778 1003 virtutis
1796 984 1865 1010 opus
1885 972 2020 1002 Eccleiias
2043 972 2075 1002 ὃς
2098 971 2190 1008 perso*-

1148 1020 1195 1039 nas
1213 1009 1435 1052 Ecclesiasticas,
1453 1011 1603 1053 praesertim
1620 1011 1775 1041 Pontificali
1797 1011 1923 1048 proediras
1943 1011 2095 1046 dignitate,
2114 1010 2193 1038 beni-

1149 1051 1322 1091 gnoiavore
1336 1048 1482 1088 prosequi,
1501 1058 1533 1078 ac
1548 1059 1591 1079 eas
1605 1051 1697 1081 verbis
1709 1050 1742 1080 &
1756 1049 1903 1086 operibus,
1921 1059 1973 1085 pro
1989 1049 2087 1078 aererni
2107 1047 2193 1085 Regis

1148 1086 1239 1123 glorizi
1257 1088 1397 1117 venerari:

1182 1124 1365 1155 Serenitatem
1382 1124 1507 1161 Regiam
1527 1125 1659 1161 rogltamus
1682 1124 1715 1154 &
1735 1124 1881 1154 hortamur
1900 1132 2005 1154 attente
2025 1147 2034 1161 ,
2066 1124 2193 1160 quatinus

1147 1162 1239 1192 eidem
1255 1162 1435 1200 Archiepisco
1456 1173 1492 1200 o,
1510 1163 1554 1193 vel
1570 1163 1746 1192 Procuratori
1767 1163 1833 1201 suo,
1851 1163 1907 1200 ejus
1926 1163 2058 1198 nomine,
2078 1162 2195 1196 Regalia

1148 1201 1271 1238 ejusdem
1284 1201 1418 1230 Ecclesiae
1458 1202 1607 1230 antuarien.
1620 1211 1683 1238 quae
1703 1210 1752 1237 per
1772 1209 1815 1238 te,
1832 1201 1984 1230 vacationis
2006 1199 2061 1237 ejus
2083 1206 2195 1235 tempo*

1150 1249 1193 1276 re,
1212 1240 1301 1269 teneri
1314 1239 1459 1276 dicuntur,
1477 1239 1533 1268 sine
1553 1239 1675 1277 qualibet
1695 1238 1857 1269 difficultate
1877 1238 2035 1274 restituens,
2056 1237 2144 1273 ipsum
2160 1239 2193 1266 &2

1150 1277 1305 1307 Ecclesiam
1321 1277 1500 1315 praedietam,
1521 1277 1570 1307 sibi
1585 1276 1781 1314 commiffam,
1800 1277 1836 1306 sic
1855 1276 1917 1306 alias
1940 1276 2052 1312 habeas,
2071 1284 2124 1312 pro
2144 1283 2197 1302 no-

1152 1315 1206 1345 stra
1222 1316 1254 1346 &
1269 1315 1442 1353 Apostolicae
1455 1315 1521 1345 sedis
1534 1315 1704 1352 reverentia,
1722 1317 1750 1344 in
1765 1315 1815 1344 suis
1828 1313 2061 1351 oportunitatibus
2075 1319 2197 1350 propen-

1154 1354 1205 1383 sitis
1220 1353 1454 1390 commendatos,
1472 1353 1549 1391 quod
1569 1354 1645 1383 idem
1667 1353 1900 1390 Archiepiscopus
1916 1376 1925 1389 ,
1944 1362 2000 1382 ruae
2021 1349 2200 1380 Celsitudinis

1153 1392 1235 1422 fultus
1248 1391 1367 1429 auxilio,
1386 1393 1414 1421 in
1429 1391 1578 1421 commissa
1594 1392 1642 1421 sibi
1658 1391 1727 1421 cura
1735 1391 1879 1421 pastoralis
1893 1390 2004 1427 officii,
2023 1387 2200 1427 poffit,Deo

1153 1431 1294 1468 propitio,
1314 1430 1518 1467 prosperari-,ac
1535 1431 1585 1459 tibi
1597 1429 1696 1459 exinde
1710 1431 1725 1458 a
1738 1429 1806 1459 Deo
1821 1430 1947 1469 perennis
1961 1429 2026 1459 vitae
2040 1427 2201 1464 praemium,

1153 1469 1187 1499 &
1202 1469 1218 1498 a
1231 1469 1311 1498 nobis
1327 1469 1467 1506 condigna
1483 1469 1629 1505 proveniat
1642 1469 1718 1498 aetio
1731 1468 1890 1505 gratiarum.

1194 1547 1261 1579 Dat.
1277 1548 1370 1585 Aquil.
1381 1547 1487 1579 oftavo
1504 1546 1568 1578 Kal.
1583 1547 1736 1585 OSrobris,
1754 1545 1938 1578 Pontificatus
1953 1544 2042 1576 nostri
2062 1555 2137 1576 anno
2152 1536 2208 1582 pri-

1157 1596 1217 1616 mo.

1865 1664 1919 1694 Sub
1929 1664 1982 1707 filo
2000 1663 2105 1695 canabi.

1162 1807 1252 1840 Balla
1272 1809 1432 1839 monitoria
1460 1809 1532 1853 Regi
1559 1806 1672 1852 Angliae
1688 1831 1698 1846 ‚
1716 1804 1806 1849 fitper
1826 1814 1898 1849 pace
1921 1807 1997 1835 inter
2025 1801 2121 1848 ipfhm
2140 1828 2150 1843 ,
2175 1803 2212 1837 Θ·

1456 1854 1637 1900 Phillippttm
1657 1855 1763 1898 Regem
1781 1854 1920 1884 Francis.

1170 1954 1172 1956 ·
1230 1943 1368 1975 Elestinus
1383 1941 1552 1980 Episcopus,
1571 1941 1661 1971 servus
1676 1940 1818 1970 servorum
1833 1939 1907 1977 Dei,
1926 1938 2067 1970 cariffimo
2082 1939 2110 1968 in
2132 1937 2217 1967 Chri-

1244 1983 1287 2013 sto
1303 1982 1362 2012 filio
1374 1981 1407 2010 E.
1423 1981 1497 2020 Regi
1513 1980 1623 2019 Angli-,ie
1637 1979 1733 2010 illustri
1746 1978 1860 2009 salutem
1876 1980 1908 2010 ὃς
1924 1977 2119 2016 Apostolicam
2131 1977 2217 2006 bene—

1166 2021 1334 2052 diritionem.

1169 2066 1173 2067 ⁷
1206 2060 1229 2090 F
1232 2068 1366 2097 ungentes
1380 2058 1419 2095 pii
1434 2056 1520 2087 Patris
1532 2056 1632 2087 officio
1647 2055 1680 2085 ad
1696 2054 1860 2093 prosperum
1876 2054 1978 2084 statum
1999 2052 2155 2084 universalis
2172 2062 2219 2082 or-

1168 2097 1210 2128 bis
1232 2098 1419 2133 intendimusz,
1438 2095 1483 2125 sed
1499 2095 1533 2125 ad
1556 2103 1655 2132 tuum,
1672 2093 1711 2123 fili
1732 2092 1869 2123 carissime
1884 2116 1893 2131 ,
1916 2093 2067 2132 Regiiique
2089 2092 2129 2121 tui
2149 2100 2220 2122 voto

1169 2137 1342 2175 propeniiori
1356 2134 1504 2171 ducimur,
1523 2135 1556 2165 &
1571 2143 1652 2163 more
1666 2141 1782 2169 paterno
1795 2141 1823 2162 te
1838 2131 1872 2160 ad
1887 2141 2005 2168 ea,quae
2021 2139 2076 2160 tuae
2089 2129 2165 2159 saluti
2174 2138 2222 2158 ex-

1169 2176 1284 2213 pediunt
1298 2185 1331 2205 ac
1346 2173 1464 2210 honori,
1483 2174 1515 2203 ὃ(
1531 2172 1691 2202 utilitatibus
1704 2171 1774 2208 tuis,
1793 2171 1825 2200 δε
1842 2171 1849 2198 1
1873 2170 1922 2199 sius
1936 2169 2034 2206 Regni
2046 2175 2225 2210 congruunt,

1170 2214 1327 2244 salutaribus
1342 2211 1561 2242 exortationibus
1575 2211 1742 2245 excitamus,
1760 2216 1790 2238 ut
1810 2208 1828 2237 d
1868 2208 1931 2237 uCta
1949 2217 1998 2245 per
2019 2215 2046 2236 te
2067 2207 2094 2235 in
2116 2206 2227 2235 rationis

1174 2262 1292 2282 examen
1308 2274 1317 2289 ,
1335 2250 1513 2280 admittantur
1535 2248 1665 2278 devotius
1679 2271 1688 2285 ,
1711 2247 1745 2277 &
1763 2246 1879 2276 admissa
1898 2247 1950 2276 tibi
1974 2245 2134 2283 Regnoque
2153 2252 2227 2281 prce*

1173 2291 1271 2328 dieto,
1286 2291 1319 2320 ad
1335 2289 1467 2325 salutem,
1485 2286 1664 2317 concedente
1684 2285 1771 2315 salutis
1795 2284 1926 2322 audiore,
1945 2282 2110 2321 proficiant,
2128 2288 2228 2320 pacem

1171 2328 1358 2360 universaliter
1372 2328 1547 2366 germinent,
1564 2324 1776 2363 producantque
1790 2324 1924 2361 quietem.
2134 2356 2139 2359 ἢ

1212 2367 1411 2406 Progenitores
1425 2364 1541 2402 quidem
1556 2363 1611 2400 tui,
1620 2361 1848 2392 Christianissimi
1862 2361 2096 2398 Principes,erga
2111 2358 2208 2389 Deum
2218 2381 2227 2396 ,

1174 2406 1207 2436 &
1222 2406 1386 2435 Romanam
1402 2403 1558 2432 Ecclesiam
1574 2402 1683 2431 clariori
1696 2400 1850 2430 devotione
1864 2399 2015 2437 fulgentes,
2032 2397 2163 2434 perfeztae
2171 2398 2227 2426 cir-⁴

1177 2443 1393 2481 cumspec‘tionis
1413 2441 1517 2471 imbuti
1533 2439 1696 2477 prudentia,
1712 2439 1801 2474 vitatis
1823 2437 2085 2478 scandalisnpacem
2106 2436 2231 2477 undique

1178 2482 1344 2519 coluerunt,
1362 2481 1449 2518 plenis
1461 2489 1524 2508 eam
1539 2478 1724 2515 amplexantes
1739 2475 1901 2512 affectibus,
1918 2475 2037 2517 totisque
2052 2472 2145 2502 studiis
2167 2483 2231 2510 per-

2196 502 2325 536 *11.657·.

2236 1921 2311 1958 Arm.
2327 1916 2367 1956 n.

2267 1975 2350 2004 1294>

2236 2009 2290 2032 An.
2307 2015 2352 2030 υ..

2238 2048 2266 2070 E.
2290 2052 2319 2081 ¹⁴.

2241 2086 2279 2108 [x
2296 2083 2353 2107 Aa:

2244 2128 2308 2156 ingr.

1179 2521 1335 2557 quirentes,
1354 2527 1435 2556 quae,
1452 2526 1522 2547 inter
1535 2517 1585 2546 alia
1597 2516 1673 2546 inlita
1686 2517 1723 2545 eis
1740 2514 1816 2544 dona
1829 2515 1982 2550 virtutum,
1999 2512 2121 2549 ipsorum
2129 2511 2231 2541 statum
2249 2538 2252 2540 ,

1179 2559 1212 2589 &
1227 2568 1335 2588 nomen
1349 2557 1476 2587 exaltavit
1491 2555 1659 2585 felicioribus
1674 2553 1862 2584 incrementis.

1215 2595 1274 2634 Ipsa
1290 2597 1366 2626 enirn
1380 2596 1395 2624 a
1410 2594 1543 2624 Domino
1559 2593 1607 2622 suis
1622 2592 1772 2629 Discipulis
1783 2589 1965 2620 testamentali
1988 2587 2114 2626 quodam
2135 2586 2231 2618 edicte

1179 2635 1273 2677 1611511
1285 2659 1293 2672 ,
1312 2634 1434 2664 cultores
1456 2631 1516 2662 suos
1536 2632 1636 2669 opibus
1657 2632 1745 2659 beatae
1768 2629 1908 2658 fertilitatis
1929 2626 2079 2666 amplificat
2097 2650 2106 2664 ,
2124 2626 2157 2656 &
2175 2625 2231 2658 illis

1179 2683 1250 2711 quos
1265 2672 1397 2703 suavitatis
1411 2671 1466 2709 ejus
1482 2670 1572 2700 reddit
1586 2669 1688 2707 impius
1701 2667 1830 2698 seductor
1844 2676 1985 2704 expertes,
2002 2666 2142 2702 utriusque
2162 2665 2232 2694 boni

1180 2713 1330 2750 praemium
1343 2707 1503 2750 impeditur.
1950 2743 1954 2745 Α
2159 2742 2161 2744 q
2202 2741 2205 2743 Β

1219 2750 1356 2780 Profecto
1371 2748 1501 2778 nostrum
1515 2747 1548 2778 &
1563 2746 1680 2777 fratrum
1694 2744 1861 2775 nostrorum
1873 2744 1972 2773 acriter
1986 2741 2179 2780 percusserunt
2186 2748 2235 2771 au²

1182 2787 1292 2825 ditum,
1310 2787 1459 2818 attulerunt
1473 2785 1644 2816 lacerationis
1659 2783 1788 2813 incendia
1800 2782 1898 2812 nostris
1911 2781 2081 2819 &ipsorum
2101 2789 2158 2817 prae
2180 2778 2234 2821 (1οῇ

1183 2828 1243 2857 lore
1264 2827 1412 2856 visceribus
1433 2825 1518 2854 amari
1539 2831 1686 2859 rumores,
1717 2821 1818 2852 nostris
1841 2830 1929 2857 nuper
1950 2820 2060 2849 auribus
2085 2818 2234 2859 referentes

1185 2864 1263 2903 quod
1278 2866 1349 2895 inter
1364 2873 1390 2894 te
1399 2888 1408 2901 ,
1427 2863 1459 2893 &
1474 2861 1646 2893 carissimum
1660 2863 1688 2890 in
1700 2859 1817 2890 Christo
1830 2859 1918 2888 filium
1926 2857 2054 2888 nostrum
2061 2857 2231 2896 Phylippum

1186 2905 1360 2939 Francorum
1375 2902 1490 2939 Regem
1505 2900 1657 2937 illustrem,
1675 2899 1788 2929 materia
1802 2906 1858 2927 erat
1871 2896 2042 2926 dissensionis
2062 2903 2171 2924 exorta:
2191 2893 2233 2923 ob'

1185 2952 1271 2980 quam
1286 2942 1354 2971 hinc
1369 2940 1451 2978 inde,
1465 2939 1540 2977 proh
1552 2937 1652 2968 dolor!
1671 2938 1846 2967 munimenta
1858 2935 1957 2965 bellica
1978 2934 2156 2971 parabantur,
2174 2933 2234 2961 non

1186 2982 1292 3011 utinam
1309 2980 1315 3010 l
1334 2987 1490 3016 corporum
1510 2977 1543 3007 &
1563 2977 1717 3006 animarum
1738 2973 1876 3012 dispendia
1891 2997 1900 3010 ,
1918 2982 1978 3002 non
1998 2974 2107 3009 utrique
2128 2970 2236 3007 Regno

1185 3018 1367 3056 irreparabilia
1379 3015 1500 3058 pericula
1512 3015 1545 3045 &
1558 3014 1660 3044 Terrae
1673 3013 1773 3044 sandiae
1788 3022 1838 3050 per
1851 3010 2021 3053 consequens
2029 3010 2146 3053 illatura.
2225 3047 2231 3052 ἦ

1225 3058 1309 3087 Licet
1321 3057 1405 3093 igitur
1420 3055 1492 3083 inter
1504 3052 1618 3082 affiduas
1633 3062 1728 3090 curaS,
1743 3052 1777 3081 &
1790 3048 2234 3085 immensasiollicrmdines,quae

1187 3096 1269 3126 nobis
1285 3105 1319 3125 ex
1335 3093 1487 3124 ministerio
1500 3088 1674 3128 Apostolicae
1688 3090 1822 3120 servitutis
1842 3088 2028 3124 incumbunt,
2046 3086 2166 3125 singulos
2188 3096 2237 3127 oi·->

1187 3129 1229 3164 bis
1242 3143 1324 3164 terrae
1339 3131 1503 3162 Catholicos
1515 3129 1674 3168 Principes,
1692 3129 1726 3159 δε
1739 3126 1880 3157 universos
1895 3125 2003 3156 Christi
2017 3124 2110 3155 fideles
2125 3125 2153 3153 in
2168 3134 2238 3161 pace

1187 3174 1321 3210 libenter,
1340 3172 1372 3202 δὲ
1389 3171 1494 3200 unitate
1508 3168 1663 3204 servemus,
1680 3166 1717 3196 de
1730 3166 1828 3195 salubri
1841 3173 1935 3194 tamen
1951 3164 2022 3194 statu
2035 3173 2104 3200 tuo,
2122 3163 2156 3194 ὃ(
2167 3162 2239 3203 dieti

1189 3212 1292 3250 Regis,
1309 3220 1342 3239 ac
1365 3210 1404 3239 tui
1427 3207 1537 3245 ejusque
1557 3206 1749 3241 Regnorum,
1767 3214 1802 3234 eo
1824 3204 1959 3233 nimirum
1982 3201 2130 3239 libentius,
2145 3209 2237 3238 eoque

1189 3249 1331 3280 sollicitius
1347 3249 1379 3278 ὃς
1396 3245 1560 3284 profunditis
1575 3245 1752 3281 cogitamus,
1771 3252 1829 3279 quo
1845 3250 1891 3279 te,
1908 3251 1941 3270 ac
1963 3240 2076 3279 Regem
2099 3240 2236 3276 eundem,

1190 3289 1224 3318 &
1239 3287 1314 3317 dicta
1328 3286 1429 3324 Regna
1442 3284 1494 3322 ipsa
1512 3282 1605 3312 Mater
1619 3280 1742 3311 Ecclesia
1757 3280 1897 3310 sinceriori
1916 3280 2028 3309 caritate
2047 3278 2237 3316 prosequitur,

1191 3328 1223 3357 ὃ(
1246 3327 1274 3355 111
1295 3335 1323 3356 16
1335 3348 1345 3362 ,
1367 3334 1400 3355 ac
1421 3323 1481 3361 ipris
1506 3321 1603 3358 majori
1620 3319 1762 3349 securitate
1784 3318 1899 3357 quiescit
1912 3342 1922 3356 ,
1941 3327 1973 3348 ac
1992 3317 2098 3355 plenius
2118 3315 2239 3346 delceta⁴

1190 3373 1244 3395 tur.

1182 3416 1186 3418 ·
1229 3401 1319 3433 Unde
1335 3402 1391 3431 vias
1406 3400 1592 3438 perquirentes
1604 3397 1637 3427 δὲ
1660 3395 1780 3434 111οά03,
1798 3396 1914 3433 quibus,
1931 3395 2047 3425 au&ore
2067 3391 2239 3436 Deohinte‘r

1193 3450 1238 3479 te,
1257 3450 1288 3471 ac
1302 3439 1448 3476 praefatuni
1464 3438 1595 3474 Regem,
1613 3435 1691 3475 super
1709 3434 1867 3472 hujusmodi
1884 3432 1979 3463 exorta
1996 3433 2014 3451 ’ἓ
2035 3431 2186 3467 discordia,
2205 3430 2238 3460 &

1192 3480 1298 3510 salubre
1312 3478 1442 3508 adhibere
1457 3475 1627 3511 reme-lium,
1645 3474 1678 3504 ὃς
1694 3472 1790 3503 futuris
1802 3473 1917 3502 obviare
1938 3470 2062 3508 periculis
2073 3469 2239 3511 <valeat-nus,

1195 3518 1302 3556 aliquos
1316 3525 1351 3546 ex
1364 3516 1490 3546 fratribus
1505 3513 1580 3550 ipsis,
1599 3512 1646 3543 vel
1658 3512 1738 3548 alios,
1756 3510 1793 3541 de
1814 3510 1913 3556 quibus
1935 3509 2045 3547 qualitas
2066 3509 2132 3539 raeti
2154 3509 2239 3548 suale-

1193 3557 1247 3595 rit,
1266 3565 1318 3593 pro
1331 3552 1509 3584 reformanda
1522 3552 1589 3580 binc
1605 3549 1670 3580 inde
1684 3547 1840 3579 concordia
1853 3548 2038 3585 proponimus
2055 3545 2120 3575 illuc
2141 3543 2238 3574 celeri-

1194 3604 1237 3625 ter

1193 3633 1279 3663 bendi
1300 3631 1487 3672 praesentiam,
1506 3637 1550 3665 ut,
1568 3628 1624 3657 aliis
1663 3624 1828 3657 nerermissis
1847 3623 1972 3663 agendis,
1991 3621 2194 3667 praesentialiter
2206 3623 2241 3664 o—

1195 3671 1385 3702 stenderemus
1406 3668 1528 3704 effestu,
1544 3665 1621 3703 quod
1652 3675 1669 3694 n
1691 3665 1764 3695 votis
1778 3663 1900 3702 gerimus
1922 3663 1951 3691 in
1967 3661 2021 3691 hac
2037 3669 2127 3702 parte,
2150 3657 2196 3688 sed
2210 3659 2240 3690 id

1195 3710 1291 3741 localis
1306 3707 1448 3744 distantia,
1467 3706 1499 3736 &
1516 3714 1568 3742 pro
1577 3704 1620 3733 irii
1634 3703 1759 3733 senefftus
1772 3702 1916 3741 corporis,
1934 3709 1992 3729 non
2006 3705 2178 3739 permittunt.
2217 3736 2222 3741 ¹

1269 3757 1332 3777 uare
1350 3744 1550 3776 Celsitudincm
1605 3743 1695 3780 egiam
1716 3749 1863 3778 rogamus,
1887 3740 1920 3769 ὃ(
1939 3737 2116 3767 obsecramus
2138 3734 2245 3779 infilio

1198 3749 1376 3821 Dei-*patrie
1395 3784 1518 3821 quatinus
1530 3778 1680 3816 diligenter
1692 3778 1852 3815 attendens,
1870 3776 1948 3843 qluod
1969 3776 2021 3804 tuis
2039 3775 2071 3805 &
2082 3774 2244 3817 praedicto:

1198 3836 1264 3855 rum
1278 3823 1499 3859 progenitorum
1512 3827 1627 3848 tuorum
1642 3819 1716 3847 votis
1730 3817 1824 3846 divina
1836 3825 1884 3845 mu
1896 3813 2025 3851 tipliciter
2034 3813 2101 3843 faVit
2107 3811 2247 3842 Clemei'i:

1196 3866 1250 3901 tia,
1268 3862 1314 3891 etsi
1329 3868 1475 3898 propterea
1489 3867 1516 3888 te
1532 3856 1580 3886 sibi
1599 3855 1696 3885 deceat
1715 3863 1841 3894 gratum,
1860 3861 2028 3896 acceptum,
2048 3851 2081 3881 ὅ(
2103 3849 2246 3888 placidum

1197 3902 1342 3937 exhibere,
1360 3899 1379 3927 si
1394 3907 1447 3935 pro
1462 3896 1500 3926 sui
1515 3893 1670 3924 reverenti&
1684 3893 1807 3923 nominis
1823 3899 1974 3929 quicquam
1992 3888 2133 3931 interdum
2156 3889 2247 3918 molo:

1198 3941 1258 3970 stite
1274 3939 1344 3969 ferre
1364 3945 1431 3966 cum
1452 3932 1581 3972 patientia
1603 3933 1736 3969 tenearis,
1756 3930 1804 3961 etsi
1822 3939 1871 3967 per
1883 3937 1911 3959 te
1925 3927 2017 3958 solerti
2031 3926 2123 3958 studio
2137 3927 2189 3958 sint
2204 3928 2247 3958 vi:

1197 3978 1298 4015 tanda,
1315 3975 1416 4014 quibus
1430 3974 1486 4011 ejus
1498 3971 1602 4002 viscera
1614 3970 1784 4000 lacerantur:

1236 4014 1425 4046 Considerans
1446 4019 1561 4048 quoque
1581 4008 1750 4045 prudenter,
1785 4008 1851 4035 uam
1869 4004 1902 4035 sit
1921 4003 1996 4042 apud
2015 4003 2130 4042 Deum,
2148 4004 2181 4034 &
2195 4003 2249 4032 h02

1199 4056 1289 4085 mines
1301 4050 1493 4083 detestandum
1502 4072 1511 4086 ,
1528 4046 1606 4085 quod
1620 4055 1648 4080 te
1659 4056 1693 4077 ac
1706 4055 1764 4086 prae
1792 4054 1854 4075 tum
1866 4042 1981 4087 Regem
1982 4067 1998 4090 2
2012 4051 2074 4086 tam·
2087 4043 2250 4086 propin-qud

1199 4093 1287 4133 gradu
1308 4087 1549 4128 consanguinitatis
1567 4084 1711 4153 astridtSOS,
1725 4091 1839 4121 tamque
1860 4082 1998 4121 contigua
2019 4082 2161 4125 'vicinitate
2177 4080 2251 4147 gg}-

2128 4125 2175 4156 lun
2246 4135 2254 4153 1

2257 3430 2388 3476 ¹²11.ss533

1251 3593 1402 3624 destinare:
1420 3589 1538 3622 utinam!
1559 3587 1718 3626 possibilitas
1732 3588 1813 3617 nobis
1827 3586 1945 3623 adesset,
1965 3584 2089 3614 nostram
2108 3582 2240 3612 1131611111-
2263 3595 2265 3598 ·
