2570 4261
569 120 1766 169 ETACTAPUBLICA.
2211 141 2261 187 73

0 195 98 276 ῃέῐέᾇ).
2277 213 2352 245 Αῐῖη.
2368 210 2409 247 D

0 277 42 302 μ’
60 282 83 300 1”
387 295 445 326 Pro
468 295 612 326 societate
632 293 899 338 Friftobaldornm.
1213 296 1318 327 Lirem
1349 294 1468 329 Roberti
1491 299 1612 330 Comitis
1635 299 1780 332 Flandriae
1804 300 1840 333 de
1858 299 2081 335 Mercataribus
2103 302 2171 336 hinc
2193 303 2262 335 inde
2280 263 2389 319 33‘{?z.·

0 392 20 409 a.
44 387 89 416 35.
119 378 250 447 REX
269 373 376 408 ducetis
394 377 596 409 Mercatoribus
614 378 679 417 suis,
698 379 831 410 Emerico
838 381 873 411 de
889 381 1062 420 Friscobald,
1079 383 1172 413 &So-

11 430 32 445 i.
204 419 254 447 ciis
267 417 317 446 suis
331 415 551 455 Mercatoribus,
568 417 603 447 de
625 418 762 448 Societate
778 418 1037 459 Friscobaldorum,
1053 421 1089 451 de
1109 421 1173 451 Flo-

0 465 28 485 ιι.
47 465 59 492 3
66 465 91 490 5.
118 457 222 493 tentia,
239 455 359 485 salutern.

17 505 39 522 i.
57 504 94 522 m.
156 493 344 536 Cumlnuper
358 492 536 523 Venerabiles
549 492 657 531 Patres,
674 490 830 525 Walterum
856 494 992 526 C'oventr.
1015 497 1047 527 &
1071 497 1172 537 Lychf.

116 531 151 563 &
166 531 354 561 Willielmum
370 531 521 571 Wygorn,
538 531 703 569 Episcopos:
724 533 768 562 Ac
783 533 898 563 dilectos
911 534 945 564 &
960 533 1050 565 fideles
1058 536 1174 574 nostros,

117 570 275 601 Henricum
290 568 325 598 de
342 568 579 612 Lacleomitem
603 570 773 600 Liiicolniae:
792 571 945 610 Hugonem
961 572 986 602 le
1008 572 1175 611 Despense'r,

117 608 258 638 Ottonem
271 607 306 637 de
322 606 531 645 Grandiffono,
549 608 582 637 ὃς
599 608 779 638 Amanenum
796 608 956 640 Dominum
973 610 1008 640 de
1025 611 1051 641 le
1067 612 1176 650 Brett03

119 648 153 677 &
170 645 300 685 quosdam
315 645 380 675 alios
394 646 511 676 nuncios
523 645 648 684 nostrOS,
665 647 699 676 ad
715 646 878 678 Dominum
899 649 1040 679 summum
1061 650 1177 681 Pontifi-

120 694 204 722 cem,
236 684 319 722 usque
344 684 539 721 Lugdunum,
563 693 615 721 pro
639 685 726 715 arduis
749 687 866 725 negotiis
880 708 890 724 ,
915 697 965 716 nos
989 690 1176 727 tangentibus,

117 723 327 754 transmittentes
336 732 342 751 ι

158 761 358 799 Injunxerimus
379 755 573 804 vobis-,quod
598 762 678 791 vobis
700 760 736 792 de
760 762 875 800 pecunia
894 761 1088 803 provideretis,
1105 765 1178 795 unde

122 801 203 830 nobis
223 808 282 829 tarn
303 808 356 836 pro
375 797 550 835 expeditione
574 801 754 836 negotiorum
777 800 936 836 nostrorum
960 802 1179 842 praedictorum,

123 838 208 877 quam
224 845 275 875 pro
286 836 407 874 expensis
422 839 590 867 nunciorum
603 838 753 868 eorundem
767 838 908 868 servitium
923 838 1015 870 fecere
1028 840 1153 878 possetis:

164 876 207 906 Ac
220 883 286 912 vos,
304 884 355 912 pro
367 873 477 905 servitio
492 875 650 913 hujusmodi
666 877 745 906 nobis
759 877 905 915 faciendo,
924 877 1128 909 Mercatoribus
1144 879 1179 909 de

124 915 262 944 Societate
282 912 421 943 Pullicum
442 914 475 944 &
496 914 761 953 Rembertinorum‚
779 915 814 945 de
834 915 985 953 Florentia,
1006 917 1081 947 mille
1102 918 1181 948 libras

125 952 321 989 sterlingorum
355 952 524 989 recipiendas
539 952 569 982 in
582 952 668 982 Curia
683 952 811 983 Romana
825 953 1018 992 liberaveritis,

163 989 307 1032 Iidemque
323 973 499 1020 fvlercatores
514 990 595 1021 vobis
616 990 723 1020 ibidem
742 991 845 1022 solvere
864 991 1025 1023 distulerimt
1041 993 1180 1024 summam

125 1029 253 1068 pecuniae
266 1028 467 1066 supradictam:

164 1065 296 1098 Volentes
310 1074 340 1097 ut
352 1075 419 1110 erga
433 1065 605 1097 Mercatores
617 1076 775 1104 recuperare
795 1068 898 1106 possitis
915 1070 1062 1106 pecuniam
1077 1070 1184 1100 antedi-

127 1106 225 1144 ctam,
239 1104 422 1135 concedimus
443 1105 522 1135 vobis
544 1115 596 1142 pro
619 1106 700 1135 nobis
719 1106 751 1136 &
776 1106 930 1137 haeredibtis
953 1107 1067 1147 nostris,
1086 1109 1182 1146 quod,

128 1150 197 1174 cum
213 1154 263 1173 nos
279 1142 396 1181 praefcitis
411 1142 614 1174 Mercatoribus
626 1143 662 1173 de
675 1143 812 1174 Societate
828 1144 968 1175 Pullicum
992 1147 1025 1176 &
1046 1146 1185 1176 Reniber-

129 1185 253 1213 tinorum
269 1182 298 1211 in
313 1181 390 1212 mille
402 1180 477 1212 libris
491 1181 685 1221 sterlingorum
706 1191 754 1219 per
768 1182 870 1213 nostras
891 1192 1011 1221 patentes
1027 1184 1129 1215 Literas
1144 1193 1185 1215 te-

130 1229 249 1251 neamur

168 1243 313 1297 Vos,⁹pr0
333 1254 383 1288 illis
401 1257 477 1288 mille
493 1254 584 1295 libris,
602 1267 666 1295 quas
684 1257 761 1297 ipfis,
778 1266 807 1289 ut
825 1260 1018 1298 praemittitur,
1039 1260 1185 1300 liberastis,

132 1298 208 1328 mille
221 1298 317 1335 libras,
334 1296 369 1326 de
384 1297 500 1326 exitibus
513 1295 660 1326 Custumae
672 1296 774 1327 nostrae
792 1297 945 1335 Lanarum,
965 1298 1134 1336 Coriorum,
1151 1302 1185 1329 &

130 1336 249 1367 Pellium
272 1334 454 1373 Lanatamrn,
478 1335 508 1364 in
525 1335 653 1364 manibus
675 1334 784 1372 vestris,
802 1345 835 1365 ex
853 1336 1050 1366 commissione
1075 1338 1185 1376 nostra,

130 1375 290 1412 existentes,
305 1373 545 1411 provenientibus,
562 1372 698 1410 recipiatis
712 1372 746 1402 ad
759 1383 828 1410 opus
841 1374 971 1404 vestrum.

171 1413 206 1443 Et
226 1421 277 1442 nos
292 1420 342 1441 vos
361 1409 425 1440 inde
439 1412 468 1440 in
482 1419 620 1448 compoto
640 1410 731 1448 vestro
750 1411 785 1441 ad
808 1411 987 1443 Scaccarium
1009 1412 1133 1444 nostrum
1152 1414 1186 1445 de

131 1452 247 1483 exitibus
261 1448 401 1487 praedicitis
415 1448 612 1480 allocationem
627 1448 729 1479 habere
745 1448 885 1480 faciemus.

172 1489 206 1519 Et
219 1487 357 1526 recipiatis
370 1488 385 1516 a
399 1486 481 1517 dietis
498 1487 701 1518 Mercatoribus
715 1487 750 1517 de
764 1487 900 1518 Societate
907 1488 1047 1520 Pullicum
1060 1491 1093 1520 ὃ(
1102 1490 1190 1520 Rem-

134 1528 307 1559 bertinorum
323 1525 425 1556 Literas
439 1525 542 1556 nostras
558 1526 702 1563 praedidtas
712 1548 721 1563 ,
738 1526 771 1556 &
787 1526 889 1557 Literas
903 1527 1023 1566 ipsorum
1032 1527 1066 1559 de
1080 1531 1191 1567 acquie-

135 1565 239 1634 tanltsila,
257 1564 422 1634 ‘solutigcnem
436 1564 522 1595 dietae
537 1566 664 1602 pecuniae
678 1563 858 1595 testificantes.

221 1613 310 1642 CUJUS,
363 1612 390 1633 c.

173 1680 260 1711 Teste
273 1679 356 1718 Rege
371 1679 444 1718 apud
464 1678 620 1711 Katliolum
635 1688 664 1719 4.
675 1679 720 1711 die
735 1679 843 1718 Aprilis.

178 1756 232 1788 Per
247 1756 338 1795 ipsum
352 1756 477 1795 Regem.

21 1892 40 1913 ,ιε
55 1892 94 1919 11.
142 1883 163 1905 'f
189 1884 238 1916 De
258 1881 399 1916 veniendo
416 1881 548 1917 London.
565 1882 609 1916 ad
625 1893 786 1929 apparatus
800 1885 930 1932 „Militiae
950 1883 1100 1931 capiendos
1117 1882 1152 1918 de

27 1939 106 1966 ¹052·
525 1930 699 1965 Garderoba
716 1933 827 1979 Regis(

0 2024 74 2056 'Ann.
88 2020 130 2051 D.
212 2017 277 2050 EX
297 2018 472 2049 Vicecomiti
490 2015 663 2055 Lincolniae,
680 2017 800 2049 salutem.

29 2069 113 2101 1307.
249 2057 433 2094 Praecipimus
452 2057 505 2086 tibi
526 2055 602 2094 quod
627 2066 675 2093 per
697 2065 787 2086 totam
813 2057 943 2088 ballivam
967 2065 1061 2095 tuam,
1086 2059 1115 2087 in
1132 2058 1202 2088 locis

1 2104 54 2130 An.
69 2108 114 2137 35.
148 2097 247 2135 quibus
261 2095 358 2126 videris
372 2094 516 2133 expedire,
535 2104 593 2124 tam
615 2094 686 2125 infra
705 2095 851 2134 libertates,
870 2097 951 2134 quam
973 2105 1045 2126 excra
1059 2119 1068 2134 ,
1093 2097 1204 2134 publice

2 2143 33 2168 Ε.
50 2148 73 2165 ι.
149 2135 317 2174 proclamari
332 2133 413 2164 facias
427 2141 461 2163 ex
475 2141 548 2171 parte
562 2132 669 2171 nostra,

1 2177 44 2206 cl.
63 2184 109 2213 34.
189 2173 279 2212 Qiod
293 2181 393 2202 omnes
406 2171 459 2210 illi,
478 2172 525 2210 qui
539 2170 645 2201 Milites
660 2181 717 2201 non
732 2173 790 2202 sunt
799 2194 809 2210 ,
825 2173 858 2204 &
868 2172 975 2202 Milites
988 2171 1043 2203 effe
1057 2173 1207 2212 voluerint,

4 2219 36 2244 Ε.
55 2224 78 2243 i.
95 2223 134 2243 m.
150 2213 263 2243 veniant
277 2210 360 2248 usque
382 2210 514 2241 London.
532 2211 600 2240 citra
615 2209 693 2240 diem
714 2209 893 2241 Pentecostes
911 2212 1042 2248 proximo
1063 2210 1206 2250 futurum,

4 2254 50 2284 16-
63 2253 90 2282 d.
151 2250 187 2282 ad
200 2257 339 2288 apparatus
352 2248 429 2286 suos,
446 2250 485 2278 eis
498 2250 527 2278 in
549 2248 606 2278 hoc
627 2248 688 2278 casu
704 2247 883 2287 necessarios,
900 2250 935 2279 de
950 2249 1102 2285 garderoba
1117 2249 1207 2280 nostra

150 2287 341 2326 recipiendos,
356 2287 392 2317 de
402 2287 480 2316 dono
496 2286 609 2324 nostro,
627 2294 656 2316 ut
668 2296 744 2316 arma
756 2287 883 2318 militaria
890 2287 925 2318 de
940 2287 1022 2318 nobis
1030 2287 1142 2324 „ibidem
1156 2287 1208 2319 sus·-

153 2328 246 2365 cipere
260 2326 367 2357 valeant
380 2325 462 2355 dieto
476 2324 530 2355 die.

187 2402 276 2436 Teste
291 2402 374 2440 Rege
389 2400 461 2440 apud
475 2395 645 2440 Wolveieye
665 2401 692 2432 6.
705 2403 750 2434 die
764 2402 873 2442 Aprilis.

190 2480 301 2511 Eodem
315 2477 403 2510 modo
418 2478 580 2510 mandatum
595 2472 636 2509 est
651 2478 758 2518 singulis
772 2478 999 2510 Vicecomitibus
1013 2478 1136 2518 Angliaei

277 2608 326 2640 De
352 2605 508 2653 Resinam,
526 2613 581 2652 pro
605 2603 826 2652 Archiepifcopo
850 2603 1079 2651 Rothomageagfti

2 2693 89 2725 *Ann.
105 2691 146 2723 D.
162 2690 279 2748 REX
300 2692 405 2723 dile&o
422 2692 471 2722 sibi
488 2690 525 2721 M
563 2690 627 2721 'stro
637 2690 760 2730 Johanni
772 2691 899 2729 Feroun,
918 2689 1040 2734 salutem.
1123 2731 1127 2732 ⁷
1145 2720 1147 2723 ,

36 2741 119 2773 1307.
183 2768 189 2773 ο
254 2729 333 2761 Cum
347 2741 433 2768 nuper
448 2729 483 2760 ad
497 2700 654 2760 instgalntiam
670 2729 838 2760 Venerabilis
858 2729 943 2759 Patris
963 2728 996 2759 P.
1010 2725 1163 2759 Sabinensis
1180 2727 1218 2759 E-

0 2775 66 2800 ..Am
82 2781 94 2808 3
100 2780 126 2806 5-
162 2767 285 2807 plscopi,
305 2769 490 2799 Sacrosand’cae
504 2768 643 2798 Romanae
658 2767 790 2797 Ecclesiae
809 2766 976 2805 Cardinalis,
993 2766 1149 2797 dederimus
1177 2777 1220 2796 re-

0 2814 45 2838 ιΕ.
65 2819 86 2839 ι.
161 2806 287 2844 spectum
301 2807 457 2839 Venerabili
467 2806 542 2837 Patri
553 2803 807 2844 B.Archiepiscopo
824 2805 1044 2842 Rothomagensi
1053 2828 1063 2843 ,
1078 2804 1162 2843 usque
1184 2804 1219 2835 ad

0 2866 3 2874 .
17 2851 73 2875 Par.
90 2856 136 2884 35.
164 2845 268 2876 festum
284 2845 461 2876 Pentecostes
475 2847 605 2883 proximo
623 2844 744 2875 futurum
754 2867 764 2882 ,
780 2845 813 2875 &
827 2845 862 2874 ab
877 2843 976 2874 eodem
999 2844 1071 2874 festo
1091 2844 1173 2881 usque
1192 2844 1221 2872 in

0 2884 1 2894 ¹
17 2889 46 2912 Ε.
65 2896 88 2913 ι.
106 2895 142 2914 m.
167 2894 255 2915 unum
272 2885 390 2915 Annum
408 2885 538 2923 proximo
553 2883 710 2921 sequentem
730 2882 923 2920 completum,
952 2881 987 2911 de
1009 2880 1135 2911 fidelitate
1160 2880 1223 2919 sua,

0 2895 8 2975 [i
22 2924 64 2951 16.
169 2933 254 2960 quam
268 2924 350 2952 nobis
364 2923 454 2953 facere
466 2930 572 2952 tenetur
585 2923 621 2952 de
634 2922 709 2952 terris
721 2922 753 2952 &
768 2922 946 2958 tenementis,
966 2930 1027 2957 quae
1039 2919 1074 2950 de
1088 2920 1169 2960 nobis
1183 2928 1225 2949 te-

0 2982 1 2987 η
165 2969 212 2991 net
227 2960 300 2991 infra
314 2961 453 3005 Regnum
474 2960 619 2999 nostrum,
637 2960 670 2991 ὃς
684 2970 746 2999 quae
761 2969 808 2999 per
827 2968 946 2989 mortem
962 2957 1169 2989 Praedecessoris
1187 2956 1226 2987 sui

0 2977 6 3070 li
167 3007 247 3067 caza
257 2998 649 3081 ggnduiivrexiitriiiiisndrilzsgtrgrgc
670 3036 746 3067 fideli
767 3035 862 3066 nostro
883 3033 1029 3066 Richardo
1051 3033 1161 3075 Oysell,
1179 3028 1227 3079 Es-

171 3084 276 3106 caetori
288 3075 385 3106 nostro
399 3077 468 3105 citra
481 3075 634 3112 Tunicam,
649 3075 724 3112 quod
746 3084 844 3105 omnes
863 3082 945 3104 terras
968 3074 1001 3104 ὅ(
1023 3081 1181 3103 tenementa
1199 3081 1227 3101 in

171 3113 276 3145 Balliva
289 3113 424 3152 sufi,quae
437 3113 583 3144 occasione
599 3115 693 3142 mortis
708 3113 913 3143 Praedecefforis
927 3111 1054 3149 praedicti
1072 3109 1227 3148 Arcliiepis-

173 3154 242 3191 copi
255 3154 329 3190 cepit
343 3154 373 3182 in
387 3162 502 3182 manum
516 3151 656 3192 nostram,
673 3150 805 3181 Galfrido
820 3150 991 3181 Columbell.
1001 3149 1116 3179 Clerico
1130 3149 1169 3190 &⁴
1178 3149 1227 3178 At-

0 3212 3 3223 i
174 3199 283 3221 tornato
298 3191 378 3229 ipsius
392 3190 602 3227 Archiepiscopi
616 3191 671 3219 {ine
683 3189 815 3221 dilatione
835 3190 947 3220 liberare
970 3189 1088 3218 nomine
1108 3186 1228 3225 ejusdem

0 3254 2 3264 ,
176 3229 389 3268 Archiepiscopi
403 3228 612 3266 custodiendas,

0 3265 5 3316 ξ
212 3267 252 3297 Ita
267 3267 343 3305 quod
358 3268 435 3298 idem
451 3267 697 3306 Archiepiicopiis,
714 3266 744 3295 in
758 3264 811 3296 fine
833 3265 901 3296 dicti
918 3265 1008 3303 Anni,
1025 3263 1059 3294 ad
1079 3274 1129 3294 nos
1148 3273 1230 3305 acce-

8 3328 9 3331 *
175 3305 283 3373 dergt,k
285 3305 443 3349 fidelitatem
457 3304 532 3336 suam
553 3305 635 3334 nobis
649 3303 768 3334 fatiturus
783 3314 835 3341 pro
857 3305 934 3334 terris
954 3305 987 3335 &
1010 3303 1173 3333 tenementis
1190 3304 1232 3331 iu-

186 3354 223 3374 ira
244 3354 271 3373 ic
286 3354 314 3374 is.

3 3330 17 3435 i
175 3354 188 3381 l
217 3382 262 3412 Ac
278 3382 355 3412 idem
370 3381 496 3413 Escaetor
517 3381 599 3411 nobis
620 3378 826 3420 significaverit,
844 3380 919 3418 quod
940 3380 1049 3410 dietum
1070 3377 1231 3409 mandatum

11 3435 13 3439 ⁴
176 3419 304 3450 nostrum
317 3443 327 3459 ,
340 3421 415 3458 juxta
430 3428 556 3450 tenorem
569 3419 704 3457 eiusdem,
722 3419 819 3456 exequi
831 3428 889 3448 non
901 3419 1023 3456 valebat,
1041 3427 1093 3456 pro
1109 3426 1143 3447 eo
1157 3414 1232 3453 quod

15 3496 17 3499 ι
176 3467 258 3488 terras
273 3459 306 3488 &
321 3467 477 3489 tenementa
486 3458 687 3495 praedi&a,diu
699 3456 859 3494 est,vobis‚
876 3465 1004 3493 praetextu
1017 3455 1156 3493 cujusdam
1171 3456 1234 3483 bre-

177 3496 220 3527 vis
234 3520 243 3535 ,
260 3496 309 3526 sub
332 3496 428 3536 Sigillo
448 3497 587 3525 Scaccarii
607 3495 711 3533 nostri,
728 3495 778 3525 sibi
798 3495 876 3531 super
896 3495 951 3524 hoc
972 3495 1087 3531 directi,
1112 3493 1235 3523 liberavit

179 3535 309 3566 tenendas
322 3534 455 3573 quamdiu
468 3534 549 3564 nobis
563 3533 698 3570 placeret,
715 3532 858 3563 reddendo
873 3533 937 3562 inde
957 3533 1037 3562 nobis
1053 3542 1099 3569 per
1119 3532 1233 3561 Annum

179 3575 380 3611 quinquaginta
400 3572 528 3609 Marcas,
547 3580 627 3609 proiit
652 3573 681 3600 in
704 3571 865 3608 transcripto
883 3571 972 3600 brevis
996 3570 1138 3608 praedicti,
1157 3568 1233 3611 quod

179 3612 271 3642 dietus
288 3611 415 3642 Escaetor
432 3610 525 3640 noster
542 3609 590 3641 iub
608 3607 707 3646 Sigillo
725 3609 773 3640 suo
792 3610 873 3639 nobis
898 3608 969 3639 milit
984 3631 994 3646 ,
1017 3608 1120 3645 plenius
1142 3617 1234 3637 conti-

179 3658 273 3680 netur·

217 3674 307 3719 Vobis
326 3687 487 3718 mandamus
506 3687 581 3725 quod
600 3695 681 3717 terras
698 3687 731 3716 δε
752 3693 907 3716 tenementa
928 3683 1078 3726 praedifia,
1102 3684 1183 3713 vobis
1202 3691 1236 3712 ex

180 3735 256 3764 parte
276 3727 365 3757 nostra
383 3727 419 3756 sic
438 3724 605 3763 commissa,
624 3724 738 3762 praefato
762 3722 912 3760 Galsrido,
931 3726 985 3752 line
1002 3722 1150 3759 dilatione,
1167 3722 1236 3751 libe-

181 3766 245 3795 tetis
263 3764 454 3796 custodiendas
472 3765 500 3793 in
519 3763 611 3793 forma
630 3763 791 3800 iiipradieta.

222 3802 361 3834 Volumus
376 3804 453 3833 enim
466 3812 533 3839 VOS,
550 3801 586 3832 de
618 3801 738 3830 raedictis
757 3798 955 3837 quinquaginta
970 3797 1092 3836 Marcis,
1107 3806 1141 3827 ex
1160 3805 1236 3826 nunc

182 3840 216 3870 ad
232 3841 341 3871 dietum
356 3842 532 3872 Scaccarium
547 3850 586 3869 no
598 3842 689 3877 trum,
706 3847 788 3876 prout
798 3838 904 3874 justum
920 3835 1019 3874 fuerit,
1035 3836 1183 3866 exonerari.

220 3915 307 3946 Teste
320 3916 405 3955 Rege
419 3917 492 3956 apud
508 3915 662 3948 Karliolutn
682 3915 724 3945 16.
738 3914 783 3945 die
799 3912 907 3952 Api-ilis.

248 4044 319 4072 Tom.
337 4045 362 4072 I.
382 4044 414 4072 P.
433 4044 481 4073 IV.

1193 1840 1195 1842 t
1239 1820 1299 1842 non
1312 1810 1431 1847 indigne
1445 1809 1604 1839 inducimur
1621 1816 1780 1845 procurate:

1618 346 1849 391 firtisfaciendis.

1245 423 1344 471 Llustri
1359 427 1500 472 principi,
1516 428 1548 460 &
1562 428 1672 474 Potenti
1688 429 1834 475 Domino,
1849 433 2003 473 Edwardo,
2022 426 2187 476 Deigratizi,
2205 436 2264 466 Re-
2279 429 2332 457 Λᾶ·
2352 434 2397 466 '35-

1259 475 1287 505 gi
1303 467 1439 511 Angliae,
1450 468 1580 498 Domino
1596 468 1764 507 Hilbetnizt:2
1780 472 1813 501 ὃ(
1830 472 1905 502 Duci
1922 475 2096 513 Aquitaniae,
2114 475 2264 512 RobertuS,
2280 472 2310 494 E.
2333 478 2356 495 ¹·

1215 502 1320 533 Comes
1335 505 1483 543 Plandriae,
1500 505 1627 543 salutem,
1646 506 1841 538 Reverentiam
1857 511 1889 540 ὃ(
1905 512 2050 541 honorem.
2297 510 2335 532 Ex
2351 510 2409 533 ΑΨ

1252 541 1380 572 Vidimus
1398 543 1509 573 Litteras
1521 543 1636 582 vestras,
1654 545 1751 582 quibus
1773 556 1822 575 nos
1844 549 1982 586 rogavistis
2003 551 2124 586 quatinus
2141 549 2264 580 Arnaldo
2282 551 2345 579 togr.
2359 546 2385 570 ²¹⁷²

1216 578 1343 622 Drokas,
1359 580 1477 611 Valletto
1491 581 1598 620 vestro,
1617 583 1734 612 nomine
1744 582 1875 620 johannis
1890 586 1923 615 de
1938 586 2027 624 Gale,
2046 589 2080 618 de
2095 588 2219 618 ducentis
2231 589 2264 618 &
2283 583 2365 609 Tum‘·

1215 616 1350 656 sexaginta
1362 618 1435 648 libris
1448 619 1658 657 sterlingorum,
1676 619 1708 649 ad
1724 630 1791 657 quos
1806 624 1882 651 navis
1897 624 2023 660 quaedam
2037 626 2106 656 dicti
2118 626 2265 664 johannis,

1216 665 1249 685 ac
1265 656 1338 686 bona
1352 656 1384 686 &
1398 655 1500 687 Catalla
1514 657 1574 695 sua,
1592 658 1621 686 in
1635 657 1730 687 eadam
1744 660 1872 696 inventa,
1889 661 2028 697 quondam
2043 673 2092 700 per
2108 664 2265 701 Philippum

1218 693 1341 736 Fratrem
1356 694 1497 736 nostrum,
1513 703 1641 732 tempore
1655 705 1758 734 guerrae
1770 697 1905 727 Flandriae
1919 708 2015 736 capta,
2032 703 2265 740 appreciabantur,

1219 730 1383 762 solutionem
1397 732 1525 762 festinam
1539 732 1598 762 fieri
1612 733 1776 764 faceremus:

1256 769 1342 813 Super
1359 771 1454 807 quibus
1468 771 1547 800 vobis
1562 771 1752 810 rescribimus,
1770 772 1844 810 quod
1865 773 2002 810 praedisto
2018 774 2158 813 Amaldo,
2175 778 2268 806 nomi-

1220 815 1256 836 ne
1268 806 1492 851 didiijoliaiinis,
1511 809 1529 828 *·
1544 809 1588 839 seu
1603 809 1652 846 ipii
1661 809 1800 847 johanni,
1817 811 1853 841 de
1864 812 1942 842 dicta
1956 814 2081 849 pecuniae
2094 814 2220 851 summa,
2237 815 2271 844 ad
2323 809 2341 830 ᾗ
2358 808 2396 839 ῙΪ·

1221 844 1334 882 plenum
1350 855 1432 888 parati
1445 846 1534 876 sumus
1547 848 1579 877 &
1596 847 1722 876 volumus
1734 847 1900 887 satisfacere,
1918 858 1947 880 ut
1968 852 2088 889 rogatis3
2104 852 2137 881 &
2159 852 2268 889 quibus·
2292 859 2372 886 1053·

1219 892 1328 920 cunque
1342 883 1408 926 'aliis
1427 884 1630 914 ixflercatoribus
1654 884 1750 922 Regni
1772 886 1852 916 vestri
1874 888 2009 926 dampna,
2033 889 2083 918 sibi
2109 899 2156 926 per
2176 898 2269 926 gentes

1220 921 1322 951 nostras
1340 920 1431 965 illata,
1443 931 1572 965 quatenus
1587 921 1684 952 (3³.de
1701 923 1817 960 probate
1844 925 1876 954 ὃς
1895 925 2036 956 ostendere
2054 929 2210 965 potuerint,
2227 927 2268 957 fa-

1221 969 1284 989 cere
1299 958 1401 988 restitui
1424 960 1551 998 indilate,
1577 960 1646 990 dum
1668 969 1761 990 tamen
1780 971 1829 991 vos
1847 962 2049 994 Mercatoribus
2072 974 2149 994 terra:
2168 965 2270 995 nostra:

1221 997 1257 1026 de
1275 997 1418 1040 dampnis,
1434 997 1536 1040 eisdem
1555 1007 1602 1040 per
1620 1006 1714 1034 gent&
1731 999 1827 1035 Regni
1841 999 1922 1030 vestri
1940 1002 2034 1040 factis,
2056 1003 2127 1040 apud
2142 1002 2271 1034 Cracduc

1223 1036 1256 1066 δε
1269 1036 1348 1072 alibi,
1367 1035 1423 1064 hoc
1439 1035 1516 1064 idem
1528 1036 1651 1065 invicem
1667 1035 1722 1066 fieri
1736 1036 1848 1067 faci-atis.

1259 1073 1311 1111 Et,
1329 1081 1441 1116 propter
1457 1073 1519 1102 haec
1529 1095 1538 1111 ,
1556 1073 1628 1110 apud
1644 1083 1694 1103 vos
1708 1073 1897 1105 Procuratores
1917 1075 2040 1114 nostros,
2057 1077 2100 1108 seu
2117 1078 2274 1110 Atrornatos

1223 1111 1445 1154 transmittimus,
1463 1120 1529 1154 cum
1549 1110 1676 1154 mandato
1689 1113 1721 1142 ὃς
1743 1113 1874 1149 potestate
1893 1114 2036 1153 obligandi
2058 1126 2106 1145 nos
2125 1117 2273 1148 efficaciter

1224 1149 1258 1180 ad
1274 1148 1432 1186 hujusmodi
1446 1148 1629 1189 restitutiones
1644 1149 1797 1189 faciendas,
1815 1160 1894 1189 prout
1908 1151 2028 1192 superius
2051 1153 2090 1182 est
2110 1153 2273 1191 expressimh

1261 1187 1320 1217 Vos
1337 1195 1464 1231 rogantes
1484 1187 1649 1225 affectuose,
1676 1197 1806 1225 quantum
1827 1189 1942 1227 amplius
1963 1190 2122 1228 possumuS,
2149 1201 2276 1228 quatenus

1225 1223 1430 1255 Mercatoribus
1443 1233 1519 1268 tertre
1532 1225 1634 1255 nostrae
1650 1225 1806 1263 supraditfftis
1819 1228 1894 1257 bona
1929 1228 1977 1258 sibi
1991 1229 2077 1258 ablata
2087 1251 2096 1266 ,
2113 1227 2218 1259 faciatis
2233 1241 2274 1260 re-

1226 1263 1323 1306 stitui,
1349 1273 1417 1306 cum
1442 1273 1565 1305 inuicem
1590 1266 1711 1301 prompti
1735 1264 1841 1303 sumus,
1865 1251 1968 1296 eisiiem
1992 1266 2068 1296 facta
2092 1267 2277 1305 restitutione,

1225 1301 1319 1331 vestris
1334 1302 1461 1338 gentibus
1473 1304 1562 1331 facere
1573 1301 1675 1332 restitui
1689 1305 1782 1334 omnia
1796 1304 1868 1334 bona
1877 1327 1887 1342 ,
1901 1305 1951 1333 sibi
1966 1304 2067 1343 ablata,
2083 1305 2202 1335 indilate.

1262 1376 1369 1408 Datum
1383 1377 1454 1415 apud
1472 1377 1642 1409 Gandavurn
1653 1398 1662 1416 ,
1679 1379 1780 1410 octava
1794 1379 1904 1411 decima
1919 1380 1964 1410 die
1982 1379 2086 1411 Mensis
2101 1380 2208 1419 April‘m.

1233 1520 1290 1556 Ad
1313 1524 1448 1568 Papam,
1476 1532 1530 1567 pro
1560 1526 1660 1555 Pontio
1686 1524 1813 1555 Domino
1838 1522 1873 1555 de
1900 1522 2084 1566 Cizslellione,
2102 1524 2194 1571 fhper
2212 1525 2280 1572 ‘dist

1522 1572 1686 1616 pensatione
1709 1572 1950 1605 Adatrimoniali.

1286 1654 1354 1692 Apae
1371 1655 1436 1686 Rex'
1452 1656 1552 1687 devota
1569 1655 1671 1693 pedum
1689 1655 1781 1686 oscula
1798 1652 1948 1687 beatorum.
2299 1644 2374 1676 Ann-
2392 1643 2435 1675 D‘

1320 1693 1495 1725 Attendentes
1511 1693 1639 1732 obsequia
1655 1694 1729 1724 utilia
1746 1695 1778 1724 &
1796 1703 1926 1732 accepta,
1951 1705 2013 1732 quae
2030 1695 2145 1726 dilectus
2163 1697 2196 1727 δε
2216 1696 2283 1728 fide-
2328 1692 2410 1724 1307.

1236 1735 1268 1765 lis
1287 1732 1395 1771 noster,
1413 1732 1527 1763 Pontius
1545 1733 1685 1762 Dominus
1702 1731 1737 1762 de
1755 1731 2023 1770 Castellione,nobis
2039 1734 2204 1765 laudabiliter
2218 1735 2285 1766 hac·
2302 1726 2355 1749 Aa.
2373 1731 2418 1758 35·

1238 1780 1315 1804 tenus
1341 1772 1477 1809 impendit
1492 1794 1502 1809 ,
1521 1770 1604 1800 statiis
1621 1770 1699 1807 ipsius
1716 1771 1748 1800 &
1764 1770 1875 1801 suorum
1893 1772 2082 1802 commodum
2103 1773 2136 1802 &
2153 1773 2288 1804 bonorem
2303 1765 2400 1826 {aba

1276 1847 1470 1886 sperantesque
1495 1847 1573 1886 quod
1597 1846 1672 1876 solita
1689 1846 1777 1876 vestra
1793 1847 1946 1884 benignitas
1962 1847 2022 1878 illos
2038 1847 2176 1885 amplioris
2192 1849 2293 1880 favoris
2313 1846 2346 1873 35
2352 1840 2393 1862 'E'
2413 1843 2437 1862 ¹*

1258 1887 1323 1918 ratia
1338 1886 1523 1925 prosequatur,
1541 1895 1661 1923 quorum
1675 1884 1833 1923 obsequiosa
1849 1885 2040 1923 promptitudo
2059 1896 2140 1924 penes
2157 1897 2207 1917 nos
2224 1897 2290 1918 exu-
2312 1885 2345 1903 m·
2357 1883 2383 1910 9·
2394 1874 2420 1901 ἆ·

1238 1897 1331 1963 ἔξω,
1347 1925 1380 1956 &
1400 1925 1496 1963 quibus
1515 1933 1628 1954 morum
1647 1922 1773 1953 honestas
1790 1923 1822 1953 ὃς
1841 1924 1945 1962 generis
1961 1923 2087 1954 nobilitas
2102 1921 2296 1965 fuffragantur3

1278 1964 1400 2001 Ideoque
1424 1972 1492 1992 cum
1514 1962 1591 1999 super
1617 1959 1816 1998 Matrimonio,
1836 1963 1906 1991 inter
1931 1961 2065 1992 Pontium
2078 1983 2088 2000 ,
2113 1961 2200 1992 filium
2219 1963 2289 1994 dieti

1243 2002 1353 2038 Pontii,
1371 2001 1404 2032 &
1415 2000 1573 2039 Johannatn
1591 1998 1626 2029 de
1647 1998 1780 2037 Peregort
1800 1999 2002 2038 contrahendo,
2015 2000 2094 2038 jam,
2112 2009 2141 2030 ut
2161 2000 2292 2031 intellexi-

1244 2051 1304 2071 mus
1313 2063 1322 2078 ,
1339 2040 1446 2070 habitus
1461 2039 1491 2068 sit
1505 2037 1646 2068 tractatus:

1282 2079 1446 2116 iidemque,
1471 2076 1600 2114 Pontius,
1617 2072 1684 2105 filius
1707 2074 1817 2114 Pontii,
1837 2076 1870 2106 &
1891 2075 2016 2115 johanna
2050 2085 2102 2113 pro
2119 2086 2153 2106 eo
2170 2077 2245 2114 quod
2265 2079 2295 2108 iri

1246 2117 1332 2155 gradu
1349 2116 1588 2152 consanguinitatis
1603 2114 1742 2152 prohibito
1758 2114 1785 2144 se
1803 2116 1954 2152 attingunt,
1972 2098 2072 2152 absque
2090 2114 2158 2144 sedis
2176 2115 2298 2152 Aposto-

1244 2156 1310 2187 licae
1329 2154 1416 2192 gratia
1433 2161 1571 2191 nequeunt
1589 2152 1823 2182 matrimonialiter
1839 2152 1975 2190 copulari:

1287 2193 1429 2224 Sanctitati
1446 2191 1543 2222 vestrae
1559 2191 1668 2221 devotis
1685 2191 1811 2228 precibus
1829 2189 2014 2228 supplicamus
2032 2190 2170 2229 quatinus,
2187 2198 2217 2220 ut
2232 2201 2302 2229 prae-⁴

1248 2232 1317 2263 fatus
1342 2230 1457 2261 Pontius
1481 2229 1588 2259 didiam
1611 2228 1767 2267 Johannam
1791 2228 1891 2258 ducere
1908 2227 1994 2258 valeat
2011 2229 2040 2258 in
2058 2238 2173 2258 uxorem
2186 2251 2196 2266 ,
2222 2238 2303 2266 prout

1249 2270 1338 2301 vestra
1354 2269 1505 2299 decreverit
1522 2267 1669 2298 Paternitas
1686 2266 1850 2305 reverenda,
1867 2266 2025 2297 nostrorum
2046 2268 2200 2297 interventu
2217 2277 2301 2306 rogae

1250 2310 1377 2345 minum,
1393 2306 1544 2344 dispensare
1557 2305 1713 2342 dignemini
1730 2304 1851 2342 gratiose.

1289 2346 1355 2377 Dat.
1372 2346 1444 2383 apud
1464 2343 1538 2374 Karl.
1559 2343 1692 2374 vicesimo
1707 2342 1782 2373 sexto
1799 2342 1844 2372 die
1862 2341 1970 2380 Aprilis.

1361 2424 1415 2452 Per
1430 2424 1522 2451 Breve
1533 2420 1564 2450 de
1575 2422 1687 2459 privato
1699 2417 1796 2457 sigillo.

1444 2561 1493 2597 De
1513 2560 1771 2597 Procurationibus
1786 2572 1840 2607 pro
1863 2563 1980 2594 Nuncio
2003 2564 2098 2606 Papae.

1312 2649 1375 2682 EX
1394 2646 1604 2681 Venerabilibus
1621 2646 1760 2685 Patribus,
1778 2645 2019 2684 Archiepiscopis,
2036 2645 2179 2686 Episcopis
2213 2643 2313 2675 &Ofe-
2328 2640 2403 2672 Ann.
2416 2637 2460 2670 D}

1256 2658 1312 2712 R
1329 2689 1479 2726 ficialibus,
1496 2697 1528 2717 ac
1544 2686 1749 2716 Conectoribus
1764 2683 1992 2728 procurationum
2005 2683 2167 2727 venerabilis
2174 2667 2265 2727 j'atris
2281 2682 2312 2712 P.
2356 2687 2440 2719 1307-

1259 2727 1412 2761 Sabinensis
1437 2726 1590 2764 Episcopi,
1617 2723 1683 2754 sedis
1707 2722 1877 2761 Apostolicae
1901 2721 2012 2752 Niiiicii
2034 2726 2064 2751 iri
2093 2721 2218 2760 Anglii,
2243 2720 2312 2750 salu-
2328 2721 2435 2783 ἕηςιξ.

1288 2777 1326 2798 m.
2352 2764 2392 2783 ,ι.
2420 2762 2459 2781 ac.

1258 2777 1286 2799 te
1298 2805 1394 2836 Sciatis
1412 2802 1508 2842 quod,
1526 2811 1592 2832 cum
1610 2800 1701 2831 dictus
1718 2797 1886 2836 Cardinalis,
1902 2808 1952 2836 pro
1970 2797 2164 2828 reformatione
2181 2798 2214 2828 δί
2230 2805 2311 2827 com-
2330 2803 2343 2830 3
2349 2801 2375 2828 5-
2390 2796 2419 2819 E·
2437 2801 2459 2819 12

1262 2844 1383 2883 pletione
1401 2843 1476 2880 pacis
1487 2864 1496 2879 ,
1522 2842 1591 2870 inter
1615 2849 1666 2869 nos
1682 2839 1714 2868 ὅτ.
1732 2837 1844 2873 Regem
1865 2837 1987 2866 Franciae
2004 2834 2132 2866 ineundae
2149 2836 2182 2866 &
2201 2835 2314 2864 firman-
2331 2841 2366 2859 m.
2380 2839 2422 2865 ¹5-

1263 2883 1308 2913 dae
1323 2904 1332 2920 ,
1356 2891 1390 2911 ac
1414 2879 1560 2910 communi
1579 2876 1736 2908 commodo
1758 2875 1854 2912 Regni
1879 2874 1983 2912 nostri,
2007 2875 2088 2903 nobis
2105 2883 2190 2911 nuper
2207 2874 2237 2902 in
2255 2872 2315 2903 An-

1264 2921 1350 2950 oliam
1365 2929 1412 2957 per
1424 2917 1583 2948 Dominum
1600 2915 1740 2945 summum
1759 2912 1925 2943 Pontificem
1943 2911 2023 2942 fuerit
2037 2911 2197 2949 destinatus,

1265 2945 1282 2961 Ὁ
1304 2957 1439 2988 Volumus
1456 2955 1534 2993 qubd
1551 2953 1626 2983 idem
1644 2951 1796 2982 Cardinalis
1813 2955 1911 2980 omnes
1928 2950 1960 2980 &
1978 2950 2090 2988 singulas
2110 2949 2318 2979 procurationes

1265 2997 1322 3027 suas
1334 2996 1484 3033 percipiat,
1501 2994 1534 3023 &
1549 2992 1645 3021 habeat
1663 2992 1692 3020 in
1712 2990 1816 3026 Regno
1832 2988 1929 3018 nostro
1950 2989 2101 3026 praedieto,
2115 2988 2189 3025 juitta
2197 2986 2319 3016 formam

1266 3036 1299 3066 &
1317 3034 1452 3064 effectum
1469 3032 1607 3061 literarum
1626 3028 1865 3066 Apostolicarum,
1891 3027 1940 3056 sibi
1956 3026 2031 3064 super
2049 3026 2229 3063 perceptione
2246 3024 2319 3054 Pro-

1269 3074 1444 3104 curationum
1461 3067 1618 3108 hujusmodi
1635 3066 1810 3096 directarum:

1307 3111 1342 3141 Et
1360 3109 1437 3148 quod
1457 3108 1532 3138 idem
1549 3104 1699 3137 Cardinalis
1716 3104 1794 3133 vobis
1811 3102 1940 3132 omnibus
1958 3102 1991 3132 δε
2004 3101 2131 3139 singulis,
2153 3109 2183 3132 ut
2199 3101 2321 3137 diligen-

1268 3151 1336 3180 tiam
1353 3150 1386 3179 &
1402 3147 1528 3178 laborem
1540 3168 1550 3183 ,
1575 3153 1641 3182 quos
1659 3143 1795 3179 poteritis,
1820 3141 1968 3170 adhibeatis
1991 3140 2024 3170 ad
2042 3141 2126 3170 dicias
2144 3139 2321 3169 procuratio-

1270 3198 1316 3217 nes
1342 3187 1451 3223 integre
1466 3208 1475 3222 ,
1498 3184 1572 3221 J'uXta
1590 3183 1712 3213 sormam
1736 3178 1917 3217 praedietim,
1942 3177 2067 3208 levandas
2086 3179 2119 3209 ὃς
2138 3176 2322 3219 colligendas,

1269 3236 1303 3256 ac
1322 3225 1370 3255 sibi
1387 3224 1510 3255 celeriter
1527 3219 1694 3256 liberandas,
1713 3217 1843 3255 quodque
1860 3215 1946 3246 nullus
1963 3215 2084 3246 vestrum
2099 3225 2163 3246 eum
2175 3214 2324 3252 impediat,

1271 3266 1302 3294 in
1317 3264 1370 3294 hac
1390 3271 1481 3300 parte,
1499 3259 1610 3289 firmiter
1625 3257 1769 3299 injungere
1785 3255 1871 3288 valeat
1889 3255 1922 3285 &
1940 3255 2079 3284 mandare.
2266 3290 2270 3294 ι

1309 3301 1368 3331 Vos
1386 3302 1470 3337 igitur
1488 3300 1516 3328 in
1534 3296 1676 3334 praemissis
1694 3294 1781 3324 taliter
1798 3293 1934 3330 habeatis,
1956 3291 2031 3330 quod
2048 3290 2170 3329 praefatus
2188 3287 2322 3319 Cardina-

1273 3341 1304 3370 lis
1330 3339 1443 3377 praesens
1468 3336 1625 3367 mandatum
1651 3331 1775 3363 nostrum
1800 3331 1849 3360 sibi
1869 3329 1962 3374 sentiat
1984 3329 2175 3368 profuturum,
2192 3326 2322 3365 quodque

1274 3379 1309 3409 de
1326 3378 1407 3409 vobis
1419 3386 1477 3406 non
1493 3375 1587 3404 habent
1605 3372 1747 3402 materiam
1764 3369 1961 3407 conquerendi.

1313 3453 1399 3486 Teste
1417 3452 1498 3489 Rege
1515 3448 1586 3487 apud
1604 3445 1763 3478 Karliolum
1780 3455 1809 3484 4.
1826 3445 1872 3475 die
1890 3443 1972 3474 Maii.

2371 3574 2387 3590 ⁴⁸
2405 3572 2445 3601 11.

1277 3595 1304 3622 ᾗ
1323 3594 1382 3628 Ad
1403 3592 1618 3627 Cancellizrium
1641 3589 1676 3622 de
1703 3590 1807 3622 litteris
1833 3580 1875 3618 ad
1896 3588 2027 3631 Papam,
2045 3583 2135 3628 super
2155 3582 2326 3613 Canoniza-
2369 3620 2452 3647 ¹05&

1462 3645 1536 3674 tione
1561 3636 1681 3672 Roboris·
1708 3637 1744 3669 de
1767 3632 1923 3677 Grastiste‚
1948 3630 2142 3678 expediendis.

1325 3726 1467 3764 deard,
1485 3734 1531 3762 par
1548 3723 1573 3752 la
1591 3731 1674 3759 grace
1691 3720 1726 3752 de
1741 3719 1832 3757 Dieu,
1850 3717 1906 3748 Roi
1919 3716 2124 3758 d'Etngieterre,
2141 3711 2200 3744 &c.
2217 3712 2242 3743 al
2257 3712 2329 3743 hon·
2347 3712 2422 3743 Ann.
2437 3711 2479 3742 D.

1342 3765 1452 3796 nutable
1474 3763 1538 3792 Pete
1557 3772 1591 3790 en
1610 3760 1703 3797 Dieu,
1721 3758 1757 3789 R.
1776 3768 1821 3796 par
1839 3757 1863 3786 la
1888 3757 2001 3785 meiime
2026 3763 2127 3791 grace,
2152 3751 2275 3789 Evesque
2294 3750 2331 3780 de
2376 3758 2462 3790 1307.

1280 3805 1420 3841 Londres,
1437 3801 1529 3832 nostre
1549 3797 1741 3835 Chaiicellier,
1758 3796 1830 3826 saluz
2132 3827 2150 3839 Ὺ,
2351 3792 2401 3817 An.
2421 3797 2466 3825 35.

1321 3844 1417 3873 Come
1434 3842 1458 3869 lc
1475 3837 1623 3869 honurable
1642 3835 1709 3865 Pete
1726 3845 1762 3864 en
1782 3834 1874 3869 Dieu,
1898 3829 2039 3871 l'EveQue
2057 3828 2092 3858 de
2109 3827 2232 3864 hicole,
2257 3826 2289 3856 δε
2308 3825 2333 3855 le
2354 3831 2383 3854 Ε.
2408 3836 2430 3852 ι.

1284 3882 1346 3912 Cha
1369 3882 1416 3909 itte
1434 3879 1468 3908 de
1486 3875 1594 3909 [Euhie
1610 3874 1646 3903 de
1665 3873 1779 3903 ineisme
1795 3872 1818 3901 le
1833 3871 1887 3900 lieu
1896 3892 1906 3907 ,
1922 3869 2007 3898 ioiem
2021 3866 2252 3904 empurchaceint
2285 3863 2336 3894 de·
2354 3863 2464 3907 Bundqla

1284 3892 1450 3951 νει-εῗῑοίὶτε
1465 3906 1534 3945 Pete
1549 3914 1574 3943 le
1590 3911 1682 3950 pape,
1699 3911 1725 3941 le
1740 3909 1964 3940 Canonizemcnt
1984 3906 2018 3935 de
2033 3905 2110 3935 Seint
2125 3903 2235 3933 Robert
2248 3886 2339 3932 diros-
2358 3906 2480 3929 Breuum

1285 3956 1395 3993 setestC,
1411 3954 1478 3992 judis
1492 3951 1614 3988 Evcsque
1629 3950 1664 3978 de
1678 3949 1799 3980 Nicole:
1910 3983 1915 3988 ι
2362 3942 2412 3966 An.
2437 3947 2447 3973 3
2453 3944 2484 3980 ς.

1326 3990 1545 4029 Nous‚eantzla
1559 3988 1693 4026 busoigne
1708 3987 1742 4017 de
1754 3987 1794 4016 dit
1806 3983 2028 4051 {anonioement
2040 3978 2110 4011 molt
2128 3989 2237 4017 acuet,
2251 3978 2284 4046 ἓ
2299 3976 2348 4006 de-
2360 3981 2435 4043 {urii
2453 3983 2482 4001 m

2284 4023 2348 4045 ann
2437 4030 2448 4039 -
