2570 4261
0 406 129 440 *1³52-

0 493 75 523 Ann.
90 488 131 519 D.

20 538 104 567 1209.

0 573 51 597 Aa.
75 578 117 595 10-

0 607 64 643 Joh.

13 3062 65 3096 7¹³1.
84 3073 144 3101 ¹53·

711 202 821 246 ET
907 197 1170 247 ACTA

193 387 221 414 ³&
247 388 295 420 De
313 389 461 420 Bonorum
481 381 658 426 restitutione
674 387 787 431 Reginae
805 388 984 432 Berengariae
996 384 1154 430 facienda.

149 474 368 540 INnocentius
394 471 468 510 Papa
487 471 609 510 Johanni
631 472 704 512 Regi
730 473 890 513 Anglorum
913 473 1015 504 illustri.
1054 473 1202 511 Qantum

199 512 353 546 celfitudini
365 511 465 550 Regiae
477 511 506 540 in
521 513 637 540 neootio
651 511 794 541 cariffimae
807 514 836 543 in
857 512 973 543 Christo
987 512 1051 541 filiae
1065 512 1202 550 Berenga-

149 554 198 584 riae„
216 550 360 590 quondam
382 549 541 589 Anglorum
558 535 680 589 Tzeginae
693 549 801 580 illustris
816 551 948 581 haetenus
964 550 1162 586 detulerimus,
1182 549 1202 579 si

150 590 248 622 melius
263 587 430 626 notavisses,
447 587 558 617 forsitan
579 589 612 618 &
633 595 663 617 tu
676 588 774 627 nobis,
793 590 884 619 immo
898 590 922 619 ei
936 590 1014 619 cu'us
1030 590 1124 618 vicem
1137 588 1201 618 licet

150 628 283 659 immeriti
302 627 424 663 gerimus
438 648 448 663 ,
472 625 505 655 ad
528 635 613 663 quem
629 625 780 656 ascendunt
799 626 814 656 a
831 627 938 657 maxilla
977 625 1151 657 escendentes
1167 627 1202 656 ab

149 666 237 697 oculo
252 665 403 704 lachrymae
416 663 580 702 viduarum,
599 673 664 701 quas
679 666 762 694 etiam
777 665 922 704 exaudire,
940 675 1007 695 cum
1021 664 1055 694 ad
1068 674 1133 694 eum
1148 675 1201 695 vo-

150 704 341 741 ciferaverint,
359 703 386 733 se
398 701 538 732 altissimus
551 702 715 740 pollicetur,
735 702 853 733 curaffes
874 705 903 733 in
919 705 970 734 hac
990 710 1065 741 parte
1077 702 1201 740 deferre,

150 751 184 772 ac
202 742 316 773 tandem
333 742 449 772 vincens
468 739 607 770 salubriter
621 741 812 779 temetipsum,
831 752 925 778 preces
940 742 972 772 ὃ(
987 743 1094 773 monita
1107 741 1201 771 nostra

151 781 203 811 tibi
222 781 300 818 super
315 781 371 810 hoc
385 779 444 816 plus
461 787 544 817 quam
557 778 645 808 offles
659 779 788 816 replicata
800 780 916 810 effectui
932 779 1129 817 mancipsaises,
1148 784 1201 809 nec

151 820 287 858 coegiffes
307 817 449 856 praefatam
469 816 610 856 Reginam
625 818 726 847 totiens
739 817 842 857 fatigari
859 818 997 848 laboribus
1014 820 1047 849 ὃς
1063 817 1202 855 expensis,

151 867 238 895 quam
260 866 293 887 ex
313 856 471 886 strenuitate
489 855 570 894 regali
591 856 672 885 nobis
691 865 750 885 non
770 856 975 887 exhortantibus
996 857 1134 886 honorare
1152 855 1203 885 de-

151 896 250 925 bueras
258 919 268 934 ,
286 896 319 926 &
330 895 364 924 ab
375 895 432 924 aliis
445 903 498 930 pro
510 893 615 923 viribus
630 892 779 933 defensare,
786 895 959 926 conliderato
970 894 1111 932 perspicue
1125 892 1203 931 quod

151 933 181 964 id
194 935 227 965 ad
244 942 324 964 tuum
337 934 478 962 honorem
491 932 603 962 cederet
620 931 654 961 &
669 931 789 962 salutem.

190 971 269 1002 Ecce
281 973 339 1010 jam
360 971 429 1000 osto
449 971 525 1011 annis
547 971 580 1000 δε
595 969 713 1007 amplius
727 971 796 1010 apud
811 980 855 1009 te,
875 978 988 1010 propter
1001 971 1058 1000 hoc
1073 968 1201 1007 precibus

151 1009 186 1040 &
205 1009 407 1040 monitionibus
430 1007 581 1038 inlistentes
597 1032 606 1045 ,
631 1010 836 1045 expettav'imus
849 1012 983 1047 patienter
1001 1009 1081 1045 liquo
1095 1006 1205 1048 modo,

152 1057 209 1079 tuae
221 1048 298 1078 saluti
312 1047 456 1078 consulens
470 1047 503 1077 δε
515 1047 633 1085 honori,
649 1047 740 1077 eidem
753 1047 870 1087 Reginae
883 1048 910 1078 su
933 1057 961 1078 er
975 1046 1121 1076 Dotalicio
1138 1049 1205 1083 luo,

154 1085 305 1116 medietate
318 1085 467 1116 mobilium
481 1084 594 1123 inclytae
607 1085 803 1116 recordationis
820 1086 906 1125 Regis
912 1058 1035 1115 fflicardi
1050 1084 1136 1114 fratris
1147 1084 1187 1113 tui
1195 1105 1206 1120 ,

154 1125 190 1156 &
211 1124 375 1162 quibusdam
392 1123 448 1153 aliis
472 1133 535 1161 quae
551 1123 598 1152 fibi
613 1133 775 1161 competere
787 1125 893 1161 asserit,
909 1123 1059 1154 satisfacere
1072 1131 1205 1164 procura—

153 1172 213 1233 ιδ,
230 1162 385 1193 deferendo
400 1162 469 1192 Deo
483 1163 516 1193 ὃς
528 1162 609 1192 nobis
625 1163 672 1199 qui
686 1163 759 1193 forte
773 1162 831 1199 plus
843 1161 940 1193 debito
952 1161 1003 1191 tibi
1015 1159 1162 1191 detulimus
1176 1169 1205 1189 m

193 1211 210 1231 c
246 1210 311 1231 arte.

193 1211 248 1269 Sel}
270 1250 324 1270 nec
343 1239 381 1269 sic
398 1237 489 1269 adhuc
512 1238 652 1276 potuimus
666 1237 801 1275 proficere
818 1237 887 1268 ficut
902 1237 1020 1268 effe&us
1035 1237 1155 1275 indicat,
1173 1237 1206 1268 &

157 1277 314 1315 saepedidhe
334 1277 455 1314 Reginae
477 1277 587 1315 querela
606 1276 706 1306 nostris
725 1276 835 1306 auribus
848 1277 950 1306 totiens
965 1276 1121 1314 inculcata,
1139 1285 1207 1306 cum

155 1326 215 1346 non
228 1316 317 1346 solum
334 1317 359 1346 ei
373 1315 524 1346 satisfacere
537 1323 595 1343 non
609 1313 761 1351 curaveris,
779 1323 879 1344 verum
892 1315 975 1344 etiam
988 1324 1041 1344 nec
1055 1324 1151 1344 coram
1163 1315 1208 1352 ju-

154 1355 264 1385 dicibus
284 1355 333 1384 illis
346 1378 356 1393 ‚
381 1355 480 1392 quibus
498 1352 643 1390 negotium
667 1351 754 1388 ipsum
775 1351 946 1382 dinoscimur
967 1351 1066 1389 pluries
1085 1353 1209 1383 commi-

156 1392 235 1432 sisse,
253 1393 373 1424 volueris
390 1390 521 1430 justitiam
543 1389 690 1426 exhibere,
709 1390 757 1427 qui
769 1399 829 1419 non
842 1397 950 1420 tantum
964 1400 1064 1420 cavere
1075 1391 1208 1421 debueras

154 1441 192 1461 ne
212 1431 227 1461 a
248 1439 276 1461 te
297 1431 458 1469 injuriarum
477 1428 552 1457 affio
573 1426 726 1457 nasceretur
741 1451 750 1465 ,
766 1426 812 1457 sed
826 1429 907 1457 etiam
920 1428 1055 1458 cohibere
1071 1429 1209 1467 quossibet

155 1477 211 1499 tute
226 1469 325 1500 ditioni
342 1467 479 1505 subjeftos
494 1476 530 1495 ne
543 1466 669 1503 injuriam
683 1466 815 1504 cuiquam
830 1466 952 1497 facerent
968 1490 978 1505 ,
997 1477 1064 1497 cum
1078 1468 1111 1498 ad
1124 1468 1209 1498 male-

153 1508 294 1575 faflogum
307 1506 478 1542 vindictam,
496 1503 606 1536 laudem
619 1505 690 1535 vero
705 1504 849 1535 bonorum
863 1505 987 1545 gladium
1002 1505 1146 1545 susceperis
1161 1507 1209 1536 ba-

166 1555 183 1576 u
195 1556 229 1575 an
249 1554 308 1575 um.

151 1556 163 1586 J
193 1583 281 1614 Certe
294 1593 353 1614 non
368 1584 459 1614 minus
470 1582 604 1614 serenitati
616 1582 716 1622 Regiae
728 1591 812 1621 quam
826 1583 874 1621 ipsi
890 1582 1027 1622 Reginae,
1042 1585 1134 1614 immo
1146 1583 1210 1615 lon-

155 1628 192 1662 ge
205 1622 321 1660 amplius
337 1621 487 1662 expedisset
501 1622 602 1652 nostris
616 1621 696 1659 super
710 1621 766 1652 hoc
780 1621 949 1660 acquievisse
963 1623 1076 1655 monitis
1091 1623 1124 1654 ὃς
1139 1632 1211 1652 con-

154 1661 235 1700 filiis,
253 1670 302 1701 per
325 1671 389 1699 quae
405 1660 529 1691 divinam
569 1660 655 1691 lacare
673 1669 800 1699 potueras
816 1659 993 1699 Majestatem
1010 1662 1107 1699 (quam
1125 1671 1210 1698 prop-

154 1707 197 1730 ter
215 1699 342 1737 injuriam
362 1699 517 1737 saepedictae
536 1669 657 1739 ffieginae
679 1699 780 1729 illatam
795 1699 894 1729 videris
913 1700 1031 1738 graviter
1045 1698 1207 1736 offendiffe)

153 1748 189 1769 ac
199 1739 282 1769 etiam
296 1737 408 1768 laudern
420 1740 449 1768 in
461 1737 614 1778 conspetfffl
634 1737 783 1767 hominum
805 1739 973 1776 promereri,
994 1739 1056 1776 quia
1067 1738 1115 1768 etsi
1127 1738 1154 1767 ei
1167 1737 1210 1768 su-

152 1786 206 1814 per
223 1776 330 1807 damnis
349 1775 417 1806 esset
430 1785 524 1806 rerum
540 1776 739 1812 temporalium
753 1775 936 1814 satisfaetum,
955 1777 1005 1806 tibi
1018 1776 1155 1807 damnum
1167 1777 1210 1807 in-

151 1815 297 1845 nocentiae
310 1814 477 1853 resarciss'es,
496 1814 575 1852 quod
588 1824 648 1844 non
664 1813 706 1844 est
719 1814 837 1845 dubium
852 1815 907 1846 effe
921 1816 1015 1854 majus.

193 1852 386 1884 Veruntamen
404 1852 426 1883 fi
444 1861 472 1883 te
492 1852 583 1883 forsan
603 1851 741 1883 existimes
763 1852 854 1883 eidem
876 1854 905 1883 in
926 1853 1018 1892 aliquo
1030 1864 1091 1885 non
1104 1854 1209 1893 teneri,

154 1900 254 1923 coram
267 1892 364 1930 nobis,
383 1892 431 1930 qui
443 1891 589 1932 personam
602 1891 726 1921 hominis
746 1892 776 1921 in
789 1891 897 1929 judicio
912 1902 971 1922 non
982 1894 1156 1932 accepimus,
1171 1892 1210 1924 set

153 1930 263 1969 justum
280 1930 436 1969 judicium,
453 1938 536 1970 prout
556 1929 602 1960 ille
622 1929 704 1958 nobis
727 1929 854 1967 inspirare
867 1930 993 1969 dignatur
1007 1933 1054 1969 qui
1067 1941 1156 1961 omne
1164 1932 1210 1968 ju-

156 1968 263 1999 dicium
283 1968 359 1999 dedit
380 1967 438 1997 filio
452 1991 461 2007 ,
478 1967 652 2005 judicamm,
668 1967 764 1998 saltem
780 1968 828 2006 ipsi
842 1969 975 1999 debueras
984 1969 1119 2008 justitiam
1133 1969 1211 2000 exhi-

157 2007 241 2045 bere,
259 2017 292 2037 ac
312 2016 372 2037 non
391 2007 432 2036 uti
470 2007 584 2036 otentiae
604 2006 795 2045 magnitudine
810 2015 907 2038 contra
921 2007 1012 2045 illam,
1032 2007 1118 2038 sciens
1133 2007 1211 2046 quod

156 2046 299 2083 potentior
311 2044 352 2074 est
365 2053 410 2082 te,
428 2045 437 2074 i
459 2054 474 2074 e
490 2046 539 2082 qui
556 2044 622 2074 facit
640 2044 858 2076 misericordiam
880 2047 914 2076 &
924 2045 1063 2084 judicium
1077 2046 1210 2077 omnibus

157 2084 285 2122 injuriam
298 2083 477 2121 patientibus,
496 2083 530 2113 &
544 2083 573 2112 in
585 2091 676 2122 regno
690 2082 843 2114 hominum
857 2082 1025 2114 dominatur.

197 2121 238 2152 At
259 2130 289 2152 tu
310 2120 373 2152 haec
392 2129 476 2161 prout
493 2122 630 2151 convenit
649 2130 709 2151 non
731 2122 876 2153 attendens
890 2145 899 2160 ,
922 2133 976 2153 nec
990 2122 1140 2154 satisfacere
1155 2123 1211 2162 illi,

157 2170 213 2191 nec
226 2159 317 2190 subire
331 2159 410 2198 super
424 2158 564 2198 praediffis
574 2158 720 2198 Judicium
734 2170 801 2191 cum
817 2161 914 2191 eadem
935 2161 1067 2192 haetenus
1081 2161 1210 2201 voluisti,

160 2208 229 2230 cum
244 2200 320 2229 enim
334 2198 398 2238 post
410 2198 481 2228 οὲὶο
491 2208 579 2228 annos
590 2198 717 2237 elapsos,
726 2208 775 2239 per
789 2210 860 2237 quos
873 2200 956 2230 reoiae
968 2200 1102 2231 serenitati
1110 2199 1212 2231 detuli-

159 2247 240 2275 mus,
258 2237 386 2268 nolentes
405 2236 517 2267 ulterius
536 2236 644 2267 deferre
662 2236 773 2268 homini
788 2246 886 2268 contra
934 2249 1016 2278 eum,
1036 2240 1083 2278 qui
1098 2238 1211 2270 viduam

159 2286 235 2307 voce
255 2275 420 2317 prophetica
439 2275 565 2313 praecipit
585 2275 733 2315 defensari,
752 2276 803 2306 tibi
815 2276 974 2307 dederimus
987 2279 1016 2307 in
1032 2277 1165 2308 mandatis
1182 2286 1212 2308 ut

158 2314 246 2353 usque
266 2313 301 2344 ad
322 2313 426 2344 festum
447 2313 609 2344 Nativitatis
630 2314 719 2344 beatae
739 2314 841 2345 Mariae
854 2339 863 2354 ,
881 2317 1012 2353 proximo
1045 2317 1212 2355 raeteritum,

158 2363 209 2390 per
230 2352 446 2383 Procuratorem
465 2351 603 2382 idoneum
623 2360 652 2383 te
664 2352 763 2384 nostro
775 2354 938 2392 conspeetui
953 2364 1010 2394 prae
1022 2364 1143 2393 entares,
1163 2364 1211 2385 ex-

157 2392 294 2422 hibiturus
314 2391 386 2436 saepe
405 2390 468 2421 fatae
487 2390 608 2430 Reginae
620 2414 630 2429 ,
655 2391 702 2422 vel
723 2391 901 2423 Procuratori
920 2392 1040 2431 ejusdem
1052 2392 1131 2434 super
1143 2402 1214 2433 prae-

159 2429 244 2460 miffis
263 2431 297 2461 δε
315 2430 371 2460 aliis
382 2453 392 2468 ,
415 2429 434 2459 si
448 2439 502 2467 qua
515 2429 590 2460 forte
601 2429 728 2460 adversus
742 2437 771 2460 te
784 2430 900 2462 duceret
914 2431 1115 2469 proponenda,
1134 2431 1213 2470 quod

158 2468 232 2499 ordo
245 2468 370 2506 posceret
382 2469 510 2505 rationis,
527 2475 558 2497 tu
571 2467 598 2497 id
614 2467 727 2498 efficere
740 2470 848 2505 penitus
863 2470 1071 2510 contempsisti,
1090 2470 1157 2500 licet
1171 2470 1215 2500 di-

159 2506 247 2537 Ιεᾶυε
261 2506 330 2537 filius
338 2507 418 2536 Prior
433 2506 654 2543 Wicrornienfis‚
671 2506 707 2536 de
722 2507 854 2538 mandato
868 2508 1031 2538 venerabilis
1045 2509 1134 2539 fratris
1148 2518 1216 2539 nos-

159 2546 194 2575 tri
207 2544 412 2585 Wigorniensis
428 2529 560 2583 Episcopi
575 2567 584 2583 ,
608 2544 736 2576 exhibitis
756 2545 807 2575 tibi
827 2546 921 2576 litteris
938 2546 1054 2585 nostris,
1070 2547 1216 2585 praefatum

159 2584 314 2613 terminum
336 2593 370 2614 ex
388 2591 465 2623 parte
485 2582 578 2612 nostra
597 2590 654 2613 tuae
667 2584 850 2622 magnitudini
861 2586 1085 2625 peremptorium
1100 2585 1217 2625 affigna-

159 2622 218 2659 rit,
245 2621 314 2652 sicut
333 2620 504 2652 venerabiles
524 2620 618 2651 fratres
638 2620 727 2651 nostri
740 2621 856 2653 Eliensis
871 2623 905 2661 ὃς
925 2624 1054 2663 praefatus
1067 2623 1217 2662 Wigorni-

159 2661 229 2690 ensis
244 2659 393 2700 Episcopi,
411 2659 509 2697 quibus
523 2658 552 2689 su
574 2668 602 2688 er
617 2658 675 2689 hoc
689 2658 837 2691 direximus
849 2661 946 2698 scripta
960 2660 1073 2699 nostra,
1090 2672 1139 2699 per
1157 2662 1216 2692 suas

159 2698 242 2728 nobis
255 2698 354 2728 litteras
366 2699 544 2735 intimarunt,
587 2705 747 2728 rocuratore
766 2698 847 2736 ipfius
868 2698 989 2739 Reginae
1001 2699 1036 2730 ad
1050 2699 1219 2737 praedictum

160 2737 316 2767 terminum
330 2736 364 2767 ad
376 2736 471 2767 sedem
483 2734 665 2773 apostolicam
679 2736 847 2776 accedente,
865 2748 898 2769 ac
913 2748 962 2776 per
977 2746 1096 2777 quatuor
1111 2738 1217 2769 menses

160 2775 196 2806 &
215 2775 330 2813 amplius
346 2775 516 2815 expedtante.

202 2814 280 2853 Qia
300 2815 382 2853 igitur
402 2823 500 2844 contra
519 2813 632 2844 salutem
646 2813 770 2845 nostram
781 2815 815 2847 &
829 2822 906 2846 tuam
919 2815 970 2847 tibi
982 2815 1093 2847 deferre
1107 2816 1218 2847 ulterius

160 2861 216 2883 nec
236 2852 366 2883 volumus
386 2862 439 2883 nec
459 2851 593 2883 debemus
608 2875 618 2891 ,
643 2852 817 2884 serenitatem
841 2855 946 2898 regiam
959 2864 1109 2886 monemus
1124 2856 1158 2886 δε
1171 2865 1219 2886 ex-

162 2890 308 2922 hortamur
326 2892 454 2922 attentius
474 2891 504 2920 in
523 2892 626 2922 virtute
646 2891 762 2931 Spiritus
785 2891 898 2931 Sanun,
915 2892 1031 2924 firmiter
1044 2894 1219 2934 injungentes

160 2938 297 2968 quatenus
310 2929 395 2968 usque
408 2929 442 2960 ad
454 2928 499 2959 sex
513 2930 635 2968 menseS,
654 2929 719 2967 post
733 2929 937 2968 susceptionem
952 2931 1129 2972 praesentium
1146 2955 1156 2971 ‚
1173 2940 1219 2963 aut

182 2968 282 2998 raefatae
295 2968 416 3008 Reginae
428 2968 568 2998 satisfacias
581 2976 707 3007 congrue
719 2968 756 3000 de
767 2969 906 3009 praediffls
941 2978 988 3000 aut
1003 2980 1160 3009 componas
1168 2994 1178 3009 ,
1198 2971 1219 3001 si

160 2977 222 3037 geri
242 3006 325 3045 poffit
340 3029 350 3045 ,
372 3006 552 3037 amicabiliter
567 3016 636 3037 cum
650 3006 766 3046 eadem,
786 3007 830 3038 vel
845 3018 894 3048 per
907 2993 1093 3040 sufficientem
1108 3010 1142 3040 &
1155 3008 1219 3040 ido-

162 3054 249 3075 neum
262 3045 446 3083 responsalem
459 3053 488 3075 te
501 3045 600 3075 nostro
614 3044 777 3083 conspeetui
789 3047 963 3084 repraesentes
1007 3047 1026 3066 '¹‘
1048 3047 1219 3078 exhibiturus

164 3083 257 3114 eidem
270 3084 315 3115 vel
331 3083 511 3114 Procuratori
524 3083 574 3114 suo
584 3084 664 3121 super
678 3085 727 3123 iis,
736 3085 770 3116 &
782 3084 856 3123 aliis,
876 3095 939 3123 quae
952 3069 1077 3116 adversus
1092 3093 1120 3115 te
1133 3085 1219 3116 duxe-

164 3123 201 3152 rit
220 3121 403 3160 proponenda
415 3145 425 3160 ,
446 3120 558 3160 justitiae
576 3122 828 3163 complementum.
847 3123 985 3162 Alioquin
1007 3133 1110 3155 exrunc
1123 3124 1153 3153 in
1165 3124 1220 3154 So-

163 3159 317 3190 mersetfire
338 3160 501 3190 Manerium
521 3160 558 3190 de
575 3160 754 3200 Yvecestre·‚
787 3162 820 3192 ὃς
839 3160 1004 3192 Manerium
1025 3161 1062 3192 de
1083 3161 1219 3193 Meretoc

163 3207 233 3229 cum
250 3199 421 3238 pertinentiis
440 3198 626 3236 eorumdem,
644 3200 677 3229 &
690 3209 777 3229 rotam
792 3200 980 3231 Rotelandam
995 3210 1063 3230 curn
1075 3201 1218 3238 pertinen-

165 3237 210 3267 tiis
223 3236 298 3274 ejus,
315 3238 349 3267 δε
362 3236 524 3267 Manerium
542 3237 579 3267 de
591 3237 687 3267 Keten
702 3247 770 3268 cum
784 3246 842 3269 tota
856 3238 949 3269 Socka
958 3263 968 3276 ,
986 3239 1020 3270 &
1034 3238 1219 3277 Brudecrost,

166 3276 202 3306 &
230 3273 414 3304 Nortufham
442 3284 509 3304 cum
529 3276 701 3313 pertinentiis
720 3276 887 3306 eorumdem
904 3287 910 3306 2
935 3276 975 3307 Er
996 3277 1024 3306 in
1046 3276 1222 3308 Barchescire

166 3312 333 3343 Manerium
353 3311 389 3341 de
411 3312 555 3343 Lamburn
576 3323 645 3344 cum
684 3315 832 3344 ertinentiis
851 3316 923 3353 ejus,
950 3316 983 3346 ὃ(
1005 3316 1033 3345 in
1045 3315 1221 3355 Wiltescire,

165 3350 314 3382 Westburi
329 3374 338 3387 ,
361 3349 477 3380 Wilton
494 3352 528 3382 ὃς
546 3351 667 3382 Malmes
691 3353 747 3390 uri,
765 3360 832 3383 cum
846 3354 1017 3390 pertinentiis
1034 3353 1220 3393 eorumdem;

168 3390 202 3421 &
223 3391 253 3420 in
275 3388 378 3419 Sudsex
400 3387 504 3418 Villam
523 3389 685 3420 Arundellae
707 3399 775 3420 cum
789 3391 899 3421 honore
911 3401 944 3421 ac
962 3393 1133 3429 pertinentiis
1149 3391 1218 3431 suis·,

168 3430 204 3459 &
223 3427 377 3459 Civitatem
395 3425 539 3456 Cicestriae
559 3437 628 3458 curn
649 3428 729 3465 ipsius
750 3430 943 3468 pertinentiis,
968 3431 1001 3460 &
1015 3431 1043 3459 in
1056 3429 1221 3460 Oxonefor-

168 3464 274 3496 descire
282 3466 385 3496 Villam
400 3464 435 3494 de
441 3464 558 3495 Stanton
570 3475 638 3495 cum
651 3467 820 3505 pertinentiis
835 3468 908 3504 ejus;
923 3469 957 3498 ὃς
970 3469 999 3498 in
1011 3467 1221 3499 Nordhanron-

169 3505 256 3543 scire,
274 3504 460 3543 Rokingharn
481 3510 547 3532 cum
568 3504 737 3539 pertinentiis
757 3506 832 3543 e'us,
850 3506 883 3536 &
897 3505 999 3536 Villam
1013 3506 1050 3536 de
1063 3506 1220 3537 Nordhan-

169 3551 240 3581 ton,
258 3544 287 3572 in
300 3541 489 3573 Devenescire
510 3539 672 3571 Manerium
693 3541 729 3571 de
776 3544 888 3582 einton,
905 3544 939 3574 &
954 3543 1063 3574 Leston
1076 3554 1142 3575 cum
1159 3555 1221 3582 per-

169 3582 291 3611 tinentiis
313 3581 365 3611 suis
379 3603 389 3619 ,
414 3590 446 3610 ac
465 3578 628 3609 Manerium
649 3578 686 3609 de
699 3579 890 3612 Altichescote
901 3592 970 3612 cum
984 3582 1058 3612 Villa
1069 3582 1106 3613 de
1119 3583 1222 3613 Solon-

171 3620 282 3649 cumbis
293 3641 303 3657 ,
327 3620 361 3650 δε
384 3617 554 3687 (ζιὲεηεννκε
577 3626 645 3647 cum
659 3619 829 3654 pertinentiis
843 3620 909 3650 suis·
931 3622 964 3652 &
976 3619 1128 3652 Civitatem
1143 3620 1221 3650 Exo-

172 3658 244 3696 niae;
263 3659 296 3689 &
316 3658 346 3687 in
364 3656 423 3688 Sud
444 3656 608 3687 amtonscire
627 3652 790 3699 Manerium
809 3656 845 3687 de
864 3644 1034 3689 W⁷lfintonia
1053 3669 1120 3689 cum
1137 3660 1223 3698 perti-

173 3697 274 3726 nentiis
289 3695 340 3726 suis
355 3706 361 3725 z
388 3695 421 3726 &
434 3696 464 3725 in
472 3693 693 3725 Hertfordescire
706 3692 941 3732 Berchampstede
956 3706 1025 3726 cum
1037 3705 1100 3728 toto
1111 3697 1223 3727 honore

174 3743 207 3764 ac
225 3734 396 3771 pertinentiis
419 3734 475 3771 ejus
489 3745 495 3751 ·
523 3743 555 3763 ac
570 3734 599 3763 in
611 3731 695 3761 Effex
731 3731 836 3762 Villam
848 3733 883 3763 de
895 3734 1041 3764 Waltham
1055 3745 1124 3765 curn
1138 3735 1224 3773 perti-

175 3773 274 3802 nentiis
294 3773 351 3811 ejus
366 3783 372 3802 :
400 3772 433 3803 &
446 3772 474 3801 in
488 3757 616 3802 London
630 3769 689 3806 Eva
700 3755 834 3808 Reginae:
851 3771 885 3801 &
898 3772 927 3800 in
942 3772 1134 3803 Lincolnscire
1148 3773 1222 3803 Gra-

175 3809 242 3840 ham
252 3820 321 3841 cum
334 3810 504 3848 pertinentiis
518 3809 584 3839 suis:
604 3810 637 3840 &
650 3808 752 3838 Villam
765 3807 801 3837 de
814 3807 956 3838 stamford
971 3819 1039 3840 cum
1053 3811 1224 3848 pertinentiis

174 3848 247 3891 ejus:
257 3859 299 3892 'ac
318 3849 348 3879 in
370 3847 655 3879 Glouvescesttescire
672 3847 812 3877 honorem
833 3844 870 3876 de
881 3845 1019 3886 Berkleia,
1035 3859 1069 3879 ac
1083 3851 1224 3887 pertinen-

176 3892 225 3915 tias
239 3896 255 3916 e
265 3897 303 3917 us.

214 3896 293 3954 Cilm
311 3925 446 3955 omnibus
466 3925 522 3955 aliis
543 3924 676 3954 Maneriis
692 3948 701 3961 ,
723 3922 819 3960 Villis,
837 3922 870 3953 &
883 3920 989 3953 Castris
1004 3933 1068 3962 quae
1085 3924 1119 3954 ad
1133 3924 1226 3956 Dota-

175 3960 273 3991 licium
300 3963 420 4000 praefatae
446 3963 566 4002 Reginae
595 3962 715 3999 spediare
735 3960 911 3998 noscuntur3
935 3970 1048 3992 necnon
1073 3962 1200 3993 demania
1215 3986 1226 4001 ,

177 3998 306 4028 Maneria
317 4007 362 4030 tua
374 4002 404 4031 in
419 4002 558 4039 praedietis
570 4000 758 4031 Comitatibus
770 3997 919 4030 constituta
953 3998 989 4029 de
1000 4000 1100 4038 quibus
1114 4001 1227 4041 praefata

177 4035 226 4066 Re
247 4037 290 4065 ina
301 4037 393 4068 lanam
404 4038 487 4069 debet
500 4040 619 4076 habere,
637 4038 701 4069 licet
714 4038 810 4068 omnia
825 4021 955 4075 praediciza
968 4038 1063 4068 exalia
1075 4039 1154 4069 causa
1164 4039 1227 4078 sup-

178 4074 331 4144 pozignfinlt
338 4075 478 4145 szntelntiae
490 4076 630 4111 mterdieti
638 4099 648 4116 ‚
664 4084 778 4118 propter
791 4075 848 4107 hoc
862 4075 921 4114 pari
934 4074 1067 4108 sententia
1078 4076 1227 4115 specialiter

1254 191 1727 240 PUBLICA.
2236 205 2291 246 49

1236 279 1414 311 decernimus
1434 281 1538 320 alligata
1552 304 1562 319 ‚
1589 290 1619 312 ut
1639 283 1670 311 in
1692 285 1723 313 iis
1738 282 1868 313 omnibus
1880 288 2057 320 nequaquam
2071 278 2210 310 interdiCti
2223 278 2283 309 sen-
2299 276 2373 307 Ann.
2390 274 2432 304 D,

1239 321 1325 350 tentia
1346 319 1479 350 relaxetur
1495 344 1504 357 ,
1521 319 1613 349 donec
1628 319 1706 357 super
1728 321 1784 350 hoc
1801 320 1956 351 satisfeceris
1975 326 2171 357 competenter
2185 340 2195 356 ,
2219 317 2287 347 dan-
2323 322 2407 351 1209-

1240 365 1281 387 tes
1303 357 1428 387 districte
1455 358 1657 388 venerabilibus
1675 358 1802 388 fratribus
1828 358 1927 388 nostris
1951 356 2084 388 Roffenfi
2105 356 2138 387 &
2159 356 2288 386 Saresbe-

1242 395 1322 425 rienii
1342 395 1366 425 E
1388 395 1486 433 iscopis
1507 395 1688 425 nihilominus
1717 397 1746 426 in
1766 398 1908 434 praeceptis
1923 405 1953 426 ut
1974 396 2023 434 ipfi
2039 418 2049 434 ,
2066 394 2188 425 humana
2202 395 2288 432 gratia

1242 435 1275 464 &
1293 443 1362 464 mun
1383 444 1437 464 ano
1450 435 1555 464 timore
1569 432 1741 471 postpofitis‚
1759 434 1902 471 praefatam
1916 434 2077 464 sententiam
2092 432 2236 471 publicent
2251 432 2285 462 &

1242 472 1359 510 faciant,
1376 472 1481 502 sublato
1501 471 1647 502 cu'ussibet
1666 472 1893 502 contradictionis
1907 473 1941 504 &
1954 472 2141 510 appellationis
2154 469 2287 501 obstacu-

1243 510 1272 540 lo
1281 535 1289 548 ,
1308 511 1472 541 auetoritate
1487 520 1526 541 no
1554 519 1582 539 ra
1595 509 1712 539 firmiter
1727 509 1871 539 observari.
2249 545 2252 549 Δ

1281 549 1372 588 Qiod
1387 548 1405 579 fi
1422 559 1474 579 nec
1490 549 1527 579 sic
1542 557 1587 579 tua
1600 549 1701 586 poterit
1715 547 1827 577 durities
1840 546 1960 577 emolliri
1969 549 2012 586 ,in
2026 556 2054 578 te
2069 557 2165 578 manus
2181 545 2288 577 nostras

1242 587 1340 618 fortius
1356 588 1514 617 curabimus
1527 593 1691 655 aggravare,
1708 585 1822 615 sciturus
1837 584 1914 622 quod
1929 595 2175 624 quantumcunque
2190 594 2235 624 te,
2253 584 2287 614 fi.-

1242 633 1290 655 cut
1311 625 1481 655 cariffimum
1503 626 1533 655 in
1586 623 1671 655 hristo
1692 623 1781 653 filium
1798 647 1807 659 ,
1824 622 1871 652 dili
1891 632 1984 661 amus,
2003 625 2066 660 quia
2079 632 2174 654 tamen
2188 625 2217 653 in
2232 631 2289 654 tuae

1241 664 1328 693 salutis
1347 664 1520 701 dispendium
1541 664 1591 693 tibi
1614 663 1724 693 ulterius
1738 671 1797 692 non
1818 670 1866 692 cre
1885 662 1957 691 imus
1969 661 2168 699 deferendum,
2185 661 2290 691 nullam

1242 703 1407 732 omittemus
1431 704 1537 739 penitus
1558 703 1713 738 rationem,
1732 701 1799 738 quin
1815 698 1943 729 nostrum
1957 698 2089 729 officium
2104 709 2290 736 exequamur,

1241 740 1335 770 donec
1352 764 1361 778 ,
1385 740 1418 770 ad
1439 750 1490 770 cor
1504 739 1627 778 rediens,
1645 739 1724 777 super
1737 739 1793 769 hoc
1808 737 1984 776 Apostolicae
1997 736 2053 768 sedi
2066 745 2095 768 te
2105 736 2205 767 offeras
2219 738 2290 774 pari*

1243 786 1348 808 tusum.

1249 890 1271 920 Α
1280 853 1548 922 DatumdLaterani,
1563 855 1736 886 duodecimo
1750 853 1814 885 Kal.
1829 853 1970 884 Februarii
1979 877 1989 891 ‚
2005 850 2190 884 Pontificatiis
2204 849 2293 882 nostri

1244 915 1254 920 -
1274 901 1332 922 nno
1348 902 1385 922 Ul]
1406 903 1510 924 ecuno.

1245 1015 1364 1045 Litterae
1378 1011 1531 1058 Johannis
1548 1017 1633 1060 Regis
1653 1015 1765 1060 Angliae
1781 1018 1865 1046 certis
1879 1024 1932 1059 per
1951 1016 2146 1047 Germaniam
2166 1024 2294 1060 magna-

1398 1058 1476 1093 tibus
1497 1061 1597 1106 miffie,
1622 1060 1658 1094 a'e
1674 1060 1788 1099 Othone
1808 1064 1884 1106 Rege
1899 1064 1935 1098 ὠ·
1952 1065 2064 1107 Nepote
2074 1062 2141 1106 sim.

1247 1144 1513 1206 'VEnerabih'bus
1533 1147 1563 1176 in
1578 1145 1697 1176 Christo
1718 1144 1838 1182 patribus
1853 1143 1987 1174 Dominis
2002 1144 2060 1175 Mo
2079 1147 2166 1176 untin.
2184 1146 2292 1178 Colon.
2312 1147 2387 1179 Ann.
2406 1145 2448 1179 D:

1330 1184 1581 1224 Maydeburgensi,
1597 1183 1782 1221 Treuerensi,
1800 1182 1858 1212 Dei
1871 1182 1957 1219 gratia
1973 1205 1983 1220 ,
2001 1182 2058 1212 Arc
2081 1185 2241 1224 iepiscopis,
2259 1188 2293 1217 ὃς
2335 1197 2418 1225 1209.

1247 1223 1364 1261 Spirens.
1398 1223 1561 1253 Leodlcens
1593 1222 1788 1252 Cameracens.
1813 1220 1906 1250 Herbi
1947 1220 1964 1249 l.
1989 1219 2145 1263 Argentun.
2172 1222 2295 1254 Metenfi
2316 1230 2367 1254 An.
2390 1233 2434 1254 ιο,

1247 1261 1394 1291 Alnestod.
1414 1261 1566 1291 Manaster.
1584 1260 1740 1291 Ildelstiem.
1758 1259 1882 1298 Trajett.
1928 1257 2070 1296 piscop153
2095 1259 2128 1288 ὃς
2141 1259 2176 1289 de
2190 1261 2297 1299 Volda,
2316 1264 2380 1301 Joh.

1248 1301 1282 1330 &
1304 1299 1450 1330 Hersefeld
1477 1299 1657 1338 Abbatibus3
1682 1300 1716 1330 &
1735 1299 1802 1329 viris
1823 1297 1965 1327 nobilibus
1977 1297 2120 1339 &amicis
2134 1296 2297 1337 karissimis,
2317 1306 2375 1329 Par.
2399 1311 2441 1330 10.

1249 1337 1328 1369 Duci
1342 1338 1444 1368 Saxon.
1462 1338 1542 1368 Duci
1564 1336 1689 1369 Brabant.
1710 1336 1891 1375 Landegrave
1910 1334 2023 1365 Durnii.
2043 1334 2123 1365 Duci
2137 1334 2246 1366 Cerms.
2261 1336 2298 1367 C.
2318 1339 2418 1376 Johan-

1249 1376 1416 1407 Marchioni
1434 1376 1555 1407 Austriae
1569 1401 1579 1415 ‚
1602 1377 1641 1407 T.
1662 1375 1828 1406 Marchioni
1847 1374 1883 1404 de
1906 1373 1980 1403 Misa
1994 1396 2004 1411 ,
2022 1372 2058 1403 A.
2078 1373 2244 1404 Marchioni
2264 1375 2301 1405 de
2317 1379 2435 1413 nis.n.4‚

1249 1414 1320 1445 Bran
1342 1415 1421 1446 Duci
1442 1414 1564 1445 Bavariae
1577 1438 1587 1454 ,
1610 1416 1643 1446 &
1656 1414 1736 1444 Duci
1750 1412 1869 1443 Austriae
1883 1436 1894 1450 ,
1907 1411 2067 1450 Johannes,
2085 1411 2184 1442 eadem
2198 1413 2301 1452 gratia,
2318 1415 2344 1443 d.

1250 1453 1316 1483 Rex
1331 1453 1457 1493 Angliae,
1477 1453 1620 1484 Dominus
1634 1453 1799 1490 Hiberniae,
1816 1452 1876 1482 &c.

1288 1492 1406 1523 Litteras
1427 1492 1616 1530 quorumdam
1639 1500 1673 1521 ex
1694 1490 1776 1520 vobis
1789 1489 1970 1527 suscepimus,
1990 1498 2056 1527 quas
2068 1487 2222 1520 kariffimus
2236 1489 2303 1520 Ne-

1250 1541 1302 1568 pos
1330 1531 1426 1561 noster
1448 1530 1591 1561 Dominus
1611 1529 1677 1560 Rex
1698 1528 1780 1558 Otho
1802 1528 1884 1558 nobis
1905 1527 2053 1558 destinavit
2067 1552 2076 1566 ,
2103 1538 2153 1566 per
2175 1528 2303 1559 Fratrem

1250 1569 1329 1599 suum
1350 1569 1501 1607 Nepotem
1521 1568 1650 1599 nostrum
1670 1567 1788 1598 Ducem
1809 1566 1937 1597 Saxoniae
1952 1591 1962 1604 ,
1986 1567 2020 1597 &
2040 1565 2253 1605 Camerinum,
2269 1568 2303 1597 &

1251 1607 1437 1638 Senescallum
1450 1607 1529 1637 suum
1538 1630 1548 1646 ,
1566 1617 1636 1645 quos
1649 1605 1686 1636 de
1700 1606 1844 1636 voluntate
1863 1606 1897 1636 &
1912 1604 2081 1635 conscientia
2093 1606 2226 1635 omnium
2241 1615 2304 1636 ves-

1250 1645 1329 1676 trfim
1346 1645 1486 1676 emanasse
1500 1646 1657 1683 credimus3
1675 1645 1708 1675 &
1724 1644 1870 1674 habuimus
1883 1644 1962 1681 super
1974 1643 2043 1680 hiis,
2061 1652 2125 1681 quae
2136 1643 2217 1673 nobis
2231 1653 2304 1674 con-

1250 1683 1383 1723 suluistis,
1402 1693 1537 1723 magnum
1557 1684 1707 1714 ua<statum
1728 1684 1762 1714 &
1784 1682 1900 1722 diligens
1922 1681 2072 1712 consilium
2093 1690 2162 1712 cum
2177 1681 2304 1711 fidelibus

1250 1722 1367 1762 nostris,
1386 1725 1434 1761 qui
1446 1723 1529 1753 nobis
1541 1722 1728 1753 consuluerint
1743 1721 1821 1758 quod
1836 1731 1888 1751 nos
1902 1719 2020 1750 consilio
2036 1720 2070 1751 δε
2084 1720 2221 1751 voluntati
2241 1729 2304 1751 ves-

1251 1771 1302 1793 trae
1315 1761 1569 1800 adquiesceremus,
1588 1769 1721 1800 quatenus
1733 1759 1769 1789 de
1778 1760 1841 1797 jure
1855 1758 2006 1797 poss'emus.

1288 1800 1379 1830 Unde
1391 1800 1425 1829 ad
1439 1798 1605 1837 praedietum
1624 1798 1756 1837 Regem,
1773 1798 1808 1828 &
1821 1797 1855 1827 ad
1871 1808 1922 1828 vos
1937 1798 2076 1828 mittimus
2087 1796 2208 1828 dilestos
2222 1797 2256 1828 δε
2270 1796 2303 1827 fi-

1250 1838 1325 1869 deles
1340 1838 1451 1869 nostros
1466 1838 1484 1856 ²*
1498 1837 1550 1866 W.
1559 1836 1709 1867 Comitem
1721 1836 1792 1867 Sarr.
1811 1835 1923 1865 fratrem
1938 1835 2125 1874 nostrum‚&
2142 1836 2256 1867 fratrem
2265 1836 2304 1866 R.

1251 1877 1382 1908 Priorem
1397 1874 1709 1943 HospitaWerusalem
1720 1876 1749 1904 in
1763 1874 1866 1917 Anglia
1873 1898 1881 1911 ,
1891 1874 1932 1916 ¹&
1946 1873 2040 1903 Adam
2054 1873 2090 1903 de
2105 1873 2214 1912 Portu,
2231 1873 2303 1918 &.J.

1251 1915 1494 1947 Archidiaconum
1564 1915 1568 1920 '
1589 1923 1650 1944 orn.
1667 1914 1700 1944 &
1720 1912 1762 1942 H.
1781 1911 2023 1942 Archidiaconum
2040 1911 2183 1949 stafford,
2200 1922 2250 1949 per
2262 1923 2306 1950 ip-

1251 1955 1293 1985 sos
1307 1956 1333 1985 ei
1348 1956 1381 1985 &
1396 1954 1477 1985 vobis
1490 1923 1670 1991 figniffiantes
1686 1961 1718 1982 ea
1732 1960 1795 1989 quae
1808 1952 1837 1995 in
1852 1950 1987 1994 praedieto
2001 1949 2132 1980 Consilio
2144 1949 2244 1980 nostro
2259 1960 2306 1981 ac-

1252 1994 1395 2031 cepimus,
1413 1993 1446 2023 &
1459 1990 1579 2022 vestram
1591 1999 1720 2058 rst’CJgamus
1735 1988 2073 2056 attentiusddiscifetionem
2087 1996 2220 2026 quatenus
2229 2011 2239 2026 ,
2254 1999 2308 2026 pro

1251 2031 1403 2101 3332&ss
1411 2031 1776 2111 320535423185322335522
1785 2037 1855 2110 ἐξὲξ
1860 2036 1965 2095 &Scia
1978 2063 2046 2108 aaa
2057 2035 2311 2108 ‚Rs‘tf‘sssffassfr

1252 2108 1337 2140 vestri
1353 2109 1387 2139 &
1399 2107 1524 2145 Nepotis
1538 2104 1643 2144 nostri,
1661 2105 1694 2136 δε
1708 2105 1813 2135 honori
1826 2102 1920 2135 vestro
1933 2112 2021 2142 magis
2035 2102 2155 2135 Videritis
2168 2112 2310 2142 congrue-

1252 2158 1283 2179 re
1295 2148 1328 2179 &
1342 2146 1441 2177 melius
1454 2144 1591 2183 expedire.
1688 2174 1691 2175 γ

1289 2185 1432 2217 Volumus
1453 2192 1548 2214 autem
1570 2193 1622 2214 vos
1642 2192 1702 2213 non
1723 2181 1808 2213 latere
1821 2180 1916 2220 quod,
1934 2191 1969 2211 ex
1980 2191 2008 2210 eo
2041 2180 2094 2210 uod
2103 2187 2206 2210 terram
2220 2191 2310 2217 regen·

1253 2226 1317 2256 dam
1339 2223 1505 2262 suscepimus
1525 2223 1558 2253 &
1581 2221 1750 2260 potestatem
1774 2220 1922 2251 habuimus
1936 2242 1947 2258 ,
1973 2229 2023 2250 mu
2034 2220 2135 2250 totiens
2159 2219 2185 2248 ei
2225 2220 2311 2249 etiam

1253 2264 1287 2294 ad
1328 2272 1459 2293 ravamen
1480 2260 1609 2291 nostrum
1624 2284 1634 2298 ,
1658 2259 1838 2290 subvenimus
1851 2283 1861 2297 ,
1884 2259 1941 2296 ejus
1960 2257 2117 2295 plurimum
2129 2256 2187 2287 defi
2207 2265 2311 2289 erantes

1253 2302 1303 2333 sub
1314 2302 1480 2332 imationem
1495 2312 1505 2338 3
1529 2299 1561 2330 &
1580 2300 1639 2338 jam
1658 2307 1770 2336 tempus
1786 2298 1855 2328 esset
1870 2296 1948 2335 quod
1962 2296 1990 2326 id
2005 2296 2087 2327 nobis
2102 2303 2311 2334 remuneraret,

1254 2342 1288 2372 &
1311 2339 1390 2379 quod
1411 2349 1463 2370 nos
1482 2337 1551 2367 alter
1571 2336 1656 2366 alteri
1675 2337 1837 2367 adinvicem
1860 2334 2088 2373 subvenerimus,
2104 2344 2174 2365 cum
2186 2342 2262 2365 tanta
2276 2335 2311 2365 &

1253 2380 1313 2410 talis
1331 2377 1502 2418 jampridem
1523 2377 1595 2406 inter
1616 2384 1668 2405 nos
1689 2375 1762 2406 fasta
1774 2374 1806 2405 fit
1819 2373 2043 2412 confoederatio,
2059 2374 2093 2405 &
2106 2372 2158 2404 scri
2177 2374 2210 2402 tis
2225 2374 2259 2404 &
2271 2372 2310 2403 sa-

1254 2418 1406 2449 cramentis
1418 2416 1525 2446 firmata
1533 2439 1543 2453 ,
1560 2423 1623 2454 quae
1636 2414 1672 2445 de
1680 2415 1743 2453 jure
1755 2414 1850 2452 rumpi
1861 2423 1921 2444 non
1936 2414 2057 2451 poterit,
2075 2420 2130 2442 nec
2164 2411 2271 2442 ebebit.

2323 1832 2338 1850 ³*
2354 1832 2377 1860 Ι.
2395 1833 2457 1868 1542

1255 2533 1284 2564 d·
1293 2494 1383 2564 Tlelil‘ce
1398 2494 1532 2539 Domino
1545 2491 1679 2523 Winton.
1698 2490 1841 2530 Episcopo
1853 2487 1926 2528 apud
1946 2487 2041 2520 Lond.
2057 2487 2194 2521 vicesimo
2208 2494 2307 2526 quarto

1277 2543 1302 2563 le
1358 2542 1424 2563 arul-

1360 2658 1408 2689 De
1425 2653 1520 2688 Feodo
1542 2665 1629 2689 1000
1654 2656 1800 2688 Marcar.
1820 2652 1918 2698 Jbluto
1934 2654 1981 2686 H.
1997 2652 2081 2686 Daci
2097 2651 2208 2682 Saxon.

1258 2740 1385 2799 REX
1403 2740 1537 2771 omnibus
1551 2762 1561 2778 ,
1585 2740 1645 2771 &e
1664 2738 1761 2769 Sciatis
1775 2737 1859 2806 1qluocl
1872 2736 1898 2775 J.
1909 2734 1987 2781 filius
2009 2734 2142 2779 Hugonis
2163 2734 2290 2765 liberavit
2303 2756 2313 2773 ,
2332 2740 2462 2773 Anu-1>¹

1332 2790 1382 2818 per
1403 2787 1578 2818 praeceptum
1599 2777 1728 2808 nostrum
1742 2799 1752 2816 ,
1810 2799 1817 2806 ,
1836 2776 1916 2806 Duci
1939 2774 2041 2806 Saxon.
2059 2773 2137 2803 mille
2151 2771 2264 2804 Marcas
2277 2772 2313 2803 de
2353 2789 2436 2819 1209,

1258 2818 1338 2887 dog>
1346 2818 1438 2900 geg?
1447 2816 1794 2894 fggdxcl'effcijuadringentas
1815 2851 1928 2884 Marcas
1947 2850 1982 2882 ad
1995 2850 2170 2882 liberationes
2182 2847 2312 2880 Servien-
2332 2822 2443 2894 3?be-

1259 2893 1524 2964 mnsstsffnssgjigir‘sslaeria
1538 2928 1632 2961 nostra
1646 2939 1764 2962 centum
1776 2930 1810 2962 &
1822 2930 1934 2973 triginta
1949 2926 2043 2958 Marc.
2061 2937 2112 2965 per
2125 2934 2243 2970 manum
2255 2924 2310 2955 W.
2330 2899 2451 2971 &zaff-

1259 2970 1376 3002 Archid.
1394 2969 1522 3001 Hunted.
1541 2969 1577 2999 de
1594 2971 1713 3007 pecunia
1727 2992 1738 3008 ,
1757 2977 1842 3007 quam
1856 2967 1961 3007 Regin.
1979 2966 2016 2996 de
2030 2964 2169 2996 Cornhill.
2184 2964 2314 2996 liberavit
2336 2974 2465 3007 nis‚m.1.j

1258 3010 1332 3048 apud
1346 3008 1517 3039 Windlesor.
2334 3020 2358 3038 n.
2374 3019 2402 3045 4.

1297 3048 1336 3079 Et
1349 3047 1407 3078 hoc
1420 3047 1502 3078 vobis
1517 3044 1700 3083 mandamus,
1717 3051 1749 3075 ut
1762 3044 1847 3075 sciatis
1863 3042 1953 3080 ipsum
1966 3040 2033 3072 inde
2046 3040 2104 3072 effe
2118 3041 2256 3079 quietumt

1296 3124 1336 3156 T.
1352 3124 1405 3155 W.
1424 3121 1540 3154 Archid.
1559 3120 1688 3152 Hunted.
1704 3120 1777 3158 apud
1792 3118 1912 3150 Lamehi
1934 3127 1975 3157 24
1991 3117 2079 3149 Mart.
2098 3128 2149 3157 per
2163 3116 2295 3150 eundem.

1260 3247 1416 3296 Johannes
1444 3249 1509 3280 Rex
1527 3242 1587 3290 fiala
1601 3242 1776 3291 proteflione
1786 3242 1847 3288 fita
1856 3239 1979 3288 fitsbipit
1997 3241 2168 3275 Conradum
2184 3239 2221 3273 de
2238 3237 2314 3274 Wl-

1466 3305 1521 3335 να,
1545 3293 1742 3338 Seneftallum
1759 3289 1882 3325 Othonis
1899 3292 2101 3336 Imperatoris.

1330 3381 1394 3412 EX
1414 3378 1546 3410 omnibus
1593 3379 1653 3410 &c.
1673 3378 1770 3408 Sciatis
1791 3376 1869 3415 quod
1883 3374 2032 3417 Conradus
2051 3373 2087 3403 de
2107 3371 2200 3403 Wilra
2212 3371 2314 3403 Senes-
2334 3376 2464 3409 Arm-1)⁴

1342 3420 1402 3450 call.
1422 3418 1531 3449 illustris
1549 3402 1637 3456 Regis
1656 3416 1780 3446 Othonis
1800 3414 1925 3452 Nepotis
1946 3411 2051 3448 nostrl,
2068 3412 2102 3442 &
2117 3418 2187 3441 terra
2195 3411 2260 3454 sua,
2278 3412 2312 3442 δε
2355 3426 2438 3455 1209.

1261 3459 1393 3488 homines
1407 3480 1416 3495 ,
1441 3458 1474 3487 &
1491 3466 1547 3493 res,
1566 3456 1599 3486 ὃ(
1612 3453 1794 3493 posseffiones
1808 3454 1878 3490 suae,
1896 3460 1961 3489 quas
1974 3450 2058 3480 habet
2072 3458 2101 3478 m
2116 3448 2235 3488 Anglia,
2250 3448 2312 3480 sunt
2332 3459 2384 3482 An.
2404 3465 2445 3482 ιο,

1261 3498 1289 3526 in
1303 3495 1430 3527 custodia
1445 3496 1478 3525 &
1492 3494 1671 3532 protestione
1684 3492 1786 3523 nostra.
1964 3526 1969 3531 ι
1993 3525 1999 3530 .
2147 3526 2152 3530 ¹
2222 3525 2227 3531 ·
2332 3493 2395 3530 Joh.

1296 3534 1334 3565 Et
1354 3533 1419 3563 ideo
1440 3533 1522 3563 vobis
1535 3531 1699 3562 mandamus
1713 3532 1745 3561 &
1760 3529 1875 3558 firmiter
1887 3534 2064 3563 praecipimus
2078 3532 2206 3563 quatinus
2219 3525 2310 3563 ipsum
2331 3535 2389 3558 Par.
2412 3541 2453 3557 ιο,

1261 3574 1295 3603 &
1314 3573 1412 3602 omnia
1431 3571 1476 3601 sua
1495 3569 1672 3607 custodiatis,
1689 3566 1886 3598 manuteneatis
1900 3566 1933 3607 {Sc
1947 3562 2116 3607 defendatis,
2135 3563 2204 3606 sicut
2216 3563 2311 3594 nostra
2331 3569 2432 3607 Jobzm.

1261 3610 1420 3649 dominica3
1438 3611 1471 3641 ὃς
1486 3619 1546 3639 ηοη
1561 3608 1678 3643 faciam,
1693 3614 1739 3635 aut
1751 3604 1810 3634 fieri
1822 3610 1986 3640 permittatis
1998 3610 2023 3631 ei
2037 3623 2048 3640 ‚
2064 3609 2111 3631 aut
2124 3600 2176 3631 suls
2189 3601 2310 3640 aliquam
2332 3609 2378 3638 nis,
2389 3616 2424 3634 m.
2439 3614 2461 3632 ι4

1262 3649 1408 3687 injuriam,
1424 3656 1574 3693 gravamen
1588 3654 1634 3689 aut
1647 3642 1826 3687 molestiam..
2027 3677 2032 3683 .
2082 3678 2086 3683 .
2141 3678 2146 3683 Π
2267 3679 2271 3685 Ι

1299 3686 1355 3725 Et,
1372 3686 1393 3716 fi
1412 3696 1456 3724 ei,
1473 3694 1521 3716 aut
1541 3684 1592 3714 suis
1614 3692 1644 3713 m
1664 3682 1759 3719 aliquo
1773 3677 1949 3709 forisfactum
1963 3677 2062 3716 fuerit,
2079 3676 2109 3708 id
2122 3686 2161 3708 eis
2174 3677 2232 3709 fine
2244 3677 2313 3709 dila-

1262 3725 1343 3756 tione
1353 3725 1455 3755 facian's
1468 3721 1619 3753 emendari.
2042 3754 2047 3760 ⁸
2197 3755 2203 3761 .

1301 3762 1499 3794 Conceffimus
1517 3760 1601 3789 etiarn
1619 3756 1712 3788 eidem
1735 3753 1928 3793 Seneschallo‚
1949 3752 2028 3792 quod
2039 3752 2096 3792 ipse
2109 3753 2142 3784 fit
2155 3753 2313 3797 quietusqde

1264 3801 1367 3840 placitis
1381 3802 1416 3831 δε
1429 3798 1563 3837 querelis3
1578 3797 1611 3826 &
1646 3794 1704 3825 uod
1717 3794 1790 3832 ipse,
1807 3794 1841 3825 &
1858 3801 1929 3822 terra
1942 3793 2003 3830 sua,
2021 3793 2054 3823 &
2066 3792 2198 3823 homines
2209 3793 2248 3823 sui
2261 3796 2314 3823 lint

1264 3841 1351 3878 quieti
1371 3839 1407 3869 de
1427 3837 1510 3868 Scitis
1525 3859 1535 3872 ,
1559 3835 1592 3865 &
1641 3832 1787 3870 undredis,
1804 3832 1838 3862 &
1851 3830 1990 3874 deSeffis
2002 3829 2162 3874 Scirarum,
2180 3831 2214 3862 &
2227 3830 2313 3860 Hun-

1263 3877 1436 3914 dredorum,
1453 3872 1586 3913 quamdiu
1608 3871 1664 3909 ipse
1681 3870 1734 3901 fuit
1755 3872 1784 3901 in
1803 3870 1915 3901 servitio
1928 3867 2028 3900 nostro
2039 3878 2071 3900 in
2084 3868 2253 3900 Alemannis
2264 3876 2316 3907 per

1264 3923 1439 3954 praeceptum
1454 3911 1592 3943 nostrum.

1301 3991 1342 4021 T.
1359 3987 1490 4020 Galfrido
1504 3986 1577 4016 Filio
1589 3984 1667 4015 Petri
1677 3984 1751 4026 apud
1765 3983 1899 4016 London.
1917 3983 2053 4017 vicefimo
2066 3988 2166 4023 quarto
2177 3981 2223 4014 die
2231 3980 2314 4012 Mar-

1266 4030 1315 4067 tii,
1332 4027 1420 4059 Anno
1432 4025 1528 4064 Regni
1542 4022 1632 4057 nostri
1646 4023 1782 4056 Decimo.

1759 4106 1794 4140 G

2329 3655 2354 3673 n.
2370 3653 2396 3679 5.

2237 4102 2319 4138 &De
