2570 4261
33 203 112 235 Arm.
123 205 163 236 D.

58 245 139 284 1283,

33 284 102 310 ,ΕΑ-υ.
122 293 131 309 ι
140 303 146 310 .

35 594 111 624 Ann.
128 591 166 622 D.

58 633 140 668 1283.

33 674 86 698 Aa.
105 679 145 697 ΙΙ.

33 712 66 735 Ῑ,
90 718 112 734 ι,

33 749 92 774 Rot-

35 783 104 810 Wal.
126 793 166 810 tt.

34 825 64 847 E.
90 832 111 848 i.

34 868 70 886 m.
87 869 112 888 2.
130 860 154 888 d.

35 1817 139 1846 m.r.d.

33 2880 165 2916 ‘II.250.

36 3061 112 3091 Ann.
126 3061 166 3092 D.

64 3100 145 3139 1253.

34 3142 86 3166 Aa.
111 3149 119 3165 i
131 3149 151 3167 i.

36 3218 77 3240 Ex
94 3218 146 3241 Au-

34 3258 99 3287 ti'gr.

174 139 249 168 222

219 209 359 240 Edmundo
370 208 402 237 de
416 208 526 236 Mortuo
542 206 637 241 Mari,

217 247 349 278 Nicholao
364 250 465 274 Baron.
478 244 509 273 de
523 241 659 280 Staffbrd,

218 286 311 316 Andr.
327 286 358 313 de
373 281 492 321 Estleye,

218 326 318 353 Simoni
331 323 391 359 Bas
397 322 440 355 et,

221 360 336 399 Griffi'no
342 358 368 400 fi
380 369 403 388 m
417 359 572 394 PVenweir,

614 411 626 437 κ’
634 411 666 437 s(

761 206 842 234 Petro
856 201 968 241 Corbet,

763 240 890 280 Johanni
904 243 1066 279 Extranw,

764 280 878 310 Roberto
892 279 922 308 de
938 282 1048 308 Mortuo
1063 281 1162 317 Mari,

768 317 915 347 lVillielrno
930 317 952 346 le
961 316 1074 346 Botiller
1085 318 1117 346 de
1129 318 1240 347 Wi’mm.

730 387 735 394 ,
769 355 878 385 Falconi
885 355 948 396 filio
961 358 1078 386 Warini.

221 497 249 527 E
245 490 380 539 jufinodi
398 489 594 524 Mandatum
608 489 738 535 Majori
754 493 789 528 (ῤ’
810 488 934 523 Civibus
953 487 1206 532 Londonienfibus.

185 577 271 633 RE
280 575 311 607 X
331 575 456 613 Majori,
474 574 592 605 Civibus
605 575 638 606 &
652 573 877 605 Vicecomitibus
894 575 1029 606 London.

311 623 362 644 uot
380 613 510 645 fraudum
528 615 561 644 ὅ(
584 613 833 644 Machinationum
855 614 1001 653 generibus
1017 614 1110 652 lingua
1130 611 1250 642 Walen-

186 656 270 691 stum,
288 664 302 683 a
334 652 419 683 instar
431 651 576 692 vulpium,
594 652 785 690 progenitores
798 651 909 681 nostros
923 652 955 682 &
971 652 1105 691 Regnum
1120 651 1248 681 nostrum

185 692 311 724 invaserit
336 692 350 721 a
365 700 512 729 tempore,
527 700 586 727 quo
600 689 692 728 potest
707 689 832 719 hominis
846 691 985 721 memoria
997 690 1153 720 recordari:
1164 689 1250 727 Qiot

186 732 283 769 strages
291 716 461 774 Magnarum
469 752 478 768 ,
486 728 642 759 Nobilium
653 750 662 765 ,
676 728 710 758 &
722 728 839 758 aliorum
848 751 858 766 ,
875 737 932 758 tam
942 728 1133 766 Anglicorum
1141 750 1151 765 ,
1164 728 1250 765 quam

185 771 323 836 aliorum&
337 778 493 806 Juvenum,
511 775 593 806 atque
607 766 732 805 Senum,
750 766 810 797 &c.
826 774 858 795 ut
879 771 908 796 in
922 769 1010 797 Brevi
1023 766 1152 807 ficperiori
1170 765 1250 805 usque

185 811 241 841 haec
254 818 305 837 ver
325 819 352 836 a.

227 846 254 875 V
256 847 318 876 obis
332 844 496 875 mandamus
510 843 588 882 quod
603 843 689 879 duos,
705 842 740 872 de
756 842 965 887 sapientioribus
981 844 1014 873 &
1033 843 1184 883 aptioribus
1197 841 1251 871 Ci-

188 886 269 915 vibus
284 883 426 921 praedic‘lae
439 882 583 920 Civitatis,
602 883 665 921 eligi
677 880 804 925 faciatis,
822 883 856 913 ὃ(
877 892 924 912 eos
938 893 952 912 a
987 892 1036 911 nos
1051 890 1164 911 mittaris
1178 904 1188 918 ,
1212 881 1249 910 ita

186 923 263 963 quod
279 923 329 952 lint
346 923 380 952 ad
399 932 451 952 nos
466 945 476 960 ,
497 920 569 958 apud
589 920 732 958 salopiam
748 943 758 958 ,
784 921 812 949 in
833 919 966 950 Crastino
987 920 1082 951 Sancsti
1102 919 1251 950 Michaelis

182 963 319 1030 lproximo
334 961 429 1005 futuro
439 983 448 998 ,
464 958 610 990 nobiscum
625 959 703 1000 super
716 959 774 989 hoc
789 959 822 990 &
835 959 892 989 aliis
908 959 1048 998 locuturi·²
1065 959 1098 990 &
1112 958 1169 989 hoc
1186 957 1249 988 nul-

194 1009 286 1030 atentis
300 1008 443 1029 omittatis.

219 1076 307 1108 Teste
323 1076 407 1114 Rege
421 1075 493 1114 apud
509 1073 683 1106 Rozheland.
697 1074 744 1105 28.
761 1073 806 1105 die
816 1074 904 1114 Junii.

329 1152 443 1184 Eodem
460 1153 551 1183 modo
565 1151 730 1183 mandatum
746 1150 785 1181 est
798 1153 933 1183 omnibus
945 1150 1106 1189 subscriptis.

186 1232 293 1268 Maiori
308 1229 345 1265 &-
361 1229 472 1259 Civibus
488 1231 529 1259 W
528 1233 613 1258 inton.

187 1269 292 1307 Majori
314 1268 351 1303 (ἐν
376 1267 497 1297 ΒαΙΙὶτὶς
521 1271 549 1298 V
550 1267 604 1297 illae
627 1270 694 1298 novi

223 1307 396 1349 Castrifitper
409 1309 526 1345 Tynam,

188 1348 293 1385 Mas-'ori
306 1346 343 1382 &a
361 1346 472 1374 Civibux
488 1345 624 1384 Eborum,

187 1387 292 1421 Maiori
307 1384 344 1420 (ἕν’
360 1383 481 1412 Ballzvis
496 1381 612 1422 Bristoll.

185 1425 291 1461 Majori
305 1423 342 1457 (ὧν
359 1421 471 1451 Civibus
487 1424 577 1450 Exim.

186 1463 291 1499 Majori
305 1461 342 1497 ὠ·
357 1460 468 1490 Civibus
483 1459 606 1490 Lincoln.

184 1501 290 1535 Maiori
305 1500 342 1535 (ἔφ’
357 1499 467 1528 Civibus
481 1502 504 1527 C
503 1506 613 1528 antuar.

185 1538 291 1574 Ma‘jori
304 1538 341 1573 ὠ»
357 1538 469 1567 Civibus
482 1536 602 1567 Karleol.

185 1577 303 1606 Balhvis
318 1580 441 1607 Norwici
450 1599 459 1614 ‚

185 1618 290 1653 Majori
303 1614 340 1650 ὠ-
348 1615 439 1654 probis
451 1613 597 1644 hominibus
604 1616 694 1644 Nort-

220 1654 339 1684 hamton.

185 1693 306 1722 Ballivis
320 1691 505 1730 Notingham,

186 1731 305 1762 Ballivis
321 1732 352 1761 de
367 1730 546 1769 &ardel-urg,

733 1228 839 1266 Maiori
852 1226 890 1262 ὠ·
903 1227 1024 1258 Ballivis
1038 1228 1071 1257 de
1084 1225 1224 1267 Grimesby
1234 1249 1243 1265 ,

733 1267 840 1301 Maiori
852 1264 890 1301 ό
905 1266 1025 1296 Ballivis
1040 1267 1071 1295 de
1088 1268 1176 1295 Lenn.

733 1303 842 1334 Ballzvi
868 1305 900 1334 de
914 1304 1000 1334 Colece
1024 1316 1046 1334 r.

732 1343 854 1374 Ballivis
875 1341 914 1377 &
936 1352 983 1382 pro
1001 1347 1023 1372 is
1046 1341 1191 1372 hominibus
1209 1341 1241 1370 de

770 1385 933 1420 Gernemue,

732 1421 838 1458 Majori
860 1419 898 1454 όν
925 1420 1014 1459 probis
1037 1419 1183 1449 hominibus
1209 1419 1240 1448 de

767 1458 906 1498 Hcrrford.

733 1498 845 1576 Ἠ
860 1496 898 1532 &⁶
912 1497 1002 1535 probis
1022 1495 1171 1526 hominibus
1186 1497 1244 1534 §2

848 1559 858 1573 ἲ

733 1575 854 1604 Bullia-is
866 1571 904 1608 όν
916 1573 1006 1613 probis
1021 1573 1167 1604 hominihus
1180 1571 1242 1603 Sal-

732 1613 837 1690 Άίὲῖςνὶ
852 1649 889 1686 ό·
900 1641 989 1690 probis
1008 1650 1156 1681 hominibus
1179 1651 1243 1689 W]-

763 1701 839 1728 gorn.

225 1809 286 1839 Sub
300 1808 392 1839 forma
405 1807 541 1848 praedicta
562 1808 725 1838 mandatum
742 1806 783 1837 est
801 1805 932 1836 universis
947 1805 980 1836 &
999 1804 1107 1844 singulis
1119 1804 1245 1835 Viceco—

188 1849 301 1878 mitibus
314 1858 362 1885 per
381 1846 513 1886 Angliam
527 1871 536 1885 ,
560 1846 656 1885 quod,
674 1848 702 1876 in
724 1846 851 1884 quolibet
867 1843 1016 1874 Comitaru
1030 1867 1039 1880 ,
1062 1844 1125 1882 eligi
1144 1843 1246 1874 faciant

185 1887 257 1917 duos
267 1885 389 1922 Milites,
408 1886 443 1916 de
455 1884 658 1915 discretioribus
673 1886 705 1915 &
717 1884 870 1924 aptioribus
877 1882 1039 1913 Comitatus
1052 1882 1122 1912 illius
1137 1882 1172 1912 ad
1186 1881 1247 1911 Re-

185 1935 219 1994 *³3
223 1936 279 1993 ”1³³2
284 1924 533 1994 pssffiffffissfflff
534 1921 1018 1993 ‘sasslssieilinfi‘sssslissa‘i-{gaiissfflss
1019 1921 1159 1989 ἵῑὲἳέΐΐ
1160 1920 1247 1989 ‘322⁰‘

183 1975 253 2034 acum
270 1974 352 2042 {ege
364 2003 442 2040 super
455 2001 506 2031 hiis
518 2001 551 2031 ὃ(
568 1977 624 2031 aliis
636 2001 773 2032 locuturi:
793 1970 901 2030 Etphoc
914 1970 1067 2029 nuu’ateiius
1081 1968 1243 2029 emitiatisf

219 2078 307 2110 Teste
321 2087 350 2110 ut
365 2077 451 2116 supra.

223 2156 296 2186 Item
311 2178 320 2193 ‚
345 2153 405 2185 Sub
424 2154 522 2184 eadem
538 2154 631 2186 forma
645 2178 654 2193 ,
681 2154 844 2185 mandatum
865 2152 905 2183 est
923 2153 1057 2182 orn-nibus
1075 2150 1246 2190 subscriptis,

184 2192 518 2264 qliiiiqqgicrelttffissegem,
535 2194 568 2225 ad
583 2194 659 2226 diem
670 2192 854 2234 praedie‘tum,
873 2200 940 2222 cum
958 2190 1039 2231 Rege
1052 2190 1130 2230 super
1144 2190 1196 2220 hiis
1210 2191 1244 2221 &

222 2308 312 2339 Teste
327 2316 361 2339 ut
370 2308 456 2347 supra.

183 2385 316 2416 nithardo
329 2385 359 2415 de
373 2385 523 2422 Holebrok,

183 2424 385 2462 Constabulario
402 2428 441 2453 Ca
467 2427 490 2453 ri
504 2422 630 2464 Bristoll,

186 2465 228 2492 W
228 2462 332 2492 illielmo
346 2463 377 2492 de
390 2466 426 2492 Sa
447 2473 507 2502 am,

183 2501 322 2540 Radulpho
335 2501 538 2539 de.Sandwico,

185 2539 311 2577 Johanm·
325 2540 356 2569 de
371 2539 503 2579 Cobham,

183 2579 298 2608 Ricardo
313 2578 344 2607 de
358 2580 491 2618 Reygate,

184 2616 309 2655 Johanm'
324 2616 356 2645 de
370 2619 508 2654 Lunam,

186 2658 284 2691 Rogero
297 2655 427 2694 Luneday
435 2678 443 2691 ,

186 2693 322 2732 Radulpho
334 2693 364 2722 de
379 2693 537 2732 Hengham,

185 2734 217 2761 H
216 2735 303 2762 amoni
314 2734 452 2772 Hautejm
460 2754 469 2770 2

732 2385 842 2414 Thomae
857 2385 889 2414 de
905 2386 952 2414 We
969 2383 1048 2422 land,

731 2423 830 2460 Egidio
843 2423 875 2452 de
890 2426 945 2452 Ber
964 2421 1019 2461 ele,

731 2460 859 2501 Galfrido
873 2461 1026 2499 Aguillon,i

732 2499 833 2530 Altino
847 2501 879 2530 de
895 2498 1110 2538 Walkyngham‚

730 2538 840 2568 Thomae
854 2539 885 2568 de
898 2540 996 2568 Sandi‘o
1016 2540 1043 2567 V
1045 2540 1127 2574 igere,

731 2576 859 2614 Johanni
874 2577 948 2615 Bek,
981 2594 988 2602 -

730 2615 846 2644 Ricardo
860 2615 892 2644 de
908 2614 1034 2655 Boyland
1044 2639 1054 2652 ,

730 2654 863 2691 stephano
877 2653 907 2682 de
921 2651 1065 2691 Penecestr.

732 2691 863 2721 Nicholao
875 2691 906 2720 de
920 2690 1067 2730 Stapleton.

186 2871 212 2898 *θ
240 2874 326 2905 Bulla
349 2874 439 2920 sit'pcr
462 2876 588 2919 pecunia
613 2873 644 2903 in
660 2868 826 2916 fhhfidium
851 2869 946 2902 Tcrrae
963 2857 1070 2913 simsiae
1092 2867 1210 2900 collegia
1230 2894 1240 2910 ‚

237 2925 269 2953 in
283 2923 381 2966 [ἔκνιζε
404 2923 471 2954 locis
495 2921 615 2968 deposita
638 2947 647 2962 ,
688 2931 742 2965 per
766 2921 873 2964 Regem
897 2928 1037 2963 occupata
1053 2944 1063 2959 ‚
1101 2914 1242 2963 objurga-

240 2974 329 3003 toria.

187 3059 386 3121 MArtinus
406 3059 576 3099 Episcopus,
589 3058 680 3088 servus
701 3057 843 3088 servorum
865 3056 940 3098 Dei,
957 3054 1099 3086 cariffimo
1110 3055 1139 3084 in
1154 3053 1242 3084 Chri-

280 3101 325 3131 sto
339 3098 397 3129 filio
526 3097 602 3135 Regi
617 3096 727 3135 Angli-„e
743 3096 851 3134 illustri,
868 3095 983 3125 salutem
997 3095 1030 3125 &
1045 3093 1242 3134 Apostolicam

186 3139 424 3171 benedictionem.

224 3179 305 3209 Dum
327 3176 440 3216 Regalis
458 3174 611 3213 prudentiae
631 3172 794 3211 magnitudo
808 3195 817 3210 ,
849 3182 913 3212 quae
927 3195 937 3209 ,
969 3182 1029 3202 non
1051 3170 1107 3202 fine
1126 3169 1243 3201 laudum

187 3218 333 3255 praeconio
348 3239 358 3254 ,
385 3224 479 3245 rerum
499 3214 586 3243 exitus
609 3212 739 3249 metiens,
764 3213 793 3241 in
813 3211 864 3240 suis
883 3211 989 3242 actibus
1009 3219 1070 3240 non
1085 3209 1242 3240 inconsulte

187 3256 338 3293 procedere
359 3252 518 3290 consuevit,
536 3249 639 3280 nostrae
656 3249 764 3279 dudum
781 3249 1006 3280 considerationis
1027 3249 1130 3278 intuitu
1147 3247 1243 3277 lustra-

189 3295 285 3332 batur,
303 3294 371 3324 dum
391 3292 507 3322 summae
526 3288 685 3319 devotionis
706 3288 797 3324 zelus,
817 3298 874 3325 quo
887 3297 950 3328 erga
964 3287 1129 3317 Romanam
1143 3285 1244 3316 Eccle-

186 3332 252 3362 siam
270 3341 386 3362 matrem
399 3339 476 3360 tuam
489 3328 580 3366 Regia
594 3327 699 3365 semper
715 3325 860 3356 Celsitudo
874 3325 1165 3363 resplenduit,mentis
1179 3334 1245 3364 pro-

185 3371 252 3409 priae
274 3370 425 3401 subiciebat
445 3367 582 3404 aspeffist,
600 3366 701 3403 digne,
719 3365 815 3402 utique
837 3364 1026 3403 sperabamus,
1043 3363 1130 3394 nostri
1145 3364 1245 3403 persto-

186 3409 222 3437 ris
244 3409 359 3439 archivo
372 3406 517 3438 recondita
531 3404 610 3434 firma
623 3403 767 3433 credulitas
784 3404 980 3442 permanebat,
998 3411 1028 3433 ut
1043 3402 1080 3432 sic
1094 3401 1243 3440 prudenter

188 3453 235 3475 tua
252 3447 378 3476 limitares
398 3455 500 3483 opera,
519 3443 556 3473 sic
580 3451 695 3472 tuorum
717 3441 893 3479 processuum
910 3441 997 3472 studia
1012 3439 1129 3471 discrete
1140 3440 1243 3479 dirige-

188 3493 247 3520 res,
266 3484 302 3514 lic
323 3485 454 3521 sapienter
472 3481 614 3513 incederes
636 3482 665 3510 in
688 3480 820 3510 omnibus
834 3481 886 3509 viis
900 3481 970 3518 tuis,
987 3488 1016 3509 ut
1030 3479 1130 3509 nullius
1143 3478 1243 3509 exinde

187 3523 350 3551 turbationis
366 3523 507 3552 materiam
520 3519 613 3550 eidem
625 3518 758 3548 Ecclesiae
773 3519 948 3557 contingeret
964 3518 1080 3549 exoriri:
1101 3526 1131 3548 ut
1149 3526 1244 3555 repre-

187 3559 324 3589 hensionis
343 3560 485 3597 cuiussibet
507 3559 597 3590 vitatis
617 3557 717 3587 aculeis
739 3556 811 3593 apud
836 3555 922 3595 Regis
945 3557 1045 3587 aeterni
1065 3555 1170 3594 filium,
1193 3565 1243 3594 per

188 3606 274 3665 gpem
293 3606 402 3636 regnas,
420 3599 582 3628 meritorum
604 3595 722 3626 cumulo
744 3594 891 3624 reddereris
910 3597 1070 3633 acceptior3
1087 3604 1171 3634 penes
1191 3603 1244 3623 nos

247 3636 406 3672 praeditiam
430 3635 601 3673 Ecclesiam,
617 3644 681 3671 quae
696 3642 723 3662 te
737 3634 807 3670 gerit
819 3634 848 3662 in
863 3633 1010 3663 visceribus
1023 3633 1143 3663 caritatis
1156 3633 1244 3670 magis

189 3682 223 3703 ac
245 3674 330 3710 magis
349 3673 476 3712 gratiosus
488 3682 663 3710 occurreres,
682 3672 714 3702 ὃς
730 3671 803 3709 apud
815 3673 941 3710 gentium
957 3672 1075 3712 populos
1089 3671 1174 3702 famae
1189 3663 1245 3700 cla-

189 3712 269 3741 ritate
282 3711 448 3747 splendidior
460 3711 605 3741 habereris.

228 3748 300 3785 Sed,
317 3749 336 3778 si
349 3759 411 3779 vera
426 3749 502 3779 fateri
517 3750 612 3787 liceat,
630 3749 650 3779 sl
662 3748 701 3778 fas
714 3748 745 3777 lit
757 3748 875 3786 exprimi
890 3749 1051 3786 veritatem,
1072 3755 1104 3778 tu
1116 3744 1243 3786 pridem,

189 3786 308 3825 indignis
329 3788 369 3816 tui
390 3787 480 3815 cordis
499 3787 644 3817 affeetibus
659 3788 744 3816 nimis
759 3786 871 3823 favens,
888 3787 921 3816 &
937 3787 1088 3817 voluntatis
1099 3784 1243 3814 arbitrium

188 3826 280 3854 minus
303 3824 420 3861 provide
433 3824 577 3860 praeferens
592 3825 696 3862 judicio
712 3825 840 3860 rationis,
859 3824 943 3854 laudis
957 3824 1058 3863 Regiae
1074 3823 1175 3859 titulis,
1193 3832 1244 3851 cu-

187 3863 217 3892 rci
237 3863 288 3892 tibi
309 3862 385 3901 vigili
403 3862 610 3902 conservandis,
627 3862 865 3900 quamplurimum
886 3862 1048 3902 derogasti,
1074 3871 1135 3891 non
1154 3868 1244 3890 atten-

187 3901 254 3930 dens
276 3909 367 3937 neque
387 3899 558 3929 conliderans
577 3910 660 3939 quam
681 3900 799 3932 crudelis
811 3900 873 3931 fore
885 3900 1052 3940 dinoscitur,
1069 3901 1118 3940 qui
1131 3898 1244 3937 negligit

187 3939 344 3974 dampnum
357 3938 448 3968 famae.

224 3975 329 4012 Nuper
350 3976 470 4012 etenim,
491 3984 550 4003 non
574 3974 678 4017 solum,
697 3976 842 4015 divulgatis
862 3977 879 4006 ὲ
893 3977 1052 4018 longinquo
1071 3973 1245 4011 rumoribus,

187 4014 231 4045 sed
254 4015 339 4045 etiarn
360 4013 506 4048 assertione
525 4011 664 4050 veridica,
682 4014 811 4045 mirantes
822 4015 998 4054 accepimus,
1015 4016 1049 4047 &
1062 4013 1245 4044 intelleximus

1215 4056 1228 4068 Ο

609 115 1408 166 CONVENTIONES,

1465 117 1866 169 LiTERAE,

1275 204 1449 243 perturbati,
1466 203 1562 243 quod,
1582 205 1710 236 laudabili
1729 204 1921 242 temperanti-ae
1942 201 2044 241 Regiae
2065 211 2146 234 more
2163 200 2337 241 postpolito,
2355 199 2432 230 Ann.
2448 196 2491 231 D,

1278 242 1429 273 extendens
1449 242 1485 272 ad
1501 243 1594 274 illicita
1604 253 1702 288 manus
1713 251 1797 289 tuas*
1807 243 1958 286 pecuniam
1970 242 2091 271 decimae
2105 243 2135 272 in
2149 241 2255 280 Regno
2268 250 2319 271 tuo
2327 261 2340 278 ‚
2375 239 2460 279 1283.

1278 290 1327 320 per
1342 281 1510 320 Lugdunen.
1535 280 1661 312 Concilii
1675 281 1881 321 provrdentiam
1895 280 1995 311 Terrae
2008 279 2110 310 san&ae
2122 282 2264 311 concessae
2274 279 2338 310 sub·
2353 278 2419 306 Edv.
2439 287 2462 306 i.

1281 319 1366 357 sidio,
1382 329 1446 358 quae
1467 329 1516 358 per
1535 319 1718 358 collectores,
1733 322 1748 350 a
1770 319 1832 350 sede
1854 318 2019 358 Apostolica
2037 318 2199 357 deputatos,
2217 319 2246 348 in
2260 317 2340 349 sacris

1282 357 1399 398 tutisque
1411 358 1481 388 locis
1494 357 1618 395 deposita
1631 359 1680 389 sub
1694 358 1748 388 fida
1760 358 1875 397 jugique
1889 356 2015 388 custodia
2026 355 2197 395 servabatur,
2222 356 2258 387 de
2273 355 2344 386 locis

1284 396 1348 433 ipsis
1361 396 1450 436 sigillis
1464 395 1582 434 serisque
1595 397 1731 427 violenter
1744 396 1885 433 effractis,
1901 396 2000 434 quibus
2011 395 2072 425 loca
2084 395 2182 427 eadem
2194 395 2343 425 firmaban-

1285 443 1346 471 tur,
1365 443 1445 464 motu
1465 435 1599 473 proprio,
1617 445 1654 465 ne
1673 435 1799 465 dicamus
1820 435 1983 472 temeratio,
2001 434 2129 471 pecuniae
2149 433 2271 472 praefatae
2292 443 2345 464 cu-

1287 471 1414 503 stodibus
1432 473 1612 503 renitentibus
1635 473 1668 504 δε
1687 474 1793 512 invitis,
1809 473 1929 503 totaliter
1940 472 2067 503 amoveri
2079 472 2113 502 δε
2126 473 2161 502 ad
2175 480 2284 503 certum
2299 472 2344 502 lo-

1288 520 1372 547 cum,
1391 521 1444 550 pro
1458 519 1515 541 tuae
1526 511 1607 541 libito
1619 512 1852 549 voluntatis,non
1866 511 1965 551 absque
1978 520 2078 549 magna
2089 510 2195 540 divinae
2210 509 2344 550 Majesta-

1286 550 1321 579 tis
1333 549 1452 592 offensa,
1469 550 1618 587 multoque
1631 550 1716 580 didiae
1731 549 1797 580 sedis
1809 558 1996 588 contemptu,
2012 558 2046 579 ac
2058 548 2179 587 ejusdem
2191 557 2272 580 terrae
2283 558 2346 589 gra-

1287 589 1316 617 vi
1329 587 1489 626 dispendio,
1505 588 1632 628 asportari
1645 586 1743 618 fecisti.

1326 626 1382 656 Sed
1406 627 1544 664 numquid
1563 626 1620 657 hoc
1635 649 1645 665 ,
1668 626 1811 666 praedidiae
1824 625 1893 656 sedis
1911 635 1971 656 non
1994 625 2194 657 interveniente
2213 626 2326 657 licentia

1290 663 1391 704 Regiae
1420 664 1611 704 Magnitudini
1640 665 1716 695 licuit
1732 665 1744 695 ?
1778 663 1933 704 Numquid
1953 664 2012 702 ejus
2029 664 2123 696 decuit
2142 648 2346 696 honestatem}

1288 703 1443 744 Numquid
1464 703 1603 742 expedivit
1621 702 1742 742 honori,
1760 712 1929 742 quamquam
1948 702 1977 732 id
1991 704 2177 740 quarumdam
2193 702 2346 734 excusatio-

1290 751 1360 772 num
1370 767 1379 780 ,
1395 742 1451 772 sive
1466 744 1605 772 rationum
1621 743 1775 780 velamine,
1792 751 1857 779 quas
1871 742 1900 770 in
1914 741 1980 779 tuis,
1995 741 2072 779 super
2087 743 2145 772 hoc
2161 743 2242 772 nobis
2253 742 2348 772 direc-

1290 781 1323 810 tis
1358 781 1491 821 expressas
1504 781 1615 819 litteris,
1632 791 1691 811 non
1707 781 1849 810 immerito
1865 780 1976 810 frivolas
1990 781 2058 810 recti
2067 780 2163 818 judicii
2176 781 2289 811 censura
2299 781 2343 812 di-

1283 803 1409 858 judicat,
1431 819 1539 850 duxeris
1557 818 1744 857 palliandum?
1779 817 1915 848 Profecto
1933 818 1976 857 agi
1997 819 2103 849 cautius
2120 819 2303 859 contigisset,
2322 820 2349 850 st

1287 866 1343 887 tuae
1364 857 1623 896 circumspeffionis
1644 856 1777 888 industria
1795 856 1902 894 prorsus
1915 866 1931 887 a
1944 855 2042 887 talibus
2054 857 2243 897 abstinuisset,
2259 859 2279 889 si
2294 867 2343 898 per

1288 904 1314 926 te
1334 895 1367 926 ad
1383 907 1414 927 ea
1434 895 1575 934 processus
1586 896 1694 926 habitus
1706 905 1766 925 non
1777 894 1877 925 fuiffet.

1325 935 1408 965 Nam
1429 935 1506 973 quod
1525 934 1687 973 exemplum
1706 934 1741 964 ad
1753 942 1869 964 caeteros
1884 932 1977 972 Reges
1989 934 2141 965 catholicos
2153 943 2184 965 tu
2193 958 2202 973 ,
2219 935 2284 965 Rex
2296 946 2349 967 ca-

1286 974 1424 1011 tholicus,
1443 975 1475 1005 ὃς
1496 973 1532 1004 de
1551 973 1696 1004 catholico
1709 980 1884 1013 procreatuS,
1901 972 1930 1001 in
1943 971 1990 1001 tali
2002 981 2079 1012 putas
2090 973 2202 1003 afflone
2217 975 2344 1005 transmi-

1286 1011 1371 1042 seris?
1408 1013 1505 1052 Qam
1525 1011 1661 1057 grandem
1678 1020 1812 1050 quoque,
1837 1019 1923 1050 quam
1943 1009 2061 1041 uberem
2075 1034 2085 1049 ,
2110 1012 2198 1041 credis
2218 1013 2246 1043 in
2266 1013 2346 1053 hoc,

1286 1059 1385 1082 contra
1398 1059 1426 1082 te
1441 1059 1584 1082 materiam
1598 1049 1707 1081 aemulis
1717 1049 1824 1080 dederis
1838 1047 2032 1086 obloquendi?
2069 1049 2153 1088 Quot
2165 1050 2198 1080 &
2212 1060 2342 1090 quantas,

1285 1091 1315 1120 in
1336 1091 1374 1120 tui
1397 1090 1610 1129 derogationem
1625 1089 1768 1126 nominis,
1783 1087 1887 1127 linguas
1900 1086 2025 1116 acueris?
2063 1087 2249 1126 Qantumve
2264 1090 2342 1120 scan-

1284 1129 1339 1159 dali
1363 1129 1396 1159 &
1409 1129 1571 1159 turbationis
1585 1128 1708 1158 intuleris
1719 1126 1842 1157 fidelium
1857 1125 2003 1163 cordibus,
2021 1125 2054 1155 ad
2066 1126 2259 1157 liberationem
2273 1128 2343 1168 aspi-

1284 1168 1404 1198 rantium
1426 1167 1511 1198 dietae
1530 1175 1628 1204 terrae,
1645 1166 1714 1196 dum
1731 1164 1824 1196 fideles
1841 1164 1889 1202 ipsi
1904 1172 1948 1202 te,
1967 1163 2015 1201 qui
2027 1164 2135 1195 dudum
2148 1174 2201 1204 pro
2216 1175 2265 1204 ea,
2281 1175 2343 1196 non

1285 1215 1400 1245 parcens
1424 1205 1576 1245 sumptibus
1589 1205 1718 1235 laborum
1727 1227 1737 1243 ‚
1755 1213 1842 1234 onera
1853 1212 1914 1232 non
1926 1202 2096 1242 abhorrens,
2111 1203 2256 1234 exercuisti
2270 1204 2343 1235 solli-

1283 1246 1354 1275 citus
1366 1243 1477 1275 athletae
1489 1244 1567 1274 fortis
1579 1242 1726 1281 officium,
1744 1243 1792 1280 qui
1803 1251 1882 1272 tuam
1894 1241 1964 1271 inibi
1978 1242 2151 1279 praesentiam
2164 1242 2323 1280 impendisti
2332 1266 2344 1282 ‚

1283 1284 1338 1319 eius
1352 1283 1557 1323 praegravibus,
1573 1282 1673 1321 quibus
1687 1281 1870 1312 indesinenter
1884 1279 2030 1319 affligitur,
2044 1280 2202 1318 compassus
2215 1281 2344 1321 angustiis

1283 1322 1316 1352 &
1333 1322 1475 1360 pressuris,
1493 1322 1557 1352 talia
1572 1320 1705 1360 peregisse
1717 1319 1914 1359 conspiciunt,
1932 1318 1996 1349 talia
2006 1319 2174 1356 perpetrasse
2189 1320 2343 1351 mirantur?

1283 1360 1322 1391 At
1337 1360 1458 1391 utinam!
1475 1359 1592 1391 sensibus
1606 1359 1702 1399 Regiis
1713 1368 1832 1396 eorum,
1850 1366 1972 1396 quorum
1987 1358 2105 1388 consilio
2122 1360 2222 1396 uteris,
2237 1358 2344 1389 studio-

1282 1398 1307 1429 sa
1327 1399 1432 1430 solertia
1452 1397 1682 1435 demonstrfisset,
1703 1405 1819 1436 quantus
1836 1405 1929 1433 error,
1947 1405 1985 1434 qu
2052 1406 2087 1426 ue
2108 1399 2197 1434 gravis
2216 1406 2249 1427 ex
2269 1407 2342 1436 prae-

1281 1437 1366 1468 missis
1382 1438 1495 1468 infamia
1509 1437 1583 1477 quasi
1598 1435 1751 1467 necessario
1763 1435 1947 1472 sequebantur
1967 1444 1973 1463 :
2046 1445 2086 1465 on
2100 1436 2177 1466 enim
2197 1436 2274 1466 venit
2288 1446 2343 1466 no-

1280 1477 1322 1506 bis
1343 1478 1372 1506 in
1393 1476 1513 1507 dubium
1536 1475 1631 1515 quod,
1647 1474 1667 1505 si
1688 1473 1845 1511 hujusmodi
1861 1480 1918 1515 tam
1933 1472 2038 1503 illicitae
2052 1472 2243 1512 asportationis
2255 1473 2342 1505 effec-

1281 1524 1344 1546 tum
1365 1514 1494 1546 discretio
1516 1514 1607 1554 Regia
1621 1512 1777 1552 diligentius
1788 1510 1961 1550 attendiffet‚
1980 1511 2015 1542 ad
2029 1521 2093 1542 eam
2107 1522 2167 1543 non
2182 1513 2344 1544 extendisses

1282 1554 1416 1584 ullatenus
1429 1553 1592 1584 desiderium
1607 1552 1708 1582 mentis
1722 1559 1787 1582 tuae.

1320 1592 1400 1623 Cum
1415 1593 1497 1632 igitur
1508 1591 1543 1623 ad
1555 1590 1732 1622 liberandum
1743 1589 1779 1620 de
1791 1588 1879 1620 hostis
1894 1589 2024 1619 immanis
2038 1589 2166 1620 manibus
2181 1597 2283 1622 terram
2297 1591 2343 1631 ip-

1283 1631 1340 1661 sam
1360 1631 1468 1661 fervens
1483 1630 1577 1662 nostra
1589 1629 1639 1660 diri
1659 1637 1719 1660 atur
1731 1629 1868 1666 intentio,
1887 1628 1920 1659 &
1936 1636 2080 1668 propterea
2092 1628 2165 1659 illius
2177 1639 2238 1660 non
2251 1629 2343 1660 minui

1280 1669 1327 1700 sed
1341 1671 1434 1707 potius
1446 1669 1618 1708 augmentari
1642 1667 1779 1698 ubfidium
1792 1668 1952 1705 cupiamus:
1977 1676 2031 1698 nec
2044 1667 2179 1705 velimus,
2195 1668 2275 1698 sicuti
2288 1677 2345 1699 nec

1281 1708 1432 1748 debemus,
1450 1717 1558 1739 tantum
1579 1706 1701 1745 ejuffiem
1719 1715 1800 1737 terrae
1818 1704 2013 1744 praejudicium
2032 1702 2228 1744 ae'quanimiter
2242 1706 2344 1738 tolera-

1283 1757 1331 1785 re,
1349 1747 1531 1778 Serenitatem
1550 1746 1579 1776 R
1616 1746 1670 1776 iam
1684 1754 1852 1783 monemus,
1869 1753 2014 1784 rogamtis,
2031 1745 2065 1775 &
2080 1744 2227 1776 hortamur
2239 1752 2343 1776 attente

1284 1787 1414 1824 quatinus
1429 1786 1529 1824 (sedula
1542 1795 1589 1815 me
1610 1785 1724 1815 itatione
1740 1784 1894 1823 recogitans
1908 1791 2045 1821 quantum
2060 1783 2089 1813 in
2103 1783 2157 1814 hac
2169 1791 2247 1821 parte
2259 1792 2342 1814 tuum

1284 1824 1434 1855 offenderis
1453 1833 1628 1860 creatorem,
1647 1823 1667 1842 ³¹²
1690 1824 1768 1860 cujus
1788 1823 1817 1852 in
1837 1821 1894 1852 hoc
1918 1822 2068 1859 negotium
2083 1822 2188 1860 aginir,
2204 1830 2343 1862 quantum

1285 1862 1450 1901 praedictam
1469 1862 1637 1903 perturbaris
1653 1860 1805 1892 Eccleliam
1839 1858 2014 1900 quantumve
2025 1859 2122 1890 laeseris
2134 1860 2238 1890 famam
2252 1861 2343 1899 ruam)

1286 1904 1436 1940 pecuniam
1457 1902 1542 1942 ipsam
1561 1902 1590 1931 in
1611 1901 1681 1931 locis
1714 1900 1750 1931 de
1763 1884 1864 1938 quibus
1875 1899 1982 1938 extitit,
1998 1899 2118 1936 imperio
2133 1906 2190 1929 tuae
2199 1898 2345 1938 jussionis,

1287 1949 1427 1980 ammota,
1442 1940 1538 1978 facias,
1555 1939 1658 1970 sublata
1694 1938 1838 1969 ifficultate
1850 1938 1990 1978 qualibet,
2010 1936 2230 1968 excusationibus
2242 1937 2287 1968 seu
2301 1948 2345 1969 ra-

1285 1980 1410 2010 tionibus
1430 1989 1491 2011 non
1510 1978 1685 2010 obstantibus
1703 1977 1863 2015 supradietis
1885 1977 1962 2015 (quas
1977 1976 2099 2006 omnino
2110 1975 2222 2006 frivolas
2236 1985 2347 2017 reputa-

1286 2019 1358 2054 mus)
1381 2028 1449 2049 cum
1472 2018 1628 2058 integritate
1648 2016 1753 2047 restitui
1772 2016 1818 2046 seu
1832 2017 1947 2055 reponi3
1965 2015 2075 2046 ulterius
2089 2015 2103 2045 a
2115 2014 2248 2045 similibus
2260 2015 2347 2046 absti-

1287 2057 1398 2095 nendo,
1416 2066 1449 2087 ac
1471 2057 1555 2087 etiam
1577 2054 1796 2092 Ecclesiasticas,
1814 2054 1922 2085 &alias
1932 2053 2120 2093 quascumque
2133 2053 2276 2093 personas,
2294 2064 2345 2092 pe-

1287 2105 1336 2126 nes
1359 2106 1425 2133 quas
1441 2094 1517 2125 dicta
1568 2095 1651 2124 cunia
1664 2093 1705 2123 est
1719 2093 1858 2132 deposita,
1877 2093 1920 2123 vel
1937 2101 2000 2123 eam
2013 2091 2118 2129 deponi
2129 2093 2280 2132 contigerit
2294 2102 2344 2130 per

1288 2134 1486 2173 Apostolicam
1500 2133 1526 2163 se
1546 2143 1592 2163 em
1601 2142 1669 2170 ,pro
1683 2140 1764 2162 terrae
1778 2139 1944 2162 memoratae
1955 2130 2115 2161 commodis
2126 2129 2345 2170 disponendam,

1286 2183 1334 2214 per
1356 2181 1396 2210 te,
1416 2172 1462 2203 vel
1476 2172 1579 2209 alium,
1598 2171 1643 2201 seu
1655 2170 1721 2200 alios
1732 2170 1812 2200 nullis
1825 2168 1990 2209 impetendo
2005 2168 2152 2206 molestiis,
2171 2168 2252 2199 nullis
2264 2178 2347 2199 vexa-

1285 2212 1408 2242 tionibus
1430 2209 1643 2248 perturband03
1674 2209 1750 2238 illam
1771 2210 1800 2238 in
1821 2208 1879 2238 hoc
1898 2205 2055 2238 efficaciam
2077 2207 2111 2238 &
2131 2207 2347 2238 sollicitudinem

1286 2251 1326 2280 im
1364 2249 1472 2286 nsurus,
1489 2258 1520 2280 ut
1540 2249 1643 2279 debitae
1664 2246 1845 2277 restitutionis
1866 2246 1988 2277 celeritas
2007 2245 2197 2284 asportationis
2213 2246 2347 2276 indebitze

1285 2300 1319 2319 au
1332 2299 1381 2318 um
1397 2288 1530 2326 redimat,
1547 2288 1580 2318 &
1595 2286 1662 2317 sedis
1674 2286 1795 2326 praefatae
1808 2286 1909 2324 gratia,
1929 2293 2013 2322 quarn
2028 2285 2145 2315 libenter
2160 2283 2194 2314 ad
2207 2283 2279 2315 filios
2295 2285 2346 2316 de·-

1287 2337 1371 2358 votos
1390 2326 1581 2363 extendimus,
1601 2326 1675 2355 circa
1692 2333 1719 2355 te
1734 2334 1792 2354 non
1805 2325 1947 2353 immerito
1962 2331 2100 2361 augeatur.

1324 2365 1394 2395 Nec
1415 2365 1498 2394 latere
1519 2373 1547 2394 te
1565 2364 1697 2394 volumus
1715 2362 1811 2400 quod,
1829 2370 2088 2400 quantumcumque
2106 2361 2252 2400 personam
2267 2369 2345 2391 tuam

1285 2405 1394 2435 sinceris
1414 2401 1561 2433 affectibus
1581 2405 1793 2441 prosequamur,
1812 2400 1961 2440 Regioque
1982 2400 2098 2430 libenter
2117 2398 2272 2430 deferamus
2293 2400 2349 2430 ho-

1285 2444 1363 2480 nori,
1379 2451 1554 2480 nequaquam
1574 2442 1629 2479 pati
1682 2441 1795 2470 terimus
1810 2440 1890 2477 (cum
1902 2448 1963 2469 non
1976 2438 2007 2468 sit
2019 2438 2201 2469 deferendum
2218 2438 2348 2477 homini,

1284 2481 1428 2520 plusquam
1450 2480 1530 2517 Deo)
1545 2481 1613 2520 quin
1644 2488 1711 2516 uper
1729 2478 1804 2516 hoc,
1820 2478 1839 2510 si
1857 2486 1928 2517 opus
1946 2477 2065 2508 extiterit
2071 2476 2166 2515 ,aliud
2184 2476 2342 2508 remedium

1285 2529 1466 2562 apponamus.

1286 2641 1310 2672 st
1323 2602 1392 2647 Dat.
1412 2602 1485 2642 apud
1504 2601 1624 2646 Urbem
1643 2601 1777 2633 Veterem
1793 2601 1875 2632 tertio
1892 2600 2076 2640 Non.Julii,
2092 2599 2279 2632 Pontificatfis
2292 2610 2349 2631 no-

1312 2652 1333 2671 ri
1352 2651 1429 2672 anno
1448 2649 1539 2672 tertio.

1920 2713 1974 2744 Sub
1983 2713 2037 2755 filo
2055 2715 2179 2745 canabeo.

1285 2857 1375 2891 Bulla
1404 2859 1474 2904 Regi
1485 2883 1495 2899 ,
1522 2854 1729 2888 exhortatoria
1753 2851 1833 2900 quod
1858 2851 2042 2901 discordiam
2053 2879 2062 2894 ‚
2088 2856 2166 2884 inter
2181 2851 2346 2897 Alfonfiaem

1331 2904 1454 2949 castella
1471 2907 1578 2951 Regem
1590 2931 1600 2946 ,
1625 2907 1661 2942 ό*
1677 2904 1832 2936 Σαηῖἰίιυη
1848 2901 2013 2948 caeterosque
2019 2901 2100 2947 filios
2107 2901 2179 2946 sitos
2193 2910 2344 2943 exortam,

1325 2966 1382 3001 pro
1400 2951 1518 2987 viribus
1533 2964 1701 2999 componere
1719 2959 1887 2984 conaretur.

1284 3051 1362 3114 M
1380 3090 1424 3121 sto
1440 3090 1498 3120 filio

1285 3141 1350 3162 cam
1363 3128 1602 3161 benedictionem.

2361 1827 2493 1865 *112512

1370 3051 1483 3082 Artinus
1503 3049 1657 3091 Episcopus
1688 3047 1780 3078 servus
1799 3047 1941 3078 servorum
1955 3045 2032 3083 Dei,
2049 3044 2202 3076 Carissimo
2214 3045 2243 3075 in
2258 3043 2344 3088 Chri-
2359 3036 2435 3069 Ann-
2450 3036 2496 3068 D.·

1656 3073 1732 3127 Regi
1754 3086 1866 3126 Angliae
1886 3084 1998 3123 illustri,
2016 3083 2128 3115 salutem
2147 3084 2181 3115 sc
2196 3082 2342 3122 Apostoll·
2378 3076 2462 3117 1283.

2357 3119 2408 3142 An.
2431 3125 2473 3142 it.

1322 3167 1489 3206 Insurgentis
1500 3166 1624 3196 fiemitus
1637 3163 1822 3202 tempestatis,
1833 3172 1896 3204 quae
1911 3161 2042 3193 Castellae
2055 3171 2088 3192 ac
2104 3160 2253 3199 Legionis,
2266 3159 2342 3190 Tol-
2356 3156 2385 3181 13.
2407 3163 2430 3180 ¹·

1285 3209 1360 3246 letti,
1378 3205 1529 3242 Galleciae,
1548 3203 1669 3241 Siciliae,
1687 3202 1861 3240 Cordubiae‚
1880 3200 2003 3232 Murciae
2017 3208 2098 3238 atque
2114 3198 2248 3229 Gehenni
2262 3197 2341 3238 Reg-
2356 3196 2396 3219 Ex
2410 3193 2468 3218 ΛΜ·

1287 3258 1323 3277 na
1343 3245 1471 3276 concutit
1504 3244 1616 3273 fratrem
1636 3242 1665 3271 in
1687 3241 1800 3271 fratrem
1817 3248 1970 3278 provocat.
1987 3238 2057 3268 filios
2074 3245 2161 3268 armat
2174 3238 2204 3267 in
2217 3244 2344 3275 patrem,
2357 3238 2422 3267 ¹⁰87·

1286 3285 1408 3316 subditos
1426 3284 1455 3312 in
1478 3266 1642 3312 bominum
1659 3281 1756 3318 erigit,
1775 3279 1892 3310 vastitati
1910 3272 1986 3308 bona
1993 3275 2099 3319 ,stragi
2113 3285 2250 3313 corpora,
2267 3276 2301 3307 &
2315 3286 2344 3305 a-

1288 3325 1376 3354 nimas
1395 3320 1486 3359 (quod
1504 3319 1621 3349 amaricis
1639 3318 1825 3355 deploramus)
1838 3315 1982 3357 dispendio
1994 3315 2083 3346 {alutis
2097 3315 2226 3352 exponit,
2246 3316 2275 3344 in
2290 3324 2346 3344 no-

1288 3362 1373 3392 stram
1393 3359 1521 3391 notitiam
1540 3356 1709 3387 diversarum
1729 3357 1878 3387 litteraium
1891 3356 1925 3386 &
1938 3354 2023 3385 famae
2036 3353 2151 3392 praeviae
2165 3353 2346 3383 nunciatione

1287 3399 1439 3437 deductus,
1457 3397 1506 3427 ubi
1525 3397 1649 3433 primum
1671 3396 1781 3426 auribus
1800 3394 1901 3425 nostris
1919 3392 2059 3429 insonuit,
2076 3392 2223 3421 horrorem
2235 3389 2343 3430 ingeffit

1285 3439 1407 3476 auditui,
1426 3444 1571 3476 paternum
1586 3435 1747 3464 amaricavit
1758 3434 1888 3464 animum
1897 3455 1908 3470 ,
1924 3432 1957 3463 &
1971 3432 2002 3461 in
2014 3439 2050 3461 eo
2062 3429 2161 3461 multae
2175 3427 2345 3468 compassio-

1287 3479 1329 3508 nis
1343 3477 1467 3514 spiritum
1480 3474 1618 3503 excitavit.
2274 3505 2280 3511 ι

1327 3516 1402 3554 Qis
1421 3514 1515 3550 enim,
1532 3511 1632 3550 absque
1652 3512 1866 3549 amaricatione,
1884 3507 2022 3539 recenseat
2034 3507 2114 3551 ,inter
2135 3505 2211 3537 tanta
2231 3504 2280 3536 fibi
2293 3512 2343 3533 ne-

1291 3554 1414 3585 cessitate
1429 3549 1597 3587 coniundtos
1610 3550 1666 3587 jura
1677 3549 1811 3589 sanguinis
1822 3548 1939 3579 violari?
1979 3546 2054 3584 Qus
2065 3546 2162 3575 animo
2177 3553 2238 3588 non
2249 3550 2345 3586 amaro

1287 3591 1441 3623 confideret
1459 3588 1546 3626 filios,
1562 3597 1625 3618 ante
1643 3587 1736 3626 diem,
1754 3598 1814 3618 non
1835 3596 1894 3617 tarn
1916 3587 1947 3616 in
1968 3584 2071 3622 patrios
2085 3592 2174 3621 annos
2187 3589 2345 3619 inquirere,

1287 3631 1373 3668 quam
1394 3629 1479 3658 finem
1500 3626 1612 3656 illorum
1633 3627 1731 3665 iniquis
1747 3625 1914 3666 aggressibus
1927 3621 2080 3654 maturare?
2118 3621 2247 3657 Patrem,
2261 3627 2344 3648 com-

1288 3676 1400 3699 motum
1414 3667 1498 3697 etiam
1512 3664 1595 3694 filialis
1609 3665 1806 3701 persecutionis
1821 3662 1937 3702 injurii,
1954 3663 1984 3691 in
1998 3668 2078 3691 natos
2089 3669 2167 3689 arma
2200 3665 2293 3699 erere,
2307 3664 2342 3685 ac

1288 3708 1317 3737 in
1338 3715 1386 3736 eos
1407 3704 1491 3743 cogi,
1505 3702 1597 3733 saltem
1612 3713 1659 3740 per
1672 3703 1839 3733 defensionis
1851 3700 2026 3737 remedium,
2043 3697 2174 3742 desaevire
2225 3693 2302 3739 Qis
2317 3703 2345 3723 a-

1289 3745 1365 3774 mare
1386 3752 1446 3772 non
1465 3742 1531 3771 ferat
1545 3750 1691 3779 germanos
1705 3742 1776 3772 odiis
1789 3742 1815 3771 se
1829 3742 1965 3777 impetere
1978 3736 2146 3779 mutuisk&
2159 3741 2282 3775 maxime
2296 3732 2346 3774 be-

1288 3781 1455 3813 neficiorum
1469 3779 1625 3810 liberalitate
1642 3789 1820 3818 praeventum
1834 3779 1864 3809 in
1879 3776 2090 3818 benefactorem
2103 3770 2259 3814 insurgere?
2274 3770 2346 3813 illius

1289 3830 1350 3850 non
1371 3818 1460 3848 solum
1483 3818 1733 3856 liumilitatinnem,
1751 3818 1794 3848 scd
1810 3818 1877 3847 licut
1893 3816 1946 3845 fert
1959 3814 2049 3853 gravis
2062 3814 2193 3846 iniamia,
2210 3808 2348 3853 deice-”tio-

1288 3867 1356 3888 nem
1378 3865 1532 3886 extremam
1553 3867 1697 3896 quaerere,
1723 3856 1874 3896 apertisque
1895 3853 2041 3895 conatibus
2060 3847 2234 3891 procurare?
2273 3848 2348 3885 Qus

1288 3905 1348 3927 non
1370 3895 1466 3924 horret
1486 3894 1661 3926 subditorum
1683 3895 1844 3927 audaciam..
1862 3891 1998 3922 fidelitatis
2009 3888 2115 3917 foedere
2129 3886 2252 3924 violato,
2269 3896 2349 3917 erec-

1255 3967 1258 3970 *
1289 3934 1387 3964 tamin
1404 3932 1552 3970 Domino,
1571 3934 1604 3964 ὃ(
1620 3934 1653 3964 ad
1669 3933 1876 3963 subversionem
1893 3927 2002 3967 Regalis
2015 3925 2072 3955 solii
2087 3923 2220 3961 aspirare?

1328 3971 1425 4002 Habet
1447 3973 1524 4002 enim
1543 3972 1706 4003 communis
1725 3971 1808 4000 famae
1829 3967 1924 3998 relatio
1959 3963 2036 4002 quod
2052 3962 2146 3992 dilecti
2161 3961 2207 3992 filii
2241 3961 2352 3992 nobiles

1289 4011 1359 4049 viri,
1375 4009 1519 4050 Sanctius,
1538 4010 1635 4051 aliique
1657 4008 1787 4040 carissimi
1807 4008 1836 4036 in
1854 3988 1970 4035 Christo
1983 4001 2030 4032 filii
2043 4000 2134 4032 nostri
2148 4000 2183 4032 A.
2197 3985 2354 4069 liegikseffg-

2346 4059 2358 4075 2
