2570 4261
283 95 360 132 162

134 172 209 203 Anii.
223 171 265 202 D.

162 219 245 248 1250.
284 231 286 233 »

132 254 195 279 Hm·
217 258 241 285 3·
285 264 444 296 Rclrixatio
462 260 608 305 antcntiae
629 260 959 291 Excommunicationis
971 257 1060 302 faflae
1082 266 1184 288 contra
1208 259 1342 290 Priorem

435 312 470 346 (ff
494 311 677 340 Couvemum
692 318 744 352 per
763 305 1022 352 Archiepiftopum
1038 308 1187 338 Canmar.

284 392 506 453 INnocentius
520 391 690 431 Episcopus,
704 391 793 422 servus
808 392 951 421 servorum
967 391 1043 427 Dei,
1060 389 1166 432 dileffis
1179 388 1238 418 filiis

322 431 357 460 de
371 430 477 460 Sancto
491 430 605 460 Albano
619 431 653 460 &
763 429 798 461 de
818 431 861 459 W
863 430 967 459 altharn
987 428 1142 457 Abbatibus
1156 428 1189 457 ὃς
1288 425 1344 455 Ar-

282 468 454 498 chidiacono
474 468 568 498 Sanffi
584 468 707 504 Albani,
723 467 857 499 Lincoln.
875 470 907 498 &
924 467 1104 496 Londonien.
1125 465 1214 495 Dioc.
1228 463 1343 494 salutem

280 507 314 536 δε
330 506 522 546 Apostolicam
537 506 774 537 benedierionem.
1187 541 1192 546 .
1231 541 1235 546 .

317 544 362 574 Ex
375 554 453 581 parte
465 545 633 575 dileetorum
650 545 773 574 filiorum
878 543 980 573 Prioris
1093 542 1251 584 Supprioris
1319 578 1325 584 ·

279 582 409 614 Sacn‘stae
494 583 628 614 Celerarii
710 585 743 613 &
817 582 1003 612 Praecentoris
1017 580 1151 610 Eccleliae
1165 579 1266 609 sanct-<e
1273 578 1342 608 Tri-

277 622 368 652 nitatis
382 622 564 652 Londonien.
580 621 698 651 Ordinis
716 621 812 651 Sanc‘ti
832 619 981 659 Augustini
997 642 1006 657 ,
1030 620 1083 648 fuit
1104 618 1278 657 propolitum
1291 626 1343 646 co—

275 669 335 689 ram
351 661 435 690 nobis

315 699 406 738 Qod
428 684 496 729 c⁷um
516 697 678 728 venerabilis
698 698 780 728 frater
801 696 896 727 noster
1000 695 1205 725 Cantuariensis
1224 693 1342 724 Archie-

274 736 405 776 piscopus
419 736 453 767 ad
467 736 589 773 ipsorum
605 735 761 766 Ecclesiam
777 758 786 773 ,
807 733 978 771 impensurus
993 735 1020 763 in
1033 733 1087 772 ipsa
1100 734 1262 775 visitationis
1275 731 1341 762 offi-

275 777 354 805 cium
364 799 372 813 ,
391 774 562 812 accessisset,
580 776 641 812 quia
653 773 823 804 Conventus
836 773 959 809 ejusdem
980 782 1045 802 eum
1059 773 1093 803 ad
1109 770 1340 814 vilitandum'ad-

274 815 402 852 mittere,
421 814 543 852 ubique,
559 815 668 843 ratione
681 814 856 850 visitationis,
874 813 1102 850 procurationem
1121 811 1210 840 renuit
1225 809 1339 839 exhibe-

274 862 322 890 re,
339 851 482 883 afferendo
495 851 523 881 se
537 852 569 882 ὅ(
586 850 742 882 Ecclcliam
756 851 840 890 iplaiii
855 851 892 880 ab
905 851 962 887 ejus
982 849 1172 887 jurisdidtione
1190 848 1293 879 liberos
1305 848 1338 878 ὃς

273 892 433 929 immunes,
1191 925 1198 929 ⁴

315 929 421 961 Dictus
441 928 673 967 Archiepiscopus
685 952 695 967 ,
720 929 751 958 in
770 928 898 968 personas
918 937 1035 965 eorum,
1052 927 1094 969 ob
1113 924 1271 963 hujuimodi
1291 924 1340 955 de-

275 968 377 998 liCmm
390 966 560 998 Conventus
579 967 720 1006 ejusdem,
738 967 1039 997 excommunicationis
1057 966 1218 996 sententiam
1239 964 1338 1007 aueto—

268 1008 355 1038 -ritate
371 1005 487 1045 propria⁴
497 1007 688 1047 promulgavit
702 1018 712 1044 3
737 1015 822 1044 quarn
841 1006 964 1036 nuntiari
976 1004 1081 1035 nullam
1094 1003 1236 1034 humiliter
1252 1011 1339 1041 petie-

273 1054 351 1075 runt:

309 1083 357 1114 Ad
370 1085 446 1121 quod
458 1085 516 1122 jam
530 1084 620 1114 diffluis
635 1083 885 1122 Archiepiscopus,
901 1091 934 1112 ex
946 1081 1075 1118 adverso,
1091 1080 1232 1120 respondit
1244 1079 1339 1120 quod,

275 1132 334 1152 non
350 1124 390 1153 ob
406 1122 592 1160 Conventus,
611 1123 654 1153 sed
677 1122 799 1160 ipsorum
818 1122 954 1152 delictum
964 1144 972 1159 ,
989 1121 1107 1150 candem
1122 1120 1155 1150 in
1169 1129 1218 1149 eos
1229 1119 1338 1149 senten-

274 1162 341 1192 tiam
357 1161 563 1200 promulgarat,

124 1201 175 1229 ⁸1.
188 1210 256 1237 459.
270 1215 279 1231 t
311 1200 330 1220 ²¹¹²
348 1200 458 1231 Auditis
472 1202 564 1238 itaque
576 1210 608 1230 ac
625 1199 732 1236 plenius
749 1199 894 1229 intelleffls
906 1208 968 1238 quae
984 1198 1087 1228 fuerint
1106 1196 1246 1235 proposita
1265 1196 1334 1226 hinc

273 1239 307 1270 &
321 1239 406 1277 inde,
423 1238 457 1268 de
472 1238 586 1269 fratrum
601 1237 762 1268 nostrorum
775 1238 908 1272 consilio,
928 1236 1143 1274 pronunciando
1158 1234 1334 1265 decrevimus

271 1276 434 1316 praedictam
450 1277 628 1313 sententiam,
651 1286 783 1315 quatenus
800 1278 827 1305 in
848 1277 973 1313 pei-ionas
988 1285 1090 1305 eorum
1104 1297 1113 1313 ,
1137 1282 1250 1314 propter
1264 1273 1334 1317 deli-

271 1316 351 1346 Ctum
367 1317 519 1346 memorati
533 1315 722 1353 Conventus,
741 1316 864 1345 noscitur
878 1315 1051 1353 promulgata
1064 1336 1074 1351 ,
1100 1313 1204 1356 nullam
1224 1321 1333 1350 penitus

271 1354 404 1385 extitisse:
426 1354 551 1393 ipsosque
563 1365 610 1392 per
625 1363 686 1384 eain
701 1354 794 1393 aliquo
810 1353 928 1383 vinculo
948 1363 1008 1383 non
1023 1361 1127 1390 teneri,
1144 1361 1197 1382 nec
1214 1361 1263 1389 per
1281 1351 1331 1381 de-

269 1394 476 1424 nuntiationem
488 1393 568 1430 ipsius
587 1392 726 1423 notandos
738 1392 793 1422 esse
805 1392 990 1430 aliquatenus,
1009 1391 1053 1420 vel
1069 1390 1205 1420 vitandos.

311 1431 400 1469 Super
415 1442 451 1462 eo
469 1433 539 1462 vero
552 1432 629 1472 quod
647 1431 722 1469 idem
741 1432 875 1471 proponit
895 1429 1127 1470 Archiepiscopus
1140 1452 1149 1465 ,
1173 1429 1198 1458 se
1217 1429 1247 1457 in
1267 1437 1331 1466 eos,

268 1479 383 1507 propter
397 1470 531 1501 delidtum
545 1470 669 1508 ipsorum
682 1493 690 1507 ,
713 1470 819 1501 dietam
840 1469 1006 1500 sententiam
1027 1466 1172 1506 protulisse
1187 1490 1196 1504 ,
1222 1466 1331 1508 ipsum,

267 1509 339 1539 sicut
353 1508 389 1539 de
404 1509 462 1546 jure
474 1509 571 1547 fuerit,
591 1508 741 1539 audiemus.

304 1545 428 1585 Ideoque
452 1547 610 1577 discretioni
634 1546 732 1578 vcstrae
758 1557 805 1588 per
832 1545 998 1585 Apostolica
1023 1544 1121 1583 scripta
1148 1543 1332 1582 mandamus,

266 1585 401 1624 quatenus
416 1585 560 1623 praediChe
573 1586 714 1616 sententiat
727 1586 965 1622 denimtiationes,
980 1594 1060 1624 qua5‚
1078 1592 1107 1614 ut
1121 1583 1240 1621 dicitur,
1257 1592 1329 1613 con—

267 1632 309 1655 tra
324 1625 454 1662 praefatos
463 1623 588 1654 Priorem
603 1626 635 1655 ὃς
650 1625 716 1654 alios
730 1624 787 1654 fieri
801 1624 869 1654 fecit
881 1622 1116 1661 Archiepiscopus
1127 1621 1312 1660 supradietis,

305 1663 452 1702 Quatenus
465 1664 493 1692 in
510 1663 635 1700 personas
650 1673 751 1693 eorum
765 1664 806 1694 ob
818 1662 954 1693 delinitum
968 1659 1140 1692 Conventus
1152 1659 1194 1691 est
1209 1660 1330 1700 prolata,

266 1701 371 1732 faciatis
385 1702 508 1732 omnino
521 1701 636 1732 ceffare:
1322 1734 1324 1737 ι

302 1739 539 1809 s(Iondti·adi6toi·es
549 1740 717 1771 auctoritate
730 1739 824 1771 nostra
833 1764 843 1778 ,
859 1739 1041 1780 appellatione
1055 1736 1227 1778 postposita,
1246 1746 1330 1768 com—

285 1788 300 1809 e
312 1789 364 1809 cen
385 1789 413 1809 o.

264 1789 283 1821 p
342 1818 401 1849 uod
415 1841 424 1856 ‚
450 1818 468 1848 fi
489 1828 547 1848 non
563 1827 663 1848 omnes
680 1817 731 1848 hiis
749 1816 914 1856 exequendis
932 1816 1078 1856 potueritis
1096 1813 1224 1847 interesse
1237 1837 1248 1854 ‚
1271 1813 1330 1846 duo

266 1856 392 1888 vestrum
407 1867 438 1887 ea
453 1857 652 1887 nichilominus
667 1865 846 1895 exequantur.

132 407 184 429 An.
202 411 246 439 34.

131 445 164 467 H.
187 450 211 476 3.

130 481 171 504 Ex
189 481 246 504 An-

130 522 193 551 την,

285 1932 370 2004 ἑξεῖ.
396 1933 527 1975 Lugdun.
553 1935 653 1974 quinto
674 1934 716 1965 ld.
744 1933 880 1964 Ostobris
893 1956 903 1972 ‚
933 1930 1121 1963 Pontificatus
1145 1929 1236 1962 nostri
1254 1940 1330 1961 anno

262 1983 284 2004 ,ο
331 1982 378 2003 νο.

1007 2039 1098 2078 sigillo
1112 2038 1215 2080 avulsi).

472 2181 561 2213 Bulla
577 2180 613 2212 de
634 2179 972 2225 relaxationefintentiae
981 2178 1132 2225 praedifrae.

118 2265 193 2296 Ann-
211 2267 251 2298 D.
270 2267 491 2330 INnocentius
502 2265 671 2304 Episcopus,
691 2265 781 2296 servus
794 2265 938 2295 servorum
953 2263 1028 2301 Dei,
1045 2263 1152 2295 dilectis
1165 2264 1226 2295 filiis

139 2315 222 2344 1250.
312 2307 400 2337 Priori
530 2306 588 2345 Sup
610 2306 675 2335 riori
778 2302 906 2335 Sici-istae
1011 2303 1199 2334 Celeraiio&
1256 2302 1331 2333 Prae-

115 2348 166 2371 Ari.
189 2356 234 2382 34.
269 2347 377 2376 centori
392 2343 523 2375 Ecclesiae
538 2315 638 2373 sangine
653 2343 798 2373 Trinitatis
812 2341 947 2372 London.
960 2341 1076 2372 Ordinis
1088 2342 1183 2372 Sanffl
1196 2341 1331 2382 Augusti-

116 2388 149 2411 H.
167 2393 190 2420 3.
266 2385 295 2413 ni
304 2407 314 2422 ‚
330 2384 441 2415 salutem
457 2385 490 2413 ὅ(
505 2381 698 2420 Apostolicam
713 2381 954 2412 benedictionem.

114 2426 154 2448 Ex
169 2426 227 2449 Au-
306 2422 348 2452 Ex
361 2431 437 2462 parte
452 2421 542 2451 vestra
554 2421 605 2452 fuit
620 2420 792 2460 propolituni
808 2429 903 2450 coram
919 2418 1001 2449 nobis
1020 2418 1115 2458 quod,
1133 2428 1200 2450 cum
1215 2429 1330 2450 venera-

112 2466 176 2496 rogr.
263 2461 325 2491 bilis
346 2461 427 2492 frater
449 2460 543 2491 noster
627 2458 832 2489 Caiituaricnsis
854 2457 1090 2495 Archiepiscopus
1110 2457 1143 2487 ad
1171 2456 1326 2488 Eccleliam

263 2499 402 2538 vestram,
421 2506 482 2534 <syc
499 2505 530 2527 ut
546 2501 574 2527 in
591 2497 676 2527 Bulla
720 2498 818 2526 aediela
833 2496 912 2536 usqtaee
927 2498 966 2525 ad
978 2496 1033 2524 har
1050 2496 1154 2533 verba,
1173 2499 1234 2526 viz.

302 2539 347 2569 Ut
361 2547 453 2570 autem
468 2537 545 2575 super
566 2538 664 2574 praemi
689 2547 711 2567 is
733 2543 849 2574 nequeat
869 2537 896 2565 in
919 2534 1062 2573 posterum
1080 2535 1170 2572 aliqua
1190 2535 1328 2566 dubitatio

266 2577 379 2607 suboriri
396 2600 406 2616 ‚
429 2577 574 2614 praesentes
594 2575 692 2605 litteras
712 2575 793 2605 vobis
812 2575 842 2603 in
862 2572 1056 2604 testimonium
1075 2573 1204 2604 duximus
1225 2583 1330 2605 conce-

264 2616 376 2646 dendas.

302 2692 370 2723 Dat.
387 2691 519 2731 Lugdun.
540 2690 638 2731 quinto
656 2690 696 2721 Id.
721 2689 846 2720 Otffobr.
870 2687 1056 2719 Fontine-iius
1075 2687 1163 2718 nostri
1183 2699 1257 2720 anno
1275 2699 1328 2720 oc-

264 2740 341 2763 tavo.

678 2796 802 2828 Plumbeo
816 2796 905 2834 Sigix'lv
915 2797 1047 2834 pendente
1060 2807 1078 2826 a
1090 2795 1137 2837 filo
1151 2795 1276 2827 canabeo.

263 2938 376 2968 Forma
388 2941 470 2982 pacis
482 2963 490 2976 ,
515 2935 655 2968 ordinata
672 2939 749 2967 inter
775 2938 863 2968 Cives
884 2934 1064 2979 Burdqssaliae
1083 2938 1155 2981 qui,
1181 2934 1217 2967 cle
1237 2947 1326 2966 man-

309 2983 378 3016 dato
394 2988 521 3017 Simonis
539 2984 575 3016 de
594 2985 796 3028 Allante-stara
807 3010 816 3025 ‚
842 2988 920 3015 vices
940 2987 1025 3029 Regis
1046 2984 1161 3029 Angli-z
1172 2988 1322 3029 gerentis,

306 3043 396 3064 extra
416 3036 580 3065 Civitatem»
599 3031 778 3077 lim-dqgiilic
798 3043 881 3064 cmm!
898 3045 907 3069 ,·
938 3035 973 3069 J
994 3031 1138 3077 quosdam
1154 3033 1244 3074 alios,
1270 3036 1324 3079 qui

309 3085 341 3113 in
359 3080 461 3114 endem
482 3084 612 3113 civitate
631 3078 838 3114 morabamur.

116 3165 192 3199 Ann.
205 3165 247 3197 D.
303 3166 337 3198 N
355 3167 473 3197 nomine
491 3165 614 3195 Domini
629 3165 796 3204 nostriJehu
811 3165 936 3203 Christi,
953 3166 1057 3196 Amen.

137 3213 221 3243 1250.
333 3205 407 3236 Haec
422 3205 463 3235 est
477 3204 566 3235 forma
581 3204 671 3241 pacis,
687 3204 721 3234 de
736 3205 879 3235 bonorum
895 3215 927 3235 ac
942 3204 1104 3243 sapientium
1116 3205 1244 3234 virorum
1255 3214 1326 3234 con-

115 3246 165 3271 An-
206 3255 217 3280 3
222 3253 250 3279 5·
268 3245 328 3274 silio
342 3245 469 3275 ordinata
483 3245 554 3272 inter
570 3241 656 3272 Cives
670 3241 851 3281 Burdegaliae,
871 3245 920 3281 qui
941 3244 975 3273 de
996 3243 1128 3274 mandato
1142 3242 1267 3273 Domini
1283 3242 1327 3272 Si-

117 3285 150 3309 H.
171 3291 195 3317 3-
270 3285 362 3313 monis
383 3284 419 3313 de
435 3281 603 3313 Monteforti
617 3303 626 3318 ,
650 3280 774 3310 Comitis
790 3281 959 3322 Leycestria:
971 3306 980 3319 ,
1004 3283 1079 3311 vices
1094 3281 1219 3311 Domini
1239 3280 1328 3319 Regis

117 3322 147 3346 l·-
172 3323 200 3346 1³-
225 3321 253 3358 f·
270 3321 379 3360 Angliae
392 3323 421 3351 iii
436 3320 575 3351 vasconia
586 3320 719 3358 gerentis,
737 3328 814 3350 extra
824 3321 978 3351 Civitatem
989 3319 1164 3357 Burdegaliae
1177 3328 1273 3358 erant,
1293 3320 1326 3351 &

119 3358 181 3392 236·
191 3368 217 3384 a.
268 3361 401 3399 quostiam
416 3360 482 3390 alios
492 3360 540 3397 qui
555 3358 583 3387 in
600 3358 696 3388 eadem
712 3357 838 3388 Civitate
853 3368 1007 3388 morantur.

116 3400 185 3432 penes
200 3399 252 3424 Ca·
308 3398 339 3428 In
356 3409 382 3435 pi
390 3399 451 3428 imis
464 3399 500 3428 itti
514 3396 555 3427 est
570 3397 749 3433 ordinatum,
763 3397 840 3434 quod
853 3407 952 3427 omnes
965 3395 1150 3434 quaestiones,
1164 3397 1327 3435 petitiones,

119 3441 211 3460 ”rvr-17·
271 3436 303 3466 &
318 3438 461 3474 aestiones,
477 3436 625 3466 occasione
638 3435 838 3479 cujuscumque
859 3435 1003 3465 discordia:
1018 3459 1027 3471 ,
1051 3443 1155 3465 exortae
1173 3435 1247 3465 inter
1264 3444 1326 3474 par-

119 3474 232 3498 Scaccar.
269 3482 308 3504 tes
327 3475 512 3513 quascumque
529 3497 539 3512 ,
571 3484 634 3511 quie
656 3473 789 3503 hactenus
811 3484 840 3503 in
860 3472 984 3504 Civitaie
1009 3473 1178 3512 Burdegaliae
1196 3474 1326 3513 fuerunt,

120 3512 182 3536 ΡΜ.
193 3518 236 3547 25-
271 3512 338 3543 hinc
355 3514 418 3543 inde
432 3514 539 3551 penitus
553 3513 744 3542 remittantur:

121 3550 157 3612 Ξ·
180 3557 205 3612 ξ
309 3549 493 3581 instrumenta
513 3551 713 3580 nichilominus
727 3552 826 3581 omnia
839 3573 849 3588 ,
877 3550 955 3590 super
975 3550 1329 3618 CO¹1ventmlnel'qu{icu'tn-

151 3606 159 3614 .
197 3595 224 3624 3-
1092 3599 1128 3617 ve
1152 3598 1214 3626 au,
1254 3598 1327 3626 eip-

275 3598 346 3630 que,
364 3591 426 3626 paci
440 3589 596 3626 contrarii,
614 3588 760 3626 confecta,
780 3589 913 3619 Domino
932 3588 1043 3618 Comiti

1074 3626 1186 3663 omini,
1211 3625 1328 3656 reddan-

275 3628 327 3656 iius
341 3628 470 3657 mandato
487 3651 495 3665 ,
520 3629 588 3657 intra
603 3626 704 3657 instans
726 3627 838 3657 Festum
860 3626 1025 3667 Epir-'nanim

273 3672 334 3700 tur,
354 3674 398 3694 aut
411 3675 504 3695 coram
519 3667 652 3703 aliquibus
666 3665 719 3695 fide
735 3666 842 3705 dignis,
860 3677 875 3696 a
890 3667 968 3696 dieto
989 3666 1120 3695 Domino
1141 3664 1274 3702 Comite‚
1293 3666 1326 3696 δε

273 3712 290 3732 a
306 3701 419 3739 Majore
435 3704 466 3732 δε
478 3703 576 3739 Juratis
590 3703 759 3742 Burdegaliae
774 3704 883 3741 electis,
902 3704 1012 3742 penitus
1027 3703 1208 3733 destruantur.

314 3739 524 3770 Conventiones
537 3764 545 3778 ,
569 3744 628 3777 paci
650 3743 796 3772 contrari-ie
811 3765 819 3779 ,
843 3742 911 3772 hinc
932 3742 996 3772 inde
1013 3742 1115 3772 habitae
1128 3740 1330 3778 dissolvantur,

277 3778 310 3808 &
321 3778 474 3816 juramenta
485 3788 685 3817 quaecumque,
701 3780 778 3817 super
792 3781 848 3810 hoc
864 3780 951 3818 t‘ac‘ta,
969 3789 1071 3810 mutuo
1083 3779 1250 3818 quittentur:
1271 3777 1329 3808 Sal-

277 3817 319 3846 vis
331 3824 425 3846 tamen
438 3816 469 3845 &
486 3818 605 3853 exceptis
616 3818 774 3854 juramentis
784 3841 794 3856 ,
817 3819 894 3848 sactis
909 3820 940 3848 ὃ(
957 3818 1089 3848 faciendis
1103 3817 1237 3846 Domino
1250 3815 1329 3852 Regi

280 3854 406 3893 Angliae,
421 3853 466 3883 vel
480 3855 536 3891 ejus
547 3855 642 3885 locum
663 3856 805 3894 Tenenti,
823 3858 856 3886 &
872 3856 995 3894 Majori,
1012 3857 1044 3887 ὃς
1060 3855 1245 3886 Communiae
1260 3854 1330 3886 Bur-

279 3892 408 3929 deaaliae,
426 3891 502 3921 salvis
518 3893 600 3921 etiam
612 3895 788 3932 juramentis,
805 3895 841 3924 de
853 3894 957 3924 assensu
974 3895 1055 3934 ipsius
1068 3893 1192 3924 Domini
1206 3892 1331 3924 Comitis

278 3926 373 3969 factis,
386 3930 431 3962 seu
448 3931 476 3959 in
490 3929 630 3968 posterum
643 3932 780 3962 faciendis.

314 3969 421 4007 Porro,
436 3977 489 4007 pro
502 3968 580 3997 bono
594 3971 682 4007 pacis,
700 3971 733 4000 ὅ(
746 3979 777 4001 ut
788 3971 880 4002 omnis
893 3971 964 4002 mala
977 3970 1062 4002 ccffet
1072 3971 1198 4010 suspitio,
1213 3970 1250 4001 de
1262 3979 1328 4008 pru-

755 82 1528 134 CONVENTIONES‚
1583 81 1970 131 LITERAE,

1379 168 1507 198 dentium
1528 167 1647 205 consilio
1669 167 1711 198 est
1730 167 1876 208 provisum
1916 167 1975 198 uod
1995 168 2118 206 omnes,
2143 166 2178 199 &
2196 167 2295 208 finguli
2307 191 2318 208 ‚
2342 169 2391 209 qui
2409 168 2447 201 de
2459 164 2570 203 Anu-E

1379 206 1514 236 mandato
1531 206 1654 236 Domini
1669 206 1791 237 Comitis
1804 214 1880 237 extra
1894 177 2048 237 Civitatem
2063 205 2126 237 sunt
2140 229 2151 245 ,
2173 206 2208 237 &
2222 206 2290 238 huic
2306 209 2370 248 paci
2388 208 2444 239 ob·
2478 213 2570 246 1250.-

1381 244 1520 275 servandae
1535 245 1555 263 *²
1569 244 1596 274 se
1613 244 1768 284 astringunt
1783 268 1793 284 ,
1815 245 1849 275 ad
1870 246 2064 284 purgationem
2086 246 2259 276 innocentiae
2273 245 2344 285 suae,
2362 246 2442 285 ssiper
2456 248 2520 272 Hen.
2537 252 2570 283 35,

1383 283 1478 312 Altare
1491 292 1523 312 ac
1542 282 1635 313 saneta
1644 282 1703 314 Dei
1712 283 1879 322 Evangelia,
1896 284 1926 313 in
1940 283 2085 321 praesentia
2098 285 2224 322 corporis
2233 283 2357 324 Christi,
2373 286 2444 323 jura,-
2457 283 2474 300 *
2485 284 2510 311 I.
2523 283 2570 320 46:

1381 321 1453 351 bunt
1463 321 1540 358 quod
1555 330 1680 363 mortem
1695 322 1846 352 willielmi
1864 321 2053 352 Goudomerii
2071 321 2194 352 Senioris
2205 345 2215 361 ,
2242 323 2276 353 &
2289 322 2441 355 Willielmi

1381 359 1574 389 Goudomerii
1594 359 1643 389 filii
1657 361 1697 390 lui
1710 383 1720 398 ,
1743 370 1801 390 non
1822 359 2019 392 consuluerunt
2032 385 2043 398 ,
2068 371 2122 392 nec
2138 362 2168 392 in
2186 371 2251 392 eam
2265 361 2442 400 conspirave-

1381 406 1445 428 runt
1455 420 1464 435 ,
1479 407 1534 427 nec
1546 396 1582 427 de
1594 407 1687 428 morte
1703 409 1803 428 eorum
1817 398 1880 429 sunt
1893 399 1942 429 rei.

1412 435 1506 479 ,Plane
1520 444 1551 466 ut
1585 445 1617 465 ax
1630 437 1729 467 melius
1742 437 1922 476 observetur,
1939 436 1981 467 est
1995 437 2084 468 taliter
2096 437 2261 469 ordinatum
2276 463 2286 477 ,
2313 438 2392 477 quod
2406 437 2443 470 de

1381 473 1446 511 illis,
1467 475 1514 511 qui
1535 485 1551 504 a
1591 474 1635 505 illa
1650 474 1823 512 Burdegaliae
1837 498 1846 513 ,
1871 475 1907 506 de
1926 475 2058 506 mandato
2076 475 2200 506 Domini
2219 476 2361 515 Comitis,
2381 477 2444 511 sunt

1380 513 1496 549 exclusi,
1516 512 1600 551 aliqui
1615 513 1644 542 in
1659 513 1816 543 Civitatem
1829 514 1915 543 libere
1930 523 2118 545 revertantur:
2139 514 2193 544 Hii
2207 523 2302 546 tamen
2316 516 2443 555 dabunt,

1381 560 1433 589 pro
1447 560 1515 589 pace
1530 551 1678 589 servanda,
1693 551 1826 582 Domino
1848 551 1960 583 Comiti
1975 553 2096 592 ydoneas
2110 554 2266 591 cautiones,
2283 562 2382 594 utpote
2400 556 2444 584 in·
2541 559 2551 573 “

1380 589 1533 620 strumenta
1547 589 1593 619 vel
1606 589 1706 620 litteras
1715 591 1794 628 juxta
1806 592 1944 629 formam,
1963 601 2048 629 quam
2070 590 2217 621 Dominus
2233 591 2342 623 Comes
2353 593 2442 624 duxe-

1380 628 1413 656 rit
1428 627 1631 664 ordinandam,-
1652 629 1697 658 alii
1710 638 1779 659 vero
1791 629 1859 660 datis
1874 629 2030 667 obsidibus,
2050 629 2206 660 Civitatem
2220 630 2372 662 intrabunt.

1416 664 1468 704 Et,
1493 675 1524 696 ut
1539 666 1612 696 nulla
1630 667 1742 697 occasio
1758 667 1881 698 violandi
1895 690 1905 705 ,
1927 667 1972 699 vel
1986 668 2155 708 infringendi
2170 678 2274 706 pacem
2295 669 2377 700 alicui
2391 679 2441 707 pa-

1380 711 1453 742 teat,
1472 704 1571 744 reliqui
1585 712 1661 735 extra
1668 704 1824 736 Civitatem
1836 706 2008 745 manebunt·²
2026 708 2092 746 ubi,
2111 707 2144 738 ὃς
2160 707 2293 745 quamdiu
2306 706 2442 740 Domino

1380 741 1492 772 Comiti
1508 744 1656 783 placuerit,
1674 746 1819 775 moraturi.

1418 781 1491 811 Item
1505 781 1546 811 est
1559 782 1701 820 provisum
1718 783 1813 822 quod,
1831 783 1851 814 si
1865 784 1926 821 quis
1945 791 2043 814 contra
2064 783 2229 815 Dominum
2245 783 2377 824 Regem,
2395 784 2441 816 vel

1378 820 1459 857 ipsius
1477 820 1575 850 locum
1589 820 1754 851 Tenentern
1768 844 1778 860 ,
1801 823 1848 852 seu
1862 829 1961 853 contra
1974 822 2118 861 Maiorem
2132 845 2142 861 ,
2165 823 2198 854 &
2209 822 2322 862 Juratos
2331 845 2344 862 ,
2366 824 2439 855 infra

1380 858 1485 888 Villam
1505 858 1675 898 Burdegaliae
1699 859 1871 890 insurrexerit
1894 861 2002 891 armatis
2026 862 2060 892 ali
2084 861 2161 892 uibus
2187 864 2384 902 congregatis,
2407 863 2442 894 &

1380 897 1438 928 hoc
1461 898 1609 936 probatum
1631 898 1714 928 fuerit
1736 897 1882 929 manifeste
1928 909 1944 929 a
1967 898 2041 930 Villa
2086 899 2235 939 urdegaliae
2255 910 2393 942 perpetuo
2409 900 2442 935 fit

1379 936 1509 967 bannitus
1541 937 1574 967 &
1590 944 1770 967 extra’totam
1782 945 1885 967 terram
1896 921 2025 968 Domini
2037 937 2124 978 Regis
2137 946 2265 978 maneat,
2283 938 2442 980 quousque,

1378 973 1414 1004 de
1430 960 1534 1019 affenlii
1550 969 1668 1013 Maioris
1688 975 1721 1006 &
1731 974 1914 1015 Juratorum,
1932 986 1981 1016 per
1995 976 2158 1008 Dominum
2179 975 2295 1018 Regem
2308 1001 2320 1017 ,
2341 979 2386 1010 vel
2396 978 2440 1010 lc>

1377 1022 1446 1043 cum
1461 1023 1517 1052 ejus
1529 1014 1694 1044 Tenentem
1709 1012 1923 1044 misericorditer
1935 1024 2092 1047 revocetur.

1414 1051 1542 1091 Verum,
1562 1061 1592 1083 ut
1604 1052 1788 1093 praecludatur
1801 1053 1894 1084 omnis
1906 1053 2019 1084 occaslO
2039 1054 2226 1093 malignandi,
2244 1053 2286 1086 est
2305 1055 2440 1089 statutum

1377 1100 1414 1120 ne
1434 1090 1522 1122 Cives
1535 1114 1544 1130 ,
1570 1092 1599 1122 in
1617 1092 1807 1122 turbationem
1829 1091 1903 1130 pacis
1915 1114 1926 1130 ,
1951 1091 2040 1130 aliciua
2060 1093 2257 1126 conventicula
2274 1094 2375 1126 faciant
2394 1096 2440 1129 seu

1377 1131 1583 1161 conventiones
1601 1131 1708 1168 ineant,
1724 1130 1769 1161 vel
1790 1131 1943 1168 juramenta
1957 1129 2113 1168 praestent,
2137 1130 2176 1162 Et
2189 1154 2200 1170 ,
2224 1132 2244 1162 si
2259 1141 2358 1164 contra
2374 1133 2439 1168 haec
2546 1132 2562 1155 ‘4

1377 1170 1524 1208 venerint,
1542 1170 1592 1200 nisi
1607 1179 1719 1207 omnes,
1736 1171 1785 1207 qui
1799 1168 1850 1204 illis
1864 1169 2072 1199 conventiculis
2092 1169 2285 1209 interfuerint,
2299 1169 2385 1202 fidem
2399 1173 2440 1204 fa-

1374 1208 1450 1238 ciant
1466 1209 1583 1247 propriis
1598 1208 1754 1245 juramentis
1766 1231 1776 1247 ,
1799 1207 1877 1247 quod
1889 1207 1996 1239 ibidem
2011 1207 2146 1242 malitiose
2160 1218 2222 1239 non
2237 1211 2439 1252 convenerint,

1373 1256 1388 1275 a
1406 1245 1481 1277 Villa
1492 1246 1662 1286 Burdegaliae
1673 1248 1702 1276 in
1718 1255 1884 1287 perpetuum
1898 1246 1951 1277 sint
1966 1247 2082 1277 banniti.

1413 1284 1460 1316 Ad
1475 1284 1555 1324 haec,
1595 1286 1638 1316 uia
1653 1285 1814 1316 habundans
1828 1285 1934 1316 cautela
1946 1295 2006 1316 non
2024 1293 2131 1324 nocet,
2155 1295 2192 1317 ne
2205 1295 2258 1324 pax
2277 1285 2328 1319 ista
2341 1288 2370 1318 in
2385 1298 2438 1328 po,

1374 1321 1479 1354 sterum
1493 1334 1585 1361 pertur
1608 1333 1686 1362 etur,
1703 1323 1745 1354 est
1759 1323 1795 1354 de
1813 1325 1965 1357 communi
1979 1323 2096 1355 consilio
2110 1325 2273 1356 ordinatum
2294 1326 2372 1364 quod
2387 1327 2438 1359 du·

1373 1363 1450 1392 centi
1465 1362 1616 1401 homines,
1641 1363 1676 1393 de
1691 1362 1764 1394 Villa
1782 1357 1957 1400 Burdegaliae
1968 1385 1978 1400 ,
2002 1362 2046 1393 vel
2061 1371 2138 1394 extra
2184 1362 2219 1393 ad
2239 1373 2256 1394 c
2296 1366 2438 1398 nitionem

1372 1398 1498 1432 Domini
1513 1400 1639 1432 Comitis
1653 1402 1686 1432 &
1701 1401 1863 1439 arbitrium,
1879 1401 1913 1432 ὃς
1928 1400 2052 1437 Maioris·
2061 1402 2147 1432 etiarn
2181 1401 2267 1442 urdeg
2296 1404 2301 1409 “
2342 1405 2439 1435 nomi·

1373 1439 1474 1478 nandi,
1492 1441 1621 1478 jurabunt
1633 1439 1712 1476 super
1727 1439 1841 1478 Altare,
1858 1449 1891 1470 ac
1906 1438 2001 1470 saneta
2014 1439 2070 1470 Dei
2083 1438 2253 1479 Evangelia,
2270 1442 2300 1472 in
2319 1442 2438 1482 praelen-

1372 1478 1410 1508 tia
1428 1488 1480 1509 cor
1501 1479 1558 1509 oris
1579 1477 1686 1508 Christi
1702 1501 1712 1516 ,
1732 1477 1811 1518 quod
1831 1487 1932 1515 pacem
1951 1477 2033 1508 istam
2055 1479 2166 1516 integre
2187 1479 2221 1511 &
2242 1481 2437 1512 inviolabiliter

1373 1516 1487 1548 obierva
1509 1525 1572 1548 unt:
1589 1516 1627 1547 Et
1640 1515 1717 1556 quod
1728 1517 1827 1548 omnia
1836 1515 2041 1554 instrumenta,
2055 1527 2174 1556 quoquo
2186 1517 2277 1549 modo
2287 1520 2350 1563 paci
2363 1529 2436 1550 con·

1373 1556 1452 1586 traria
1466 1579 1476 1595 ,
1501 1555 1521 1586 si
1533 1565 1587 1594 qua
1599 1555 1745 1586 habuerint
1759 1578 1770 1595 ,
1794 1554 1839 1586 vel
1852 1554 1959 1599 aliquos
1972 1555 2064 1592 aliqua
2075 1555 2180 1586 habere
2195 1555 2326 1588 sciverint
2340 1580 2352 1597 ,
2373 1558 2437 1589 red-

1372 1594 1459 1633 dent,
1477 1594 1522 1625 vel
1534 1604 1587 1633 pro
1600 1593 1680 1634 poffe
1693 1593 1742 1625 suo
1756 1593 1835 1625 reddi
1848 1593 1952 1625 facient
1984 1593 2055 1624 infra
2068 1595 2224 1625 terminum
2237 1604 2435 1634 praenOtatum.

1405 1631 1517 1671 Jurabit
1534 1633 1619 1664 etiarn
1640 1632 1840 1663 nichilominus
1861 1639 1920 1665 tota
1938 1616 2117 1663 Communia
2138 1631 2310 1673 Burdeg'aliae
2324 1657 2336 1673 ,
2360 1636 2439 1668 annis

1373 1669 1484 1710 singulis
1498 1695 1507 1709 ,
1530 1671 1608 1713 super
1624 1671 1796 1704 sacrosanCta
1811 1670 1871 1702 Dei
1881 1669 2039 1713 ⁴Evangelia
2051 1695 2062 1709 .,
2085 1670 2166 1712 quod
2185 1671 2259 1704 hanc
2276 1682 2377 1713 pacem
2390 1674 2437 1705 fir-

1374 1711 1459 1741 miter
1472 1710 1645 1741 observabit:
1664 1709 1718 1749 Et,
1734 1710 1753 1740 fi
1775 1709 1836 1750 quis
1848 1709 1928 1742 'illam
1940 1717 2114 1753 attemptaret
2127 1709 2299 1751 infringere,
2322 1711 2369 1743 vel
2387 1712 2437 1744 ali—

1391 1750 1507 1780 uatenu's
1525 1750 1719 1779 contravenire
1732 1771 1743 1787 ,
1771 1749 1848 1779 bona
1866 1746 1922 1780 fide
1942 1747 2046 1786 iuvabit
2064 1747 2210 1788 Maiorem
2222 1772 2233 1788 ,
2252 1749 2384 1790 juratos,
2401 1751 2436 1782 δε

1397 1788 1457 1857 iosfil
1450 1788 1500 1828 qui
1510 1797 1573 1820 earn
1585 1788 1690 1819 servare
1702 1787 1858 1825 voluerint,
1874 1793 1975 1819 conua
1986 1795 2055 1818 eum
2067 1788 2117 1826 qui
2127 1787 2251 1820 adversus
2262 1797 2325 1820 eam
2339 1791 2436 1822 venire

1390 1836 1428 1857 rae
1460 1835 1557 1858 meret.

1369 1835 1388 1864 p
1404 1865 1546 1904 Jurabunt
1558 1866 1641 1903 etiam
1673 1865 1748 1905 uod,
1765 1872 1903 1906 praetextu
1920 1864 2200 1904 consanguineitatis,
2215 1865 2261 1897 vel
2277 1865 2438 1906 affinitatis,
2556 1854 2567 1870 x

1369 1904 1415 1935 seu
1434 1904 1579 1944 cujuscum
1600 1915 1634 1936 ue
1653 1905 1762 1936 aterius
1776 1904 1968 1946 'proximitatis
1979 1927 1988 1942 ,
2009 1902 2053 1934 vel
2074 1902 2232 1935 dilectionis
2243 1927 2254 1944 ,
2272 1905 2438 1945 consilium,

1370 1943 1505 1974 auxilium
1518 1967 1528 1983 ,
1549 1954 1584 1974 ve
1607 1944 1734 1974 favorem
1749 1942 1978 1981 attemptantibus
1993 1951 2093 1981 pacem
2106 1941 2273 1983 infringere,
2289 1953 2350 1974 non
2365 1954 2436 1985 prae-

1370 1981 1496 2014 stabunt:
1516 1984 1608 2021 immo
1623 1992 1724 2021 pacem
1742 1981 1950 2023 perturbantes,
1967 1980 2012 2011 seu
2028 1981 2178 2020 infringere
2190 1982 2310 2014 nitentes
2342 1983 2434 2025 impe-

1370 2020 1449 2051 dient
1463 2021 1536 2058 iuxta
1549 2021 1628 2060 posse
1645 2033 1655 2060 3
1674 2022 1708 2053 δε
1723 2022 1845 2051 maxime
1858 2019 1918 2050 illos
1933 2043 1942 2058 ‚
1962 2027 2063 2057 utpote
2076 2018 2201 2050 Gaillard
2223 2020 2260 2051 de
2273 2005 2354 2051 Solio
2365 2044 2376 2060 ,
2400 2022 2436 2053 &

1371 2059 1440 2089 alios
1454 2061 1581 2100 sequaces
1591 2061 1651 2091 suos
1665 2072 1676 2098 3
1696 2069 1819 2099 quorum
1832 2059 1908 2089 bona
1921 2066 2033 2097 propter
2051 2058 2165 2095 culpam
2178 2058 2254 2089 suam
2271 2060 2332 2089 sunt
2345 2069 2437 2091 occu-

1372 2106 1451 2137 pata,
1472 2100 1519 2137 qui
1533 2107 1650 2137 pacem,
1665 2107 1808 2138 tamquam
1822 2097 1967 2128 discordiae
1986 2095 2053 2134 filii,
2067 2096 2238 2135 recusarunt,
2256 2097 2290 2128 δε
2302 2096 2438 2129 Domino

1371 2135 1507 2175 Comiti,
1532 2138 1566 2168 &
1583 2135 1699 2175 justitiae
1715 2159 1725 2175 ,
1748 2137 1794 2167 seu
1809 2137 1914 2175 J'uribus
1932 2134 2103 2174 Burdegaliae
2123 2136 2302 2173 pertinaciter
2322 2136 2438 2168 obedire

1371 2184 1489 2205 contem
1511 2183 1590 2206 nunt.

1408 2185 1573 2253 Caeteiiirn,
1591 2214 1657 2254 quia
1668 2212 1756 2243 nichil
1769 2212 1866 2243 stabile
1878 2213 1909 2242 in
1921 2211 2053 2243 humanis
2065 2212 2273 2244 inventionibus
2286 2223 2300 2243 r
2353 2214 2438 2253 titur,

1373 2252 1465 2283 immo
1479 2252 1637 2293 frequenter
1650 2252 1806 2283 voluntates
1819 2251 1971 2282 hominum
1987 2252 2126 2282 variantur
2140 2274 2150 2289 ,
2175 2252 2209 2283 &
2223 2251 2308 2283 iecun
2328 2263 2378 2284 um
2389 2263 2438 2284 va-

1371 2291 1481 2322 rietatoe
1500 2291 1655 2322 hominum
1680 2300 1756 2322 nova
1777 2298 1923 2330 emergunt
1946 2290 2058 2330 negotia
2072 2312 2082 2328 ,
2107 2299 2171 2329 quae
2193 2300 2270 2321 nova
2292 2292 2438 2330 requirunt

1372 2330 1487 2361 confilia
1500 2353 1511 2369 ,
1532 2330 1567 2361 ad
1589 2330 1727 2368 majorem
1748 2329 1823 2367 pacis
1843 2328 2087 2360 conservationem
2106 2328 2146 2359 est
2168 2329 2332 2360 ordinatum
2358 2330 2437 2371 quod

1372 2367 1521 2399 Dominus
1533 2367 1658 2407 Comes,
1676 2369 1705 2398 in
1720 2368 1854 2398 omnibus
1867 2367 2008 2407 praedictis
2021 2366 2141 2397 addendi
2156 2389 2166 2405 ,
2189 2367 2384 2407 diminuendi,
2401 2369 2438 2400 δε

1371 2407 1542 2438 immutandi
1556 2419 1566 2446 ς
1588 2406 1760 2438 reformandi
1778 2415 1878 2446 pacem
1890 2429 1900 2444 ‚
1924 2406 1945 2436 fi
1958 2406 1988 2436 in
2003 2405 2097 2446 aliquo
2110 2413 2210 2437 contra
2219 2416 2283 2438 eam
2297 2407 2383 2438 fuerit
2396 2415 2439 2438 at-

1371 2454 1559 2485 temptatum,
1577 2446 1639 2485 vel,
1658 2446 1678 2476 si
1691 2454 1762 2484 opus
1783 2444 1866 2476 fuerit
1880 2467 1889 2483 ,
1914 2445 2079 2476 meliorandi
2094 2445 2224 2482 quotiens
2245 2446 2296 2476 sibi
2309 2445 2440 2486 expedire

1370 2484 1463 2515 visum
1477 2485 1561 2516 fuerit
1577 2484 1665 2519 <salvis
1683 2484 1787 2522 juribus
1802 2484 1836 2514 &
1849 2483 2022 2514 libertatibus
2038 2482 2159 2522 Majoris
2174 2506 2184 2523 ,
2203 2483 2386 2524 juratorum,
2403 2484 2439 2516 &

1369 2523 1558 2555 Communiae
1572 2523 1754 2563 Burdegaliae)
1768 2522 1879 2563 plenam
1892 2522 1991 2553 habeat
2002 2521 2179 2567 potestatem.

1407 2562 1483 2593 Haec
1498 2572 1593 2593 autem
1607 2563 1703 2592 omnia
1712 2585 1722 2600 ,
1741 2563 1774 2593 &
1788 2561 1891 2600 singula
1903 2560 2076 2599 supradicta,
2092 2560 2155 2591 sunt
2168 2560 2205 2591 de
2215 2560 2436 2592 voluntateDo-

1372 2602 1443 2631 mini
1452 2600 1575 2632 Comitis
1589 2601 1714 2635 ordinata
1722 2623 1732 2635 ,
1749 2601 1798 2639 qui
1810 2601 1877 2631 huic
1891 2601 1930 2630 rei
1942 2600 2139 2631 auetoritatem
2153 2600 2187 2631 ὅ(
2198 2601 2330 2639 vigorem
2342 2601 2437 2638 potuit

1370 2640 1524 2678 impertiri3
1543 2648 1642 2677 utpote
1654 2640 1700 2670 cui
1716 2638 1803 2669 Cives
1817 2638 2005 2677 Burdegaliae,
2020 2639 2092 2667 inter
2106 2637 2132 2668 se
2144 2637 2314 2668 discordiam
2329 2638 2438 2669 haben-

1371 2686 1428 2715 tes,
1448 2688 1482 2708 ex
1497 2686 1612 2718 utraque
1627 2686 1717 2714 parte,
1731 2678 1895 2715 juramento
1909 2677 2112 2706 interveniente
2127 2699 2136 2714 ,
2163 2677 2196 2706 &
2212 2676 2283 2706 datis
2295 2677 2439 2708 obfidibus

1370 2716 1439 2746 hinc
1452 2718 1485 2747 &
1502 2716 1585 2754 inde,
1603 2715 1769 2753 disponendi
1783 2716 1817 2745 ὅτ,
1829 2714 1976 2745 ordinandi
1992 2723 2092 2751 pacem
2106 2715 2159 2744 alte
2171 2716 2205 2745 &
2225 2714 2299 2745 baffe
2313 2715 2439 2754 potesta-

1370 2762 1429 2784 tem
1445 2755 1596 2792 plenariam
1611 2753 1820 2784 concefferunt.

1409 2792 1489 2823 Huic
1507 2793 1688 2822 Ordinationi
1709 2791 1909 2822 nichilominus
1924 2789 2021 2828 Major
2035 2790 2068 2820 &
2079 2789 2167 2828 Jurati
2180 2814 2189 2828 ‚
2213 2798 2326 2830 totaque
2341 2790 2435 2822 Com-

1371 2833 1467 2862 munia
1482 2831 1673 2869 Burdegaliae,
1691 2839 1742 2868 pro
1755 2830 1872 2860 utilitate
1888 2829 2065 2866 reipublicae,
2083 2828 2290 2859 consenserunt.

1404 2869 1493 2907 Sane,
1512 2871 1575 2909 quia
1585 2893 1593 2907 ,
1611 2869 1687 2907 quod
1702 2868 1846 2906 Majorum
1860 2867 1893 2898 δε
1905 2866 2067 2906 Sapientum
2079 2867 2198 2898 confilio
2212 2866 2253 2897 est
2263 2867 2415 2908 probatum
2424 2891 2435 2906 ‚

1367 2911 1506 2948 majorem
1528 2910 1637 2946 optinet
1656 2907 1817 2937 firmitatem
1832 2929 1842 2944 ,
1868 2913 1899 2936 ut
1913 2915 1964 2943 pax
1984 2905 2034 2936 ista
2053 2905 2132 2936 duret
2152 2906 2351 2946 inperpetuum
2366 2929 2376 2945 ,
2398 2907 2433 2937 &

1369 2957 1405 2977 ne
1421 2947 1504 2985 possit
1518 2957 1567 2985 per
1582 2947 1703 2982 aliquem
1715 2954 1822 2975 temere
1839 2945 1935 2975 violari
1949 2967 1958 2981 ,
1981 2944 2015 2974 ad
2032 2944 2204 2984 perhennem
2219 2944 2300 2983 hujus
2312 2945 2353 2975 rei
2368 2955 2431 2975 me-

1368 2987 1487 3016 moriam
1497 3009 1506 3025 ,
1524 2986 1608 3024 {igilla
1619 2984 1741 3015 Domini
1749 2982 1888 3022 Comitis,
1908 2983 1941 3014 &
1953 2981 2142 3013 Communiae
2156 2982 2343 3024 Burdegaliae,
2359 2992 2432 3023 prae-

1366 3025 1434 3056 senti
1449 3024 1573 3055 Cartulae
1586 3024 1647 3053 sunt
1661 3022 1784 3061 appensa.

1404 3063 1480 3093 Haec
1495 3072 1588 3093 autem
1603 3063 1701 3092 omnia
1715 3059 1868 3098 supradiera
1887 3060 2000 3090 fuerunt
2016 3060 2144 3091 ordinata
2158 3084 2168 3098 ,
2192 3060 2345 3100 approbata
2360 3083 2370 3097 ,
2395 3059 2430 3091 δε

1367 3103 1450 3133 etiam
1466 3102 1578 3132 recitata
1592 3102 1621 3130 in
1637 3099 1780 3141 praesentia
1794 3099 1995 3129 venerabilium
2009 3107 2118 3138 patrum
2135 3098 2176 3129 G.
2190 3099 2250 3129 Dei
2263 3100 2347 3138 gratia
2362 3098 2432 3129 Bur·
2546 3117 2553 3120 -

1368 3141 1481 3180 degaliae
1494 3165 1502 3177 ,
1529 3140 1563 3170 &
1579 3139 1607 3176 J.
1629 3138 1725 3169 eadem
1748 3137 1833 3177 gratia
1853 3138 1872 3156 ²*
1895 3138 2026 3168 Auxitan.
2042 3137 2351 3176 Archiepiscoporum,
2369 3137 2432 3175 plu·
2446 3145 2462 3163 ἀ
2473 3146 2497 3174 1,
2510 3145 2566 3183 4⁶¹²

1369 3180 1442 3210 rium
1464 3189 1499 3208 ue
1514 3178 1653 3208 Baronum
1668 3176 1831 3206 Wasconiae
1845 3199 1854 3213 ,
1882 3186 1915 3207 ac
1931 3177 2017 3206 totius
2037 3175 2225 3206 Communioe
2246 3176 2433 3215 Burdegaliae,
2568 3194 2570 3200 ·

1367 3219 1415 3258 qui
1429 3189 1463 3248 ad
1477 3217 1541 3247 haec
1555 3215 1691 3247 audienda
1705 3215 1737 3246 &
1749 3214 1928 3252 approbanda
1942 3215 2056 3245 fuerunt
2069 3214 2221 3252 specialiter
2233 3215 2412 3252 congregati.

1405 3295 1514 3327 Adrum
1530 3292 1648 3361 Burde}
1663 3291 1819 3323 Dominica
1839 3293 1928 3330 prima
1947 3290 2082 3322 adventus
2101 3290 2224 3323 Domini
2235 3313 2246 3329 ,
2268 3299 2346 3322 anno
2361 3291 2429 3328 ejus-

1368 3334 1435 3365 dem
1450 3332 1600 3363 milleiimo
1636 3332 1808 3362 ucentelimo
1821 3331 2060 3371 quinquagesimo.

1563 3461 1609 3491 De
1621 3469 1695 3504 pace
1705 3457 1845 3504 praedifhi
1857 3468 1912 3505 per
1928 3460 2038 3504 Regem
2054 3453 2239 3499 confirmata.

1369 3547 1439 3609 IN
1454 3544 1572 3576 nomine
1584 3542 1709 3573 Domini
1724 3543 1811 3574 nostri
1824 3542 1901 3573 Ihesu
1915 3540 2040 3578 Christi,
2057 3538 2161 3582 Arnen.
2233 3575 2241 3582 ·
2436 3538 2514 3571 Ann.
2526 3539 2570 3571 D'.

1436 3584 1512 3615 Haec
1527 3582 1567 3612 est
1581 3582 1672 3612 forma
1686 3583 1777 3621 pacis,
1795 3583 1831 3612 de
1844 3583 1986 3611 bonorum
1998 3588 2035 3622 ac·
2043 3577 2198 3614 sapientum
2211 3584 2337 3619 Virorum
2352 3585 2426 3620 con-
2459 3586 2541 3618 1251.

1368 3625 1428 3656 silio
1442 3623 1568 3653 ordinata
1583 3643 1592 3658 ,
1613 3622 1684 3650 inter
1700 3620 1787 3652 Cives
1801 3618 1975 3656 Burdegaliae
1989 3627 2037 3685 api
2046 3615 2082 3645 de
2097 3615 2229 3659 mandato
2241 3612 2366 3658 Domini
2380 3615 2425 3660 Si-
2436 3620 2488 3645 An.
2507 3626 2550 3655 35.
2556 3628 2567 3654 ζ-

1369 3663 1462 3693 monis
1482 3660 1517 3691 de
1534 3659 1705 3689 Monteforti
1720 3682 1729 3697 ,
1756 3658 1880 3690 Comitis
1901 3656 2000 3699 Leice'
2026 3663 2061 3698 iae
2075 3676 2085 3691 ,
2109 3663 2186 3684 vrces
2199 3652 2321 3695 Domini
2334 3652 2426 3691 Regis
2440 3660 2472 3683 1—1.
2491 3665 2516 3693 3,

1370 3701 1484 3737 Angliae
1496 3700 1526 3728 in
1542 3698 1694 3728 Wascoiiia
1709 3698 1827 3737 gerentis
1840 3719 1850 3736 ‚
1874 3703 1949 3725 extra
1964 3692 2119 3723 CiVitatem
2140 3690 2310 3729 Burdegaliae
2330 3698 2567 3732 erant31’at.35.ol

1369 3740 1403 3770 &
1417 3737 1551 3778 quosdam
1563 3737 1629 3766 alios
1644 3738 1692 3774 qui
1704 3738 1733 3766 in
1748 3736 1847 3767 eadem
1861 3733 1984 3765 Civitate
1996 3738 2148 3762 morantur.
2191 3767 2196 3772 ¹
2364 3769 2369 3774 .
2385 3770 2390 3775 .
2437 3737 2472 3760 Η,
2488 3741 2514 3769 3,
2566 3753 2568 3758 ,

1405 3776 1438 3806 In
1454 3776 1566 3815 primis,
1585 3776 1621 3805 ita
1636 3775 1677 3805 est
1691 3774 1870 3810 ordinatum,
1887 3771 1964 3811 quod
1984 3779 2084 3800 omnes
2099 3766 2266 3813 quaestiones
2280 3789 2291 3805 ,
2313 3776 2426 3805 petitio-
2435 3781 2470 3801 m.
2488 3780 2498 3798 i
2504 3779 2530 3808 3.

1369 3825 1432 3853 neS,
1451 3816 1484 3845 &
1500 3814 1624 3844 aetiones
1636 3836 1646 3852 ,
1670 3812 1731 3848 &c.
1753 3819 1785 3843 ut
1803 3816 1833 3842 in
1850 3811 2022 3840 conventione
2034 3806 2166 3846 praedaeaa
2181 3828 2191 3844 ,
2213 3805 2294 3846 usque
2311 3807 2353 3837 ad
2367 3807 2423 3838 haec

1368 3854 1472 3891 verba,
1489 3856 1550 3882 viz.
1911 3887 1916 3892 .
2138 3882 2144 3888 .
2298 3883 2304 3888 ᾗ
2404 3885 2409 3891 ,

1408 3891 1476 3922 Nos
1490 3899 1584 3922 autern
1599 3889 1758 3928 Hernicus,
1776 3888 1836 3919 Dei
1848 3895 1934 3927 gratia
1946 3909 1955 3924 ,
1981 3883 2047 3928 Rex
2061 3882 2190 3922 Angliae,
2211 3881 2358 3914 Dominus
2367 3883 2426 3928 Hi-

1369 3931 1494 3969 herniae,
1511 3929 1580 3960 Dux
1596 3928 1788 3960 Norrnanniae
1803 3928 1836 3959 &
1849 3926 2042 3963 Aquitanniae,
2058 3921 2092 3952 &
2111 3920 2222 3952 Comes
2233 3920 2426 3960 AndegaViae,

1369 3969 1516 4008 praefatam>
1532 3967 1722 4008 provisionem
1735 3988 1747 4005 ‚
1770 3966 1816 3999 seu
1834 3966 1910 4004 pacis
1930 3961 2136 3995 ordinationem
2155 3968 2243 3995 ratam
2263 3960 2298 3993 ὃς
2318 3969 2426 4032 ἓξὲξ
