2570 4261
110 221 185 253 Ann.
200 219 240 249 D.

133 266 215 296 ¹255·

108 302 172 325 Hen.
193 307 218 334 3.

109 448 125 465 ·
136 449 158 477 1-
173 455 242 484 545-

109 967 184 999 Ann.
201 966 241 998 D.

130 1013 211 1044 ¹255-

108 1048 159 1073 An.
180 1054 223 1080 39.

111 1104 223 1157 Vaseoniae

112 1163 198 1197 39.H.
214 1168 239 1196 3.

110 1207 145 1225 m.
157 1206 187 1233 9.

125 3340 142 3357 ⁰
156 3341 179 3368 1.
193 3341 258 3377 546.

261 155 340 193 194

259 226 441 265 quietaverint
454 225 550 254 omnia
565 223 670 266 debita,
685 232 748 261 quae
763 223 776 252 a
791 223 874 253 nobis
893 231 988 261 petere
1007 223 1118 264 possent
1130 222 1167 254 de
1178 221 1313 263 tempori-

260 266 310 295 bus
323 263 481 303 praeteritis,
498 260 581 301 usque
596 260 630 291 ad
643 259 719 291 diem
733 260 922 292 confeffionis
933 262 1119 301 praesentium.

299 302 336 333 Et
351 301 526 341 promisimus
545 300 584 329 eis
600 298 678 339 quod
699 299 805 329 nullam
819 300 954 330 iaciemus
966 300 1192 339 assignationem,
1209 298 1254 329 vel
1267 307 1315 328 or-

260 340 434 372 dinationem
447 338 483 368 de
496 337 607 381 tallagiis
620 336 763 378 praemiss‘is
777 360 786 377 ‚
802 347 851 378 per
870 348 935 376 quas
949 338 1017 369 dicti
1032 346 1198 369 mercatores
1210 335 1314 376 possint

261 379 315 409 esse
328 376 451 413 impediti
465 385 617 415 quominus
629 374 703 406 dicta
717 378 835 413 pecunia
846 377 970 408 terminis
984 376 1143 417 praemissis,
1162 376 1199 406 eis
1211 374 1255 405 vel
1263 375 1314 405 uni

260 424 356 446 eorum
364 437 373 451 ,
388 415 507 443 nomine
519 414 704 453 singulorum,
721 414 898 452 persolvatur.

296 454 314 472 ¹*
334 451 533 482 Conceffimus
551 454 635 483 etiam
653 452 755 483 eisdem
776 452 983 484 Mercatoribus
996 476 1006 491 ,
1021 452 1098 493 quod
1111 450 1315 482 districtionem

258 488 317 522 fieri
337 490 470 520 faciemus
488 490 568 528 super
590 490 678 521 Cives
716 491 892 522 raedietasum
915 491 1072 521 Civitatum
1087 513 1096 528 ,
1114 500 1163 530 per
1183 498 1266 520 terras
1280 489 1314 518 &

258 528 364 560 Catalla
378 528 441 566 sua,
458 528 491 559 ad
505 528 678 559 reddendum
713 530 773 560 ietis
787 528 995 560 Mercatoribus
1007 539 1107 559 omncs
1122 527 1264 567 expensaS,
1282 527 1316 557 &

258 568 354 597 omnia
369 566 506 604 dampna,
526 577 591 605 quae
605 567 676 607 ipsos
690 569 841 605 contigerit
857 567 1053 598 rationabiliter
1067 566 1195 609 sustinere
1207 574 1256 609 per
1268 563 1318 607 de-

257 605 365 636 festum
379 604 519 635 solutionis
533 606 617 636 dictae
650 607 777 645 ecuniae,
791 606 811 637 si
824 606 937 637 termini
951 604 1083 644 praemiffi
1094 604 1237 635 solutionis
1249 601 1318 640 eius-

257 644 323 675 dem
337 645 376 673 eis
390 653 449 673 nori
464 643 567 675 fuerint
579 644 620 674 ob
631 645 726 675 ervati.

291 681 325 712 In
340 683 434 721 cujus,
453 682 513 713 &c.

295 757 384 790 Teste
398 758 479 798 Rege
491 758 564 797 apud
579 758 716 789 Sanctum
732 758 892 798 Albanum,
911 769 943 790 11
959 757 1004 788 die
1017 757 1125 789 Martii.

424 889 474 920 De
491 885 642 920 Conduau
662 897 717 934 pro
735 890 862 934 Hugone
879 890 967 921 Duce
984 885 1166 934 Burgundiae.

261 970 347 1030 RE
357 969 388 1001 X
404 972 537 1003 omnibus
553 972 663 1004 Ballivis
676 973 710 1005 &
724 972 850 1004 fidelibus
862 972 913 1004 suis
925 972 1091 1012 Vasconiae,
1105 971 1138 1003 ad
1151 981 1240 1012 quos,
1258 971 1319 1002 &c.

331 1010 450 1040 salutern.

299 1047 396 1079 Sciatis
411 1048 486 1089 quod
508 1050 664 1087 recepimus
684 1050 714 1080 in
731 1049 806 1080 salvo
826 1050 860 1081 &
882 1049 979 1080 securo
992 1048 1138 1080 conductu
1177 1049 1211 1078 &
1224 1046 1320 1087 guida-

262 1086 313 1123 gio
329 1086 443 1124 nostro,
461 1087 603 1118 Nobilem
618 1088 710 1118 virum
725 1087 882 1127 Hugonem
898 1088 1016 1118 Ducem
1027 1071 1210 1126 Burgundiae‚
1227 1086 1319 1129 quiin

263 1125 342 1155 brevi
356 1125 390 1156 ad
405 1126 540 1156 Sanctum
558 1126 701 1165 Jacobum
722 1136 836 1166 peregre
852 1125 1028 1166 profe&urus
1042 1125 1101 1163 est,
1119 1126 1152 1155 &
1165 1134 1266 1155 omnes
1284 1124 1319 1153 il-

262 1162 305 1193 los
345 1174 414 1203 quos
431 1165 526 1195 secum
545 1165 656 1196 duxerit
672 1187 682 1203 ,
697 1166 730 1196 &
750 1167 849 1196 omnia
867 1165 912 1195 sua
953 1166 982 1194 in
1004 1163 1096 1195 eundo
1109 1173 1158 1201 per
1170 1171 1264 1193 totum
1278 1162 1322 1192 di·-

260 1187 389 1271 grigtiiim
410 1202 535 1234 vestrum
557 1204 587 1234 in
614 1205 833 1243 peregrinatione
854 1187 1010 1242 praediCta,
1031 1201 1171 1232 morando
1185 1223 1195 1239 ,
1218 1201 1252 1232 &
1277 1210 1320 1231 re-

281 1250 336 1270 eun
356 1251 390 1271 0:

298 1278 335 1310 Et
350 1279 414 1309 ideo
428 1279 509 1310 vobis
524 1279 688 1313 mandamus
721 1278 791 1317 uod,
811 1278 899 1319 ipsum
910 1279 1027 1311 Ducem
1038 1279 1071 1310 &
1085 1279 1146 1309 suos
1161 1276 1318 1308 honorifice

259 1316 450 1361 admittentes,
469 1318 525 1355 illi,
544 1318 590 1348 vel
604 1316 687 1348 alicui
700 1289 737 1347 de
752 1317 804 1348 suis
817 1317 926 1348 nullum
939 1327 1090 1357 gravamen
1105 1340 1115 1356 ‚
1133 1317 1177 1348 seu
1191 1316 1319 1354 injuriam

259 1356 397 1394 inferatis,
416 1364 461 1386 aut
476 1356 572 1387 inferri
587 1357 766 1394 permittatis3

298 1392 352 1431 Et,
369 1395 388 1424 si
402 1394 468 1434 quid
485 1395 556 1425 forte
571 1397 596 1425 ei
611 1394 654 1425 vel
668 1394 718 1425 suis
731 1393 906 1425 forisfadtum
920 1393 1001 1426 fuerit
1015 1418 1025 1434 ,
1043 1393 1070 1424 id
1084 1395 1122 1425 eis
1135 1393 1192 1424 sine
1206 1392 1319 1424 dilatio·-

259 1441 295 1464 ne
309 1433 411 1462 faciatis
427 1432 575 1463 emendari.

296 1469 329 1500 lii
350 1472 426 1509 cujus
449 1472 505 1509 rei,
523 1472 583 1502 &c
601 1471 752 1503 Duraturas
765 1471 850 1512 usque
871 1471 906 1502 ad
920 1470 1024 1503 festum
1038 1470 1184 1502 Omnium
1198 1470 1320 1502 Saneto-

259 1518 322 1540 rum
336 1510 467 1548 proximo
484 1510 619 1541 futurum.

259 1584 465 1656 missam&acpu(³
484 1586 589 1619 Silvam
607 1586 749 1625 Maiorem
762 1609 772 1625 ‚
793 1595 828 1617 12
849 1585 897 1617 die
916 1585 1014 1618 Martii
1028 1609 1038 1627 ,
1056 1596 1131 1618 anno
1145 1585 1242 1627 Regni
1255 1585 1321 1618 Do-

291 1753 340 1785 De
357 1751 501 1785 mutando
518 1761 588 1786 voto
607 1751 643 1784 de
660 1754 757 1785 Terra
771 1750 883 1784 Sam‘la
898 1761 952 1797 pro
968 1748 1165 1798 Expeditione
1181 1760 1286 1784 contra

604 1804 765 1834 Saracenos
787 1803 817 1832 in
838 1798 964 1844 Africa.

237 1902 244 1908 -
267 1885 472 1946 ALexander
487 1886 658 1927 Episcopus,
676 1885 766 1917 servus
785 1885 929 1915 lei-vorum
951 1883 1024 1924 Dei,
1040 1885 1180 1917 carissimo
1191 1886 1222 1916 in
1236 1884 1323 1917 Chri-

339 1925 384 1956 sto
398 1925 457 1956 filio
528 1925 625 1956 illustri
639 1925 713 1965 Regi
728 1923 837 1964 Angliae
850 1923 963 1954 salutem
977 1923 1011 1954 &
1026 1924 1220 1964 Apostolicam
1235 1924 1323 1955 bene-

219 1978 225 1983 ·
261 1962 428 1995 dictionem.

300 2002 428 2033 Diieeius
441 2000 512 2032 filius
527 2001 670 2040 Magister
681 1999 849 2032 Guilielmus
863 1999 899 2030 de
912 1999 935 2030 F
936 1999 1046 2030 raffium
1062 2024 1072 2038 ,
1090 2000 1256 2041 Capelianus
1268 2011 1323 2033 no-

265 2041 335 2080 ster,
352 2051 437 2081 quem
452 2041 486 2071 ad
501 2051 552 2071 nos
567 2051 634 2071 cum
649 2041 701 2070 tuis
712 2040 808 2070 litteris
817 2037 984 2069 destinatum
991 2037 1142 2070 affe&uose
1156 2041 1321 2079 recepimus,

263 2080 380 2118 attenta,
400 2079 532 2118 discreta,
551 2079 584 2110 &
596 2079 671 2110 fideli
690 2078 890 2116 supplicatione
906 2086 989 2114 penos
1008 2086 1061 2107 nos
1077 2086 1111 2107 ex
1126 2087 1204 2117 parte
1217 2086 1264 2109 tua
1278 2079 1321 2109 in-

264 2118 332 2149 stitit
357 2117 462 2156 (nichil
485 2117 520 2148 de
539 2117 590 2148 hiis
605 2140 615 2156 ,
629 2126 693 2158 quae
709 2116 875 2155 petitionem
895 2115 1004 2153 possent
1024 2114 1171 2146 efficacem
1191 2116 1321 2157 reddere,

262 2158 372 2197 penitus
384 2156 558 2192 omittendo)
578 2165 609 2186 ut
625 2165 742 2193 votum,
759 2153 837 2194 quod
853 2154 881 2184 in
900 2153 1049 2185 subsidium
1063 2161 1143 2197 terrae
1155 2153 1257 2186 sanstae
1269 2155 1321 2186 du-

261 2196 331 2227 dum
347 2195 461 2225 emisisse
476 2194 624 2225 dinosceris
633 2216 642 2232 ,
658 2201 758 2224 contra
771 2193 935 2223 Sarracenos
947 2191 982 2222 de
996 2191 1121 2230 Affnca,
1140 2193 1151 2230 (
1158 2202 1226 2223 cum
1240 2202 1319 2233 triag-

265 2245 301 2265 na
315 2233 413 2264 exinde
428 2233 526 2263 utilitas
546 2233 701 2273 sequeretur
713 2232 725 2270 )
741 2239 918 2263 commutare
932 2230 967 2261 de
980 2229 1145 2269 Apostolica
1166 2230 1322 2264 Providen-

266 2281 303 2304 tia
318 2282 483 2303 curaremus>

303 2311 376 2341 Sane
397 2309 486 2341 nostri
507 2308 640 2341 haetenus
680 2308 794 2350 ropositi
815 2307 952 2339 extitit&
969 2306 1060 2338 existit
1079 2309 1225 2347 petitiones
1241 2316 1300 2341 tuas
1313 2333 1323 2349 ,

267 2359 336 2381 cum
357 2358 384 2379 te
404 2350 475 2379 inter
496 2357 613 2380 caeteros
633 2359 666 2379 or
688 2349 709 2378 is
729 2347 871 2387 Principes
909 2356 1016 2377 eramus
1028 2347 1057 2376 iri
1073 2347 1165 2379 cordis
1176 2347 1323 2379 visceribus

266 2387 460 2427 praediledtum
474 2410 484 2426 ‚
502 2386 595 2418 audire
615 2387 733 2418 libenter
747 2396 780 2417 ac
796 2385 889 2417 favora
910 2385 996 2423 iliter,
1014 2393 1149 2424 quantum
1170 2395 1238 2417 cum
1253 2386 1324 2417 Deo

268 2427 415 2495 polffumiciis
432 2425 558 2456 exaudire
573 2449 583 2466 ,
596 2425 741 2464 nichilque
755 2425 806 2456 tibi
828 2423 905 2463 quod
919 2423 1020 2463 absque
1033 2424 1109 2462 gravi
1122 2432 1190 2456 nota
1202 2425 1326 2456 concedi

268 2476 303 2497 va
313 2473 356 2496 eat
411 2475 445 2495 en
481 2474 538 2494 are*

307 2488 378 2542 Sed’,
396 2473 572 2542 quifgclarr’iat
585 2500 715 2533 instanter
734 2501 768 2532 ad
783 2511 833 2532 nos
846 2510 899 2539 pro
911 2499 1014 2531 festino
1027 2500 1154 2532 succursu
1170 2501 1265 2532 misera
1280 2501 1325 2534 illa

263 2541 487 2582 jerosolimitana
500 2541 612 2581 Regio,
627 2542 656 2572 in
670 2539 800 2580 angustiis
813 2539 1028 2571 vehementibus
1042 2539 1127 2577 posita
1142 2563 1152 2579 ,
1169 2540 1324 2571 tribulatio-

267 2582 350 2612 nibus
369 2580 472 2611 afflststa
492 2580 632 2610 continuis
676 2579 804 2619 durisque
818 2579 906 2609 attrita
927 2576 1058 2616 flagellis,
1076 2578 1324 2616 &ignominiosae

267 2620 351 2650 nimis
364 2618 541 2656 subjectionis
550 2619 621 2657 jugo
634 2602 776 2656 depressa,
796 2616 949 2661 secundum
970 2615 1103 2660 dolorum
1117 2616 1233 2648 suorum
1248 2618 1324 2648 mul-

267 2658 415 2689 titudinem
437 2656 554 2687 amarius
572 2665 658 2687 voces
677 2655 732 2686 suae
744 2655 947 2686 lamentationis
960 2653 1075 2691 replicat
1093 2654 1126 2685 &
1141 2655 1257 2694 exaltat,
1275 2665 1326 2686 ne-

266 2706 405 2737 quaquam
425 2695 493 2726 utile
514 2695 573 2725 fore
593 2693 766 2732 providimus
787 2692 864 2732 quod
883 2701 941 2723 tuae
958 2693 1092 2730 potentiae
1112 2693 1257 2724 brachium
1293 2695 1323 2725 in

266 2744 326 2775 quo
346 2735 442 2773 utique
456 2734 532 2774 spem
551 2732 606 2763 suae
621 2732 791 2763 liberationis
805 2731 924 2762 totaliter
938 2730 1057 2761 firmaffe
1072 2730 1243 2770 dinoscitur,
1268 2732 1325 2771 ibi,

265 2772 416 2813 praesertim
436 2772 492 2803 hoc
513 2781 640 2809 tempore
654 2793 664 2809 ‚
682 2772 711 2801 in
724 2780 781 2809 quo
795 2771 928 2802 omnium
941 2791 952 2807 ,
973 2769 1046 2809 quasi
1058 2769 1186 2810 praesidio
1197 2769 1325 2802 destituta

267 2811 322 2843 effe
337 2812 473 2849 cernitur,
491 2809 667 2841 subtrahatur.

305 2850 383 2888 Quia
396 2850 480 2888 igitur
488 2849 616 2880 inclitum
632 2857 740 2879 nomen
751 2854 831 2878 tuum
847 2846 1005 2884 continuis,
1023 2846 1081 2877 tam
1092 2845 1224 2886 honoris,
1239 2849 1324 2888 quam

268 2887 351 2918 famae
368 2912 376 2927 ,
411 2887 527 2918 roficere
547 2888 676 2924 cupimus
697 2886 875 2916 incrementis
889 2908 899 2923 ,
917 2884 962 2914 illa
975 2893 1068 2923 petere
1083 2885 1189 2916 sincero
1201 2887 1254 2918 tibi
1267 2888 1326 2918 ani-

270 2935 322 2956 mo
340 2926 384 2956 sua
405 2935 482 2956 emus
502 2936 565 2965 quae
584 2926 617 2955 ad
639 2926 751 2964 majoris
769 2924 866 2963 gloriae
885 2923 996 2967 titulum
1010 2924 1061 2954 tibi
1075 2923 1197 2963 cedant,
1213 2925 1247 2956 &
1260 2936 1326 2964 quae

268 2965 352 2994 ctiam
368 2974 418 2994 nos
432 2964 582 2995 secundum
598 2963 696 2994 Deum
707 2962 824 2994 honeste
838 2962 995 2993 concedere
1008 2962 1156 2992 valeamus.

306 3000 343 3032 Et
359 3002 491 3041 quidem,
507 3003 525 3031 si
539 3012 589 3031 nos
602 3010 682 3032 motu
698 3002 815 3042 proprio
825 3000 860 3030 ad
876 2999 1033 3039 hujusmodi
1052 3001 1111 3031 voti
1125 3003 1327 3034 commutatio-

268 3049 337 3072 nem
349 3048 378 3070 te
391 3040 524 3070 vellemus
544 3041 692 3079 inducere,
711 3049 741 3070 tu
763 3048 939 3078 nequaquam
956 3038 1070 3068 deberes
1083 3048 1255 3078 conceptum
1272 3040 1324 3072 du-

267 3079 354 3116 dum,
372 3079 448 3147 cirsca
461 3077 600 3116 praedieiioe
613 3087 692 3109 terrae
705 3078 870 3115 subsidium,
888 3086 945 3108 tam
959 3078 1039 3118 pium
1053 3077 1087 3108 &
1104 3077 1209 3109 salubre
1224 3089 1326 3111 vacua-

269 3127 301 3148 re
333 3127 364 3147 ro
415 3125 500 3147 itum·

306 3127 503 3194 &rigoimmd
521 3153 555 3184 ad
576 3154 743 3184 memoriam
764 3153 926 3185 revocando
945 3153 1021 3193 quod
1035 3155 1117 3193 patris
1129 3156 1226 3185 aeterni
1240 3154 1327 3195 silius,

270 3193 375 3224 nostrae
397 3194 484 3224 carnis
507 3192 673 3223 indumento
688 3191 798 3222 vestitus
810 3215 819 3230 ,
837 3193 950 3223 salutem
964 3193 1079 3223 humani
1091 3194 1198 3232 generis
1211 3195 1242 3225 in
1254 3203 1324 3225 terra

272 3231 342 3273 ipsa,
361 3233 460 3269 pietate
473 3230 624 3270 ineffabili,
642 3231 731 3261 extitit
744 3238 889 3269 operatus,

309 3269 455 3309 Qodque
475 3270 550 3300 illam
571 3269 616 3300 sua
635 3269 776 3309 praecipue
793 3269 884 3299 voluit
896 3268 1025 3309 insignire
1036 3268 1195 3309 praesentia,
1213 3271 1246 3301 &
1261 3280 1327 3309 pro-

272 3309 325 3348 prii
338 3308 490 3347 aspersione
505 3307 637 3347 sanguinis
659 3310 836 3344 consecrare,
853 3307 967 3337 deberes
983 3307 1141 3346 hujusmodi
1154 3309 1328 3346 propositum

272 3346 413 3378 efficacius
427 3347 495 3384 pros
523 3350 568 3384 ui,
587 3347 620 3377 &
636 3345 655 3365 ³¹¹
674 3347 704 3375 in
716 3354 751 3375 eo
764 3345 867 3375 firmius
878 3347 911 3377 &
923 3345 1096 3377 constantius
1110 3347 1256 3386 roborari;

310 3384 433 3423 Ideoque
452 3394 520 3414 exce
531 3385 643 3415 lentiam
658 3393 734 3415 tuam
748 3392 876 3422 rogamus
892 3385 924 3415 &
938 3384 1082 3415 hortamur
1095 3393 1200 3416 attente
1215 3408 1225 3424 ‚
1240 3386 1329 3424 quati-

273 3432 324 3452 nus
336 3433 390 3453 nec
411 3421 530 3453 moleste
539 3445 548 3460 ‚
563 3432 615 3453 nec
629 3431 713 3462 grave
730 3422 798 3452 feras
810 3421 886 3461 quod
902 3423 1031 3461 petitioni
1044 3424 1128 3462 regiae
1142 3432 1264 3454 annuere
1278 3434 1329 3454 ne-

273 3461 412 3500 quivimus
430 3462 459 3491 in
482 3461 535 3492 hac
551 3469 628 3498 parte
642 3473 653 3498 3
668 3460 714 3491 sed
727 3460 818 3500 potitis
836 3468 946 3499 gratum
961 3461 1060 3491 habeas
1074 3461 1152 3499 quod
1167 3462 1203 3492 ab
1214 3463 1271 3500 ipsa
1290 3462 1329 3493 sic

273 3498 390 3536 provide
407 3509 440 3566 alo
457 3499 597 3568 sagubriter
609 3522 619 3538 ,
635 3507 775 3539 paternam
793 3497 968 3530 ostendendo
980 3499 1156 3538 diligentiam
1171 3522 1184 3540 ,
1199 3508 1228 3532 te
1248 3501 1329 3532 duxi-

275 3544 337 3566 mus
351 3545 418 3566 retra
439 3547 475 3568 en
495 3547 552 3568 um.

313 3608 380 3641 Dat.
397 3610 540 3654 Neapoli,
557 3613 598 3646 Id.
612 3612 727 3653 Martii,
743 3613 928 3646 pontificatus
942 3614 1030 3646 nostri
1043 3624 1120 3647 anno
1133 3615 1235 3654 primo.

616 3689 743 3721 Plumbeo
759 3689 849 3730 Sigillo
859 3690 991 3731 pendente
1004 3702 1023 3722 a
1029 3690 1084 3734 filo
1099 3691 1224 3723 canaheo,

711 132 1512 184 CONVENTIONES,
1564 131 1951 180 LITERAE‚

2423 216 2498 249 Ann.
2512 219 2567 254 Dur

2444 265 2528 296 1255.

1354 306 1403 338 De
1426 300 1631 335 donationibus
1644 305 1680 341 ὠ
1697 303 1866 351 privilegiis
1884 329 1894 345 ‚
1912 302 2007 347 fastis
2029 300 2164 335 Bertoldo
2177 328 2187 345 ,
2209 300 2350 347 eddoni,
2374 308 2411 343 ὠ·
2424 299 2489 324 Hm·
2505 306 2534 333 ³·

1400 350 1561 399 Lodouqco
1584 350 1818 385 Marchionibus
1841 349 1877 383 de
1897 348 2091 384 Hoemburch
2105 376 2116 394 ,
2152 353 2185 383 in
2210 351 2338 396 Sicilia,
2356 363 2413 400 per

1399 403 1516 445 Papam
1535 398 1693 444 notificatis
1709 403 1783 446 Regi
1803 398 1930 446 Angliae·

1355 482 1571 545 ALexander
1586 482 1739 523 Episcopus
1749 507 1759 521 ,
1776 483 1867 515 servus
1879 483 2025 515 servorum
2039 481 2118 521 Dei,
2133 484 2275 516 carissimo
2287 486 2317 516 in
2327 483 2414 516 Chri-
2426 484 2479 511 An.
2496 492 2541 521 39.

1435 521 1479 552 sto
1493 521 1552 552 filio
1569 521 1611 552 H.
1625 522 1722 553 illustri
1735 522 1812 562 Regi
1824 522 1950 562 Angliae,
1968 521 2084 552 salutem
2103 523 2136 553 &
2151 521 2348 560 Apostolicam
2362 525 2412 555 be-
2425 526 2461 548 H·
2477 530 2501 557 3·

1354 559 1558 590 nedictionem.
2425 563 2465 586 Ex
2477 563 2538 596 qu

1395 597 1475 628 Cum
1512 598 1585 630 inter
1599 598 1793 637 conditiones,
1810 599 1860 629 sub
1880 598 1981 639 quibus
1994 597 2130 637 Regnum
2150 597 2254 629 Siciliae
2271 600 2411 633 cariffimo
2427 604 2491 635 ‘⁰8⁷-

1357 637 1388 666 in
1400 619 1517 667 Chrisio
1529 636 1589 667 filio
1603 636 1702 681 nostro
1715 636 1888 675 Edmundo,
1907 637 2005 668 illustri
2021 636 2098 680 Regi
2113 636 2216 667 Siciliae
2229 659 2240 675 ,
2265 647 2333 669 nato
2345 647 2413 680 tuo,

1358 674 1564 713 concessimus,
1581 683 1758 706 contineatur
1771 676 1896 713 expreffe
1911 675 1988 714 quod
2005 675 2188 714 donationes,
2205 676 2417 717 concessiones,

1359 713 1394 744 &
1409 712 1551 753 privilegia
1564 723 1579 744 a
1598 712 1694 743 faelicis
1712 713 1936 744 Recordacionis
1955 713 2127 744 Innocentio
2143 713 2218 751 Papa
2231 715 2417 752 praedeceffo-

1359 761 1390 781 rc
1404 751 1517 789 nostro,
1536 751 1581 781 vel
1601 761 1617 781 a
1629 752 1709 783 nobis
1724 774 1734 790 ,
1756 762 1824 782 cum
1843 753 1941 782 subscri
1963 753 2087 782 tionibus
2105 752 2220 782 fratrum
2237 753 2416 792 nostrorum,

1360 790 1433 820 faeta
1447 790 1558 820 dilectis
1571 789 1648 828 filiis,
1666 791 1808 820 nobilibus
1824 791 1890 820 viris
1902 813 1912 829 ,
1959 791 2087 828 ertoldo,
2102 790 2222 820 Oddoni
2233 814 2242 828 ‚
2268 792 2302 822 &
2317 791 2418 822 Lodo-

1359 829 1437 859 wico
1451 829 1578 858 fratribus
1590 827 1807 860 Marchionibus
1821 828 1857 859 de
1864 828 2073 860 Hohemburch
2081 852 2090 868 ,
2108 828 2188 860 firma
2200 829 2278 868 ipsis,
2295 830 2419 870 integra,

1359 867 1393 898 &
1406 867 1505 897 illibata
1520 867 1691 905 manebunt,

1398 904 1546 943 Iidemque
1560 905 1727 936 tenebuntur
1742 905 1773 936 in
1787 905 1868 936 bono
1881 904 1969 944 statu,
1986 906 2020 937 &
2039 905 2179 937 concessae
2200 905 2250 936 fibi
2265 906 2419 946 libertates,

1361 945 1545 1013 {affssi'ceciia‘
1546 954 1627 1013 {¹1³qu
1629 943 1879 1020 ῗεὲἱὲῗξῖἔῇἷῗῗέέ
1881 954 1939 1020 ξεῖ
1941 944 2200 1022 ἓυὲἓὲᾘῗὲξὲῗῗ
2206 945 2419 1015 ’ςὲἕέῑῗὲἒῖξᾶῗῖ

1361 1021 1427 1051 turi
1455 1022 1477 1051 is
1491 1044 1501 1060 ,
1525 1021 1558 1052 &
1573 1021 1609 1052 de
1629 1030 1709 1052 novo
1728 1022 1828 1059 etiam,
1845 1029 1893 1060 per
1906 1020 1951 1051 sua
1969 1021 2113 1060 privilegia
2127 1044 2137 1060 ,
2159 1022 2367 1061 concedentur,
2384 1032 2419 1054 ac

1359 1024 1568 1103 privilnegiorum
1584 1059 1819 1097 Apostolicorum
1831 1082 1841 1097 ,
1865 1068 1929 1102 quae
1942 1059 2019 1096 super
2033 1059 2085 1089 hiis
2100 1059 2220 1098 habent,
2237 1061 2417 1093 confirmatio

1360 1107 1415 1136 eis,
1430 1099 1463 1130 ὃς
1476 1098 1512 1129 de
1524 1099 1614 1129 verbo
1626 1098 1661 1128 ad
1673 1098 1790 1128 verbum
1803 1105 1950 1128 renovatio
1961 1107 2010 1136 per
2022 1105 2089 1127 eum
2103 1096 2167 1134 fiet5

1398 1136 1475 1175 Qia
1489 1137 1574 1167 iidem
1586 1136 1789 1174 Marchionoe,
1805 1136 1860 1174 ipsa
1875 1135 2016 1175 privilegia
2031 1135 2066 1166 ad
2082 1146 2133 1166 vos
2147 1159 2157 1174 ,
2178 1143 2293 1174 propter
2306 1138 2417 1169 viarum

1359 1175 1521 1206 discrimina
1533 1176 1567 1206 δε
1579 1175 1717 1215 pericula,
1733 1185 1797 1215 quae
1817 1174 1884 1218 alias⁸
1894 1173 2004 1217 poss'ent
2024 1174 2193 1218 contingere
2208 1175 2356 1218 ,nmittere
2367 1175 2419 1207 du-

1360 1214 1484 1245 bitarunt
1496 1237 1506 1252 ,
1532 1223 1584 1244 nos
1603 1214 1707 1253 singula
1725 1213 1823 1244 eadem
1840 1212 1985 1254 ‚privilegia
2003 1211 2148 1250 diligenter
2166 1213 2265 1250 inspici
2279 1213 2420 1254 fecimus,

1360 1252 1411 1290 &‚
1429 1253 1464 1283 de
1478 1253 1569 1283 verbo
1582 1252 1617 1283 ad
1631 1253 1751 1282 verbum
1769 1252 1911 1282 transcribi
1922 1275 1931 1289 ,
1946 1260 1980 1281 ac
1999 1250 2162 1289 transcriptis
2182 1250 2341 1289 hujusmodi
2356 1254 2420 1283 bul-

1360 1289 1416 1319 lam
1429 1290 1554 1321 nostram
1569 1292 1692 1329 apponi,
1709 1299 1739 1321 ut
1749 1313 1759 1329 ,
1774 1300 1823 1330 per
1835 1289 2003 1320 eorumdem
2019 1290 2230 1329 privilegiorum
2242 1290 2419 1330 transcripta,

1359 1329 1394 1359 &
1411 1329 1576 1367 exemplaria
1596 1330 1633 1360 iic
1654 1328 1753 1359 bullata
1767 1351 1777 1366 ,
1799 1328 1845 1359 fiat
1858 1328 1909 1358 sibi
1929 1328 1963 1358 &
1978 1328 2031 1358 tibi
2051 1329 2088 1358 de
2108 1328 2249 1366 praedicitis
2268 1329 2420 1369 privilegiis

1359 1366 1442 1404 plena
1455 1366 1537 1406 sides,
1555 1376 1588 1397 ac
1602 1367 1623 1397 si
1642 1367 1697 1406 ipsa
1717 1367 1855 1397 autentica
1869 1366 1902 1397 &
1920 1366 2064 1405 originalia
2096 1376 2165 1397 cum
2177 1367 2294 1397 fratrum
2308 1367 2421 1399 nostro-

1359 1415 1424 1436 rum
1435 1405 1698 1445 subscriptionibus,
1715 1404 1811 1436 vestris
1826 1404 1982 1442 praesentata
1994 1389 2148 1448 aspeelibus
2162 1404 2298 1436 videretis.

1393 1443 1472 1474 Cum
1487 1445 1569 1483 igitur
1582 1443 1688 1481 praefati
1704 1442 1888 1487 Marchiones
1906 1443 1956 1473 fibi
1969 1443 2003 1473 &
2018 1444 2066 1473 tibi
2086 1443 2244 1482 hujusmodi
2258 1444 2368 1475 transcri
2390 1453 2416 1476 ta

1357 1482 1540 1514 transmittant
1556 1505 1565 1520 ,
1590 1481 1793 1513 Celsitudinem
1813 1490 1889 1511 tuam
1906 1490 2040 1518 rogamus
2060 1489 2164 1513 attente
2177 1505 2187 1520 ‚
2210 1483 2338 1520 quatinus
2355 1455 2419 1523 iffa,

1357 1521 1425 1551 loco
1441 1520 1608 1552 eorumdem
1623 1520 1834 1559 privilegiorum
1848 1542 1858 1556 ,
1883 1520 2014 1557 recipias,
2031 1520 2064 1551 &
2080 1529 2256 1560 quaecunque
2269 1523 2420 1553 continent

1355 1559 1472 1590 firmiter
1492 1559 1587 1591 credas
1609 1559 1643 1591 &
1661 1566 1754 1591 tenens
1768 1581 1779 1598 ,
1803 1566 1938 1598 tanquam
1957 1557 1978 1588 fi
1992 1557 2047 1597 ipsa
2059 1557 2157 1590 eadem
2169 1559 2315 1598 privilegia
2334 1559 2419 1592 desti-

1354 1607 1463 1630 narent-

1393 1673 1463 1707 Dat.
1478 1673 1623 1715 Neapoli,
1643 1683 1677 1718 ¹3
1694 1674 1760 1707 Kal.
1774 1673 1865 1714 Maii,
1882 1671 2066 1706 Pontificatfis
2079 1672 2168 1705 nostri
2181 1683 2258 1705 anno
2269 1675 2373 1713 primo.

1712 1750 1838 1783 plumbeo
1850 1750 1940 1790 Sigillo
1946 1751 2079 1791 pendente
2093 1763 2112 1782 a
2116 1749 2171 1795 filo
2185 1750 2311 1782 canabeo.

1407 1876 1457 1910 De
1468 1876 1676 1922 stitigfaffione
1689 1886 1744 1923 per
1761 1873 1962 1910 Edmundum
1982 1878 2092 1923 Regem
2108 1875 2214 1909 Sicilia
2225 1873 2373 1920 facienda

1457 1922 1688 1959 Marchionibus
1705 1923 1742 1959 de
1757 1921 1952 1960 Hoemburch
1969 1923 2006 1958 de
2023 1923 2142 1958 damnis
2159 1927 2200 1957 eis
2217 1923 2322 1959 illatis.

1359 2010 1736 2083 Asszrsffriffisr
1756 2010 2417 2092 effigsrsffiroeff‘ssffiaiisffi:
2431 2006 2567 2089 ‘si-59²

1358 2088 1561 2173 ”edftifffissi
1572 2128 1750 2160 conditiones
1763 2127 1812 2159 sub
1827 2127 2083 2172 quibus-Regnum,
2095 2126 2214 2171 sienne,
2231 2125 2374 2158 cartffimo
2385 2128 2415 2158 in
2426 2091 2545 2164 517‘339‘

1358 2164 1428 2196 Chri
1455 2176 1475 2197 ο
1489 2166 1548 2198 filio
1562 2167 1661 2211 nostro
1675 2166 1831 2198 Edmundo
1847 2166 1944 2196 illustri
1958 2166 2035 2210 Regi
2049 2165 2174 2210 *Sicu-inae,
2192 2173 2261 2210 nato
2280 2173 2332 2196 tuo
2346 2175 2418 2210 con-
2431 2169 2471 2192 Er
2483 2168 2546 2201 Am,

1361 2203 1492 2236 ceffimus
1506 2228 1516 2244 ‚
1540 2213 1701 2250 continetur
1720 2205 1843 2243 expresse
1855 2204 1942 2248 ⁸quod
1961 2204 2069 2248 dilectis
2089 2203 2151 2233 filiis
2170 2204 2316 2247 nobilibus
2333 2214 2417 2243 viris,
2431 2212 2497 2240 togr.

1360 2241 1524 2313 {3333er
1531 2241 2342 2321 §³533ssssossj’ssti‘aiffi”sslsfilssifffflssbgfiii}
2353 2242 2420 2319 ἓξὲξ

1361 2319 1513 2351 satisfacere
1527 2321 1705 2364 promisimus
1717 2343 1727 2358 ,
1753 2330 1805 2350 nos
1822 2319 1857 2349 ad
1877 2319 1933 2363 hoc
1948 2320 1981 2350 &
2002 2318 2166 2363 Romanam
2179 2317 2333 2362 Ecclesiam
2348 2320 2422 2350 obli-

1361 2366 1473 2397 gantes,
1493 2359 1721 2397 satisfactionem,
1736 2358 1868 2402 adquam
1884 2358 1959 2401 idem
1975 2357 2041 2403 Rex
2052 2358 2078 2387 se
2090 2357 2240 2401 obligavit,
2259 2357 2423 2401 impendet;

1363 2396 1477 2466 &³333
1485 2397 1686 2467 ifflssssssffl
1695 2394 2422 2474 sgflffi‘inssimd'sssgegssiiiadsssieiissffniiig‘ffiffiffli

1362 2471 2422 2558 {isssssfi’essssz‘i‘gff'fgciffissszffis“gestitafflsffldsusssfssaffls

1363 2550 1652 2633 fflssffiussffffi
1661 2548 2422 2633 ἳὲῗ-ᾈΤῑὲἷῗὲἶῖἔζιὲἒφῗέἓῖἓῖῑιὲεέἓέςοῗὶὲἱῗᾱῖἐῗω

1384 2627 1467 2672 ‚Scis
1479 2628 1555 2673 quod
1569 2630 1599 2659 in
1613 2627 1698 2659 Festo
1711 2626 1936 2658 Resurreetionis
1948 2625 2074 2657 Domini
2087 2635 2222 2664 proximo
2234 2634 2357 2659 venturo
2369 2637 2423 2659 un-

1363 2675 1421 2748 cfai
1430 2667 1595 2750 &cleriei-Iride
1609 2706 1640 2736 in
1653 2703 1739 2736 Festo
1752 2703 1914 2734 Nativitatis
1928 2701 2096 2733 Dominicae
2107 2702 2280 2743 subsequenti
2292 2703 2355 2735 aliae
2368 2715 2422 2737 un-
2434 2709 2453 2730 *
2462 2711 2486 2740 1.
2500 2708 2570 2747 547!ss

1363 2744 1650 2826 ςῖῗηόἓῗεὲῆὲῗιῖεω.
1659 2778 1745 2825 Festo
1763 2778 1986 2823 Resurredizionis
2003 2778 2136 2823 proximo
2154 2777 2251 2823 futuro
2266 2779 2330 2818 post
2348 2790 2422 2825 prae.

1363 2818 1472 2850 dic‘tum
1481 2841 1492 2857 ,
1510 2820 1568 2851 duo
1581 2819 1667 2850 millia
1679 2827 1826 2850 unciarum
1846 2828 1906 2849 auri
1925 2817 2063 2861 solvantur
2075 2816 2194 2856 eisdem,
2210 2825 2248 2862 ita
2258 2818 2336 2862 quod
2350 2820 2422 2852 infra

1363 2867 1454 2902 unum
1474 2868 1579 2889 annum
1591 2881 1602 2898 ‚
1633 2857 1859 2895 computandum
1884 2866 1902 2886 a
1924 2854 2064 2899 praedicto
2086 2854 2309 2902 Resurredtionis
2334 2857 2421 2902 Festo

1364 2905 1499 2934 proximo
1512 2907 1634 2929 venturo
1647 2896 1732 2934 usque
1749 2894 1784 2925 ad
1797 2894 1962 2938 subsequens
1973 2893 2046 2924 aliud
2058 2916 2069 2931 ‚
2088 2894 2188 2937 Ητριε,
2206 2893 2243 2924 de
2255 2902 2314 2925 tota
2327 2895 2422 2934 hujus-

1364 2934 1445 2978 modi
1462 2943 1582 2976 quatuor
1594 2935 1720 2966 millium
1733 2934 1881 2965 unciarum
1893 2943 1951 2964 auri
1967 2932 2073 2963 summa
2086 2954 2097 2971 ,
2120 2933 2230 2972 integre
2251 2933 2286 2964 &
2302 2933 2423 2971 plenarie

1364 2973 1584 3056 sstlgiaodikdliqms
1592 3012 1665 3056 vero
1680 3017 1796 3049 quatuor
1811 3009 1933 3054 millibus
1952 3009 2097 3054 unciarum
2115 3010 2173 3040 auri
2185 3009 2294 3054 tamdiu
2309 3016 2423 3041 teneant

1364 3048 1542 3094 Comitatum
1557 3049 1709 3094 Gravmae,
1726 3058 1760 3079 ac
1780 3047 1931 3092 Civitatem
1949 3047 2065 3078 Botonti
2077 3070 2087 3086 ‚
2113 3047 2252 3078 frutribus
2265 3048 2345 3087 ipsius
2361 3047 2425 3079 Co-

1366 3087 1480 3119 mitatsis
1494 3089 1528 3119 &
1543 3088 1671 3119 Civitatis
1683 3087 1803 3125 eiusdem
1817 3087 1970 3130 deductisn(
1980 3094 2101 3117 tamtum
2116 3085 2237 3124 expensis
2251 3085 2422 3130 necessariis,

1364 3136 1429 3167 quae
1443 3137 1496 3167 pro
1509 3126 1641 3158 custodia
1656 3125 1822 3169 Castrorum
1837 3147 1847 3163 ‚
1856 3164 1861 3169 .
1870 3126 1905 3156 ὃς
1921 3124 1979 3156 aliis
1997 3124 2065 3155 fient
2077 3148 2087 3162 ‚
2101 3124 2308 3168 ‘computandis
2321 3134 2350 3154 in
2364 3123 2423 3169 sor7

1364 3164 1795 3241 ffindogffissglsisphrusgffioiaodi
1813 3164 1915 3203 rehqua
1935 3171 2054 3203 quatuor
2068 3162 2188 3193 millium
2202 3171 2350 3194 unciarum
2364 3172 2422 3194 auri

1401 3241 1471 3273 Ideo
1494 3252 1528 3272 ue
1548 3241 1732 3283 Serenitatem
1752 3249 1828 3271 tuam
1844 3248 1980 3283 ¹rogamus
2000 3238 2191 3285 &hortamur
2208 3239 2312 3270 attente
2333 3239 2423 3278 quati-

1365 3291 1416 3311 nus
1429 3303 1438 3319 ,
1462 3291 1477 3310 a
1519 3279 1742 3310 observationem
1766 3277 1958 3316 praedustarum
1972 3277 2133 3317 fiiluttonum
2150 3277 2296 3315 praefatum
2321 3286 2420 3308 natum

1365 3327 1447 3349 tuum
1455 3341 1465 3357 ‚
1480 3319 1514 3349 &
1526 3318 1584 3356 ejus
1596 3317 1643 3347 Re
1684 3327 1732 3347 um
1744 3318 1862 3356 obligari
1874 3317 1957 3347 facias
1969 3339 1978 3355 ,
2003 3318 2037 3348 &
2049 3315 2174 3360 ejusdem
2192 3316 2249 3346 nati
2261 3316 2303 3359 tui
2319 3315 2420 3359 litteras

1363 3357 1468 3426 offleerrn
1469 3355 1644 3425 t:1³:313&aiom
1665 3365 1696 3386 us
1709 3355 1787 3394 super
1801 3357 1859 3388 hoc
1874 3363 1997 3394 patentes
2002 3377 2013 3393 ‚
2031 3354 2082 3386 suo
2095 3353 2182 3394 figiuo
2202 3362 2340 3392 munitas,
2352 3353 2421 3384 libe-

1405 3470 1474 3515 Dat.
1485 3470 1630 3511 Neapoli,
1648 3471 1804 3503 undecimo
1823 3469 1942 3502 Kalend.
1960 3468 2052 3509 Maii,
2070 3466 2255 3500 Pontificatsis
2271 3466 2358 3499 nostri
2371 3475 2421 3498 an-

1366 3519 1408 3542 no
1423 3519 1525 3550 primo.

1725 3587 1852 3619 plumbeo
1866 3584 1955 3625 sigillo
1959 3584 2090 3624 pendente
2105 3595 2124 3614 a
2130 3583 2184 3627 filo
2196 3581 2318 3614 cambeo-

1391 3718 1482 3753 Baua
1495 3728 1552 3765 pro
1568 3719 1704 3766 Epifiopo
1721 3715 2104 3798 Bononienst‚Sqlelpecunia
2113 3708 2330 3758 fibifilvenda
2342 3720 2400 3756 pro

1773 3776 1884 3814 negono
1927 3776 1965 3798 161
1979 3776 2019 3798 lae.

1370 3857 1425 3915 A
1434 3858 1580 3904 Lexander
1594 3859 1764 3906 Episcopus,
1774 3860 1874 3904 servus
1884 3857 2026 3902 servorum
2044 3855 2120 3893 Dei,
2136 3851 2276 3884 carissimo
2291 3852 2322 3883 iti
2335 3852 2422 3921 l(ilhri-
2435 3854 2513 3888 Ann.
2525 3852 2557 3886 Π

1369 3898 1604 3969 ὺεῃείέῗᾶίίἱὲὲοεωι
1685 3899 1781 3930 illustn
1800 3897 1876 3936 Regi
1895 3897 2005 3935 Angliae
2018 3917 2029 3932 ,
2051 3894 2164 3923 filutem
2179 3893 2212 3923 &
2227 3891 2338 3931 Aposto
2359 3901 2424 3923 cam
2437 3900 2556 3970 2122&

1405 3973 1486 4006 cum
1498 3975 1660 4005 venerabilis
1672 3975 1754 4005 frater
1767 3972 1864 4003 noster
1965 3966 2117 4012 Episcopus
2137 3966 2321 3998 Bononiensis
2338 3967 2424 4011 olim,
2438 3975 2472 3998 H.
2496 3979 2522 4007 3.

1369 4013 1406 4046 ad
1425 4011 1586 4045 mandatum
1603 4013 1699 4046 faelicis
1719 4008 1921 4043 recordationis
1938 4005 2098 4039 Innocentii
2118 4004 2202 4045 Papae
2219 4005 2426 4081 praedocggssorriis
2440 4011 2555 4084 ἷξε-μω
