2570 4261
98 243 182 279 ¹2⁶9·
232 247 292 283 pub
552 280 556 284 .
669 277 673 282 .
755 277 760 282 .
1211 273 1216 278 .

75 283 140 308 Heu.
162 290 187 317 3·
229 285 267 314 cii
288 284 394 313 ratione
415 282 620 316 interponimus
641 276 851 314 stipulationem
871 275 1048 318 solempnem
1063 297 1074 311 ,
1089 274 1123 304 ὃς
1143 272 1180 303 ab
1192 272 1297 303 eisdem

71 705 147 737 Arm.
164 705 205 736 D.

92 745 174 784 1269.

69 831 185 898 Ρὲιῗςις.

68 945 95 964 n.
112 946 157 973 27.

59 1835 136 1866 Anu.
151 1834 190 1866 D.

85 1876 167 1913 1269.

57 1916 109 1941 Aa.
130 1923 177 1951 53.

57 1956 92 1979 Η.
115 1961 139 1988 3.

57 1994 89 2019 L.
103 1989 166 2027 ss.

59 2037 125 2063 244.
139 2028 164 2056 b.

56 2070 130 2093 Penes

56 2108 188 2134 Camerar·

55 2146 172 2172 scateat.

228 134 309 163 112

331 255 354 283 ¹>

229 319 460 353 Procuratoribus
471 318 504 348 ὃς
518 325 618 347 eorum
635 315 764 355 quolibet
778 315 919 353 interponi
931 315 1011 353 posse
1023 313 1154 344 volumus
1168 311 1201 341 &
1215 321 1296 342 man·

227 361 332 392 damus.

261 398 296 429 In
308 397 400 435 cujus,
419 394 479 425 &c.

261 473 369 503 Actum
383 471 416 502 δε
428 469 525 500 datum
538 469 612 509 apud
624 468 789 501 Windesor.
808 477 848 500 20
861 467 909 500 die
922 467 1013 506 Maii,
1030 476 1107 497 anno
1119 464 1216 505 Regni
1231 473 1298 496 nos-

224 512 258 543 tri
270 520 324 551 53,
344 511 378 541 &
393 510 488 547 gratiae
508 511 592 548 1269.

331 636 382 667 De
395 632 555 668 Edwardo
569 636 768 681 primogenito
784 634 873 679 Regis
891 629 972 677 mtffi
989 632 1020 662 in
1036 630 1191 664 Wlliam.

226 719 353 776 REX
372 720 508 751 omnibus
520 719 554 749 ad
569 728 660 763 quos,
677 718 738 749 &c.
752 717 875 749 salutem.

333 758 411 798 Qia
425 759 548 789 formam
562 767 655 796 pacis,
672 759 744 787 inter
766 766 836 795 nos,
852 756 886 787 &
905 753 1042 785 dileetum
1056 754 1090 785 &
1103 753 1215 786 fidelem
1230 764 1297 786 nos-

68 788 122 811 Aa.
142 794 159 819 5
164 794 188 821 3·
226 806 301 829 trum
318 798 495 829 Lewelinum
509 796 672 835 Principem
688 795 820 833 Walliae,
838 793 955 833 provida
961 792 1201 836 deliberatione&
1213 803 1297 824 com-

227 838 307 867 muni
325 837 469 867 voluntate
487 845 577 873 nuper
597 835 695 865 initam
714 834 747 865 ὃς
769 834 902 872 juratam,
919 831 1034 863 firmiter
1051 833 1189 863 obiervari
1212 833 1295 863 volu-

225 884 287 906 mus
299 898 309 914 ,
330 884 360 906 ut
383 884 512 906 tenemur
528 884 534 903 :
562 874 596 904 ὃ(
617 873 694 912 quod
708 872 743 903 ad
765 873 839 911 pacis
857 871 891 902 &
905 871 1094 915 tranquilitatis
1107 871 1296 902 conservatio-

222 924 290 945 nem
304 937 314 952 ,
337 915 394 945 tarn
414 914 493 952 super
514 911 771 952 transgressionibus
793 911 827 942 &
848 910 914 941 dam
936 920 978 954 nis
999 909 1095 949 fastis,
1114 920 1200 948 quam
1214 909 1292 949 super

221 954 298 984 terris
312 952 524 984 &tenementis
535 952 604 982 hinc
618 950 685 982 inde
698 950 858 988 occupatis,
880 950 908 987 ju
937 949 982 980 'tia
996 950 1232 988 conquerentibus
1244 957 1293 980 ex-

221 991 363 1022 hibeatur:

256 1030 324 1061 Nos
336 1053 346 1069 ,
370 1030 445 1069 pacis
455 1029 472 1069 ,'
489 1030 524 1061 &
543 1027 708 1060 concordiae
726 1027 861 1058 zelatores
874 1049 885 1065 ,
907 1035 941 1057 ac
962 1025 1089 1057 volentes
1102 1036 1223 1057 omnem
1235 1026 1290 1056 im-

239 1068 364 1100 osterum
378 1069 571 1100 contentionis
583 1069 618 1100 &
631 1066 775 1098 discordiae
789 1066 933 1096 materiam
948 1074 1106 1106 amputare,
1122 1066 1259 1096 mittimus
1272 1066 1287 1096 a

217 1079 302 1139 litere
315 1107 415 1138 nostro
430 1107 465 1138 ad
480 1115 570 1147 partes
582 1106 725 1137 Marchiae
733 1105 906 1136 Edwardum
921 1103 1149 1143 Primogenitum
1157 1103 1289 1135 nostrum

217 1146 392 1177 karissimum
406 1158 416 1185 3
433 1147 470 1177 ita
495 1145 574 1185 quod
588 1145 619 1175 sit
631 1144 665 1176 ad
678 1145 783 1175 vadum
798 1142 911 1174 Montis
923 1141 1056 1182 Gomery
1069 1143 1115 1174 die
1122 1142 1206 1182 Jovis
1223 1152 1290 1183 pro-

216 1186 291 1216 xima
302 1184 368 1226 post
382 1184 514 1215 instantes
529 1184 643 1216 ostabas
657 1183 770 1214 Sanetae
782 1181 936 1212 Trinitatis.

256 1223 366 1255 Dantes
378 1224 488 1262 eidem,
506 1233 562 1254 una
581 1232 648 1254 cum
672 1222 740 1261 hiis,
755 1230 826 1261 quos
840 1221 888 1252 fibi
901 1220 1010 1251 duxerit
1022 1219 1210 1259 associandos,
1229 1220 1289 1261 ple-

217 1272 285 1294 nam
297 1263 465 1301 potestatem
479 1261 607 1293 audiendi
623 1261 656 1293 &
672 1259 856 1298 terminandi,
871 1268 940 1290 cum
956 1260 1169 1290 continuatione
1180 1260 1213 1291 &
1222 1269 1289 1297 pro-

216 1303 363 1342 rogatione
383 1301 492 1332 dierum
506 1324 516 1340 ,
541 1301 610 1331 locis
629 1300 730 1339 quibus
750 1298 852 1329 viderit
873 1297 1018 1338 expedire,
1035 1299 1133 1329 omnia
1148 1308 1230 1337 quae,
1247 1299 1287 1328 se-

215 1340 342 1372 cundum
356 1339 478 1370 formam
491 1340 566 1377 pacis
580 1338 741 1379 praediCtae,
759 1339 793 1369 &
808 1337 962 1368 secundum
976 1337 1050 1376 leges
1061 1337 1094 1368 &
1108 1336 1288 1368 consuetudi-

217 1389 267 1411 nes
287 1378 425 1409 Marchiae
439 1401 448 1417 ,
472 1379 532 1408 tam
555 1377 634 1415 super
649 1375 809 1415 praemlffis,
827 1377 914 1414 quam
928 1376 983 1405 aliis
996 1376 1147 1415 omnibus,
1166 1375 1200 1406 ad
1216 1385 1289 1406 con-

214 1419 398 1486 servactiionem
414 1417 488 1456 pacis
503 1416 647 1455 praediitae
662 1414 833 1454 necessariis,
851 1414 1024 1446 terminanda
1038 1415 1142 1446 fuerint
1156 1415 1189 1446 &
1203 1424 1289 1446 com-

239 1458 284 1488 len
305 1466 328 1486 a.

218 1467 238 1496 p
252 1494 287 1526 In
301 1494 398 1534 cujus,
416 1493 477 1526 &c.

213 1570 215 1573 ’
248 1570 337 1602 Teste
349 1570 433 1611 Rege
445 1570 518 1611 apud
533 1569 697 1602 Windesor.
712 1579 748 1600 21
765 1570 811 1600 die
824 1568 906 1600 Maii.

273 1699 395 1730 Littera
410 1697 544 1744 Epiftopi
562 1698 680 1744 Agenn.
697 1695 733 1729 de
748 1694 885 1743 homagio
901 1704 1011 1740 recepto
1033 1691 1073 1726 ab
1090 1695 1224 1727 Henrico

484 1750 572 1794 RegIs
590 1746 783 1779 Alamannia
798 1747 1010 1791 Primogenim.

282 1830 427 1870 Niversis,
442 1830 586 1870 praesentes
605 1831 706 1861 litteras
725 1830 888 1868 inspecturis
902 1852 912 1868 ,
938 1828 971 1859 P.
985 1828 1157 1860 miseratione
1173 1828 1281 1860 Divina

300 1869 454 1908 Episcopus
469 1870 494 1900 A
514 1879 560 1900 en.
576 1869 690 1900 salutem
705 1870 734 1900 in
749 1869 893 1900 Domino.

252 1907 401 1939 Noveritis
448 1919 466 1939 u
525 1918 578 1939 nos
590 1931 600 1946 ,
623 1917 687 1939 rece
706 1916 738 1938 to
757 1908 893 1946 homagio
907 1906 940 1936 &
955 1905 1089 1937 fidelitatis
1097 1907 1258 1945 juramento

214 1956 268 1986 pro
280 1947 362 1977 nobis
377 1948 411 1979 &
453 1947 551 1979 eclesia
566 1946 662 1978 nostra
706 1955 791 1986 genn.
803 1946 840 1977 ab
860 1943 957 1976 illustri
970 1946 1034 1975 viro
1048 1944 1140 1976 Henr.
1162 1945 1256 1976 illustr’
1269 1963 1283 1969 -

216 1986 275 2015 limi
289 1986 377 2026 Regis
392 1986 566 2017 Alamanniae
587 1986 777 2025 primogenito
792 2007 803 2023 ,
817 1994 870 2022 pro
883 1984 910 2014 se
923 1983 957 2014 &
970 1983 1101 2014 Domina
1115 1983 1283 2015 Constantia

212 2034 299 2054 uxore
312 2025 373 2063 sua,
388 2025 422 2056 &
433 2035 489 2055 una
502 2025 598 2056 lancea
621 2024 657 2055 de
676 2031 813 2062 accapto,
831 2032 884 2062 pro
897 2030 959 2052 toto
973 2023 1114 2053 territorio
1130 2022 1279 2062 Brulhien,

213 2063 291 2100 quod
311 2072 388 2094 tenet
407 2064 423 2094 a
440 2063 522 2094 nobis
536 2086 546 2102 ,
565 2073 599 2094 ac
618 2064 676 2094 aliis
697 2061 928 2102 promistionibus
939 2062 1057 2100 receptis
1069 2062 1105 2092 ab
1119 2071 1170 2100 e0,
1184 2061 1282 2092 secun-

212 2101 282 2132 dum
294 2102 371 2141 quod
387 2103 418 2132 iri
432 2102 526 2133 litteris
540 2102 620 2139 ipiius
632 2101 674 2132 H.
687 2101 794 2141 plenius
806 2101 984 2137 continetur,

248 2139 444 2171 Promittimus
460 2140 554 2171 eidem
577 2139 619 2170 H.
655 2149 687 2170 ro
706 2140 749 2179 se,
766 2140 800 2170 &
811 2139 888 2170 dieta
901 2138 1029 2169 Domina
1043 2136 1228 2177 Constantia,
1245 2139 1280 2169 &

209 2177 420 2210 Successoribus
441 2178 492 2209 suis
505 2202 515 2217 ,
533 2189 587 2217 pro
600 2189 640 2209 no
661 2180 683 2209 is
702 2179 737 2210 &
750 2177 873 2208 Ecclesia
885 2177 997 2214 nostra,
1015 2177 1050 2207 &
1062 2176 1275 2207 Succefforibus

209 2216 329 2256 nostris,
346 2216 424 2255 quod
444 2219 548 2248 erimus
568 2216 660 2248 eidem
682 2217 752 2248 boni
764 2216 888 2247 Domini
903 2216 936 2247 &
949 2214 1060 2254 fideles,
1076 2216 1182 2246 ratione
1198 2215 1280 2254 hujus

209 2255 286 2287 feodi
301 2256 335 2287 ὅ(
349 2257 479 2286 territorii
493 2257 659 2294 memorati,

242 2294 314 2325 Nec
328 2294 495 2332 praedictum
516 2294 650 2333 feodum,
667 2293 711 2324 vel
724 2293 885 2325 dominium
899 2292 979 2333 ipsius
991 2293 1067 2324 feodi
1081 2293 1126 2324 alii
1140 2292 1275 2323 Domino

204 2332 415 2373 supponemus,
431 2334 466 2365 ὃ(
486 2333 658 2373 portabimus
678 2333 771 2363 eidem
794 2333 926 2363 Domino
946 2331 988 2362 H.
1010 2332 1044 2363 ὃ(
1067 2332 1136 2370 suis,
1155 2332 1191 2363 de
1204 2341 1275 2369 prae-

205 2372 286 2402 dic‘to
304 2372 444 2402 territorio
463 2371 509 2403 seu
530 2371 616 2403 feodo
629 2394 638 2409 ,
657 2371 765 2402 bonam
783 2372 818 2402 &
838 2371 993 2410 legitimam
1013 2372 1166 2410 garentiam
1179 2393 1189 2408 ,
1207 2371 1277 2401 sicut

205 2411 297 2441 bonus
312 2409 458 2441 Dominus
472 2419 583 2451 portare
595 2410 680 2441 debet
695 2410 744 2440 suo
753 2411 835 2441 bono
847 2409 962 2441 vassallo
978 2409 986 2439 l
1024 2410 1122 2448 itimo,
1140 2409 1174 2440 &
1189 2408 1274 2439 fideli.

243 2449 323 2489 Qiae
334 2450 431 2479 omnia
444 2449 586 2488 ratificari,
604 2449 638 2480 &
651 2448 797 2488 adprobari
810 2449 944 2480 faciemus
967 2449 992 2478 ei
1013 2458 1059 2479 em
1074 2447 1210 2478 Domino
1231 2447 1274 2477 H.

204 2488 220 2518 a
234 2487 357 2525 capitulo
419 2498 484 2518 enn.
503 2489 538 2521 δε
556 2489 614 2520 dari
634 2488 684 2519 fibi
699 2512 708 2526 ,
727 2488 804 2528 super
827 2487 1007 2519 ratificatione
1026 2487 1107 2525 hujus
1122 2510 1132 2526 ,
1150 2494 1274 2527 patentes

203 2526 303 2557 litteras
316 2527 352 2557 ab
367 2536 402 2557 eo
423 2536 479 2557 em.

241 2564 275 2595 In
287 2566 366 2604 cujus
380 2567 419 2595 rei
434 2564 629 2596 testimonium
641 2564 761 2604 sigillum
782 2563 911 2595 nostrum
924 2563 1102 2602 praesentibus
1114 2564 1209 2597 litteris
1221 2563 1274 2596 du-

204 2603 295 2634 ximus
307 2604 517 2644 apponendum.

203 2679 421 2757 Βοῖτῗίῐῐυυφηάόίξ
437 2680 556 2713 Veneris
574 2681 638 2722 post
657 2681 763 2713 festum
784 2681 859 2712 beiti
872 2679 1008 2712 Barnabae
1030 2678 1180 2721 Apostoli,
1197 2687 1274 2712 anno

543 2851 565 2873 *
591 2853 639 2885 De
656 2849 796 2885 Arbitris
811 2853 954 2885 Franciae.

176 2967 183 2974 ,
204 2935 331 2991 REX
350 2938 486 2969 omnibus
495 2937 529 2969 ad
544 2948 634 2977 quos,
651 2938 713 2969 &c.
729 2936 851 2968 salutem.

160 3007 166 3012 ,
311 2975 436 3007 Noverit
450 2976 625 3008 Universitas
636 2976 725 3007 vestra
731 2977 809 3016 quod
825 2984 894 3007 cum
908 2976 979 3005 inter
994 2973 1158 3005 Dominum
1173 2970 1273 3003 Ludo-

162 3043 168 3049 ,
205 3014 303 3044 vicum
324 3013 440 3053 Regem
459 3015 586 3046 Franciae
607 3015 741 3046 illustrem
761 3025 796 3045 ex
816 3023 893 3053 parte
912 3024 989 3050 una;
1008 3014 1042 3044 δε
1063 3022 1115 3043 nos
1127 3021 1161 3042 ex
1173 3011 1272 3049 altera,

204 3052 283 3090 super
302 3051 413 3083 diversis
432 3054 551 3084 articulis
573 3054 606 3085 δε
626 3053 846 3093 quaestionibus,
865 3054 942 3083 terris
957 3051 1104 3089 videlicet,
1119 3051 1151 3081 &
1169 3050 1272 3090 posses-

165 3118 171 3125 ,
206 3091 345 3129 sionibus,
359 3092 393 3122 &
413 3092 494 3122 rebus
514 3093 588 3130 aliis,
608 3092 730 3122 suscitata
745 3092 837 3123 fuisset
851 3093 964 3122 materia
979 3089 1158 3129 quaestionis,
1173 3099 1206 3119 ac
1222 3088 1271 3119 de—

206 3139 303 3167 mum,
321 3130 522 3161 interveniente
537 3132 610 3170 pacis
628 3131 758 3169 au&ore,
778 3131 856 3172 super
871 3130 1005 3161 omnibus
1018 3128 1139 3159 articulis
1159 3137 1271 3158 memo-

204 3170 268 3237 }ati?
283 3168 452 3207 jamdudum
473 3170 653 3200 intervenerit
672 3169 764 3200 forma
783 3172 857 3208 pacis
878 3168 914 3200 de
927 3169 1056 3208 ipartium
1077 3167 1184 3198 firmata
1197 3176 1271 3198 cou-

215 3218 249 3237 en
261 3219 294 3238 u·

241 3230 376 3286 Cu’mque
390 3247 420 3277 in
433 3246 488 3284 ipsa
499 3255 569 3286 pace
583 3245 665 3276 multi
683 3246 766 3284 usque
788 3247 817 3276 in
829 3245 905 3276 diem
919 3246 1085 3284 praesentem
1096 3245 1206 3276 articuli
1226 3247 1271 3276 in-

202 3284 339 3323 completi
354 3294 515 3316 remaneant
530 3308 540 3323 ,
556 3294 608 3324 pto
627 3295 664 3315 eo
684 3284 779 3323 quod,
799 3286 829 3314 in
851 3285 952 3315 eisdem
967 3284 1103 3322 articulis,
1119 3283 1156 3314 de
1176 3285 1271 3315 bono-

201 3332 265 3353 rum
292 3325 417 3354 virorum
431 3346 441 3361 ,
465 3323 658 3364 eligendorum
679 3323 746 3354 hinc
764 3322 827 3353 inde
841 3346 851 3361 ,
875 3324 991 3354 arbitrio
1013 3324 1059 3354 seu
1076 3321 1211 3362 esgardo,
1237 3322 1269 3354 fit

201 3363 324 3401 mentio,
340 3373 405 3401 quae
420 3362 563 3393 bonorum
577 3363 704 3393 virorum
718 3361 878 3399 hujusmodi
891 3372 945 3393 nec
959 3362 1030 3393 dum
1043 3361 1175 3399 proceffit
1189 3362 1265 3392 elec-

202 3400 244 3467 ἕο
257 3422 266 3438 ,
287 3411 339 3432 nec
361 3411 410 3442 per
429 3401 604 3439 consequens
624 3402 768 3431 arbitrium
782 3401 947 3431 eorumdem
966 3401 1107 3441 judicium
1121 3400 1166 3430 vel
1180 3400 1269 3440 esgar-

223 3447 289 3473 um,

239 3475 322 3518 Nos,
340 3485 474 3515 quantum
490 3477 519 3507 in
538 3477 621 3507 nobis
636 3476 693 3516 est,
709 3476 888 3515 summopere
906 3476 1070 3508 affeetantes
1083 3476 1169 3514 ipsam
1183 3486 1267 3508 com-

205 3513 372 3550 positionem
385 3515 429 3546 seu
444 3525 542 3552 pacem
556 3516 665 3555 penitus
686 3515 875 3546 consummari
889 3539 899 3554 ,
916 3516 1004 3546 nichil
1016 3525 1051 3546 ex
1064 3525 1095 3546 ea
1109 3516 1269 3553 incomple-

206 3558 268 3580 tum
286 3552 417 3592 relinqui,
434 3554 564 3584 discretos
586 3555 677 3594 viros,
696 3553 865 3593 Magistrum
886 3553 1086 3585 Guillielmum
1099 3553 1174 3584 dela
1189 3553 1266 3584 Cor-

207 3597 274 3618 nere
295 3588 413 3621 Domini
430 3591 514 3629 Papae
535 3591 719 3630 Capellanum
757 3594 790 3623 δε
801 3592 964 3631 Johannem
976 3593 1012 3624 de
1027 3593 1052 3623 la
1066 3592 1167 3632 Lynde
1181 3591 1264 3623 Mili-

207 3633 284 3670 tem,
303 3636 335 3657 ex
354 3637 427 3666 parte
448 3630 540 3662 nostra
557 3631 701 3671 eligimus,
721 3616 754 3662 ἐς
774 3632 804 3661 in
825 3641 888 3670 eos,
905 3640 1037 3672 tanquam
1058 3631 1151 3662 bonos
1171 3632 1264 3669 viros,

205 3662 318 3701 Judices
331 3687 340 3701 ,
363 3665 549 3708 Esgardatores
565 3693 575 3708 ,
598 3670 643 3701 seu
667 3670 871 3708 Arbitratores,
894 3670 954 3700 tam
975 3680 1028 3709 pro
1049 3670 1154 3707 nobis,
1179 3669 1264 3708 quam

207 3711 262 3741 pro
278 3701 428 3734 haeredibus
441 3706 553 3744 nostris,
571 3709 847 3746 compromittimus,
864 3708 910 3739 seu
923 3709 1007 3739 etiarn
1019 3707 1225 3739 consentimus:

220 3778 225 3784 ,
247 3739 439 3785 ΒΨΡΡΟΠΕΠῐςε
457 3753 508 3773 nos
520 3746 553 3776 ὅς
567 3746 689 3778 haeredes
702 3746 814 3777 nostros
825 3747 943 3777 totaliter
951 3771 960 3784 ‚
976 3748 1005 3777 in
1018 3747 1153 3777 omnibus
1164 3747 1265 3776 articu-

208 3777 254 3815 lis,
273 3787 301 3807 Π]
319 3777 469 3822 supradicta
488 3791 557 3820 pace
571 3786 710 3815 contentis
724 3785 768 3822 (ad
802 3794 851 3815 uos
865 3785 1008 3816 bonorum
1020 3786 1146 3816 virorum
1159 3784 1265 3814 eleeto-

210 3826 291 3859 rum,
309 3816 353 3846 seu
368 3816 563 3863 *eligendorum
586 3823 652 3853 hinc
671 3823 736 3853 inde
756 3833 784 3853 re
797 3831 870 3853 ertur
886 3823 1031 3861 Judicium
1045 3823 1091 3853 vel
1103 3822 1263 3861 esgardum,

210 3854 256 3884 seu
278 3864 307 3883 m
327 3854 426 3898 quibus
444 3855 479 3885 de
492 3859 667 3897 inquisitione
681 3862 726 3891 vel
739 3863 942 3892 examinatione
953 3872 1001 3902 per
1014 3862 1124 3892 eosdem
1138 3859 1265 3890 facienda

212 3891 243 3922 fit
265 3892 384 3928 menno)
407 3894 571 3937 eorumdem
588 3898 694 3934 judicio
709 3922 718 3937 ,
739 3899 844 3938 laudo,
868 3900 1037 3931 ordinationi
1052 3923 1063 3939 ,
1087 3898 1265 3935 diffinitioni,

213 3930 360 3973 mand-210,
382 3929 578 3967 adiudicationi
591 3956 601 3971 ,
623 3937 794 3967 arbitrationi
807 3960 816 3975 ,
837 3938 1029 3976 inquisitioni,
1049 3937 1265 3974 examinationi,

210 3968 324 3998 arbitrio
336 3968 380 3998 seu
394 3968 427 3998 es
439 3967 523 4005 ardo·,

247 4004 330 4037 Adeo
348 4016 385 4046 qu
446 4007 580 4048 quicquid
600 4009 648 4047 ipsi
661 4010 719 4042 duo
728 4035 738 4051 ,
756 4014 811 4043 una
824 4022 893 4044 cum
908 4012 1018 4045 duobus
1030 4013 1090 4045 aliis
1104 4013 1187 4044 bon'n
1200 4012 1265 4044 viris

1265 1554 1276 1591 ὲ»
1302 1551 1305 1562 ¹
1326 1569 1453 1625 REX
1470 1570 1576 1602 dilest0
1588 1571 1622 1602 &
1640 1570 1871 1610 fide11210hmmi
1885 1570 1921 1601 de
1936 1570 1960 1602 ia
1975 1569 2084 1609 Linde,
2101 1569 2226 1600 salutem.

682 101 1498 158 CONVENTIONES,
1553 105 1945 161 LITERAE,

77 201 156 233 Ann-
172 200 214 232 D·
232 206 277 237 vel
334 206 394 236 terit
426 202 459 235 &3
473 211 526 241 pro
542 201 602 240 ipsis
616 200 713 238 vobis,
730 199 816 238 gratia
829 199 863 230 δε
875 197 981 228 ratione
995 193 1168 241 principatus
1184 197 1218 239 ὅς
1229 195 1297 234 juris

293 216 336 275 Eg·
369 228 498 274 &’1terio
511 240 634 271 Domini
648 237 733 278 Papae
748 236 874 268 Notario
887 236 1005 277 publico
1017 243 1163 275 recipienti
1178 234 1217 264 sui
1229 233 1297 264 offi-

1338 188 1433 235 eleetis
1453 200 1488 236 ως
1515 199 1591 231 parte
1609 191 1734 224 Domini
1757 193 1845 234 Regis
1860 193 2006 232 Franciae,
2023 192 2101 238 super
2113 193 2231 225 articulis
2246 195 2408 226 memoratis
2426 190 2503 223 Ann-
2517 192 2570 231 Di·-

1336 230 1536 274 Judicaverint,
1559 231 1745 271 laudaverint,
1768 234 1976 271 ordinaverint,
1995 233 2178 272 diffinierint,
2197 232 2407 274 mandaverint,
2448 231 2541 271 1269.⁴

1336 268 1570 312 adjudicaverint,
1590 270 1711 301 arbitrati
1734 271 1852 309 fuerint,
1870 272 1915 302 seu
1928 271 2143 310 elgardaverint,
2161 272 2206 302 vel
2220 272 2405 311 inquirendo,
2421 275 2487 300 Hen.
2509 281 2534 309 3-
2562 304 2565 306 .

1336 307 1382 337 seu
1395 308 1582 338 examinando
1593 309 1710 340 fecerint
1723 311 1752 339 in
1768 310 1869 340 eisdem
1878 310 1947 348 ,lite
1961 310 2116 341 contestata
2129 309 2176 340 vel
2191 320 2251 341 non
2265 310 2407 342 contesta-

1338 345 1382 384 ta,
1401 347 1517 385 negotio
1537 347 1696 383 huiusmodi
1716 348 1854 379 instruito
1867 349 1912 378 vel
1927 358 1987 379 non
2002 348 2157 387 instrudm,
2174 349 2231 379 uns
2244 356 2321 388 parte
2354 359 2407 380 rae-

1335 383 1428 423 sente,
1443 384 1528 415 altera
1546 384 1674 427 absente,
1692 386 1776 418 citata
1789 387 1836 418 vel
1849 397 1910 417 non
1923 387 2007 418 citata
2018 412 2027 425 ,
2042 388 2142 419 ordine
2152 388 2300 426 judiciario
2314 397 2334 417 o
2355 389 2408 420 set-

1336 431 1403 453 vato
1425 423 1470 454 vel
1490 433 1551 453 non
1570 422 1734 464 observato,
1750 426 1848 457 diebus
1869 425 1970 457 feriatis
1989 426 2036 456 vel
2057 436 2118 457 non
2141 427 2258 466 feriatis,
2282 427 2408 465 partibus

1336 462 1516 500 praesentibus
1539 462 1586 492 vel
1608 463 1779 503 absentibus,
1796 465 1827 495 in
1848 464 1953 504 scriptis
1974 465 2021 495 vel
2043 465 2099 495 sine
2111 465 2233 504 scriptis,
2248 466 2408 506 obligamus

1336 509 1389 529 nos
1425 500 1459 530 &
1471 499 1595 531 haeredes
1609 501 1736 540 nostros,
1754 510 1891 543 perpetuo
1905 504 1939 535 &
1955 503 2152 534 inviolabiliter
2165 503 2321 535 observare.

1363 522 1515 581 Volumus
1534 547 1628 569 tamen
1643 541 1739 580 quod,
1757 550 1908 582 antequam
1921 542 1971 580 ipsi
1985 542 2020 572 ad
2031 543 2172 581 judicium
2185 542 2315 582 aliquod,
2332 544 2408 575 arbi-

1335 584 1421 619 trium
1440 576 1486 607 seu
1507 577 1650 622 esgardurn
1657 601 1673 622 ,Ι
1689 579 1896 619 inquifitionem
1915 580 1961 611 seu
1982 582 2218 612 examinationem
2232 582 2407 622 procedant,

1334 624 1365 644 in
1389 615 1531 659 prazsentia
1553 615 1676 660 Domini
1696 617 1785 657 Regis
1805 619 1947 657 Franciae,
1972 620 2031 650 tam
2050 620 2118 660 ipsi,
2161 620 2227 650 uam
2247 619 2306 657 illi,
2322 623 2372 660 qui
2388 623 2405 654 ὲ

1334 661 1412 698 parte
1433 654 1513 699 ipsius
1531 654 1620 699 Regis
1638 655 1766 687 Franciae
1785 657 1820 688 ad
1842 657 2001 688 hu‘usmodi
2015 629 2193 698 esgardendi,
2210 657 2407 700 adjudicandi,

1333 692 1483 736 arbitrandi
1496 692 1629 724 officium
1639 694 1722 725 electi
1735 695 1851 735 fuerint,
1880 706 1915 726 eu
1929 696 2076 736 affiimpri,
2093 707 2158 738 par,
2177 698 2222 728 seu
2237 698 2402 737 consimile,

1335 731 1369 761 ὃς
1386 731 1510 774 ejusdem
1533 733 1636 762 formae
1655 734 1799 773 praebeant
1809 735 2017 774 juramentum,
2035 735 2076 775 se,
2097 735 2231 767 videlicet
2266 738 2406 768 commis-

1333 768 1393 813 sum
1416 770 1466 814 libi
1487 769 1619 801 officium
1632 772 1662 801 in
1675 772 1727 802 hac
1742 780 1819 810 parte
1831 774 1908 811 juxta
1922 773 2119 805 discretionem
2135 775 2183 805 fibi
2198 776 2213 805 a
2228 759 2296 805 Deo
2309 775 2404 807 datam

1333 817 1362 837 iii
1381 810 1517 852 omnibus
1538 810 1572 840 &
1587 810 1698 849 singulis
1713 811 1849 850 articulis,
1865 812 1946 842 suurn
1960 812 2092 843 officium
2107 814 2338 853 contingentibus
2371 815 2404 845 fi·-

1333 846 1429 891 delitet
1450 848 1630 887 impleturos,
1643 856 1725 889 atque
1746 849 1827 880 fidele
1837 850 1996 890 judicium,
2014 851 2176 891 arbitrium,
2195 853 2240 883 seu
2256 852 2330 893 esgar
2352 863 2403 885 um

1331 895 1363 916 in
1377 887 1527 925 omnibus,
1542 887 1619 924 quta
1633 886 1687 916 suae
1698 887 1870 919 discretionis
1884 888 2030 928 modulos,
2048 890 2206 929 secuturos3

1368 923 1425 956 Vel
1446 925 1466 955 si
1486 925 1592 964 forsan,
1610 925 1750 966 pendente
1770 928 1902 967 negotio,
1916 927 1983 958 alter
2001 928 2049 959 vel
2069 931 2157 960 ambo
2172 935 2371 961 revocarentur
2384 930 2402 961 a

1330 963 1431 1003 nobis,
1445 965 1604 995 tenebimur
1620 974 1690 1003 nOS,
1705 965 1739 996 &
1751 964 1874 996 haeredes
1887 965 1991 1005 nostri,
2009 967 2093 998 alium
2106 968 2151 999 vel
2166 968 2234 999 alios
2246 969 2322 999 bona
2336 968 2406 1009 fide,

1330 1002 1388 1045 siric
1400 1012 1492 1034 morae
1504 1003 1665 1041 dispendio,
1682 1002 1844 1043 subrogare,
1862 1006 1925 1045 qui,
1943 1004 2088 1045 praestito,
2104 1015 2136 1037 ut
2150 1006 2324 1046 praemiffiim
2340 1007 2400 1047 est,

1328 1049 1487 1078 juramento
1495 1043 1572 1081 juxta
1586 1043 1711 1073 formam
1724 1043 1758 1074 &
1773 1044 1894 1074 modum
1907 1043 2076 1081 praehabitus
2088 1045 2259 1085 adimpleant
2273 1054 2321 1085 m,
2335 1056 2402 1086 quae

1328 1081 1516 1111 remanebunt
1531 1081 1652 1121 agenda,

1367 1118 1434 1150 Hiis
1449 1127 1562 1189 taarsnen,
1580 1130 1646 1159 quae
1668 1129 1717 1158 per
1737 1119 1843 1157 priores
1860 1119 1922 1151 adsta
1935 1119 2056 1160 fuerint,
2073 1122 2103 1152 in
2117 1120 2169 1152 suo
2181 1121 2284 1152 robore
2298 1132 2401 1164 perpe-

1327 1164 1379 1187 tuo
1390 1167 1450 1188 rem
1498 1169 1559 1189 uris.

1366 1196 1413 1227 Ad
1436 1197 1575 1235 praemiffa
1586 1205 1683 1228 autem
1696 1197 1795 1228 omnia
1806 1197 1841 1229 &
1854 1196 1959 1237 singula
1979 1198 2057 1230 bona
2070 1197 2126 1230 fide
2139 1196 2327 1238 observanda,
2341 1208 2396 1231 nos

1327 1233 1361 1266 &
1374 1235 1484 1266 nostros
1495 1236 1652 1276 obligamus
1664 1236 1796 1268 haeredes.

1363 1272 1398 1305 In
1413 1275 1507 1314 cujus,
1523 1276 1583 1306 &c.

1361 1350 1451 1383 Teste
1465 1351 1548 1394 Rege
1562 1351 1636 1393 apud
1651 1351 1778 1384 Westm.
1793 1353 1894 1394 quinto
1905 1351 1951 1385 die
1960 1352 2038 1393 Julii.

1380 1485 1431 1518 De
1450 1483 1605 1530 fidelitate
1616 1483 1781 1532 praestanda
1798 1487 1872 1532 Regi
1889 1487 2022 1519 Franciae
2031 1497 2088 1533 pro
2104 1496 2189 1519 terra
2208 1488 2342 1534 Agenen.

2418 1573 2498 1606 Ann.
2510 1575 2552 1607 D.

1437 1608 1517 1640 Cum
1537 1610 1654 1641 dilectus
1677 1609 1748 1641 filius
1757 1609 1903 1648 Johannes
1916 1609 1951 1640 de
1965 1608 2121 1648 Britannia,
2142 1618 2196 1648 pro
2210 1608 2396 1650 affignatione
2442 1614 2527 1654 1269.

1326 1646 1492 1679 Comitatcis
1512 1648 1734 1680 Richemundiae
1754 1649 1804 1680 libi
1824 1658 1913 1687 nuper
1927 1657 1977 1687 per
1990 1658 2044 1678 nos
2059 1647 2146 1687 fieta,
2166 1648 2250 1679 nobis
2262 1651 2397 1683 remiserit
2416 1656 2468 1682 An.
2486 1663 2532 1691 53·

1325 1687 1403 1718 mille
1418 1687 1452 1718 &
1471 1687 1604 1719 ducentas
1624 1697 1730 1718 marcas
1748 1688 1776 1717 in
1797 1688 1898 1726 quibus
1920 1687 2065 1718 Dominus
2086 1686 2152 1717 Rex
2166 1686 2273 1719 Fraciae
2287 1689 2397 1722 illustris
2417 1696 2451 1719 H.
2472 1701 2498 1729 3.

1325 1725 1408 1756 nobis
1422 1733 1550 1766 tenetur,
1568 1727 1676 1757 ratione
1689 1727 1709 1747 ³*
1725 1727 1891 1757 concordiae
1903 1749 1913 1765 ,
1937 1727 2008 1757 inter
2022 1725 2112 1763 ipsum
2129 1726 2163 1756 &
2176 1735 2230 1756 nos
2241 1726 2341 1767 fadrae,
2361 1729 2398 1761 de
2417 1733 2476 1758 Par.
2486 1740 2535 1768 53.

1325 1771 1395 1795 terra
1407 1763 1536 1803 Agenen.
1553 1775 1620 1803 quas
1635 1765 1763 1805 praefatus
1777 1765 1920 1804 Johannes
1937 1764 1972 1795 de
1992 1764 2133 1795 Britannia
2152 1764 2189 1795 ab
2205 1765 2310 1796 eodem
2329 1767 2398 1799 Do·
2416 1772 2450 1796 H.
2467 1778 2493 1805 3.
2507 1780 2535 1797 n.

1322 1804 1405 1833 mino
1419 1802 1501 1844 Rege
1515 1805 1658 1835 annuatim
1671 1813 1706 1834 ex
1720 1804 1903 1834 concessione
1916 1803 2010 1834 nostra
2023 1804 2166 1843 percipere
2180 1804 2344 1843 consuevit,-
2421 1816 2463 1842 14.

1359 1841 1396 1872 Et
1410 1852 1462 1872 nos
1475 1843 1659 1883 postmodum
1674 1842 1821 1873 kariffimae
1836 1842 1972 1873 Consorti
1987 1840 2092 1871 nostrae
2113 1841 2258 1872 Alianorae
2270 1865 2281 1881 ,
2307 1844 2398 1884 Regi·
2416 1844 2436 1865 ³*
2450 1847 2474 1875 1.
2487 1845 2554 1882 857.

1323 1890 1370 1910 nae
1385 1881 1434 1911 An
1454 1882 1516 1921 liae,
1534 1892 1584 1923 per
1599 1883 1723 1912 formam
1743 1881 1886 1920 cujufflam
1902 1880 2113 1912 Conventionis
2127 1904 2141 1922 ,ἱ
2162 1882 2234 1911 inter
2255 1882 2341 1922 ipsam
2361 1886 2395 1914 δε

1322 1917 1426 1950 Edwar
1447 1930 1496 1951 um
1509 1923 1603 1962 primo
1622 1922 1732 1951 enitum
1743 1920 1874 1951 nostrum
1888 1921 1964 1950 initae
1981 1943 1991 1958 ,
2016 1920 2235 1951 'conceflerimus
2249 1921 2398 1958 praedidkas

1325 1957 1403 1988 mille
1417 1959 1451 1990 ὃς
1468 1959 1602 1991 ducentas
1640 1959 1728 1991 1arcas
1745 1969 1849 1990 annuas
1863 1982 1873 1998 ,
1898 1958 2037 1990 habzzidas
2051 1959 2084 1989 &
2099 1959 2289 1997 percipiendas
2302 1961 2336 1991 ad
2351 1970 2398 1992 to-

1325 2004 1385 2040 tam
1401 1998 1489 2028 vitam
1511 1999 1592 2036 ipsius
1608 1997 1730 2038 Reginae
1744 1999 1759 2028 a
1775 1998 1914 2039 praedi-sto
1933 1997 1962 2028 L·
1974 1998 2068 2028 imino
2086 1997 2168 2036 Rege
2191 1997 2225 2028 ὃ(
2243 1997 2295 2028 iliis
2309 2022 2319 2037 ,
2343 2010 2399 2037 pro

1318 2044 1381 2073 jure
1394 2036 1472 2073 quod
1484 2038 1583 2068 eadem
1598 2036 1712 2075 Regina
1727 2037 1842 2067 habebit
1855 2038 1884 2066 in
1900 2037 1980 2067 dist-³
2000 2035 2150 2067 Comitatu
2171 2034 2398 2078 Richmundiae,

1323 2083 1357 2103 ex
1371 2073 1525 2106 donatione
1536 2076 1586 2107 sibi
1602 2076 1674 2106 facta
1688 2077 1719 2106 in
1733 2074 1903 2107 testamento
1914 2074 1989 2105 Petri
2003 2074 2040 2105 de
2047 2075 2182 2105 Saba-tinia
2191 2097 2201 2112 ,
2220 2076 2268 2112 qui
2284 2075 2396 2108 dietum

1319 2111 1505 2181 fortuitarum
1521 2125 1589 2146 cum
1608 2114 1660 2145 suis
1680 2115 1851 2153 pertinentiis
1870 2115 1900 2144 in
1921 2115 2024 2144 eodem
2043 2117 2213 2144 testamento
2233 2114 2336 2154 legavit
2355 2118 2396 2147 ei-

1340 2160 1402 2189 em,

1359 2189 1502 2222 Dedimus
1513 2192 1595 2222 vobis
1608 2191 1776 2232 potestatem
1791 2190 1940 2229 praestandi
1953 2189 2088 2220 flielitatis
2101 2191 2312 2229 juramentum,
2328 2202 2396 2223 iios-

1321 2236 1368 2259 tro
1382 2230 1416 2260 &
1432 2230 1553 2268 ejusdem
1567 2231 1688 2271 Reginae
1702 2231 1834 2268 nomine,
1854 2229 1980 2268 praediih
2007 2228 2140 2259 Domino
2155 2229 2232 2269 Regi
2252 2229 2395 2270 Franciae,

1320 2277 1374 2305 pro
1409 2269 1521 2300 raedic'ta
1535 2277 1606 2300 terra
1621 2269 1750 2339 Affenen.
1767 2277 1850 2307 prout
1865 2267 2023 2306 hujusmedi
2037 2267 2150 2300 fidelitas
2172 2269 2188 2298 ii
2202 2269 2287 2300 nobis
2299 2270 2333 2301 &
2351 2269 2394 2300 di-

1318 2308 1362 2336 cta
1411 2309 1490 2346 egina
1505 2308 1599 2339 nostra
1613 2310 1639 2339 ei
1661 2319 1708 2338 em
1723 2308 1781 2338 fieri
1794 2307 1923 2338 debebit:

1358 2345 1466 2376 Ratum
1479 2346 1598 2377 habituri
1611 2348 1644 2378 &
1659 2356 1768 2386 gratum
1783 2346 1916 2386 quicquid
1931 2346 1960 2375 in
1976 2345 2122 2382 praemissis
2128 2367 2139 2384 ,
2156 2343 2255 2376 nostro
2271 2346 2304 2377 &
2319 2356 2392 2385 prae-

1316 2382 1381 2414 fatae
1397 2384 1520 2424 Reginae
1533 2387 1653 2416 nomine
1662 2408 1671 2424 ,
1685 2386 1817 2416 duxeritis
1832 2383 2002 2416 faciendum.

1352 2421 1386 2453 In
1401 2425 1496 2462 cujus,
1514 2425 1575 2456 &c.

1315 2498 1443 2579 tri'15'3ste
1462 2500 1545 2543 Rege
1566 2502 1640 2541 apud
1663 2500 1783 2542 Sutwyk
1798 2525 1808 2539 ,
1834 2510 1852 2540 9
1871 2499 1918 2532 die
1939 2497 2061 2538 Augusti
2075 2521 2086 2536 ,
2111 2508 2188 2529 anno
2209 2498 2306 2540 Regni
2327 2510 2394 2532 nos-

1316 2674 1531 2720 Confoederatio
1557 2680 1636 2710 inter
1649 2679 1811 2724 Magnum
1827 2702 1838 2718 ,
1871 2678 1980 2722 Regem
2006 2676 2188 2721 Nomegiae,
2216 2678 2253 2713 ὅ]
2274 2677 2392 2710 Henri-

1682 2737 1751 2758 cum
1769 2727 1877 2770 Regem
1897 2724 2024 2770 Angliae.

1318 2820 1343 2841 1.
1361 2810 1436 2872 IN
1452 2810 1587 2841 Nomine
1600 2809 1713 2841 San&ae
1731 2810 1765 2840 ὃς
1780 2807 1932 2839 individuae
1946 2807 2114 2846 Trinitatis,
2132 2805 2239 2847 Patris,
2257 2809 2292 2841 &
2307 2808 2388 2849 Filii,
2406 2790 2484 2831 ΑῨῚΠ
2497 2801 2541 2833 D·

1401 2850 1434 2881 &
1447 2848 1566 2890 Spiritus
1581 2849 1685 2880 Sandri.
1706 2848 1810 2878 Amen.
2436 2842 2521 2879 1269.

1354 2887 1415 2920 Die
1428 2888 1566 2919 Mercurii
1583 2912 1593 2926 ,
1612 2889 1744 2928 proximo
1761 2885 1826 2925 post
1846 2885 1963 2916 Festum
1977 2884 2169 2922 Asamptionis
2184 2885 2298 2917 Sanctae
2314 2885 2385 2918 Ma·
2404 2881 2458 2906 An·
2472 2889 2489 2915 5
2493 2890 2519 2917 3-

1316 2929 1366 2958 ri'ae
1377 2952 1387 2966 ,
1413 2927 1485 2965 apud
1501 2927 1637 2958 Winton.
1652 2937 1728 2957 anno
1747 2926 1841 2965 gratiae
1864 2923 1956 2963 1269,
1974 2925 2046 2954 inter
2062 2933 2091 2953 m
2148 2923 2227 2955 ificos
2241 2924 2386 2965 Principes
2404 2921 2440 2944 H.
2459 2927 2484 2954 3·

1316 2966 1482 2997 Dominum
1495 2965 1658 2996 Henricum
1672 2965 1731 2996 Dei
1745 2965 1829 3004 gratia
1845 2963 1959 3003 Regem
1974 2962 2107 3001 Angliaei
2130 2961 2250 3003 ustrem,
2269 2964 2303 2995 &
2318 2963 2386 2994 Do-
2428 2960 2460 2984 L.
2474 2960 2504 2985 Β·

1315 3006 1427 3035 minum
1441 3005 1585 3042 Magnum
1600 3012 1747 3043 quartum,
1765 3002 1862 3033 eadem
1875 3002 1978 3046 gratia,
1989 3000 2109 3045 ‘Regem
2125 3000 2306 3046 Norwegi'ae·
2332 3012 2385 3033 rae-
2394 2992 2423 3031 f·
2437 3002 2505 3030 442·

1315 3044 1442 3082 clarum,
1460 3044 1539 3087 super
1553 3043 1779 3083 spoliationibus,
1796 3041 1939 3080 dampnis,
1956 3049 2076 3078 inlutus,
2094 3040 2209 3080 querelis
2227 3041 2262 3072 &
2279 3040 2298 3072 d
2319 3051 2384 3072 cor·
2402 3035 2473 3059 Penes
2482 3037 2535 3062 C*

1315 3082 1366 3114 diis
1378 3084 1509 3114 univerhS
1522 3105 1530 3120 ,
1556 3082 1696 3122 utriusque
1717 3079 1873 3111 eorundem
1895 3079 2013 3119 Regum
2032 3078 2198 3118 Regnicolis
2217 3078 2286 3110 hinc
2301 3080 2384 3119 inde,
2403 3079 2496 3098 merar.

1315 3122 1398 3162 usque
1409 3121 1444 3152 ad
1457 3122 1521 3151 haec
1537 3129 1680 3161 tempora,
1698 3120 1793 3157 illatis,
2401 3112 2517 3137 scarrar.

1351 3171 1379 3192 2.
1400 3159 1477 3190 Haec
1492 3169 1634 3199 perpetuae
1648 3159 1722 3197 pacis
1735 3159 1768 3189 &
1783 3157 1869 3188 finalis
1884 3156 2049 3188 concordiae
2062 3155 2115 3186 fuit
2127 3156 2199 3187 inita
2210 3157 2382 3198 compositio
2399 3150 2458 3174 Pas·
2470 3156 2523 3185 53„

1314 3209 1364 3237 per
1378 3198 1531 3238 Maffi'stros
1544 3199 1719 3229 Asketunum
1734 3197 1770 3227 de
1785 3196 1959 3235 Norwegia,
1978 3194 2187 3226 cancellarium
2199 3196 2281 3234 ipsius
2295 3195 2383 3236 Regis
2397 3189 2426 3212 H
2427 3205 2432 3210 ·
2455 3194 2480 3221 3·

1313 3238 1481 3277 Norwegiae
1494 3260 1504 3276 ,
1527 3238 1560 3267 &
1576 3236 1691 3267 Petrum
1714 3235 1955 3266 Archidiaconum
1973 3233 2100 3264 Lauden.
2119 3233 2233 3271 plenam
2246 3235 2382 3266 habentes
2398 3232 2471 3258 ¹⁷¹·5·

1313 3276 1480 3321 potestatem
1495 3274 1647 3311 tractandi,
1664 3273 1857 3312 componendi
1870 3274 1903 3304 &
1918 3272 2076 3303 diffiniendi
2089 3271 2169 3311 super
2183 3272 2327 3312 praemiffis
2339 3274 2385 3304 in-

1313 3316 1402 3354 iuriis,
1418 3316 1452 3345 &
1466 3324 1550 3353 pace,
1569 3323 1618 3354 per
1633 3312 1736 3343 Literas
1756 3313 1836 3353 ipsius
1849 3312 1938 3352 Regis
1950 3310 2120 3353 Nomegiae
2140 3310 2269 3353 Parentes
2318 3322 2384 3352 quae

1335 3364 1398 3385 eries
1419 3354 1584 3384 Dominum
1597 3351 1708 3391 Regem
1728 3352 1839 3392 Angliae
1858 3356 2046 3382 remanserunt
2059 3373 2069 3389 ,
2089 3350 2160 3393 inter
2181 3351 2251 3390 iplos
2270 3334 2381 3390 Reges,

1313 3364 1467 3429 haeredes,
1484 3391 1531 3422 seu
1545 3390 1724 3431 quoscunque
1738 3390 1906 3422 successores
1918 3389 1996 3427 suos,
2016 3398 2112 3427 pereni
2133 3397 2174 3419 ter
2193 3389 2376 3427 observanda,

1313 3441 1369 3463 nec
1383 3431 1436 3462 ulla
1450 3439 1613 3468 temporum
1629 3430 1784 3460 mutatione
1795 3428 1988 3467 dissolvenda,
2003 3429 2040 3459 ita
2053 3426 2101 3459 vid
2127 3428 2200 3466 icet,
2342 3465 2348 3472 Ι

1353 3479 1379 3509 3.
1406 3469 1454 3500 Ut
1472 3469 1560 3498 ambo
1579 3469 1775 3506 praenominati
1794 3467 1910 3508 Reges,
1933 3469 1990 3498 tam
2014 3474 2128 3506 propter
2152 3467 2264 3496 bonum
2287 3474 2378 3505 pacis,

1313 3511 1398 3550 quarn
1414 3516 1526 3547 propter
1540 3515 1647 3537 mutuae
1658 3506 1812 3537 dileffloiiis
1826 3507 1980 3538 amicitiam
1996 3527 2005 3543 ,
2031 3506 2103 3535 inter
2117 3505 2143 3534 ie
2157 3504 2319 3548 aeternaliter
2332 3503 2377 3533 fo-

1312 3548 1434 3579 vendam
1450 3547 1483 3578 &
1503 3545 1721 3576 continuandam
1737 3568 1746 3584 ,
1769 3556 1853 3584 quam
1868 3554 1927 3576 tam
1946 3544 2072 3582 diligenti
2092 3541 2187 3574 studio
2206 3544 2241 3575 &
2261 3541 2376 3585 discreta

1312 3586 1472 3625 provisione
1482 3584 1595 3614 illorum
1609 3585 1681 3614 inter
1694 3584 1719 3614 se
1734 3585 1878 3622 quondam
1893 3583 2006 3615 coluere
2020 3582 2212 3620 progenitores
2222 3603 2232 3619 ,
2256 3579 2376 3648 piaefatis

1311 3625 1329 3655 s
1363 3624 1535 3660 liationibus,
1553 3622 1698 3662 dampnis,
1717 3624 1750 3653 ὅ(
1768 3624 1871 3661 injuriis
1884 3621 2034 3659 universis,
2051 3619 2125 3650 nulla
2137 3620 2217 3664 causa
2229 3628 2264 3649 ve
2290 3627 2375 3649 occa-

1324 3672 1390 3693 ione
1410 3661 1553 3692 discordiae
1571 3660 1616 3691 seu
1636 3663 1833 3692 controversiae
1852 3661 1931 3702 super
1947 3659 2051 3690 eisdem
2066 3658 2180 3689 ulterius
2197 3665 2374 3701 remanente,

1311 3711 1346 3731 ex
1361 3709 1474 3738 utraque
1490 3708 1567 3737 parte
1580 3710 1632 3740 pro
1643 3699 1669 3731 se
1682 3701 1715 3731 &
1732 3700 1889 3731 haeredibus
1902 3700 1953 3730 suis
1968 3700 2175 3737 imperpetuum
2186 3693 2319 3733 remissis,
2335 3706 2373 3726 11·-

1310 3738 1463 3777 refragabili
1478 3739 1593 3770 decreto
1612 3748 1645 3769 ac
1666 3739 1804 3777 perhenni
1824 3739 1922 3770 edicto
1943 3737 2096 3768 statuerunt
2109 3758 2118 3773 ,
2147 3741 2179 3763 ut
2199 3742 2372 3773 quocunque

1309 3779 1378 3809 loco
1393 3776 1562 3816 Regnorum
1577 3777 1692 3808 suorum
1707 3778 1752 3809 seu
1774 3776 1906 3807 Dominii
1927 3777 1965 3806 sui
1986 3775 2116 3806 homines
2136 3770 2181 3801 vel
2195 3769 2372 3804 Mercator&

1308 3816 1461 3847 alterutrius
1468 3815 1580 3854 Regni,
1599 3816 1727 3856 Angliae,
1745 3816 1869 3854 scilicet,
1887 3813 2114 3856 velNorwigiae,
2130 3809 2286 3853 decaetero
2300 3821 2372 3843 con-

1308 3854 1399 3894 tigerit
1412 3853 1565 3891 declinare,
1582 3865 1650 3885 cum
1666 3856 1748 3886 bonis
1766 3854 1817 3885 suis
1831 3854 1966 3884 omnibus
1983 3853 2106 3891 bemgne
2121 3857 2311 3893 reeipianturst
2335 3851 2369 3882 ὃς

1308 3892 1427 3923 honeste
1446 3894 1670 3933 pertractentur3
1692 3903 1747 3924 nec
1770 3894 1855 3922 etiam
1869 3915 1880 3930 ,
1905 3892 1983 3928 super
2003 3887 2121 3928 praefatis
2139 3885 2156 3915 s
2189 3887 2346 3932 liauombus
2359 3911 2370 3926 ,

1308 3931 1438 3975 dampnis
1449 3953 1460 3969 ,
1482 3932 1633 3971 &injuriis
1647 3955 1657 3971 ,
1681 3933 1852 3971 aliquatenus
1866 3927 2051 3968 imposterum
2070 3933 2140 3963 quer
2166 3933 2246 3956 entur
2264 3934 2312 3958 aut
2326 3937 2372 3958 in-

1308 3977 1474 4009 quietentur.

1346 4017 1377 4048 4·
1398 4007 1573 4040 Mercatores
1585 4018 1698 4047 autem,
1715 4008 1763 4049 qui
1775 4006 1810 4038 de
1825 4006 1955 4038 alterqu
1972 4000 2090 4032 istorum
2111 4000 2281 4042 Regnorum
2299 4003 2374 4073 drffi
