2570 4261
3 289 82 323 Ann.
92 288 133 320 D.

722 203 832 246 ET
916 199 1182 245 ACTA

194 291 379 323 Serenitatem
393 289 515 323 vestram
530 300 564 321 ro
584 297 808 334 antes-quatenus
821 289 900 328 super
922 289 972 319 illis
986 313 995 327 ,
1015 297 1080 327 quae
1093 296 1127 317 ex
1141 293 1218 323 parte

29 337 116 367 1242.
154 330 250 361 nostra
262 331 346 362 vobis
359 330 551 368 exposuerint,
578 329 645 359 dem
660 328 846 358 indubitatam
859 328 992 358 adhibere
1000 327 1090 359 velitis
1101 325 1215 356 eisdem.

7 373 69 399 nm.
87 376 113 405 3.

11 614 88 654 Ann.
100 621 140 652 D.

37 670 121 700 1242.

13 703 65 729 An.
83 701 126 726 26.

5 888 86 928 fimul
102 891 146 918 26.

11 932 46 956 H.
65 938 89 965 3.
108 938 146 956 m.

16 975 59 1003 ¹3-

11 1099 90 1132 Ann.
104 1099 145 1131 D.

35 1147 120 1178 1242.

13 1182 67 1207 An.
84 1180 129 1205 26.

13 1220 51 1244 H.
69 1226 94 1252 3.

10 1252 115 1291 Vascon.

13 1296 74 1321 Par.
91 1291 125 1325 ό*

14 1334 92 1359 Cart.
107 1333 146 1357 in-

11 1368 94 1407 simul
104 1370 148 1396 26.

14 1410 51 1435 Η.
70 1416 95 1443 3.
110 1416 148 1443 m²

21 1454 65 1482 13.

192 406 284 438 Teste
297 406 381 445 Rege
394 405 468 445 apud
484 404 631 436 Xanston.
654 413 689 442 17
703 403 749 434 die
758 403 845 443 Junii.

534 533 592 564 Pro
612 530 716 575 Insitla
733 528 769 562 dc
786 531 840 563 Re.

162 616 292 677 REX
311 616 463 654 omnibus,
481 615 541 647 &c
562 614 686 646 salutem.
912 654 917 657 -

255 657 354 689 Sciatis
365 665 417 686 nos
431 653 598 685 conceffiffe
617 653 713 692 probis
734 653 897 684 hominibus
918 654 1020 686 nostris
1033 653 1070 684 de
1083 652 1172 683 Insula
1187 650 1223 695 de

163 694 212 726 Re
229 694 309 734 quod
323 718 334 733 ,
358 693 492 732 quamdiu
515 692 618 723 fuerint
637 692 672 722 ad
692 691 777 722 fidem
797 693 830 722 &
850 693 994 724 servitium
1008 693 1155 729 nostrum,
1174 690 1224 721 sibi

164 733 269 772 poffint
281 733 374 765 facere
389 730 536 770 Majorem
544 753 554 769 ,
569 730 695 769 Juratos,
713 731 747 761 &
761 729 978 761 Communiam.

202 772 236 803 In
251 772 347 811 cujus,
361 771 424 807 &c.
439 771 488 800 has
501 769 602 800 litteras
616 769 724 800 nostras
739 770 777 799 eis
790 769 849 799 fieri
859 770 976 801 fecimus
990 777 1122 808 patenteS.

200 847 292 880 Teste
303 847 387 888 Rege
398 845 472 885 apud
485 845 620 885 Taunay,
639 846 677 877 28
690 844 736 876 die
744 845 822 885 Junii
830 870 840 884 ‚
857 856 933 878 anno
949 846 996 878 26.

166 973 216 1005 De
237 973 441 1005 Matrimonia
463 970 660 1005 contrahendo
677 975 755 1004 inter
772 973 915 1003 Comitem
932 969 1052 1015 Tholofl
1073 973 1110 1007 (Ἆρ’
1127 972 1227 1002 Mar-

406 1030 549 1067 garetam
560 1020 664 1066 filiam
685 1023 809 1054 Comitis
829 1018 990 1053 Marchiae.

167 1103 289 1162 REX
314 1106 449 1136 omnibus
483 1107 544 1137 &c.
562 1105 686 1137 salutem.
1000 1141 1010 1147 ,
1163 1141 1169 1147 ‚

266 1141 364 1174 Sciatis
379 1129 466 1182 quod'
478 1145 556 1175 bona
576 1145 631 1175 fide
651 1145 844 1183 promittimus
857 1142 999 1173 karissimo
1011 1141 1228 1186 'consanguineo

166 1180 267 1212 nostro
296 1181 403 1213 Nobili
429 1185 492 1214 viro
512 1183 552 1213 R.
572 1182 685 1213 Comiti
707 1182 828 1213 Tholos.
848 1183 881 1213 &
902 1181 1068 1212 Marchioni
1089 1179 1225 1209 Provinc.

168 1219 248 1256 quod
263 1221 372 1260 modis,
392 1223 493 1260 quibus
507 1224 679 1260 poterimus,
697 1221 884 1251 laborabimus
906 1230 954 1258 per
970 1230 1022 1249 nos
1032 1242 1041 1258 ,
1059 1219 1092 1249 &
1104 1219 1228 1256 amicos,

168 1258 203 1288 &
223 1258 316 1289 fideles
335 1259 447 1291 nostros
460 1284 470 1300 ,
495 1260 574 1298 quod
595 1259 670 1290 idem
684 1259 794 1289 Comes
808 1258 892 1289 ducat
906 1260 934 1287 in
947 1267 1066 1288 uxorem
1082 1256 1229 1295 Margare-

167 1304 226 1327 tam
241 1295 360 1336 fhrorem
380 1298 505 1329 nostram
518 1323 527 1336 ,
554 1298 638 1327 filiam
653 1297 777 1327 Comitis
792 1296 934 1326 Marchiae
948 1297 981 1327 ὃς
998 1294 1101 1335 Engol.
1121 1295 1155 1325 ad
1171 1302 1228 1324 ter—

167 1336 278 1366 minum
293 1346 379 1374 quem
392 1337 469 1367 idem
483 1336 594 1367 Comes
608 1335 730 1366 Tholos.
751 1336 834 1365 nobis
849 1334 916 1365 scire
929 1334 1046 1373 fecerit,
1064 1333 1178 1372 quando
1193 1332 1228 1363 ad

166 1383 221 1405 nos
234 1376 350 1405 venerit.

205 1411 239 1442 In
254 1413 346 1451 cujus,
361 1414 422 1445 &c.

203 1488 293 1520 Teste
303 1488 388 1528 Rege
399 1486 473 1527 apud
487 1487 671 1529 Taylleburg.
693 1497 730 1529 30
744 1488 790 1519 die
801 1487 888 1528 Junii.

139 1637 141 1639 ·
169 1616 219 1648 De
239 1611 355 1658 foedere
377 1615 505 1648 ineundo
531 1619 609 1648 inter
627 1617 797 1649 Dominum
819 1617 928 1662 Regem
948 1617 985 1654 (ῤ’
1000 1616 1229 1661 Imperatorem.

18 1709 95 1743 Ann-
109 1710 151 1741 D.

39 1759 124 1790 1242.

19 1794 71 1819 An.
93 1791 138 1816 26.

19 1833 56 1857 H.
76 1837 101 1864 3.

19 1867 117 1903 Vascon.

19 1909 80 1933 Pat.
97 1903 131 1936 &¹

18 1946 95 1970 Cart.
114 1943 152 1969 in-

16 1980 154 2019 simula&

22 2024 57 2048 H.
76 2028 100 2055 3.
115 2029 151 2047 m.

26 2066 76 2093 12.¹

25 2529 102 2561 Ann.
115 2527 156 2558 D.

54 2576 138 2606 1242.

25 2610 78 2635 An.
91 2608 136 2633 26.

23 2650 61 2673 Η.
83 2654 108 2681 3.

23 2683 160 2719 Claus.26.

23 2726 59 2749 Η.
78 2731 102 2758 3.
117 2731 154 2749 m.

26 2767 52 2787 a..
75 2760 101 2788 d.

29 3137 46 3158 ⁰
62 3136 161 3174 [408θ

169 1696 297 1756 REX
317 1699 467 1738 omnibus,
485 1700 546 1731 &e
565 1700 688 1731 salutem.

169 1741 171 1744 ⁴
262 1736 359 1768 Sciatis
380 1737 458 1776 quod
477 1739 590 1777 plenam
605 1738 774 1777 potestatem
789 1738 920 1771 dedimus
936 1737 1078 1781 Magistro
1092 1738 1181 1769 Petro
1195 1738 1232 1769 de

170 1773 291 1815 Burdeg.
310 1777 344 1807 &
365 1775 568 1808 Bartholomeo
586 1777 683 1809 Peche
695 1800 705 1816 ‚
729 1777 774 1808 vel
797 1778 872 1808 alteri
885 1788 1004 1815 eorum,
1023 1780 1042 1807 11
1057 1777 1144 1807 ambo
1158 1787 1231 1815 prae—

167 1813 257 1844 sentes
277 1823 338 1845 non
357 1814 483 1855 fuerint,
509 1815 625 1846 ineundi
645 1815 740 1847 foedus
763 1816 833 1846 inter
848 1816 1022 1847 karissimum
1037 1816 1150 1847 fratrem
1166 1826 1233 1846 nos-

168 1859 264 1891 trum,
282 1852 484 1885 serenissimum
504 1854 671 1896 Principem
692 1853 877 1886 Fredericum
888 1879 898 1893 ,
917 1855 1120 1886 Romanorum
1135 1854 1232 1894 Impe-

169 1893 367 1974 miggigid,n{cs
377 1902 470 1969 ffiffi
482 1930 688 1976 Imperatorem
695 1932 794 1970 juvare
805 1931 959 1977 debeamus
981 1930 1017 1962 ad
1033 1932 1096 1970 jura
1110 1930 1156 1962 sua
1168 1941 1232 1975 per-

171 1968 306 2006 quirenda
327 1979 429 2000 contra
449 1980 551 2001 omnes
572 1970 718 2001 hommes:
738 1970 777 2001 Et
791 1970 870 2010 quod
885 1971 962 2002 idem
975 1969 1149 2008 Imperator,
1167 1980 1232 2001 Vice

169 2007 263 2075 {ersan
280 2008 376 2046 juvare
390 2008 491 2040 debeat
504 2019 557 2040 nos
570 2008 605 2040 ad
613 2010 675 2048 jura
689 2009 784 2040 nostra
802 2008 988 2049 perquirenda
1009 2017 1109 2040 contra
1129 2018 1233 2040 omnes

166 2057 169 2061 Δ
191 2055 312 2076 omines.

207 2083 243 2114 In
256 2086 334 2123 cujus
348 2085 389 2115 rei
402 2084 617 2125 testImoniurn,
633 2086 695 2118 &c.

207 2159 299 2192 Teste
312 2161 397 2201 Rege
412 2161 486 2200 apud
501 2161 649 2193 Xan&on.
669 2170 685 2202 5
700 2161 745 2193 die
753 2162 831 2203 Julii.

208 2239 263 2267 Per
278 2241 407 2267 Comitem
420 2239 533 2268 March.

209 2277 265 2305 Per
277 2280 406 2306 Comitem
421 2277 560 2308 Flandriae
574 2275 612 2314 &¹
627 2280 739 2308 Hanan.
758 2275 798 2313 ό*

209 2316 264 2344 Per
277 2318 405 2345 Comitem
419 2317 575 2347 Ricardum.

392 2441 442 2472 De
458 2438 615 2472 Mandata
631 2438 799 2473 hominibus
812 2439 849 2473 de
869 2441 1016 2485 Marisln.

176 2517 252 2582 M
261 2521 407 2566 Andatum
422 2523 464 2568 est
478 2525 574 2562 probis
588 2524 753 2569 hominibus
766 2524 802 2555 de
817 2513 944 2570 Maresin
958 2526 1037 2564 quod
1052 2526 1238 2570 mittantDo-

175 2570 352 2637 Regis'mmo
373 2561 451 2599 Regi
471 2572 590 2594 ceritum
608 2562 764 2594 Balistarios
778 2587 789 2603 ‚
815 2563 850 2594 ad
864 2564 1036 2596 veniendum
1051 2575 1081 2595 in
1094 2565 1237 2596 servitium

214 2636 304 2668 Teste
315 2635 400 2677 Rege
411 2638 485 2677 apud
498 2638 627 2671 Xanton.
645 2641 665 2671 6
677 2639 723 2671 die
731 2639 808 2679 Julii.

215 2714 317 2744 Eodem
330 2715 405 2744 modo
410 2713 544 2754 scribitur
552 2716 644 2755 probis
657 2716 806 2747 hominibus
819 2718 851 2747 de
865 2716 949 2757 Goffi’.

216 2790 388 2822 Mandatum
401 2791 443 2836 est
455 2793 507 2823 W.
527 2792 660 2825 Eborum
673 2794 899 2833 Archiepiscopo
912 2819 922 2833 ,
940 2795 974 2826 &
988 2793 1040 2824 W.
1058 2793 1095 2826 de
1109 2794 1238 2826 Cantilu-

171 2839 217 2868 ‚po
259 2829 317 2860 uod
331 2853 342 2868 ,
367 2831 388 2860 si
407 2831 528 2875 viderint
576 2833 656 2870 quod
670 2832 736 2863 Rex
759 2834 884 2865 Franciae
899 2835 932 2864 &
948 2833 987 2867 sui
1001 2835 1109 2877 gravari
1123 2834 1237 2872 possent

174 2855 873 2948 ismara?erasistrati&
882 2872 1237 2942 iiiiGszestzirm

177 2947 299 2989 manniae
343 2919 508 2991 Britanriiae,
525 2949 560 2979 &
573 2948 718 2993 Boloniae,
737 2957 806 2980 tunc
821 2935 1085 2988 praedietas'Galeas
1100 2949 1236 2989 eskippari

174 2986 278 3015 iaciant
291 2994 306 3014 a
339 2992 427 3024 partes
440 2985 497 3016 illas
512 2987 719 3027 modis‘quibus
732 2996 881 3027 poterunt,
898 2987 1060 3028 gravandas.

216 3057 307 3090 Teste
319 3058 405 3097 Rege
418 3060 492 3099 apud
505 3060 652 3094 Xancton.
673 3073 690 3102 7
703 3064 749 3094 die
758 3064 835 3103 Julii.

199 3174 204 3180 ·
217 3136 237 3155 ³*
257 3135 429 3180 Mandatum
450 3137 492 3169 est
500 3138 663 3177 Justiciariis
677 3140 828 3171 Hiberniae
849 3141 926 3179 quod
940 3151 1040 3173 omnes
1055 3142 1159 3182 Galyas
1174 3143 1238 3174 Re-

177 3182 220 3214 gis
232 3174 369 3219 eskippari
382 3199 393 3215 ,
416 3177 450 3207 &
473 3178 550 3208 bona
568 3187 652 3217 gente
667 3181 770 3210 muniri
784 3180 905 3219 faciant,
921 3181 954 3212 &
969 3190 1012 3211 eas
1024 3181 1137 3211 mittant
1152 3182 1238 3220 usque

178 3211 299 3243 costeras
318 3213 474 3258 Pifitaviaer,
500 3215 716 3255 Normanniae,
727 3217 890 3256 Britannice,
908 3220 942 3250 δε
958 3218 1107 3258 Boloniae,
1126 3220 1160 3251 ad
1174 3221 1237 3251 Re—

177 3261 248 3291 gem
260 3251 284 3281 F
285 3261 387 3283 ranciae
402 3253 436 3284 &
451 3254 517 3285 alios
532 3256 663 3286 inimicos
678 3255 765 3296 Regis
778 3257 941 3296 gravandos.

217 3329 309 3362 Teste
323 3336 355 3360 ut
368 3328 456 3367 supra.

220 3404 390 3450 Mandatum
405 3403 446 3435 est
459 3405 542 3436 etiam
559 3405 664 3445 Majori
675 3407 709 3439 &
724 3409 819 3446 probis
831 3409 1006 3442 Hominibus
1021 3412 1141 3443 Dublin.
1160 3413 1239 3452 quod

181 3455 282 3476 omnes
297 3444 410 3481 Galias,
428 3444 462 3474 ὃς
475 3442 574 3475 Naves
589 3445 646 3476 suas
663 3447 773 3477 mittant
787 3447 822 3478 ad
837 3458 926 3487 partes
941 3451 1105 3489 praedictas,
1123 3453 1184 3484 δῖε.
1205 3452 1240 3482 11-

182 3493 233 3515 cut
245 3482 414 3525 praedictum
428 3481 479 3512 est.

221 3559 324 3590 Eodem
337 3559 412 3589 modo
418 3558 553 3599 scribitur
571 3558 660 3597 probis
673 3559 822 3592 hominibus
838 3564 870 3594 de
889 3564 1053 3604 Wateifiird
1061 3566 1094 3596 de
1109 3565 1241 3597 Navibus

176 3597 236 3638 suis
250 3599 292 3628 ad
294 3605 391 3637 partes
398 3599 545 3637 praedstas
557 3599 706 3628 mittendis.

223 3668 315 3706 Teste
327 3683 359 3707 ut
371 3674 457 3714 supra.

218 3750 398 3784 =Mandatum
410 3752 452 3783 est
462 3751 586 3791 johanni
602 3750 731 3783 Maunsel
740 3752 817 3790 quod
832 3752 919 3784 Petro
931 3753 1025 3786 Alai-di
1040 3757 1145 3796 Militi,
1154 3767 1242 3796 quem

187 3786 254 3820 Rex
266 3793 379 3822 retinuit
400 3793 430 3822 in
449 3791 592 3822 servitium
613 3790 695 3821 suum
708 3814 718 3828 ,
735 3790 816 3822 faciat
828 3790 931 3823 habere
945 3793 1081 3832 stipendia
1095 3796 1156 3835 sua,
1172 3797 1242 3828 sicut

188 3828 233 3858 alii
243 3828 281 3859 de
295 3829 438 3861 Militibus
455 3829 552 3868 Regis.

224 3902 317 3934 Teste
330 3913 362 3936 ut
374 3905 461 3944 supras.

212 3977 399 4022 ‚Mandatum
414 3981 456 4012 est
469 3982 575 4013 Ma'ori
588 3980 731 4021 &Juratis
745 3980 934 4013 Communiae
945 3981 1090 4023 Burdegal.
1118 3987 1175 4017 uod
1183 3987 1246 4018 Re-

191 4024 220 4055 gi
235 4024 345 4048 mittant
358 4027 498 4051 trecentos
537 4021 683 4058 alistarios,
701 4021 734 4051 &
754 4030 854 4050 omnes
875 4020 962 4052 bonas
974 4022 1085 4054 Balistas
1149 4035 1247 4056 mmu-

194 4055 284 4084 nitatis
303 4055 358 4085 suae
372 4080 382 4094 ‚
399 4058 433 4088 &
454 4060 538 4089 etiarn
550 4059 628 4097 quod
641 4068 742 4089 omnes
758 4057 852 4088 Galias
866 4058 924 4089 suas
938 4061 1050 4093 mittant
1064 4062 1151 4101 usque
1165 4064 1245 4095 Pon-

194 4099 254 4123 tem
266 4091 303 4123 de
316 4093 434 4134 Taunay
441 4117 453 4135 ,
467 4096 503 4127 ad
515 4096 640 4129 Pontem
651 4097 733 4128 illurn
748 4097 943 4128 muniendum.

1264 192 1742 245 PUssLicA.

1255 285 1309 341 R
1318 284 1343 314 E
1354 269 1384 315 x
1410 284 1543 316 Galfrido
1556 286 1594 316 de
1607 287 1633 331 ia
1650 288 1750 320 Laund
1764 288 1891 335 salutm
2253 324 2255 327 ,

1348 323 1520 353 Mandamxis
1542 327 1625 355 vobis
1646 336 1774 365 rogantes
1795 338 1924 367 quatinus
1936 352 1947 367 ,
1972 326 2043 360 ficut
2057 337 2110 359 nos
2122 328 2156 359 ὃς
2171 328 2312 359 honorem

2250 219 2326 260 143

2339 288 2416 319 Ann.
2425 288 2465 320 D.

2358 335 2441 366 1242.

1254 360 1384 392 nostrum
1397 362 1525 401 diligitis,
1543 361 1593 392 sub
1608 373 1708 401 quanta
1723 369 1846 403 poteritis
1860 368 2037 398 festinatione
2049 391 2059 406 ,
2078 367 2112 398 ad
2127 376 2180 398 nos
2194 370 2309 398 veniatis
2337 371 2402 394 Han.
2421 376 2446 402 3·

1257 397 1344 468 usque
1356 400 1510 443 Pontem31

1307 448 1334 469 ta
1347 439 1433 482 parati
1447 448 1524 481 equis
1539 439 1573 469 &
1587 441 1685 478 armis,
1702 441 1782 479 quod
1794 440 1831 472 de
1850 441 1972 475 adventu
1992 443 2088 476 vestro
2102 445 2312 483 imperpetuum

1257 485 1346 516 grates
1360 478 1441 508 vobis
1456 477 1524 507 scire
1536 477 1699 508 debeamus.

1294 552 1384 584 Teste
1399 553 1482 593 Rege
1495 553 1570 592 apud
1584 553 1732 585 Xandion.
1751 563 1787 584 21
1804 554 1850 585 die
1859 555 1935 593 Julii.

1296 630 1398 659 Eodem
1417 631 1490 660 modo
1504 629 1633 669 firibitur
1648 630 1755 660 Sicardo
1774 629 1806 660 de
1828 634 1925 660 Monte
1945 620 2073 663 Gus‘donis
2085 656 2094 671 ‚
2115 631 2153 669 ὠ·
2169 632 2315 664 Wllielmo

1258 667 1289 697 de
1301 671 1521 699 Monte-Leonis.
1892 671 1895 672 ⁷

1294 784 1298 788 ’
1348 797 1397 828 De
1416 798 1492 842 Rege
1507 797 1638 828 Francia
1650 795 1813 843 gravando
1825 805 1882 841 per
1905 795 2035 829 homines
2051 797 2086 830 de
2103 799 2226 832 Baiana.

1326 878 1351 909 E
1361 879 1391 910 X
1417 881 1552 912 omnibus
1565 880 1625 911 δας.
1644 879 1766 910 salutem.

1260 881 1315 936 R
1350 918 1447 949 Sciatis
1469 917 1547 957 quod
1567 918 1709 949 licentiam
1729 918 1858 950 dedimus
1873 919 1968 957 probis
1984 919 2147 952 hominibus
2166 921 2266 953 nostris
2280 918 2317 954 de
2339 921 2414 952 Ann.
2427 921 2468 953 D.

1261 953 1357 985 Baion.
1378 957 1478 994 quod,
1503 957 1563 987 tam
1583 965 1632 994 per
1653 956 1755 995 Mare,
1774 958 1861 995 quam
1884 967 1933 995 per
1955 965 2057 988 terram
2072 983 2082 996 ,
2108 959 2201 990 modis
2216 961 2317 998 quibus
2359 969 2445 998 1242.

1262 1001 1397 1029 poterunt
1412 1003 1529 1034 gravent
1545 993 1658 1033 Regem
1673 994 1815 1033 Franciae,
1833 997 1866 1026 &
1879 997 1957 1033 suos,
1976 997 2009 1027 ὃς
2023 997 2090 1027 alios
2104 996 2139 1027 de
2151 1005 2222 1028 terra
2235 999 2318 1029 nobis
2338 1003 2388 1026 An.
2407 1000 2453 1026 26.

1261 1033 1406 1070 guerrina3
1425 1034 1463 1063 ita
1476 1041 1570 1063 tamen
1584 1031 1679 1069 quod,
1696 1033 1846 1063 occasione
1861 1033 1941 1071 hujus
1956 1034 2076 1065 licentiae
2088 1035 2210 1074 nostrae,
2224 1038 2318 1067 nemi·
2339 1043 2401 1065 Hen.
2423 1046 2447 1072 3.

1260 1078 1346 1108 nem,
1365 1072 1414 1108 qui
1435 1070 1518 1100 fuerit
1539 1069 1576 1099 de
1594 1070 1732 1107 potestate
1751 1071 1861 1108 nostra,
1879 1072 1913 1101 &
1931 1070 1966 1100 ad
1985 1081 2086 1109 pacem
2100 1073 2244 1114 nostram,
2262 1075 2319 1107 sive
2339 1078 2450 1113 Vasconis

1260 1105 1311 1138 sub
1324 1108 1472 1139 condustu
1487 1107 1603 1146 nostr0,
1621 1116 1738 1147 gravent
1749 1118 1795 1139 aut
1812 1108 1971 1139 molestent.
2338 1117 2397 1141 Par.
2419 1111 2454 1145 &-

1300 1145 1386 1177 Hanc
1400 1155 1496 1178 autem
1510 1146 1654 1177 licentiam
1667 1147 1705 1176 eis
1718 1146 1903 1177 concedimus
1912 1169 1922 1185 ‚
1945 1147 2079 1185 quamdiu
2091 1149 2208 1187 praesens
2221 1159 2320 1190 guerra
2338 1156 2414 1179 Cart.
2425 1150 2471 1177 26.

1262 1183 1404 1217 duraverit
1419 1186 1491 1216 inter
1506 1194 1576 1223 nos,
1594 1185 1628 1216 &
1642 1184 1758 1224 Regem
1772 1184 1905 1215 Franciae.
2339 1195 2373 1217 Η,
2390 1199 2415 1226 3.
2428 1198 2465 1217 m.

1301 1222 1484 1254 Praesentium
1499 1224 1584 1254 etiam
1596 1231 1698 1253 tenore
1710 1223 1898 1261 protestamur
1917 1223 1996 1261 quod
2018 1224 2175 1263 servitium,
2193 1226 2272 1265 quod
2285 1226 2321 1258 ad
2344 1237 2385 1255 11.

1263 1262 1381 1299 praesens
1400 1262 1484 1292 nobis
1507 1261 1653 1300 fecerunt,
1671 1261 1815 1292 veniendo
1833 1261 1868 1291 ad
1888 1271 1939 1291 nos
1954 1270 2029 1293 extra
2043 1271 2132 1300 partes
2149 1264 2221 1303 suas,
2239 1266 2320 1305 gratis

1265 1301 1299 1331 ὃς
1313 1300 1349 1331 de
1362 1302 1447 1340 gratia
1462 1300 1507 1331 sua
1521 1300 1603 1330 nobis
1618 1300 1756 1331 fecerunt.

1287 1338 1502 1370 ‘Conceffimus
1515 1339 1599 1369 etiam
1614 1340 1652 1369 eis
1668 1338 1746 1377 quod
1762 1340 1864 1377 primas
1880 1337 1957 1369 mille
1972 1338 2084 1369 Marcas
2097 1363 2108 1378 ‚
2125 1339 2160 1371 ad
2173 1351 2226 1371 nos
2240 1343 2325 1380 perti-

1263 1386 1361 1408 nentes
1375 1377 1412 1408 de
1422 1378 1504 1408 lucro
1516 1377 1583 1415 suo,
1601 1377 1679 1415 quod
1693 1378 1883 1415 perquisierint
1896 1377 1976 1414 super
1990 1378 2123 1408 inimicos
2137 1379 2250 1410 nostros
2273 1381 2324 1411 ha-

1265 1415 1349 1446 beant
1371 1417 1400 1446 in
1421 1416 1555 1453 auxilium
1571 1416 1646 1446 villae
1665 1416 1720 1446 suae
1733 1415 1896 1453 claudendi;
1915 1415 2141 1458 &medietatem
2155 1420 2242 1450 totius
2254 1405 2327 1450 lucri

1268 1453 1307 1484 sui
1322 1454 1420 1485 residui
1434 1454 1469 1484 ad
1484 1464 1536 1485 nos
1550 1455 1712 1491 pertinentis
1725 1455 1846 1486 habeant
1860 1464 1913 1492 pro
1925 1454 2067 1491 stipendiis
2080 1454 2149 1494 suis,

1301 1492 1340 1562 fi}
1352 1493 1402 1537 alia
1416 1492 1549 1564 megicetas
1561 1492 1596 1523 ad
1609 1502 1681 1531 opus
1696 1493 1829 1524 nostrum
1841 1493 2002 1524 reservetur.

1353 1541 1448 1570 cujus,
1502 1542 1530 1563 c.

1307 1606 1401 1639 Teste
1415 1606 1499 1648 Rege
1511 1608 1541 1639 in
1555 1606 1661 1640 Castris
1675 1607 1754 1646 super
1766 1607 1964 1648 Gyriundam,
1981 1618 2002 1648 4
2012 1607 2059 1639 die
2076 1608 2205 1650 Augusti.

1269 1738 1428 1769 Conventio
1446 1739 1523 1768 inita
1548 1739 1625 1769 inter
1645 1739 1753 1784 Regem
1777 1748 1816 1770 ex
1830 1747 1892 1768 una
1904 1761 1913 1777 ‚
1936 1739 1973 1776 ὠ·
1990 1736 2183 1771 Remundum
2202 1742 2239 1773 V
2236 1737 2326 1774 ibeco-

1541 1788 1646 1818 mitem
1662 1784 1864 1827 anzakex
1877 1785 1941 1818 alia
1951 1795 2050 1832 parte.

1273 1868 1379 1930 ITA
1403 1871 1540 1901 convenit
1559 1871 1632 1901 inter
1652 1870 1817 1901 Dominum
1839 1870 2002 1901 Henricum
2023 1869 2138 1911 Regem
2150 1871 2278 1911 Angliae,
2295 1873 2330 1904 ὅ(
2350 1882 2425 1913 ,cium⁸
2437 1882 2478 1914 1)¹

1324 1907 1513 1939 Remundum
1529 1908 1743 1940 Vicecomitem
1760 1909 1796 1940 de
1811 1908 1950 1940 Frunzak.
1969 1908 2047 1947 quod
2066 1909 2144 1940 idem
2158 1910 2330 1941 Vicecomes
2370 1932 2404 1952 12
2427 1932 2455 1951 2·
2513 1928 2518 1938 ι

1265 1946 1374 1985 juvabit
1388 1947 1481 1977 eidem
1494 1947 1570 1986 Regi
1587 1948 1716 1987 Angliae,
1734 1958 1802 1979 cum
1816 1949 1915 1988 viginti
1929 1947 2078 1986 militibus,
2096 1949 2130 1980 &
2144 1949 2243 1988 viginti
2258 1949 2328 1980 Bur-
2346 1965 2397 1988 An.
2420 1962 2465 1988 2⁶,

1267 1985 1395 2025 gensibus
1408 1986 1444 2015 de
1460 1985 1564 2016 Castro
1576 1986 1626 2017 suo
1640 1986 1676 2017 de
1688 1986 1827 2017 Frunzak.
2349 2004 2383 2026 H.
2405 2008 2430 2036 3,

1308 2023 1401 2062 Qiod
1422 2023 1458 2054 de
1478 2033 1582 2055 caetero
1603 2025 1697 2055 eidem
1711 2025 1846 2056 Domino
1860 2024 1983 2064 Regi&
1997 2024 2155 2057 haeredibus
2168 2025 2219 2056 suis
2237 2025 2328 2056 fideli·
2349 2038 2464 2067 tuscania

1270 2070 1312 2106 ter
1330 2063 1429 2093 ierviet
1450 2073 1504 2101 pro
1527 2062 1609 2102 posse
1627 2063 1677 2095 suo
1692 2087 1702 2103 ,
1720 2065 1754 2095 &
1767 2062 1854 2094 fidem
1869 2065 1895 2094 ei
1908 2064 2026 2095 servabit
2039 2068 2141 2095 contra
2155 2075 2257 2095 omnes
2272 2065 2327 2096 ho-
2348 2081 2398 2103 pas
2429 2074 2464 2108 ὓ,

1271 2110 1370 2131 mlsseS·
2376 2124 2401 2139 qr
2420 2135 2422 2138 ⁴
2434 2114 2479 2141 26„

1307 2138 1362 2177 Et,
1380 2139 1414 2169 ad
1430 2140 1569 2179 majorem
1582 2140 1775 2179 securitatem,
1791 2140 1901 2171 tradidit
1917 2142 1943 2171 ei
1957 2140 2152 2172 Willielmum
2167 2141 2326 2181 Amaneni,
2349 2118 2384 2179 ᾗ
2401 2122 2424 2188 Ξ,
2440 2161 2475 2178 m,

1272 2177 1362 2208 filium
1377 2178 1457 2209 suum
1471 2180 1711 2218 primovenitum,
1749 2189 1817 2210 uem
1828 2179 1905 2210 idem
1923 2179 1989 2210 Rex
2001 2180 2217 2211 commendavit
2228 2180 2332 2211 Rusta-
2355 2200 2382 2217 11
2411 2190 2436 2218 A.

1271 2226 1312 2246 no
1326 2216 1362 2247 de
1376 2216 1455 2248 Solio
1473 2204 1709 2257 custodiendum,
1747 2228 1821 2249 onec
1836 2218 1967 2258 Treuga,
1982 2218 2028 2248 vel
2044 2217 2102 2248 Pax
2115 2219 2146 2250 fit
2159 2219 2233 2250 inter
2251 2220 2271 2239 *⁵
2288 2221 2331 2257 ip·
2351 2230 2367 2246 π»
2381 2227 2404 2258 Ι,
2417 2235 2485 2264 409.

1272 2255 1334 2285 sum
1347 2254 1514 2286 Dominum
1531 2256 1646 2297 Regem
1660 2257 1789 2297 Angliae,
1807 2257 1841 2288 &
1855 2256 1968 2296 Regem
1984 2256 2007 2286 F
2008 2258 2119 2287 ranciae.

1310 2293 1348 2324 Et
1360 2303 1395 2325 ex
1409 2304 1467 2332 quo
1482 2303 1578 2335 treuga
1587 2320 1596 2333 ,
1614 2295 1661 2326 vel
1676 2304 1728 2334 pax
1742 2295 1825 2327 fuerit
1837 2296 1910 2326 inter
1921 2295 1993 2333 ipsos
2007 2320 2016 2334 ,
2034 2295 2111 2326 idem
2125 2294 2266 2328 Rustanus
2281 2295 2332 2327 de-

1272 2332 1322 2363 bet
1335 2332 1452 2363 reddere
1464 2333 1557 2364 eidem
1573 2334 1750 2365 Vicecomiti
1782 2333 1930 2364 raedictum
1945 2333 2034 2364 filium
2046 2334 2135 2365 suum.

1312 2370 1352 2402 Et
1365 2371 1432 2403 inde
1446 2371 1524 2403 dedit
1540 2373 1689 2411 praedictus
1704 2373 1754 2403 Ru
1781 2382 1847 2403 anus
1863 2372 1955 2403 eidem
1971 2373 2146 2404 Vicecomiti
2160 2373 2262 2404 litteras
2276 2373 2334 2405 suas
2390 2374 2391 2377 ’

1272 2418 1415 2450 patentes,
1441 2411 1475 2441 &
1496 2410 1593 2451 Major
1613 2413 1647 2443 &
1668 2410 1847 2442 Communia
1867 2411 1985 2450 Burdeg.
2011 2411 2136 2442 similiter
2155 2420 2286 2443 tenentur
2309 2415 2334 2443 ei

1273 2448 1338 2478 dare
1355 2448 1457 2480 litteras
1477 2449 1534 2480 suas
1558 2458 1681 2488 patentes
1695 2474 1705 2488 ‚
1723 2450 1801 2489 quod
1815 2449 1903 2480 filium
1916 2450 1997 2480 illum
2013 2451 2038 2480 ei
2055 2449 2133 2480 reddi
2147 2450 2267 2490 facient,
2285 2461 2334 2489 per

1274 2496 1451 2525 praeceptum
1465 2486 1591 2519 Domini
1604 2489 1700 2528 Regis.
1776 2515 1779 2521 ,

1312 2525 1392 2556 Prius
1407 2535 1515 2556 tamem
1528 2537 1613 2565 quam
1628 2528 1705 2557 idem
1719 2526 1864 2558 Rustanus
1878 2526 1968 2556 filium
1981 2527 2062 2557 suum
2085 2528 2112 2557 ei
2125 2526 2237 2566 reddat,
2255 2536 2336 2559 tene-

1272 2572 1318 2594 tur
1338 2564 1413 2594 idem
1428 2565 1598 2596 Vicecomes
1618 2567 1643 2596 ei
1663 2566 1728 2595 dare
1743 2565 1913 2604 fidejuffores
1927 2565 1981 2596 fide
1993 2566 2092 2605 dignos
2108 2566 2251 2603 (videlicet
2267 2566 2336 2596 Ber-

1274 2602 1395 2633 nardum
1410 2602 1446 2633 de
1460 2604 1594 2641 Scoffan,
1611 2604 1631 2633 11
1647 2603 1780 2642 superstes
1796 2606 1891 2643 fuerit,
1909 2605 1942 2635 δε
1957 2604 2043 2634 alium
2058 2604 2197 2634 Baronem
2212 2605 2334 2636 Wasco-

1263 2640 1341 2677 niae)
1360 2641 1455 2680 quod,
1475 2642 1495 2672 11
1509 2651 1621 2682 treuga,
1639 2644 1685 2672 vel
1699 2642 1757 2672 Pax
1778 2651 1941 2681 rumpatur,
1962 2643 2056 2680 aliquo
2073 2642 2153 2681 casu,
2171 2644 2243 2673 inter
2259 2653 2332 2681 prae-

1275 2679 1368 2710 dictos
1389 2679 1483 2719 Reges
1498 2703 1507 2719 ,
1530 2681 1564 2711 ad
1587 2681 1751 2711 mandatum
1772 2682 1853 2719 ipsius
1875 2681 1905 2711 R
1942 2683 1962 2711 is
1982 2681 2109 2721 Angliae,
2126 2681 2215 2719 ipsum
2228 2681 2338 2721 filiurn,

1276 2719 1322 2749 vel
1344 2719 1429 2749 aliurn
1452 2719 1542 2749 filium
1563 2719 1643 2750 suum
1665 2720 1870 2759 post-genitum
1885 2744 1895 2758 ,
1906 2690 2003 2757 {ipse
2013 2720 2148 2757 superstes
2160 2729 2221 2751 non
2236 2720 2339 2759 fuerit,

1276 2757 1374 2787 reddet
1393 2757 1486 2788 eidem
1502 2757 1533 2788 R
1560 2759 1605 2789 vel
1626 2758 1782 2789 haeredibus
1804 2758 1886 2799 ipsius
1908 2757 1947 2788 R.
1966 2758 1987 2788 11
2007 2759 2038 2788 in
2055 2758 2110 2789 fata
2125 2758 2288 2798 decefferi't,
2306 2761 2337 2789 in

1276 2795 1424 2834 obsidem,
1442 2797 1512 2827 licut
1527 2799 1611 2835 prius.

1313 2833 1352 2864 Et
1368 2834 1517 2865 Dominus
1539 2836 1606 2865 Rex
1625 2834 1733 2866 admisit
1752 2835 1843 2874 ipsum
1865 2834 2015 2866 Comitem
2036 2836 2065 2865 in
2086 2835 2198 2873 plenam
2218 2837 2336 2875 gratiam

1274 2872 1368 2911 suam,
1387 2874 1421 2904 ἃ
1442 2874 1547 2903 remisit
1570 2875 1595 2904 ei
1614 2884 1715 2904 omnes
1731 2874 1854 2912 querelas
1867 2884 1934 2912 quas
1949 2874 2045 2905 habuit
2057 2873 2148 2905 versus
2165 2874 2273 2913 ipsum,
2291 2884 2337 2907 us·-

1274 2921 1330 2950 que
1342 2912 1376 2942 ad
1392 2912 1469 2942 diem
1484 2913 1674 2943 confestionis
1684 2912 1871 2950 praesentium.

1309 2949 1346 2980 Et
1369 2950 1497 2990 promisit
1516 2952 1542 2980 ei
1557 2951 1635 2989 quod
1648 2952 1721 2981 bene
1734 2952 1767 2982 &
1781 2951 1917 2982 curialiter
1932 2950 1959 2981 se
1972 2958 2050 2990 geret
2064 2960 2128 2991 erga
2139 2950 2230 2990 ipsum
2245 2950 2335 2983 Vice-

1273 2989 1430 3027 comitem,
1447 2997 1581 3026 tanquam
1596 2989 1710 3020 fidelem
1723 2988 1822 3028 suum,
1840 2990 1874 3020 &
1888 2989 1983 3027 quod,
2022 2999 2055 3020 ro
2068 2989 2149 3027 poffe
2163 2990 2333 3029 suo,ipsum

1271 3028 1466 3058 manutenebit
1480 3028 1513 3058 ὅσ
1527 3027 1676 3066 defendet,
1693 3037 1748 3058 nec
1760 3029 1905 3066 permittet
1929 2999 2021 3066 quodp
2028 3027 2142 3066 aliquod
2155 3028 2314 3067 dampnum
2324 3053 2336 3068 ,

1272 3066 1319 3098 vel
1333 3067 1430 3104 injuria
1444 3067 1469 3096 ei
1482 3066 1614 3096 inferatur
1626 3077 1642 3096 a
1655 3067 1683 3097 se
1696 3066 1742 3096 vel
1756 3067 1815 3097 suis.

1314 3104 1412 3135 Debet
1427 3106 1512 3135 etiam
1531 3105 1607 3134 idem
1622 3104 1765 3135 Dominus
1784 3105 1848 3135 Rex
1862 3104 2012 3136 sustentare
2030 3104 2168 3146 sexaginta
2181 3105 2283 3137 milites
2297 3106 2337 3136 ei-

1273 3141 1341 3172 dem
1355 3142 1531 3173 ·Vicecomiti
1539 3167 1548 3181 ,
1565 3142 1600 3173 ad
1610 3143 1723 3173 custum
1735 3143 1832 3181 suurn,
1851 3143 1985 3182 quamdiu
1997 3153 2096 3183 guerra
2108 3144 2249 3176 duraverit
2262 3146 2335 3175 inter

1274 3181 1363 3219 ipsum
1387 3181 1550 3212 Dominum
1572 3181 1687 3220 Regem
1703 3206 1713 3219 ,
1739 3183 1772 3212 &
1786 3181 1900 3221 Regem
1915 3181 2059 3221 Franciae,
2076 3182 2110 3212 ad
2125 3192 2252 3222 guerram
2268 3182 2336 3212 Do-

1273 3220 1345 3250 mini
1359 3219 1449 3259 Regis
1464 3219 1716 3250 manutenendam:
1734 3221 1767 3251 &
1782 3220 1926 3251 Dominus
1942 3220 2026 3258 Rex,
2045 3230 2102 3258 prae
2116 3222 2260 3258 manibus,
2279 3229 2336 3251 tra-

1273 3257 1343 3289 didit
1358 3259 1382 3288 ei
1397 3258 1531 3296 stipendia
1543 3258 1745 3296 pr.edi6t0rum
1759 3259 1883 3289 rnilitum
1892 3281 1901 3296 ,
1919 3259 1953 3289 ad
1968 3260 2069 3296 viginti
2082 3259 2148 3289 dies.

1314 3297 1413 3334 Qiam
1428 3298 1487 3327 cito
1505 3306 1601 3327 autem
1616 3295 1692 3327 idem
1703 3296 1848 3328 Dominus
1863 3297 1929 3327 Rex
1946 3297 2153 3328 demandaverit
2175 3297 2269 3327 eidem
2281 3295 2336 3328 Vi-

1274 3336 1410 3365 cecolniti
1422 3358 1432 3373 ,
1458 3335 1536 3372 quod
1556 3335 1647 3365 dictos
1668 3335 1768 3366 milites
1782 3346 1842 3366 non
1854 3344 1945 3366 teneat
1958 3335 1991 3365 ad
2005 3335 2118 3366 custum
2132 3336 2212 3373 ipsius
2227 3335 2333 3380 Regis,

1275 3383 1336 3404 non
1351 3374 1490 3403 tenebitur
1513 3374 1538 3403 ci
1560 3373 1596 3403 de
1614 3373 1756 3411 stipendiis
1775 3375 1826 3404 illis
1847 3373 2027 3412 respondere,
2046 3374 2096 3403 nisi
2111 3373 2178 3404 Rex
2190 3372 2334 3413 Francrae,

1275 3411 1321 3442 vel
1341 3411 1438 3449 aliquis
1457 3412 1575 3442 fratrum
1599 3411 1714 3443 suorum
1732 3412 1801 3444 esset
1819 3414 1847 3442 in
1870 3422 1943 3443 terra
1962 3412 2042 3450 ipsius
2055 3411 2242 3443 vicecomitis
2263 3422 2334 3444 cum

1275 3451 1400 3480 exercitu
1415 3449 1449 3480 ad
1464 3450 1554 3487 ipsum
1567 3450 1749 3489 gravandum.

1311 3487 1350 3518 Et
1372 3488 1392 3517 fi
1412 3488 1488 3517 idem
1508 3487 1574 3518 Rex
1597 3488 1724 3520 Franciae
1736 3513 1746 3527 ,
1771 3489 1816 3524 vel
1836 3488 1930 3526 aliquis
1942 3487 2058 3518 fratrum
2070 3488 2203 3528 suorum,
2220 3489 2335 3521 intraret

1244 3530 1247 3532 '
1275 3534 1378 3557 terram
1397 3526 1478 3569 ipiius
1498 3526 1685 3557 vicecomitis
1708 3537 1761 3565 pro
1782 3527 1929 3557 obsidione
1942 3526 2086 3565 facienda,
2103 3528 2149 3558 vel
2163 3528 2192 3557 in
2205 3535 2277 3558 terra
2290 3529 2335 3559 sua

1278 3575 1390 3595 moram
1413 3568 1516 3595 iaceret
1535 3564 1569 3594 ad
1582 3565 1671 3603 ipsum
1685 3565 1874 3605 gravandum,
1891 3565 1968 3595 idem
1982 3564 2130 3595 Dominus
2144 3565 2211 3596 Rex
2225 3574 2337 3598 tenetur

1277 3603 1429 3634 restaurare
1449 3605 1475 3632 ei
1497 3604 1529 3634 &
1551 3603 1602 3633 suis
1623 3611 1718 3634 totum
1733 3603 1907 3641 dampnum,
1926 3602 2004 3640 quod
2019 3603 2097 3633 idem
2111 3603 2284 3636 vicecomes
2299 3607 2334 3637 &

1278 3642 1319 3673 sui
1330 3643 1473 3672 incurrent
1484 3651 1534 3679 per
1547 3641 1637 3679 ipsum
1652 3641 1767 3681 Regem
1782 3642 1925 3678 Franciae,
1941 3641 2092 3672 occasione
2112 3642 2215 3674 servitii
2226 3643 2335 3674 Domi*

1278 3681 1308 3710 ni
1321 3680 1410 3720 Regis
1423 3679 1549 3719 Angliae,
1567 3679 1639 3709 infra
1652 3680 1830 3719 quadraginta
1849 3678 1907 3709 dies
1928 3679 2080 3718 postquam
2095 3680 2171 3712 idem
2184 3681 2334 3713 Dominus

1281 3719 1346 3749 Rex
1358 3717 1424 3748 inde
1436 3718 1519 3748 fuerit
1530 3719 1671 3756 monitus,
1688 3718 1722 3749 &
1736 3718 1896 3756 requisitus,
1914 3717 1947 3748 ad
1961 3719 2072 3749 dictum
2085 3718 2221 3760 Hugonis
2235 3721 2271 3751 de
2282 3721 2335 3751 Vi-

1279 3767 1348 3788 non.
1369 3758 1402 3788 &
1422 3757 1490 3787 dieti
1510 3755 1548 3786 R.
1569 3755 1606 3786 de
1619 3756 1717 3795 Solio,
1736 3757 1770 3787 &
1786 3755 1836 3786 W.
1856 3755 2003 3786 Gunbaud
2015 3756 2052 3787 de
2064 3757 2195 3788 Pabentis
2206 3759 2240 3797 (fi
2254 3759 2336 3789 11111111

1279 3794 1383 3834 possint
1394 3794 1523 3832 inveniri)
1540 3794 1581 3823 sin
1593 3802 1705 3834 autern,
1723 3794 1758 3825 ad
1773 3794 1884 3825 dietum
1896 3794 2022 3826 duorum
2035 3795 2083 3827 vel
2104 3798 2184 3828 unius
2195 3806 2230 3827 ex
2244 3798 2251 3826 i
2274 3798 2314 3827 fis.

1321 3834 1351 3864 Si
1365 3843 1435 3864 vero
1450 3833 1485 3863 ad
1498 3832 1608 3862 diffitum
1621 3832 1722 3863 nullius
1734 3832 1938 3870 praedictorum
1951 3834 2043 3871 poffet
2056 3835 2225 3873 praedictum
2259 3845 2339 3872 amp-

1282 3882 1354 3902 num
1375 3873 1414 3901 eis
1434 3870 1574 3901 emendari
1587 3895 1596 3909 ,
1621 3870 1706 3902 debet
1724 3871 1787 3909 ipfis
1804 3870 1920 3902 satisfieri
1934 3872 1967 3902 ad
1980 3872 2090 3903 dietum
2103 3873 2216 3912 alicujus
2227 3875 2338 3903 amico-⁷

1281 3917 1345 3941 rum
1357 3909 1478 3948 ejusdem
1492 3909 1677 3939 Vicecomitis
1692 3934 1702 3948 ,
1726 3912 1759 3941 &
1774 3909 1920 3940 Senescalli
1933 3910 2113 3951 Wasconiae,
2131 3914 2180 3950 qui
2191 3920 2261 3941 tunc
2276 3919 2336 3941 erit.

1319 3948 1393 3978 Item
1414 3948 1434 3977 fi
1454 3948 1519 3978 Rex
1536 3947 1661 3978 Franciae
1680 3958 1730 3986 per
1744 3948 1788 3986 se,
1806 3948 1851 3978 vel
1865 3958 1914 3986 per
1927 3948 1989 3979 suos
1998 3950 2140 3980 obsideret
2152 3948 2287 3979 Castrum
2298 3948 2336 3979 de

1280 3985 1428 4023 Frunzak,
1446 3985 1591 4016 Dominus
1612 3985 1677 4016 Rex
1698 3986 1825 4026 Angliae,
1842 3986 1862 4016 fi
1875 3987 1990 4024 praesens
2010 3988 2095 4019 fuerit
2107 4011 2117 4027 ,
2135 3987 2181 4017 vel
2193 3986 2336 4018 Senescal-

1280 4025 1323 4055 lus
1343 4024 1404 4055 suus
1426 4023 1588 4054 Wasconiae
1607 4023 1692 4055 debet
1707 4049 1716 4063 ,
1740 4023 1775 4054 ad
1796 4024 1911 4056 custum
1923 4024 2047 4057 Domini
2060 4027 2166 4063 Regis,
2185 4034 2292 4063 ponere
2304 4026 2335 4056 in

1279 4063 1339 4101 ipso
1360 4061 1463 4093 Castro
1481 4071 1577 4100 quater
1593 4063 1694 4103 viginti
1714 4063 1815 4095 milites
1831 4086 1842 4103 ‚
1862 4064 1895 4095 &
1906 4072 1946 4095 20
1958 4063 2113 4097 Balistarios
2146 4061 2182 4095 ad
2196 4063 2336 4095 defensio-

1281 4110 1350 4132 nem
1364 4100 1487 4140 ejusdem
1500 4099 1596 4132 Castri
2271 4125 2313 4169 Μ

2312 4145 2339 4166 aa
