2570 4261
712 131 820 175 ET
904 132 1173 175 ACTA

0 224 72 258 Ann.
80 221 122 254 D.
143 218 349 268 Magoa—Apro
375 219 541 252 liberatione
567 217 713 264 Karissimi
735 218 944 287 Confinguinei
965 219 1055 250 nostri
1079 217 1204 261 Karoli,

15 263 98 301 1289.
142 258 202 289 Dei
209 267 318 303 gratia,
333 258 487 298 Jerusalem
500 259 534 290 ὃς
549 257 660 289 Ciciliae
680 257 770 295 Regis
778 275 793 296 ι,
815 268 855 289 vo
866 265 943 288 entes
964 258 1061 289 favore
1076 257 1205 295 prosequi

0 303 60 332 mv·
83 310 107 329 ι’
141 296 251 366 sPeScilsii1¹
247 322 310 375 ,'&
323 335 499 374 haeredibus,
517 336 551 366 &
564 334 767 366 successoribus
783 333 834 364 suis
849 334 1053 371 concedimus,
1071 343 1122 371 per
1133 341 1207 370 prae-

142 373 232 405 sentes
246 397 256 412 ,
274 373 353 412 quod
372 373 494 404 domum
514 373 591 403 illam
605 397 614 411 ,
641 382 728 411 quam
749 371 825 402 idem
845 372 982 402 Arnaldus
1002 372 1159 402 construxit
1178 371 1208 399 in

143 412 232 457 solo,
243 412 295 456 seu
302 412 414 450 placen,
432 421 497 449 quae
509 411 561 441 fuit
582 411 728 449 quondam
743 410 818 441 Petri
834 411 977 441 Andronis
992 409 1073 441 Civis
1086 409 1204 447 Burdeg.

143 450 306 526 suffigi&
315 486 362 517 fita
376 486 417 517 est
432 486 577 527 Burdegal.
597 487 668 517 inter
681 494 793 524 portam
817 486 854 516 de
868 486 997 526 Rotella,
1017 487 1033 516 {t
1047 494 1123 525 parte
1138 486 1209 514 inte-

146 527 214 557 riori
227 525 406 563 immediate,
423 526 457 556 &
472 525 556 555 Mare
568 526 615 556 seu
630 525 750 556 fluvium
765 524 893 555 nostrum
915 525 1055 555 Girundae
1071 548 1080 562 ,
1099 525 1115 553 a
1129 530 1206 561 parte

145 563 312 607 posteriori,
331 565 366 595 &
384 563 496 595 fundata
517 574 567 604 per
587 573 686 594 muros
709 565 742 595 &
765 563 874 595 turellas
887 564 961 595 villae
974 563 1120 601 Burdegal.
1139 562 1209 592 exis-

146 601 420 671 tenCtIetirrlibltciiiiriiibus
439 639 563 670 aedificiis
583 640 651 679 suis,
669 641 739 670 inibi
755 650 803 678 per
814 639 936 670 eundem
960 638 1118 670 Arnaldum
1139 647 1210 668 con-

147 678 276 717 struffls,
294 680 328 710 δε
342 679 492 717 specialiter
508 679 541 710 δε
563 679 688 716 expreffe
708 689 775 709 cum
797 680 870 709 exitu
883 703 893 716 ,
917 678 963 709 seu
985 687 1066 716 porta
1088 679 1116 707 in
1129 676 1208 706 dic‘to

148 727 234 748 muro
249 717 339 755 faita,
358 727 390 747 ex
405 725 481 755 parte
496 717 661 748 Barbacanae
683 717 767 748 dietae
790 726 894 755 portae,
913 718 947 748 &
961 719 1045 747 etiam
1061 726 1129 747 cuin
1143 715 1212 744 aedi-

147 755 218 786 ficiis
229 756 273 799 .&
293 755 412 786 Latrinis
432 756 462 785 in
483 755 565 786 dietis
584 757 670 786 muris
684 755 815 787 faciendis
827 764 903 786 extra
916 765 1031 786 murum
1044 754 1211 785 Barbacanae

147 793 318 875 Ρῐέἀὲὲἔᾶτ
330 856 339 870 ,
365 833 399 863 &
419 840 532 863 teneant
546 857 556 870 ,
580 833 614 864 &
630 831 784 871 poffideant
801 841 954 871 perpetuo,
973 832 1006 864 &
1021 830 1158 870 pacifice,
1176 838 1209 860 ac

146 877 258 908 quiete,
276 870 334 900 fine
344 872 425 900 omni
440 872 658 910 inquietatione,
677 872 804 909 querela,
823 872 869 902 seu
884 871 1021 901 demanda
1037 870 1142 908 nostri,
1161 869 1207 898 seu

147 904 294 938 haeredum
309 933 318 946 ,
343 917 389 939 aut
409 909 599 939 succefforum
620 909 784 940 nostrorum
804 910 931 940 facienda
952 909 1102 940 occasione
1115 907 1210 937 dieto-

151 956 217 977 mm
230 956 351 991 operum
366 947 613 985 construd'rorum,
626 948 671 978 vel
685 948 777 979 adhuc
808 956 839 978 ut
850 948 960 978 dietum
974 947 1032 985 est,
1044 946 1213 977 construen-

148 984 413 1054 ‹elggriss‘mahigingnuris
435 987 468 1018 &
487 986 589 1017 turellis
601 986 759 1025 praedidiis3
777 973 862 1018 {alvo
876 988 906 1017 in
919 986 976 1017 aliis
987 986 1049 1025 jure
1063 984 1163 1016 nostro
1177 984 1211 1015 δε

186 1060 221 1092 In
234 1062 312 1101 cujus
326 1063 386 1094 δῖε.

188 1138 260 1170 Dat.
277 1139 426 1170 Condom.
446 1147 542 1178 quarta
555 1139 601 1170 die
616 1138 716 1169 Madii.
740 1143 743 1145 “

218 1267 326 1299 Litera
343 1263 378 1298 de
394 1263 553 1299 Credentia
573 1262 721 1297 Nicholao
742 1267 842 1311 Papae,
866 1268 903 1302 &-
922 1260 1145 1297 Cardinalibus'.

0 1351 77 1384 Ann.
91 1348 133 1380 D.
155 1348 376 1411 SAnCtiffimo
393 1349 469 1379 Patri
481 1349 511 1378 in
524 1348 643 1379 Christo
687 1358 720 1379 ac
736 1348 870 1378 Domino
885 1346 1061 1385 reverendo,
1080 1345 1215 1376 Domino

21 1390 106 1427 1289.
213 1387 378 1425 Nicholao,
394 1387 453 1417 Dei
467 1387 554 1427 gratia
567 1371 748 1418 sacroiine‘cae
761 1386 905 1416 Romanae
918 1388 952 1417 ὅτ.
966 1384 1138 1416 Universalis
1160 1383 1218 1414 Ec-

1 1433 54 1458 An.
77 1437 118 1463 ¹7·
155 1425 246 1456 clefiae
266 1425 390 1456 Summo
410 1425 567 1464 Pontifici,
592 1425 747 1457 Edwardus
762 1448 772 1464 ,
797 1426 858 1456 δῖε.
878 1424 981 1456 devota
994 1423 1102 1462 pedum
1123 1423 1218 1454 oscula

0 1473 32 1496 Ε.
57 1477 79 1494 ι.
154 1465 305 1494 beatorum
317 1474 385 1495 curn
398 1465 481 1494 omni
495 1466 648 1495 reverentia
662 1465 695 1495 &
710 1464 830 1494 honore.

0 1511 56 1535 Rot.
75 1504 131 1541 Vas-
187 1502 319 1533 Dilectos
338 1503 506 1534 consiliarios
527 1505 561 1534 &
582 1503 675 1534 fideles
694 1502 805 1533 nostros
823 1527 832 1540 ,
850 1501 995 1532 Nobilem
1010 1501 1105 1531 virum
1117 1499 1216 1530 Otho-

1 1554 54 1572 con.
66 1551 110 1577 17.
151 1551 220 1572 nem
241 1540 277 1572 de
297 1540 479 1572 Grandisono
498 1542 635 1580 militem,
650 1551 684 1572 ac
706 1541 755 1571 reli
775 1541 865 1572 iosum
885 1542 919 1572 &
942 1540 1093 1571 discretum
1110 1538 1214 1569 Virum

2 1586 33 1610 Ε.
45 1588 131 1619 i.p.2.
154 1580 278 1610 Fratrem
300 1579 499 1610 Guillielmum
517 1580 552 1610 de
572 1580 726 1618 Hothum,
764 1590 780 1610 e
796 1579 896 1610 ordine
910 1579 1145 1617 praedicatorum,
1164 1586 1218 1614 pro

1 1630 39 1650 m.
55 1619 130 1650 11.d.
153 1617 326 1656 quibusdum
337 1618 474 1658 Negotiis
488 1618 606 1657 nostris,
620 1618 655 1649 ad
668 1619 823 1649 sanctitatis
835 1617 936 1650 vestrae
948 1617 1122 1656 praesentiam
1135 1615 1219 1646 desti—

152 1664 267 1695 nantes,

190 1694 389 1726 Paternitatetn
409 1694 528 1727 vestram
547 1694 691 1726 humiliter
712 1694 885 1733 inploramus
899 1719 909 1733 ,
932 1702 1066 1732 quatenus
1109 1693 1219 1723 raefatos

152 1733 289 1765 Nuncios
307 1732 511 1772 nostros-solita
526 1734 696 1773 benignitate
709 1735 849 1774 recipere,
868 1734 900 1764 &
914 1733 1032 1771 eisdem,
1051 1743 1087 1763 ve
1111 1741 1216 1762 eorum

151 1772 247 1810 alteri,
264 1771 346 1812 super
359 1772 495 1803 omnibus
508 1773 541 1804 &
554 1772 681 1810 sinotilis,
699 1782 764 1810 quae
778 1773 877 1810 vobis,
897 1781 930 1802 ex
945 1780 1021 1809 parte
1034 1770 1129 1801 nostra
1144 1771 1218 1801 vivae

153 1811 236 1841 vocis
250 1810 385 1848 oraculo,
403 1810 547 1849 diurerint,
565 1796 614 1842 vel³
626 1810 735 1841 duxerit
747 1809 929 1849 exponenda,
948 1809 1162 1841 indubitabilem
1183 1808 1217 1838 fi-

153 1848 221 1880 dem
232 1849 266 1880 &
280 1848 391 1880 firmam
404 1849 577 1880 credentiam
590 1849 723 1880 adhibere
738 1850 844 1888 velitis,
862 1849 948 1880 veluti
962 1849 1061 1887 nobis,
1079 1848 1141 1885 ipsis
1155 1871 1164 1884 ,
1184 1856 1217 1877 ac

156 1897 207 1926 ea,
226 1897 289 1925 quae
308 1889 374 1918 vice
393 1887 490 1918 nostra
512 1889 640 1926 petierint
656 1913 665 1926 ,
683 1888 717 1918 ad
730 1889 846 1928 gratiam
861 1886 1042 1918 exauditionis
1058 1886 1220 1923 admittere,

156 1927 191 1958 &
206 1925 336 1964 prosequi
350 1927 476 1965 gratiose.

195 1964 292 1994 Vitam
304 1965 464 2002 prosperam
481 1965 513 1996 ὃς
528 1964 690 2002 longaevam
704 1973 804 1995 annuat
816 1964 899 1995 vobis
912 1964 1010 2002 Deus,
1027 1963 1062 1994 ad
1077 1963 1221 2003 Regimen

156 2002 291 2034 Ecclesiae
307 2003 361 2034 siiae
375 2003 486 2034 Sanstae
501 2004 535 2035 ὃ(
548 2003 654 2035 Pacem
668 2006 753 2035 totius
767 2003 865 2042 populi
879 2002 1041 2033 Christiani.

191 2078 262 2109 Dat.
281 2078 355 2117 apud
368 2078 532 2110 Lauerdake
544 2079 651 2110 octavo
665 2079 712 2110 die
723 2079 812 2119 Maii,
830 2079 919 2110 Anno
933 2079 1056 2110 Domini
1071 2076 1220 2108 millesimo

157 2116 351 2148 ducentesimo
365 2118 546 2157 odtogelimo
560 2128 649 2150 nono.

159 2243 226 2288 Eju
239 2241 323 2276 modi
350 2246 458 2278 Litera
480 2246 613 2277 Domino
643 2247 755 2277 Latino
782 2242 906 2286 Ostiensi
928 2246 964 2282 ὠ*
983 2245 1019 2277 V
1018 2242 1163 2287 illatrenst
1176 2245 1224 2276 E-

534 2288 649 2340 'piftopo
674 2292 845 2326 cardinali.

9 2373 133 2408 AnnD

79 2399 85 2405 ·
135 2397 143 2405 -
161 2377 374 2441 VEnerabili
394 2380 425 2408 in
446 2377 564 2409 Christo
583 2379 652 2414 patri
669 2399 675 2411 ‚
701 2379 796 2408 amico
815 2377 864 2408 suo
887 2376 1044 2407 Karisfimo
1059 2401 1068 2414 ,
1089 2376 1224 2406 Domino

31 2415 115 2446 1288.
247 2418 339 2448 Latin.
360 2417 418 2447 Dei
440 2415 528 2454 grati&⁴
541 2440 551 2454 ,
574 2415 686 2446 Ostien.
705 2417 739 2447 &
762 2416 905 2447 Villatren.
929 2415 1072 2454 Episcopo
1086 2438 1096 2453 ,
1121 2415 1224 2444 Sacro-

10 2459 64 2484 An.
81 2463 124 2488 ¹7·
161 2455 264 2487 sanem
288 2456 433 2486 Romanae
456 2454 590 2485 Ecclesiae
610 2453 752 2484 Cardinali
769 2477 778 2492 ,
803 2452 958 2484 Edwardus
972 2477 982 2491 ,
1007 2453 1105 2483 eadem
1123 2453 1224 2493 gratia,

9 2497 39 2520 E.
62 2502 86 2518 ¹·
162 2496 224 2526 &a
243 2494 383 2532 Salutem,
403 2503 472 2524 cum
487 2495 666 2523 incremento
680 2493 820 2523 continuo
833 2492 931 2532 glorire
947 2492 980 2522 ὃ(
994 2491 1119 2522 honoris.

9 2531 113 2559 Ibidem·
200 2532 321 2563 Dilectis
342 2532 502 2562 consiliariis
525 2532 559 2562 &
579 2530 706 2561 fidelibus
727 2530 828 2561 nostris
842 2555 851 2568 ,
876 2530 982 2560 Nobili
995 2531 1074 2567 viro,
1095 2529 1225 2560 Antonio

163 2570 200 2601 de
215 2570 411 2601 Grandissono
454 2572 487 2602 ὃς
499 2570 629 2609 religioso
648 2571 712 2600 viro
724 2570 757 2601 δί
771 2569 891 2600 discreto
907 2569 994 2599 Fratri
1008 2568 1176 2598 Guillielmo
1190 2568 1227 2598 de

163 2608 319 2648 Hothum,
336 2609 372 2639 de
385 2594 485 2639 ordine
497 2608 732 2646 praedicatorum,
751 2618 840 2646 quos,
858 2617 910 2648 pro
926 2606 1092 2645 quibusdam
1107 2608 1226 2646 negotiis

164 2647 269 2678 nostris
282 2671 292 2686 ,
317 2647 350 2678 ad
365 2647 529 2677 Dominum
543 2646 697 2677 Summum
712 2646 884 2676 Pontificem
903 2647 936 2677 ὃ(
953 2646 1009 2683 ejus
1022 2647 1128 2676 curiam
1142 2645 1228 2676 desti—

162 2695 272 2724 namus,
291 2685 421 2724 quaedam
435 2685 629 2716 commisimus
644 2685 728 2716 vobis
747 2685 820 2715 vivae
839 2685 917 2716 vocis
938 2683 1055 2714 oraculo
1069 2683 1228 2715 referenda.

202 2724 401 2755 Paternitatem
422 2723 545 2755 vestram
566 2731 694 2763 rogantes
707 2748 716 2760 ,
744 2732 878 2761 quatenus
892 2722 1010 2761 praefatis
1023 2722 1149 2753 Nunciis
1163 2733 1231 2753 nos-

164 2764 230 2802 tris,
248 2762 294 2793 vel
308 2772 410 2793 eorum
425 2763 516 2800 alteri,
532 2762 613 2800 super
627 2762 779 2799 omnibus,
798 2772 861 2800 quae
876 2761 960 2792 vobis
975 2769 1009 2791 ex
1024 2769 1100 2799 parte
1116 2761 1229 2799 nostra,

13 2810 31 2829 t
40 2811 145 2846 11-422·
163 2811 217 2833 ore
231 2809 312 2833 tenus
323 2801 454 2832 duxerint
468 2801 487 2821 *
504 2800 686 2839 exponenda,
704 2799 792 2830 fidem
806 2800 895 2832 velitis
910 2799 1055 2831 indubiam
1069 2800 1210 2831 adhibete.

200 2876 269 2909 Dat.
285 2876 359 2916 apud
373 2876 536 2908 Lauerdake
550 2877 656 2908 oCtavo
671 2876 717 2908 die
733 2877 823 2915 Maii,
837 2886 913 2907 anno
926 2875 1022 2916 Regni
1036 2875 1129 2907 nostri
1148 2885 1192 2915 17.

165 2951 379 3030 naffgiriisizhrlbilzitz
388 2952 478 2984 littera
496 2952 625 2994 dirigitur
639 2954 750 2995 singulis
764 2953 958 2986 Cardinalibus
972 2952 1009 2984 de
1023 2952 1111 2985 Curia
1123 2953 1236 2984 Roma-

206 3066 342 3097 Domino
361 3065 503 3097 Bemardo
524 3066 583 3097 Dei
605 3069 691 3101 cratia
705 3069 850 3109 Episcopo
872 3069 1039 3101 Penestrino
1054 3068 1235 3101 sacrosanrstae

168 3105 317 3138 Romanae
331 3104 467 3137 Ecclesiae
482 3091 632 3137 Cardinafl.

168 3183 287 3256 Dogino
308 3186 481 3220 Bentenenge
503 3185 558 3212 Dei
573 3186 670 3221 gratia
684 3184 825 3216 Albanen.
844 3184 1005 3230 Epifioposs¹

172 3233 291 3290 Domiito
312 3259 443 3299 Johanni
470 3262 525 3290 Dei
548 3263 645 3297 gratia
666 3260 789 3301 Epiftopo
809 3262 955 3302 Tufiulano
976 3287 986 3301 ,
1003 3230 1007 3280 l
1025 3262 1170 3305 Episcopis

210 3297 271 3333 &c.
1000 3282 1234 3332 >cardinalibus

175 3338 292 3382 Domino
306 3336 448 3365 Bernardo
462 3339 517 3382 Dei
535 3339 631 3382 gratia
646 3335 768 3383 Episcopo
783 3341 912 3370 Portuen.
928 3337 986 3375 &a
1003 3323 1010 3387 J

175 3377 293 3405 Dommo
307 3375 429 3404 Gerardo
443 3377 498 3404 Det
507 3381 603 3412 gratia
618 3374 693 3414 Epist
710 3375 807 3416 Sabyn.
828 3376 888 3412 ὠς.
988 3390 1009 3416 J

176 3452 247 3480 Item
270 3452 387 3480 Domino
407 3452 489 3480 Petro
503 3453 558 3480 Dei
574 3454 671 3489 gratia
685 3451 771 3482 Tituli
784 3454 878 3483 sancii
894 3455 1006 3485 Marci]

212 3488 359 3518 Presbiter.
380 3487 530 3519 cardinali.

175 3529 290 3557 Domino
302 3529 411 3564 Hugoni
424 3530 479 3556 Dei
490 3530 584 3564 gratia
598 3527 696 3558 Titulae
710 3531 818 3560 Sandiae
831 3529 948 3561 Sabinae.

1026 3515 1186 3548 Presbiteris

176 3568 292 3595 Domino
312 3565 439 3596 Mathaeo
460 3568 514 3595 Dei
525 3569 621 3604 gratia
635 3566 721 3597 Tituli
732 3570 826 3599 Sannili
839 3572 988 3600 Laurentii
1001 3525 1229 3617 TCUdfflstthS·

212 3608 242 3634 in
255 3602 384 3642 Damaso.
989 3619 1009 3646 J

172 3680 422 3749 .F7M‘’⁷.'¹⁰rand“m
442 3681 515 3721 quod
532 3692 584 3711 non
599 3679 732 3720 scribitur
752 3681 795 3712 hic
808 3684 951 3714 Cardinali
965 3687 1010 3726 qui
1023 3684 1060 3726 cst
1074 3687 1195 3723 Legatus
1209 3685 1239 3713 in

215 3730 303 3750 ansla-

177 3797 248 3824 Item
263 3799 378 3826 Domino
392 3795 518 3827 Mathaeo
532 3797 587 3826 Dei
602 3799 699 3834 gratia
718 3797 826 3826 Sanctae
841 3799 945 3828 Mariae
963 3800 1010 3830 in‘i

178 3835 422 3939 ,Βιιέιῖἷέἑι-Ιῗῖἔαωόο
443 3876 497 3904 Dei
511 3876 607 3912 gratia
628 3874 738 3903 Sanblae
763 3876 867 3904 Jl1ariae
892 3877 921 3905 in
942 3878 993 3906 via
1034 3914 1075 3945 D·
1154 3916 1159 3922 ι

180 3933 298 3977 Domini
309 3951 391 3980 Petro
405 3954 461 3981 Dei
470 3953 566 3988 gratia
572 3948 666 3989 fhnft‘i
678 3951 705 3979 E
709 3949 838 3990 ustachii‚
1009 3925 1244 3986 >Citarilci'gailsibus

178 3986 297 4015 Domino
309 3989 451 4020 Benedicta
465 3993 521 4019 Dei
530 3992 625 4026 gratia
633 3987 726 4028 fhncffi
740 3987 870 4019 Nicholai
883 3992 913 4020 in
927 3993 996 4021 Car-
1010 3976 1018 4060 Ι

216 4034 272 4052 cere
285 4024 409 4056 Yiclliano
417 4051 427 4065 ,

179 4063 297 4094 Domino
309 4063 425 4104 Scapolio
439 4068 495 4098 Dei
502 4068 598 4106 gratia
604 4065 699 4105 fimc’t‘i
713 4066 846 4097 Adriani.
995 4062 1016 4105 J

1255 129 1733 176 PUBLICA.
2249 145 2305 187 47

2319 245 2397 277 Ann.
2408 245 2452 278 D.

2341 286 2426 322 1289.

2320 325 2387 351 Edv.
2410 333 2433 351 1.

1243 388 1359 449 ITetn
1373 387 1500 419 scribitur
1512 389 1647 420 Domino
1661 390 1788 428 Karolo,
1805 390 1864 421 Dei
1876 389 1961 430 gratia
1996 388 2074 429 Regi
2081 388 2192 429 Jerusal.
2211 389 2246 420 ὃς
2261 389 2304 419 Si·
2321 392 2374 416 An.
2397 398 2440 424 17·

1292 427 1363 457 ciliae
1378 450 1388 464 ,
1415 425 1683 471 Ducatsis‘sApuliae
1710 430 1743 460 ὃς
1761 428 1935 467 Principatsis
1959 414 2068 465 &apuae
2088 428 2214 465 Principi
2234 451 2244 465 ,
2263 427 2305 457 A·
2322 431 2352 454 E.
2375 437 2397 455 ι.

1244 465 1357 509 chayae,
1368 464 1460 509 'Ande
1480 475 1567 503 aV1ae,
1585 466 1720 497 Provinc.
1738 468 1772 497 &
1785 467 1864 497 Folc.
1877 466 2004 505 Comiti,
2022 466 2058 497 de
2073 466 2231 504 credentia,
2249 475 2303 504 pro
2323 466 2425 494 thalem.

1246 504 1427 541 petitionibus
1471 505 1537 534 uriae
1551 504 1696 535 Romanae
1709 505 1759 535 sibi
1772 505 1909 535 reveland.

1494 307 1600 337 Litera
1615 307 1688 351 Regi
1704 305 1809 338 Siciliae
1823 304 1860 338 de
1875 302 2042 341 Credentia.

1246 628 1357 678 Eidem-
1386 631 1460 675 Regi
1479 628 1571 675 fhper
1591 625 1772 674 quibusdam
1791 625 2011 673 responsionibus
2033 627 2127 660 eidem
2144 627 2306 673 faciendis.

1249 713 1365 773 I'Tem
1379 737 1389 751 ,
1415 713 1508 744 eidem
1527 713 1625 752 Regi,
1651 721 1700 749 per
1723 711 1812 741 literas
1825 711 1860 742 de
1873 711 2031 750 credentia,
2049 712 2129 750 super
2143 712 2308 750 quibusdam
2327 711 2455 742 Ann.D.

1271 789 1275 794 ·
1294 751 1517 788 responsionibus
1531 749 1665 781 faciendis
1680 750 1790 788 eidem,
1809 751 1845 780 de
1857 751 1993 788 articulis,
2012 760 2082 789 quos
2091 750 2235 780 Dominus
2243 750 2308 781 Rex
2347 751 2431 789 1289.

1248 788 1349 819 Siciliae
1370 791 1444 827 prius
1459 790 1598 828 scripserat
1611 788 1687 827 Regi
1706 789 1822 827 nostro,
1840 789 1919 827 super
1934 790 2034 827 quibus
2049 789 2123 827 prius
2137 788 2246 819 nullum
2260 788 2310 818 da-
2327 794 2378 817 An.
2400 799 2442 823 ¹7·

1247 835 1311 858 tum
1324 828 1376 858 fuit
1389 828 1560 866 responsum.
2326 833 2356 855 Ε.
2379 838 2402 854 ι.

2325 866 2428 894 1bidem.

1287 903 1376 942 Item,
1394 903 1533 935 Dominae
1547 903 1669 942 Mariae,
1686 902 1745 933 Dei
1765 903 1849 943 gratia
1870 903 1991 943 Reginae
2007 903 2169 942 Jerusalem.
2189 904 2223 935 ὃς
2238 903 2310 934 Sici-

1248 942 1293 972 liae
1307 941 1344 972 de
1356 943 1504 972 credentia.

1295 1077 1403 1108 Litera
1429 1073 1464 1106 de
1483 1071 1642 1107 Credentia
1660 1070 1881 1118 Archiepiscopo
1900 1075 2121 1117 Ravennatenst
2133 1078 2169 1112 ζῇ·
2185 1075 2267 1107 aliis.

1253 1159 1513 1229 ITVectlighic‘qirtibitur
1534 1157 1592 1188 istis
1612 1156 1767 1197 subscriptis
1787 1156 1898 1197 singulis
1917 1167 1967 1196 per
1986 1156 2086 1188 litteras
2107 1157 2143 1188 de
2156 1158 2313 1196 credentia,
2335 1163 2462 1194 ΛΜΗ),

1290 1240 1407 1267 Domino
1422 1239 1460 1265 Β.
1479 1232 1683 1272 Archiepiscopo
1695 1236 1890 1263 Ravennaten.
2359 1204 2442 1241 1289.

1291 1279 1407 1306 Domino
1418 1277 1452 1304 P.
1472 1272 1675 1312 Archiepifiopo
1691 1276 1796 1302 Montis
1809 1270 1924 1310 Regalis.
2333 1245 2447 1306 ἕῃιη

1291 1313 1426 1353 Magistro
1439 1313 1562 1342 Berardo
1576 1312 1607 1341 de
1622 1310 1737 1348 Neapol.
2333 1317 2433 1346 ijdem,

1290 1356 1406 1382 Domino
1420 1349 1572 1381 Guillielmo
1588 1349 1744 1379 Marchioni
1760 1346 1974 1387 Montisferrati.

1293 1389 1426 1430 Magistro
1438 1389 1566 1428 Johanni
1581 1389 1614 1418 de
1628 1390 1745 1427 Moynne
1757 1390 1785 1417 V
1787 1386 1982 1417 icecancellario
1995 1388 2105 1417 Domini
2119 1386 2211 1426 Papae.

1293 1428 1427 1470 Magistro
1440 1426 1548 1466 Angelo
1560 1430 1672 1457 Domini
1686 1429 1767 1465 Papae
1783 1428 1911 1456 Notario.

1258 1567 1285 1594 ²*
1306 1570 1412 1602 Litera
1430 1564 1469 1599 ab
1486 1567 1610 1613 Alfhnso
1630 1570 1706 1614 Rege
1721 1569 1897 1614 Arragom'ae
1910 1595 1919 1610 ,
1945 1579 2006 1614 qua
2021 1567 2055 1613 [ὲ
2066 1567 2187 1613 prorsits
2200 1569 2315 1613 permi-
2335 1570 2468 1608 *ΗΑ-23.

1298 1618 1340 1661 fit
1356 1614 1550 1650 Ordinationi
1566 1619 1653 1663 Regis
1663 1617 1755 1662 fhper
1769 1620 1879 1663 negotio
1896 1619 2043 1662 Principt's
2064 1616 2261 1649 Salernitani.

1259 1699 1555 1763 EXcellentiffimo
1585 1711 1618 1731 ac
1640 1699 1797 1741 Magnifico
1818 1701 1942 1739 Principi
1957 1724 1967 1739 ‚
1993 1700 2127 1732 Domino
2149 1699 2293 1733 Edwardo
2308 1724 2318 1739 ,
2338 1704 2414 1735 Ann.
2428 1703 2470 1735 D,

1334 1740 1393 1770 Dei
1406 1739 1504 1780 gratia,
1529 1739 1631 1770 Illustri
1646 1740 1722 1779 Regi
1736 1739 1865 1780 Angliae,
1882 1739 2029 1777 Alfonsus,
2065 1750 2094 1769 er
2110 1740 2320 1777 eandem,Rex
2365 1744 2451 1782 1289-

1258 1779 1427 1818 Aragoniae,
1448 1779 1654 1817 Majoricarum
1676 1780 1708 1810 ὃς
1730 1777 1840 1809 Valent.
1862 1789 1895 1809 ac
1915 1778 2025 1809 Comes
2061 1779 2137 1808 arch.
2155 1778 2270 1809 salutem
2287 1778 2321 1808 ὃς
2339 1786 2391 1810 An.
2411 1792 2453 1818 17.

1259 1818 1373 1848 sincerae
1386 1817 1542 1848 dilefflonis
1557 1817 1752 1847 constantiam.
2344 1826 2374 1848 E.
2396 1831 2419 1847 ι.

1297 1856 1324 1886 Α
1346 1855 1488 1887 memoria
1508 1855 1604 1887 nostra
1622 1865 1681 1886 non
1701 1855 1809 1886 excedit
1835 1854 1958 1886 vestram
1978 1853 2225 1892 Magnificentiam
2246 1853 2320 1893 apud
2336 1864 2366 1885 L.
2382 1864 2410 1887 Β.
2421 1858 2450 1896 f.

1258 1905 1311 1925 nos
1338 1904 1434 1933 preces
1460 1894 1590 1925 instantes
1616 1893 1827 1933 interposuisse,
1851 1893 1929 1932 quod
1956 1891 2160 1924 Celsonensem
2182 1893 2322 1931 Praepofi-
2338 1908 2383 1933 74.
2397 1898 2423 1925 b.

1260 1942 1323 1964 tum
2340 1941 2411 1964 Penes

1298 1956 1378 2002 Cum
1392 1971 1530 2011 potestate
1542 1970 1712 2011 prorogandi
1728 1972 1882 2002 terminum
1896 1979 2018 2010 treugae,
2037 1969 2201 2001 obtinendae
2215 1970 2250 1999 ab
2264 1969 2322 2000 Ec·
2340 1979 2473 2003 Camerar.

1262 2009 1342 2040 clesia
1356 2011 1390 2041 &
1403 2010 1488 2048 Rege
1502 2010 1627 2040 Francia:
1649 2020 1698 2047 per
1715 2008 1858 2040 Illustrem
1874 2009 2040 2040 Dominum
2056 2009 2198 2039 Karolum
2212 2007 2324 2039 Princi-

1261 2059 1330 2088 pem
1351 2048 1573 2086 Salernitanum,
1589 2058 1621 2079 ac
1641 2047 1821 2079 traditionem
1834 2047 1990 2078 faciendam
2005 2047 2041 2077 de
2053 2047 2112 2077 filio
2127 2047 2326 2087 Primogenito

1261 2088 1327 2124 suo,
1345 2087 1379 2117 ad
1392 2087 1558 2118 Romanam
1574 2085 1692 2117 Curiam
1705 2088 1817 2117 mittere
1832 2086 2009 2116 deberemus.

1298 2126 1398 2164 Qare
1418 2125 1520 2157 vestrae
1540 2124 1727 2163 fignificamus
1749 2124 1915 2155 Celsitudiiii
1931 2149 1940 2162 ,
1965 2124 2042 2162 quod
2064 2124 2173 2155 didium
2187 2122 2325 2162 Praeposi-

1261 2173 1324 2196 tum
1339 2164 1557 2202 Celsonensem,
1572 2164 1839 2202 juitta‘voluntatem
1856 2163 1978 2194 vestram
1993 2164 2170 2193 mitteremus
2184 2163 2303 2192 libenter
2316 2185 2326 2199 ,

1262 2203 1282 2234 si
1301 2203 1460 2234 commode
1478 2202 1541 2234 fieri
1561 2201 1654 2241 posset
1672 2201 1753 2241 quod
1772 2201 1864 2232 dictus
1878 2201 2047 2242 Praepofitus
2060 2201 2157 2232 secure
2173 2200 2208 2231 ad
2222 2200 2328 2231 dietam

1265 2241 1384 2272 Curiam
1396 2241 1530 2273 accedere
1543 2241 1644 2282 poffet.

1300 2281 1349 2312 Set
1363 2280 1390 2311 id
1403 2282 1502 2319 nequit
1515 2279 1591 2317 fieri,
1608 2280 1657 2310 nisi
1671 2279 1686 2309 Ξι
1700 2278 1763 2310 sede
1778 2278 1960 2317 Apostolica,
1978 2278 2011 2309 ὃς
2033 2277 2117 2317 Rege
2129 2277 2273 2317 Franciae,
2290 2278 2323 2310 &3

1266 2320 1426 2351 valitoribus
1437 2320 1488 2350 suis
1502 2319 1615 2349 liaberet
1628 2318 1718 2349 literas
1732 2317 1768 2347 de
1781 2317 1936 2347 conductu.

1303 2358 1536 2388 Procuratorium
1559 2358 1643 2387 etiam
1662 2356 1730 2386 illud
1751 2356 1844 2386 eidem
1867 2354 2039 2392 PraepositO,
2057 2364 2127 2385 curn
2141 2354 2277 2391 potestate
2287 2356 2331 2393 ip-

1265 2396 1316 2427 sius
1332 2397 1553 2437 prorogationis,
1571 2404 1631 2425 non
1648 2394 1775 2424 videmus
1790 2392 1868 2431 quod
1883 2393 2026 2430 poffemus
2048 2402 2125 2423 nunc
2140 2393 2234 2424 facere
2247 2394 2330 2424 bono

1266 2445 1350 2474 meo,
1370 2435 1440 2466 sicut
1450 2435 1510 2473 jam
1524 2434 1605 2466 vobis
1618 2433 1674 2463 dici
1688 2432 1811 2462 niiiimus
1827 2441 1876 2469 per
1889 2430 2019 2462 eundem.

1301 2473 1450 2511 Qoniam
1472 2473 1600 2513 gentibus
1621 2470 1721 2502 nostris
1741 2470 1851 2502 videtur
1874 2470 1960 2507 ipsam
1983 2470 2212 2509 prorogatIOnem
2226 2469 2328 2501 fieriin

1263 2511 1466 2542 detrimentum
1479 2510 1568 2542 nostri
1582 2511 1615 2541 δε
1629 2519 1747 2547 eorum,
1769 2518 1837 2539 cum
1852 2508 1966 2545 plurimi
1978 2507 2117 2546 Barones,
2135 2507 2240 2547 Cives,
2259 2508 2330 2540 Bur-

1264 2550 1360 2587 genses
1375 2550 1408 2581 &
1422 2549 1483 2587 alii,
1502 2549 1716 2580 Conventiones
1728 2547 1832 2577 habitas
1850 2548 1922 2577 inter
1941 2556 1994 2576 nos
2014 2547 2047 2578 &
2061 2546 2225 2585 Principem
2238 2547 2332 2585 supra-

1264 2589 1388 2626 dietum,
1406 2588 1486 2625 super
1505 2588 1586 2625 ipsius
1609 2586 1748 2623 Principis
1771 2585 1990 2623 deliberatione,
2005 2585 2157 2622 juraverint
2173 2585 2281 2616 servare
2294 2586 2329 2617 δε

1267 2627 1360 2658 facere
1378 2626 1518 2656 observari
1534 2636 1540 2655 :
1566 2624 1600 2655 ad
1621 2635 1684 2662 quae
1705 2634 1765 2655 non
1784 2623 1916 2654 videntur
1933 2648 1942 2661 ‚
1960 2622 2026 2664 post
2040 2624 2273 2664 prorogationem
2287 2624 2335 2655 seu

1269 2666 1502 2704 innovationem,
1518 2664 1538 2695 si
1552 2674 1606 2702 qua
1619 2663 1716 2702 fieret,
1733 2663 1839 2700 teneri,
1856 2662 1905 2692 nisi
1919 2662 1958 2692 illi
1977 2661 2071 2692 eidem
2085 2662 2181 2693 denuo
2196 2662 2337 2694 consenti-

1269 2711 1339 2735 rent.

1306 2742 1442 2774 Praeterea
1457 2766 1467 2780 ,
1492 2740 1582 2779 placet
1602 2741 1683 2771 nobis
1698 2764 1708 2778 ,
1729 2740 1807 2778 juxra
1827 2739 2038 2777 requisitionem
2060 2738 2180 2769 vestram
2227 2739 2306 2778 quod
2324 2764 2334 2779 ,

1271 2790 1406 2821 tanquam
1420 2781 1582 2811 communis
1596 2780 1702 2810 amicus
1716 2777 1805 2809 nostri
1820 2778 1852 2809 ὃς
1864 2777 2000 2822 Principis
2023 2776 2167 2816 praediciti,
2183 2763 2219 2808 cle
2232 2777 2336 2809 volun-

1270 2828 1324 2851 tate
1346 2819 1441 2850 nostra
1453 2843 1463 2858 ,
1486 2819 1557 2849 inter
1580 2828 1632 2849 nos
1653 2818 1686 2849 &
1700 2817 1864 2855 Principem
1880 2816 2064 2855 praedstffium,
2082 2816 2118 2847 de
2132 2817 2334 2856 prorogatione

1256 2856 1420 2897 'praedidla,
1439 2857 1544 2896 possitis
1558 2857 1689 2894 tractare,
1704 2856 1850 2893 ordinare,
1867 2856 1901 2886 ὃς
1924 2854 2078 2892 procedere
2098 2855 2176 2892 super
2191 2854 2225 2885 ea
2236 2856 2334 2885 nomi-

1270 2908 1308 2928 ne
1320 2898 1353 2929 ὃς
1367 2897 1530 2927 auctoritate
1543 2895 1649 2934 nostri,
1669 2894 1755 2925 nichil
1770 2894 1805 2924 de
1815 2893 2026 2925 conditionibus
2047 2901 2094 2923 aut
2109 2893 2170 2923 obli
2189 2894 2331 2925 ationibus

1273 2936 1424 2974 aliqualiter
1436 2933 1620 2972 immutando,
1638 2934 1688 2964 nisi
1704 2941 1813 2963 tanturn
1827 2933 1864 2963 de
1879 2941 2010 2970 tempore
2025 2940 2166 2970 prorogari
2187 2942 2215 2962 o.

1348 2973 1461 3011 nicquid
1475 2974 1552 3004 enim
1565 2982 1618 3003 vos
1633 2974 1662 3003 in
1673 2970 1818 3010 praerniffis
1840 2970 2033 3001 ordinaveritis
2053 2969 2283 3009 observabimus,
2301 2971 2336 3003 δε

1272 3013 1320 3044 illu
1355 3012 1488 3043 faciemus
1503 3010 1698 3041 inviolabiliter
1712 3010 1858 3040 observari.

1310 3051 1374 3082 Hiis
1388 3052 1465 3081 enim
1478 3052 1511 3082 δε
1526 3050 1599 3088 aliis,
1620 3050 1722 3087 quibus
1735 3049 1816 3078 bono
1838 3047 1929 3078 modo
1943 3047 2100 3085 poterimus
2105 3047 2244 3087 ,vestram
2258 3048 2335 3085 sequi

1272 3091 1406 3121 volumus
1424 3089 1619 3126 voluntatem3
1638 3098 1690 3118 vos
1711 3094 1822 3125 autem,
1841 3088 1870 3116 in
1892 3094 2029 3124 quantuni
2053 3087 2196 3124 poteritis,
2215 3096 2248 3117 ea
2262 3096 2337 3126 quae,

1271 3129 1374 3168 absque
1389 3127 1478 3159 nostri
1494 3125 1674 3166 praejudicio,
1691 3126 1770 3164 super
1786 3124 1925 3163 praedidtis
1940 3125 2042 3156 fuerint
2052 3125 2213 3156 ordinanda.

1308 3205 1377 3238 Dat.
1395 3206 1424 3235 iri
1447 3205 1560 3235 Terret.
1580 3202 1622 3233 Id.
1643 3203 1734 3234 Madii
1747 3227 1757 3241 ‚
1772 3212 1849 3233 anno
1864 3201 1986 3233 Domini
2008 3202 2159 3232 millesimo
2179 3199 2338 3233 ducentesi-

1271 3254 1323 3275 mo
1336 3244 1516 3282 o&ogesinio
1535 3252 1623 3272 nono.

1341 3369 1400 3400 Pro
1418 3363 1538 3399 Abbate
1556 3366 1592 3401 ᾤ’
1610 3366 1766 3397 Conventa
1791 3363 1920 3407 Ecclqfiae
1936 3361 1972 3395 de
1992 3365 2083 3395 Fonte
2097 3361 2268 3397 Willielmi.

1277 3450 1414 3513 REX
1433 3450 1567 3482 omnibus
1582 3473 1592 3487 ,
1616 3448 1651 3479 ad
1672 3458 1744 3487 quos
1764 3448 1911 3487 praesentes
1934 3447 2032 3478 litterae
2053 3446 2230 3485 pervenerint
2243 3470 2254 3484 ,
2269 3444 2339 3476 salu-
2353 3433 2485 3509 Αῗξὲῧ-

1315 3499 1488 3559 Insteetiiimus
1500 3525 1639 3564 quandam
1652 3525 1792 3564 litteram,
1812 3535 1898 3563 quam
1911 3524 2056 3554 Dominus
2066 3523 2210 3566 johannes
2245 3532 2340 3562 quon·
2353 3520 2407 3545 An.
2425 3486 2467 3552 Ιξ·

1278 3566 1345 3596 dam
1399 3576 1432 3596 ex
1454 3565 1563 3605 Angliae
1578 3587 1588 3603 ,
1613 3574 1679 3594 avus
1702 3563 1797 3594 noster
1812 3588 1821 3601 ,
1846 3563 1913 3593 fecit
1934 3562 2042 3604 diledtis
2063 3562 2145 3591 nobis
2159 3562 2189 3591 in
2231 3561 2338 3600 bristo,
2353 3560 2382 3583 E.
2402 3565 2425 3582 ¹·

1278 3605 1383 3636 Abbati
1397 3606 1430 3636 δε
1445 3604 1612 3634 Conventui
1626 3602 1763 3634 Ecclesiae
1777 3601 1813 3632 de
1830 3602 1921 3632 Fonte
1935 3599 2100 3638 willielmi,
2118 3603 2147 3630 in
2160 3599 2216 3630 haec
2229 3600 2334 3637 verba5
2354 3598 2409 3660 ῗὲξ
2419 3593 2476 3667 ξιξ·

1278 3681 1472 3752 NJohannes,
1491 3679 1551 3710 Dei
1564 3678 1665 3723 gratia,
1683 3678 1749 3710 Rex
1765 3679 1876 3718 Angliae
1889 3701 1898 3714 ‚
1917 3675 2065 3707 Dominus
2079 3675 2252 3721 Hiberniae,
2270 3676 2340 3721 Dux
2358 3675 2386 3697 Ε·
2407 3679 2430 3697 ¹·
2442 3676 2468 3706 P·

1316 3721 1471 3752 ormanniae
1492 3719 1525 3749 δε
1542 3717 1720 3756 Aquitanniae
1734 3742 1743 3756 ,
1765 3718 1799 3749 &
1814 3716 1925 3747 Comes
1938 3714 2126 3755 Andegaviae‚
2142 3714 2340 3758 Archiepisco—
2358 3719 2383 3736 2·
2400 3718 2436 3737 '⁷¹-
2450 3707 2475 3735 8,

1297 3761 1320 3790 is
1337 3757 1518 3827 ,sEfiliscogis
1531 3780 1541 3794 ,
1567 3756 1746 3824 Azbatiguff,
1758 3755 1959 3825 Οοὸηζῑίἓίἒυιῗς
1975 3753 2148 3822 sBilmikius’
2162 3752 2340 3792 Justiciariis,

1302 3807 1417 3866 Εὲἓίῗιῗίε
1427 3807 1490 3864 Siios
1512 3803 1658 3871 fflffilgpillie
1676 3805 1706 3863 ig
1726 3804 1844 3863 illilzirium
1857 3854 1868 3869 ,
1900 3802 2059 3874 guffbdiiiirsi
2077 3800 2341 3869 {cntreiirt'iteffionem

1282 3874 1408 3906 nostram
1435 3871 1579 3903 Abbatem
1602 3871 1737 3902 Ecclesiae
1758 3871 1794 3901 de
1814 3870 1907 3900 Fonte
1929 3868 2082 3900 Willielmi
2103 3870 2137 3901 &
2157 3869 2287 3900 Priorem
2305 3867 2339 3898 ὃς

1283 3913 1448 3945 Monachos
1468 3909 1590 3949 ejusdem
1611 3909 1747 3941 Ecclesiae
1761 3932 1771 3948 ,
1793 3910 1827 3941 ὃς
1847 3917 1949 3939 omnes
1969 3914 2053 3941 terras
2065 3931 2075 3947 ,
2097 3908 2228 3939 homines
2242 3930 2251 3945 ‚
2274 3915 2316 3936 res
2331 3929 2341 3943 ,

1282 3952 1407 3984 redditus
1422 3950 1455 3981 &
1469 3958 1570 3979 omnes
1584 3948 1766 3986 possessiones
1780 3947 1845 3978 suas.

1323 3989 1361 4021 Et
1375 3989 1440 4019 ideo
1455 3986 1588 4017 volumus
1601 3987 1634 4017 &
1650 3987 1766 4017 firmiter
1779 3986 1972 4025 praecipimus,
1989 3984 2069 4024 quod
2083 3995 2131 4016 eos
2142 3984 2175 4015 δε
2188 3982 2285 4013 omnia
2298 3981 2342 4011 sua

1288 4027 1503 4064 manuteneatis,
1520 4024 1680 4057 custodiatis
1692 4026 1726 4057 &
1740 4025 1905 4065 protegatis,
1922 4024 1993 4057 sicut
2004 4023 2101 4055 nostra
2121 4021 2264 4060 dominia,
2280 4029 2341 4087 ng!
