2570 4261
724 142 835 183 ET
917 143 1184 185 ACTA
1263 141 1733 188 PUBLICA.
2230 157 2312 202 189

1243 238 1412 260 nomement
1425 240 1518 269 queux
1537 231 1633 262 choses
1648 231 1674 261 le
1686 238 1773 271 genrz.
1785 229 1811 262 le
1824 230 1886 263 Roi
1906 232 1943 264 de
1963 233 2072 265 France
2090 233 2171 273 font,
2186 234 2219 266 8<
2243 245 2301 266 me-
2317 232 2445 264 Amnon

1240 277 1309 298 nent
1331 279 1382 298 ore
1406 279 1420 297 a
1443 280 1492 307 par
1515 270 1641 300 meismes
1665 278 1765 300 contre
1790 280 1879 310 nous,
1897 274 1930 302 ὃς
1946 282 1997 302 nos
2012 273 2176 311 Ministres,
2194 274 2226 304 ὅ(
2250 284 2302 305 nos
2338 280 2439 310 1311·Ἰ

1240 315 1329 336 autres
1346 316 1449 345 gentz,
1467 317 1503 338 en
1518 307 1543 336 la
1555 307 1613 337 dite
1630 307 1778 346 Duschee,
1798 318 1953 340 autrement
1968 320 2023 349 que
2038 322 2073 341 ne
2085 311 2160 343 soleit
2173 311 2244 342 estre
2264 323 2299 342 en
2320 313 2382 340 Edv.
2400 320 2427 345 2,

0 223 73 256 Ann.
88 223 130 254 D.

25 271 111 303 1311.

0 305 63 332 Hv-
83 311 110 330 ²·
189 308 248 342 Ad
267 311 450 355 Haqus'num
467 312 630 358 Mmuegiae
647 314 773 359 Regem,
799 311 835 345 de
855 313 984 346 emendis
996 314 1160 360 faciendis.

0 408 51 434 An.
66 413 95 440 4.

0 449 20 475 Ε
50 452 76 469 ι.

0 465 86 518 Claus.
104 489 134 514 4.

0 525 30 548 Ε.
53 529 80 547 2.
98 528 135 546 m.

2 558 31 587 8,
47 557 74 585 d.

32 2013 51 2032 ὓ
66 2014 122 2043 111.

37 2055 101 2083 262.

52 2895 133 2928 Ann.
145 2892 186 2924 D.

77 2942 163 2975 1311.

56 2980 110 3005 An.
125 2985 154 3010 4.

55 3018 87 3043 Ε.
108 3022 135 3043 2.

57 3054 127 3091 Vasc.
145 3062 174 3088 4.

59 3095 92 3120 Ε.
110 3101 138 3120 2.
155 3100 193 3119 m.

63 3138 107 3167 ¹4-

147 393 514 454 MAgnificorprincipi,
528 394 661 439 Domino
676 395 829 439 Haquino,
845 397 903 428 Dei
920 399 1023 436 gratia,
1036 399 1112 442 Regi
1120 399 1205 429 Nor-

149 481 218 502 cum
234 433 574 501 cffigffiffililltleufflicgamico
588 434 638 464 suo
652 435 810 474 kanffimo,
825 434 996 475 Edwardus,
1013 438 1073 469 &c.
1091 438 1204 468 ialutem

187 509 309 548 Nuper,
328 518 362 539 ex
384 510 494 546 querela
514 509 666 539 Willielmi
686 511 805 550 Toller,
823 511 968 550 Burgensis
989 514 1023 545 &
1037 514 1207 545 Mercatoris

150 547 240 579 nostri
262 547 345 578 Villae
365 547 468 577 nostrae
491 547 527 577 de
547 547 708 589 Grymesby
721 574 730 587 ,
760 551 842 580 nobis
863 551 978 591 intelligi
997 552 1092 582 datum
1122 563 1179 583 erar
1200 577 1209 590 .,

151 586 250 624 quod,
268 586 337 616 curn
354 586 484 616 homines
497 587 531 616 δε
543 585 690 617 servientes
702 588 740 618 sui
754 588 893 625 quandam
907 589 1024 620 Navem
1041 591 1120 628 ipsius
1132 591 1210 620 Wil-

151 624 253 662 lielmi,
272 623 360 654 Bladis
375 625 408 655 &
421 624 478 654 aliis
494 623 579 654 Bonis
596 625 629 655 &
644 624 818 656 Viciualibus
828 650 837 664 ,
860 627 894 657 ad
909 629 1056 658 valentiam
1074 638 1210 658 trecenta-

150 673 215 693 rum
229 663 362 693 librarum
378 662 601 701 sterlingorum,
615 664 644 692 in
657 664 777 701 partibus
791 664 958 705 Estlandiae,
967 667 1050 705 usque
1065 666 1207 704 Regnum

150 701 284 732 nostrum
298 701 412 738 Angliae
425 700 584 730 ducendam
619 702 794 733 onerassent:

189 739 227 771 Et
243 740 336 770 Navis
350 739 412 777 illa,
428 740 456 769 in
472 724 614 770 veniend³o
638 741 729 771 versus
752 741 892 778 Regnum
913 743 1060 781 nostrum,
1077 743 1162 782 usque
1183 745 1213 773 in

151 778 276 810 Portum
296 779 332 808 de
354 778 562 817 Calsnesound,
583 779 662 825 quta
686 779 896 819 Malestronde,
914 782 985 811 infra
1004 782 1140 820 Regnum
1161 792 1212 813 ve-

152 817 261 886 ssirum,
278 817 442 854 tempestate
456 817 596 848 maritima
610 819 724 857 agitata,
742 819 775 849 ὃς
784 820 813 848 in
826 819 930 850 eodem
944 820 1033 851 Portu
1045 822 1131 851 fracta
1144 820 1212 850 fuis-

167 864 211 886 et:

196 893 242 924 Ac
255 893 428 924 Willielmus
439 893 533 932 Barel,
553 893 692 932 Magister
705 895 799 926 Navis
812 896 953 934 praedictae
961 920 971 936 ,
989 896 1085 928 videns
1107 898 1218 935 pericu-

155 932 218 963 lum
240 933 405 970 imminere,
424 941 529 963 certam
553 931 787 964 Conventionem
801 945 869 965 cum
881 935 961 965 Here
976 935 1138 974 Peterdire,
1156 935 1217 966 Bal-

158 971 220 1001 livo
235 970 319 1001 Villae
331 971 474 1008 praedicrae
489 971 525 1001 de
541 970 750 1011 Malestronde,
768 974 801 1004 ὃς
814 973 920 1012 Eyrico
944 973 1170 1012 Gunnoresone,
1186 982 1218 1004 ut

159 1009 211 1047 ipsi
231 1009 309 1039 Bona
328 1010 362 1040 &
385 1008 577 1039 Mercimonia
598 1010 733 1047 praedifra
746 1011 780 1040 ad
792 1012 914 1042 Terram
925 1011 1044 1052 deferri,
1062 1013 1095 1044 &
1109 1022 1142 1043 ea
1155 1013 1218 1042 abs-

160 1057 219 1087 que
230 1047 410 1078 distraerione
421 1047 514 1085 aliqua
528 1047 621 1078 salvari
638 1048 777 1087 facerent,
794 1050 912 1088 iniisset;

200 1086 310 1124 Iidem,
334 1085 414 1116 Here
434 1085 576 1116 Peterdire
596 1087 630 1116 <Sc
649 1086 804 1127 Heyricus,
831 1089 953 1119 colle<fffi
972 1089 1022 1120 fibi
1042 1089 1220 1120 multitudine

162 1124 388 1155 Malefaetorum
399 1124 435 1154 de
448 1125 569 1162 partibus
581 1125 648 1163 illis,
667 1125 748 1156 Blada
762 1128 794 1157 &
807 1127 858 1157 alia
872 1127 950 1158 Bona
964 1128 1114 1166 praedieta,
1128 1127 1219 1158 statim

162 1164 233 1194 cum
255 1163 289 1194 ad
308 1172 412 1194 terram
432 1163 522 1193 delata
541 1163 667 1201 fuerant,
685 1166 714 1194 vi
738 1166 772 1195 ὃς
785 1167 867 1195 armis
881 1175 1033 1205 ceperunt,
1052 1168 1085 1198 ὃ(
1100 1166 1222 1204 asporta-

162 1210 281 1240 verunt,
298 1203 332 1233 &
350 1211 451 1231 omnes
474 1201 644 1232 Marinarios
667 1201 760 1233 Navis
784 1204 929 1241 praedid’cae
943 1214 1096 1243 ceperunt,
1116 1208 1149 1235 ὃς
1164 1215 1224 1235 car-

164 1242 223 1272 ceri
246 1240 459 1277 manciparunt,
473 1240 544 1277 ipsos
563 1240 613 1270 sub
633 1240 789 1278 hujusmodi
811 1244 939 1273 carcerali
961 1243 1088 1274 custodia
1110 1253 1159 1281 per
1179 1243 1223 1273 di-

167 1279 288 1309 midium
302 1288 410 1309 annum
424 1279 457 1309 &
476 1278 594 1316 amplius
619 1278 787 1318 detinendo,
805 1282 834 1310 in
853 1281 922 1311 dieti
943 1282 1114 1312 Mercatoris
1134 1281 1223 1312 nostri

166 1319 200 1349 ὃς
216 1318 436 1348 Marinariorum
449 1317 652 1354 praedictorum
685 1319 750 1348 rave
767 1319 942 1359 dispendium
955 1322 987 1351 Sc
998 1321 1147 1358 jacturam.

204 1356 325 1393 Propter
337 1355 416 1393 quod
430 1354 548 1385 vestram
562 1354 661 1394 Magni
684 1358 806 1387 centiam
821 1358 946 1395 Regiam
967 1361 1126 1397 rogavimus
1148 1358 1226 1396 post-

171 1395 312 1432 modum,
331 1404 381 1431 per
394 1392 500 1423 nostras
516 1394 605 1424 literas
618 1395 757 1433 speciales,
773 1397 854 1434 quod
868 1397 986 1434 praefato
1001 1398 1159 1428 Mercatori
1173 1407 1227 1427 no-

171 1433 246 1471 stro,
264 1432 299 1462 de
316 1432 404 1462 Bladis
418 1433 451 1463 &
465 1432 521 1462 aliis
536 1431 620 1462 Bonis
635 1433 685 1463 suis
700 1433 856 1473 prtedidris,
875 1444 905 1465 ut
925 1437 1119 1474 praemittitur,
1137 1435 1230 1473 aspor—

170 1473 250 1509 tatis,
268 1471 382 1508 plenam
401 1472 435 1501 ὃς
453 1470 578 1501 debitam
600 1471 819 1510 restitutionem,
846 1473 891 1504 vel
911 1475 993 1504 aliam
1014 1474 1230 1504 satisfactionem

168 1518 403 1548 competentem,
421 1519 537 1540 necnon
551 1509 587 1539 de
598 1510 741 1548 dampnis,
760 1521 823 1549 quae
835 1512 985 1542 occasione
1000 1512 1133 1549 praediffli
1154 1512 1233 1542 susti-

170 1550 251 1587 nuit,
268 1547 400 1578 emendas
413 1548 587 1578 rationabiles
602 1548 659 1578 fieri
672 1550 796 1580 faceretis
808 1550 910 1580 nostris
922 1551 1051 1588 precibus
1067 1552 1101 1582 &
1116 1561 1232 1589 amore,

170 1588 206 1618 δε
223 1587 302 1625 quod
315 1597 369 1617 nos
389 1586 425 1617 de
449 1597 501 1625 eo,
518 1586 596 1625 quod
615 1586 680 1618 inde
699 1588 790 1618 facere
810 1589 932 1628 velletis,
950 1589 1097 1620 redderetis
1117 1599 1165 1627 per
1184 1599 1235 1621 ve-

172 1625 241 1656 stras
255 1625 345 1656 literas
361 1626 501 1655 certiores.

212 1663 266 1702 Et,
286 1665 365 1702 quia,
383 1673 417 1694 ex
431 1663 528 1694 iterat&
540 1664 574 1695 &
590 1665 671 1701 gravi
685 1664 795 1703 querelfi
808 1666 933 1703 praediffi
948 1666 1116 1697 Mercatoris
1128 1665 1234 1704 nostri,

173 1703 339 1740 accepimus
351 1703 407 1740 jam
422 1701 457 1732 de
472 1712 568 1739 novo,
588 1702 666 1740 quod
678 1713 746 1741 vos,
759 1704 851 1743 spretis
865 1705 897 1735 &
908 1705 1045 1735 obauditis
1059 1705 1162 1735 nostris
1172 1715 1237 1742 pre-

175 1742 256 1772 cibus
271 1740 446 1778 supradictis,
463 1741 584 1777 aliquam
598 1740 802 1772 restitutionem
817 1743 862 1772 seu
876 1743 1112 1781 satisfac‘fionem,
1129 1743 1165 1773 de
1175 1742 1237 1772 Bla-

177 1779 220 1809 dis
241 1780 274 1810 &
293 1778 394 1816 Bonis,
418 1778 464 1808 seu
485 1780 567 1808 etiam
588 1778 624 1808 de
643 1778 771 1817 dampnis
791 1781 948 1818 praedistis,
967 1782 1059 1812 eidem
1080 1781 1237 1812 Mercatori

177 1816 280 1848 nostro
293 1816 384 1846 adhuc
398 1816 490 1846 facere
504 1826 564 1846 non
578 1816 707 1856 curastis,
725 1818 779 1856 set,
794 1821 886 1857 pejora
902 1821 1040 1858 prioribus
1055 1819 1238 1857 cumulando,

178 1855 343 1886 Galfridum
355 1855 382 1885 le
395 1855 541 1886 Taverner
557 1855 594 1885 de
609 1855 791 1896 Grymesby,
809 1859 858 1896 qui
871 1859 954 1889 vobis
969 1858 1055 1888 diCtas
1077 1857 1186 1888 nostras
1206 1858 1240 1887 li-

176 1902 248 1925 teras
270 1894 461 1932 praesentavit,
481 1893 574 1924 statim
593 1894 702 1930 iusfistis
724 1896 796 1926 duro
817 1899 920 1927 carceri
941 1897 1115 1935 mancipari,
1131 1898 1159 1927 in
1181 1905 1241 1934 quo

177 1933 271 1964 adhuc
287 1933 479 1971 detinetur,in
493 1933 562 1963 vitae
573 1932 628 1963 suae
642 1934 800 1971 periculum
813 1934 1053 1973 manifestum3de
1067 1945 1126 1973 quo
1140 1944 1241 1972 quam-

179 1971 339 2010 plurimum
359 1971 547 2008 admiramur,
565 1972 724 2008 praesertim
737 1983 806 2003 cum
823 1983 941 2013 omnes,
957 1973 994 2004 de
1008 1974 1117 2011 Regno
1129 1973 1241 2011 vestro,

185 2012 219 2042 δε
235 2011 377 2050 praecipue
390 2011 478 2041 literas
493 2010 596 2041 vestras
611 2010 718 2047 Regias
731 2012 904 2051 deferentes,
921 2013 1084 2050 ubicunque
1099 2012 1119 2031 ²*
1142 2011 1244 2043 volue-

184 2050 258 2087 rint,
277 2050 348 2079 infra
362 2049 499 2088 Regnum
514 2048 644 2079 nostrum
658 2049 745 2080 iibere
759 2051 792 2081 δε
807 2051 909 2090 absque
921 2050 1129 2090 impedimento
1150 2050 1244 2088 aliquo

183 2087 294 2120 valeant
307 2087 334 2118 se
348 2088 504 2118 transferre.

223 2126 354 2157 Vestram
366 2127 519 2157 amicitiam
534 2126 701 2164 requirimus
716 2137 784 2157 cum
808 2126 912 2158 affeetu
922 2151 931 2166 ,
950 2128 1076 2166 quatinus
1098 2126 1247 2167 praefatum

186 2164 350 2197 Galfridum
361 2175 378 2194 a
390 2165 518 2195 carcerali
533 2164 672 2195 Custodia
687 2165 854 2204 liberarig&
871 2166 950 2197 diisto
966 2166 1123 2196 Mercatori
1139 2165 1248 2203 nostro,

185 2204 234 2236 vel
246 2205 303 2242 ejus
318 2204 470 2234 Attornato
479 2203 531 2241 ,de
546 2203 635 2234 Bladis
650 2205 684 2234 ὃς
698 2203 782 2234 Bonis
796 2205 847 2235 suis
860 2205 1017 2242 praediffis,
1033 2204 1249 2241 restitutionem,

186 2242 233 2274 vel
253 2242 334 2273 aliam
353 2242 567 2272 satisfactionem
587 2251 801 2280 competentem
817 2266 827 2282 ,
851 2253 884 2273 ac
902 2243 937 2272 de
958 2243 1086 2277 dampnis
1105 2241 1247 2277 praedietis

186 2280 320 2311 emendas
332 2280 504 2309 rationabiles
516 2280 550 2308 ad
564 2280 683 2315 praesens
696 2280 754 2308 fieri
763 2281 896 2317 jubeatis,
914 2281 950 2307 ita
966 2278 1044 2316 quod
1060 2278 1192 2309 homines
1212 2279 1247 2309 &

187 2318 383 2355 MercatoreS,
400 2316 437 2346 de
450 2316 556 2355 Regno
577 2316 690 2354 vestro,
705 2317 775 2347 infra
795 2317 930 2355 Regnum
952 2317 984 2347 δε
1008 2315 1175 2354 potestatem
1196 2326 1250 2346 no-

189 2357 293 2394 stram,
307 2366 374 2387 cum
386 2356 437 2385 suis
448 2354 536 2385 Bonis
549 2354 582 2384 &
597 2353 798 2384 Mercimoniis
815 2356 956 2385 venientes
965 2377 975 2393 ,
991 2353 1152 2392 pertraetari
1164 2354 1248 2384 facia-

188 2405 254 2427 mus
265 2393 444 2425 favorabilius
456 2393 489 2423 &
504 2392 645 2431 gratiosius
659 2402 692 2423 ex
706 2393 758 2422 hac
776 2392 864 2422 causa.

229 2433 267 2463 Et
281 2431 349 2471 quid
357 2456 367 2469 ,
379 2431 413 2462 ad
425 2431 503 2461 hunc
515 2438 646 2468 rogatum
660 2429 802 2468 nostrum,
816 2429 976 2461 faciendum
989 2429 1146 2460 decreverit
1157 2429 1249 2461 vestra

190 2471 288 2509 Regia
301 2469 491 2509 Magnitudo,
509 2469 591 2498 nobis
605 2468 754 2499 rescribere
766 2469 856 2500 velitis
869 2479 919 2508 per
931 2468 1108 2508 praesentium
1132 2470 1253 2509 portito-

192 2521 262 2542 rem.

232 2587 302 2618 Dat.
319 2584 395 2625 apud
409 2584 594 2625 Berewycum
608 2583 688 2623 super
700 2583 863 2623 Twedam,
882 2584 983 2623 quinto
993 2584 1040 2615 die
1055 2583 1137 2616 Maii.

205 2710 255 2744 De
272 2710 455 2753 attemptatis
465 2717 520 2753 per
539 2703 696 2749 Ministros
715 2708 846 2738 Franciae
861 2709 892 2738 in
910 2709 1102 2753 Aquitania:
1129 2708 1179 2741 De
1205 2707 1257 2741 de-

248 2755 420 2789 liberatione
432 2755 499 2788 inde
515 2752 671 2795 habenda,
683 2764 720 2793 (7-
738 2754 774 2788 de
793 2753 935 2788 Gentibus
949 2755 994 2788 ad
1012 2756 1177 2790 Concilium
1198 2759 1257 2790 Ge-

246 2805 347 2839 nerale
359 2803 523 2838 mittendis.

258 2891 284 2921 E
302 2890 363 2920 Roi
385 2900 400 2920 a
416 2890 455 2921 ses
474 2889 561 2920 foiaus
583 2890 617 2932 ὃς
636 2888 740 2926 loiaus,
757 2887 784 2919 le
796 2888 951 2921 honurable
962 2889 1032 2921 Pete
1042 2890 1150 2929 Jehan,
1168 2901 1216 2929 par
1234 2890 1259 2922 la

202 2891 258 2953 L
282 2928 398 2959 meisme
419 2928 665 2972 grace,·Eveique
677 2927 713 2957 de
727 2927 868 2959 Norwiz:
889 2928 1038 2972 Monsieur
1047 2930 1135 2968 jehan
1148 2929 1184 2960 de
1196 2929 1267 2960 Bre-

204 2969 283 3006 taign
301 2965 420 2997 Counte
438 2966 474 2997 de
492 2966 678 3010 Richemond
695 2966 792 3010 nostre
810 2967 940 3012 treschier
968 2966 1056 2998 Cohn
1074 2979 1079 2998 :
1114 2968 1265 3000 Monfieur

209 3006 272 3037 (Μ
287 3005 442 3074 Ρῗζῐεῆὲἕ
456 3004 607 3074 Μξῖῗῇῗὲἑ
618 3004 1037 3076 ἕξέῗὲέᾟᾶξὲθὲῇῗψὸεῗί,
1048 3007 1141 3076 sahi?
1153 3045 1183 3076 G
1208 3046 1213 3051 ·
1233 3055 1266 3075 n-

210 3044 330 3122 ῃεῗΐω·
341 3052 515 3122 Ιτὲἒεςετῖῑὲὴ
558 3083 588 3112 oi
601 3082 637 3112 de
657 3056 789 3121 Francef
798 3069 836 3113 les
856 3094 943 3121 queus
964 3056 1130 3115 ὅοῐεεῗιουξ
1153 3056 1268 3115 melgia-

211 3122 283 3160 stes,
299 3131 352 3159 por
367 3120 471 3152 conseil
483 3121 516 3151 ὅτ.
528 3120 680 3151 avisement
693 3120 734 3151 sur
748 3122 821 3152 celes
840 3122 935 3152 choses
951 3125 1045 3160 avoir,
1064 3123 1176 3154 foismes
1197 3123 1265 3153 live-

1240 352 1331 387 temps
1342 345 1377 374 de
1393 355 1451 375 noz.
1466 344 1652 384 Auncestres,
1671 356 1687 375 e
1714 347 1751 376 les
1777 349 1898 378 envoiez
1916 348 2004 386 jesqes
2025 360 2041 380 a
2062 350 2162 394 Par-ys,
2182 350 2199 380 si
2220 349 2257 388 qil
2282 360 2300 391 y

1241 383 1327 412 s01ent
1344 393 1371 413 as
1394 384 1519 422 Oytaves
1539 383 1574 413 de
1599 384 1624 413 la
1644 383 1788 415 Nativitee
1803 385 1881 417 Seint
1892 386 1982 424 Jehan
2000 388 2024 417 le
2040 387 2061 418 B
2079 389 2144 426 p-ist
2164 389 2300 426 prochein

1241 422 1337 451 avenir
1355 423 1381 457 (a
1394 432 1467 459 queu
1477 424 1543 460 jour
1560 430 1619 451 noz
1632 421 1692 452 ditz
1709 422 1866 462 Messages,
1885 426 1913 462 qi
1929 425 2067 456 vendront
2083 427 2147 457 hors
2163 426 2301 464 d⁷Engle-

1242 468 1314 489 terre
1349 458 1469 497 serront,
1487 460 1512 490 al
1534 460 1596 490 eide
1616 459 1651 490 de
1672 460 1759 497 Dieu)
1786 471 1838 498 por
1859 462 2003 493 enformer
2020 465 2053 495 &
2074 465 2157 495 avisei·
2173 466 2301 496 meismes

1243 506 1302 527 noz
1320 482 1461 536 Messages
1483 499 1527 528 sur
1548 506 1620 528 tutes
1639 499 1677 528 les
1698 499 1794 529 choses
1815 500 1966 531 avantdites
1979 525 1989 538 ,
2016 502 2238 534 ensemblement
2260 502 2301 534 od

1244 536 1336 565 vestre
1348 536 1471 574 conseil,
1490 538 1522 567 ὃς
1540 536 1632 566 vestre
1648 537 1721 574 avis,
1737 547 1773 566 en
1794 538 1920 568 meismes
1941 539 1979 568 les
2000 540 2112 570 choses:
2130 540 2208 571 Iffint
2230 551 2305 580 que,

1245 583 1292 611 par
1313 574 1418 604 l’acord
1434 599 1443 612 ,
1468 575 1501 605 &
1521 574 1693 605 l‘avisement
1709 575 1746 604 de
1765 575 1860 606 nostre
1880 576 1985 607 conseil
2034 578 2132 609 devers
2154 589 2241 618 vous,
2267 580 2303 610 &c

1244 612 1343 642 devers
1360 622 1448 651 nouS,
1467 612 1588 650 puiffent
1603 613 1640 642 les
1656 613 1805 650 bosoignes
1822 613 1894 644 estre
1914 600 2087 654 monffrees,
2107 617 2140 647 &
2165 616 2232 647 suies
2253 618 2304 647 de-

1244 660 1306 717 gers
1325 650 1351 679 le
1370 650 1432 680 Roi
1450 651 1486 680 de
1501 650 1626 689 France,
1644 651 1663 680 fi
1675 660 1762 681 come
1776 652 1882 684 mieutz
1894 651 1963 684 serra
1978 664 2011 684 au
2026 654 2112 694 profit
2127 656 2160 686 &
2173 655 2197 685 al
2210 656 2306 686 honur

1267 698 1282 717 e
1297 698 1377 718 nous.

1285 725 1402 756 D'autre
1416 735 1492 765 part,
1506 737 1580 757 vous
1592 737 1663 757 nous
1684 727 1839 758 envoiastes
1858 729 1983 760 transcrit
1996 731 2080 761 d'une
2094 729 2289 761 Commiffion
2297 735 2309 770 ‚'

1248 773 1304 800 qne
1319 764 1438 794 Meistie
1450 765 1571 795 Bernard
1585 765 1663 796 Pelet
1675 766 1826 803 purchacea
1840 765 1878 797 du
1893 767 1933 798 dit
1953 768 2031 806 Roi,
2046 779 2062 799 a
2080 779 2134 800 ceo
2160 779 2215 807 que
2238 780 2309 800 vous

1248 812 1320 832 nous
1340 803 1431 833 feistes
1451 803 1558 871 savoirj,
1586 803 1611 833 la
1633 804 1714 841 quele
1732 803 1925 835 Commiffion
1946 805 1988 836 est.
2009 815 2071 837 mut
2091 807 2270 845 prejudiciele
2293 817 2309 838 a

1250 851 1321 870 nous
1358 842 1391 871 δε
1407 852 1421 870 a
1434 841 1521 871 l'estat
1555 851 1570 871 e
1583 841 1680 872 nostre
1691 842 1748 872 dire
1762 842 1911 882 Duschee,
1929 853 1943 873 a
1958 854 2012 875 ceo
2029 855 2084 883 que
2100 845 2204 875 semble
2217 854 2232 874 a
2255 855 2311 875 no-

1250 878 1306 909 stre
1321 865 1435 909 Conseil
1453 890 1500 917 par
1512 879 1614 917 decea,
1633 880 1668 909 de
1683 882 1746 918 quei
1762 891 1832 911 nous
1843 881 1932 912 sumes
1955 883 2025 913 molt
2048 883 2258 914 esmervaillietz
2274 884 2309 914 &

1250 918 1402 955 ennoiet'z.-,
1419 917 1475 948 defi
1491 928 1593 957 corne,
1608 927 1623 947 a
1638 917 1728 949 vestre
1742 918 1860 956 departir
1872 919 1907 949 de
1921 929 2009 959 nous,
2027 931 2098 952 vous
2113 921 2168 952 fust
2180 923 2310 960 enjoignt

1251 956 1287 986 de
1303 965 1349 993 par
1363 966 1453 994 nous,
1471 966 1526 995 que
1539 966 1627 994 vouS,
1644 966 1680 986 en
1694 957 1760 986 nule
1776 967 1905 994 manere,
1923 958 2083 990 entreissetz
2096 969 2133 989 en
2147 960 2211 990 tiele
2226 961 2311 990 coni-

1249 995 1331 1024 sance
1343 994 1363 1023 sl
1377 1004 1474 1033 avant,
1492 1005 1578 1025 come
1591 1005 1662 1024 vous
1677 995 1701 1024 la
1715 994 1841 1033 peuffetz
1855 995 2019 1034 desturber,
2037 997 2057 1027 si
2080 1008 2152 1030 vous
2176 1008 2212 1028 ne
2235 999 2312 1028 vois-

1252 1033 1310 1063 setz
1323 1031 1418 1063 nostre
1431 1042 1512 1070 grant:
1522 1033 1733 1072 deshereteson,
1751 1043 1791 1063 ou
1815 1043 1885 1064 vous
1907 1034 2025 1064 feussetz
2045 1044 2202 1067 autrement
2222 1046 2237 1066 a
2257 1045 2313 1067 ceo

1254 1071 1341 1103 chace
1362 1081 1411 1109 par
1429 1071 1509 1102 force
1529 1071 1565 1101 dc
1583 1071 1660 1111 Ley,
1678 1081 1714 1101 ne
1733 1071 1753 1091 ³*
1767 1070 1864 1102 nostre
1879 1074 2032 1103 entencion
2046 1083 2082 1104 ne
2097 1074 2151 1104 fust
2166 1076 2238 1112 mie,
2278 1085 2313 1119 ue
2336 1069 2422 1139 *6111

2286 1124 2316 1143 οι
2339 1123 2354 1141 2
2376 1121 2403 1151 3.

1255 1120 1328 1141 vous
1341 1109 1446 1140 euffetz
1459 1110 1523 1139 nule
1543 1108 1739 1139 Commiffion
1760 1109 1881 1148 mustre,
1916 1121 1944 1140 ar
1963 1112 2027 1149 quei
2049 1112 2086 1141 les
2105 1121 2191 1151 gentz
2208 1114 2234 1142 le

1255 1149 1291 1179 de
1312 1148 1419 1179 France
1438 1147 1557 1186 puiffent
1577 1147 1653 1177 saver
1670 1157 1726 1185 que
1749 1158 1820 1179 nous
1842 1159 1876 1179 eu
1901 1148 1954 1179 ons
1967 1151 2046 1187 poair
2061 1150 2154 1188 done,
2172 1161 2227 1189 que
2247 1162 2319 1182 vous

1257 1187 1398 1225 puiffentz.
1412 1186 1431 1215 fi
1445 1194 1528 1217 avant
1540 1185 1660 1223 medler,
1679 1187 1713 1216 &
1729 1186 1879 1224 respondre
1894 1187 2067 1218 d'auncienes
2081 1189 2176 1218 choses
2199 1188 2319 1228 passees,

1256 1225 1368 1295 {ffssque
1390 1225 1547 1255 soulement
1565 1223 1613 1254 des
1632 1224 1731 1255 choses
1751 1224 1829 1256 faites
1851 1226 1912 1265 puis
1934 1225 1960 1256 la
1977 1226 2105 1256 derreine
2130 1235 2193 1264 pees
2213 1227 2286 1267 feyte
2306 1238 2324 1260 a

1284 1274 1313 1294 ar
1333 1274 1358 1294 s:

1298 1275 1409 1340 Eynceac
1426 1312 1443 1332 e
1462 1311 1514 1339 pur
1531 1311 1605 1339 ceo,
1622 1309 1721 1332 contre
1741 1301 1767 1331 la
1788 1301 1846 1332 dite
1868 1301 2084 1341 Commiffion,
2099 1310 2206 1334 metten
2219 1303 2326 1334 d’entre

1261 1351 1334 1371 vous
1352 1349 1413 1372 tote
1434 1340 1458 1369 la
1476 1341 1600 1370 remedie
1619 1340 1654 1370 &
1675 1340 1780 1371 consen
1799 1350 1854 1379 que
1873 1351 1945 1372 vous
1965 1350 2096 1380 purretz,
2120 1352 2176 1380 que
2195 1352 2269 1374 nous
2289 1352 2328 1373 en

1260 1380 1352 1410 seoms
1366 1377 1451 1418 garde
1464 1379 1500 1409 de
1513 1378 1640 1415 damage.

1301 1417 1383 1447 Estre
1397 1427 1451 1447 ceo
1465 1427 1537 1447 vous
1553 1416 1726 1447 maundoms
1739 1417 1773 1448 &
1796 1417 1974 1456 chargeons,
1989 1419 2033 1449 sur
2055 1417 2081 1449 la
2102 1418 2160 1456 foi,
2179 1428 2235 1457 que
2256 1428 2329 1450 vous

1267 1466 1340 1486 nous
1359 1455 1479 1493 devea,
1494 1465 1566 1493 que,
1583 1455 1604 1485 fi
1623 1465 1695 1486 vous
1717 1463 1801 1486 veetz
1820 1456 1886 1487 nule
1906 1456 2018 1487 centille
2038 1456 2074 1488 de
2096 1458 2182 1496 peril,
2208 1459 2236 1495 qi
2256 1467 2329 1487 nous

1265 1493 1354 1533 puiffe
1369 1504 1435 1524 aver
1448 1503 1484 1523 en
1498 1493 1523 1523 la
1539 1493 1597 1525 dite
1611 1493 1763 1532 Duschee,
1780 1504 1829 1532 par
1843 1495 1921 1526 voies
1935 1496 2124 1534 maliciouses,
2140 1496 2175 1526 de
2191 1497 2256 1534 quei
2277 1496 2332 1526 ho-

1267 1543 1315 1563 me
1328 1533 1354 1563 se
1369 1532 1426 1563 deit
1439 1541 1489 1562 tuz
1498 1532 1575 1570 jours
1588 1531 1689 1570 aviser,
1708 1542 1781 1571 que,
1798 1543 1834 1563 en
1847 1533 1873 1563 la
1892 1533 1952 1573 plus
1967 1533 2058 1564 sotine
2073 1536 2106 1566 &
2121 1536 2217 1572 privee
2232 1544 2331 1564 mane-

1266 1582 1296 1601 re
1317 1581 1373 1610 que
1392 1581 1464 1601 vous
1486 1579 1616 1609 porretz,
1635 1570 1655 1600 fi
1679 1580 1736 1608 que
1756 1571 1832 1601 noise
1855 1582 1891 1602 ne
1904 1572 1930 1602 se
1944 1572 2022 1611 leve,
2037 1573 2129 1604 facetz.
2147 1572 2220 1603 iffuit
2236 1573 2332 1610 garnir

1272 1618 1332 1640 noz
1348 1609 1502 1647 Chasteus,
1523 1608 1631 1646 Citees,
1650 1607 1774 1649 Burghs,
1793 1609 1896 1649 Villes,
1913 1610 1948 1641 &
1960 1620 2048 1642 autres
2071 1611 2257 1649 Fortelesces,
2299 1621 2333 1645 ue

1270 1647 1354 1692 peril,
1371 1647 1504 1687 damage,
1522 1657 1559 1678 ne
1578 1646 1736 1686 dessmnur,
1754 1658 1810 1686 que
1831 1647 1909 1679 Dieu
1931 1659 1968 1680 ne
1989 1649 2092 1689 voille,
2121 1659 2160 1681 ne
2175 1659 2193 1690 y
2214 1650 2264 1688 pui
2288 1657 2336 1681 ent

1271 1696 1376 1718 avemr.

1309 1724 1335 1755 E
1359 1725 1396 1756 de
1416 1733 1488 1763 ceo,
1506 1733 1562 1763 que
1582 1734 1654 1755 vous
1677 1732 1789 1755 averetz
1810 1724 1859 1755 fait
1873 1725 1910 1756 de
1925 1734 1997 1757 tutes
2011 1726 2050 1757 les
2065 1725 2164 1758 choses
2177 1735 2261 1757 avant
2284 1736 2339 1757 no-

1272 1772 1366 1801 meeS,
1389 1773 1461 1793 nous
1483 1762 1638 1801 certifietz,
1662 1761 1878 1794 distinetement
1892 1787 1902 1802 ‚
1934 1765 1967 1796 δε
1987 1772 2178 1805 apartement,
2204 1775 2255 1803 par
2277 1772 2338 1796 voz

1273 1802 1381 1839 lettres,
1399 1811 1414 1831 a
1425 1802 1485 1839 plus
1507 1811 1544 1831 en
1557 1801 1617 1831 hast
1632 1810 1687 1839 que
1701 1811 1773 1832 vous
1787 1810 1909 1839 purretz.

1311 1839 1429 1870 D'autre
1452 1847 1512 1877 part
1532 1849 1605 1870 vous
1624 1839 1762 1869 mandons
1785 1850 1856 1878 que,
1874 1851 1958 1872 venes
1985 1841 2074 1872 cestes
2089 1840 2200 1880 lettres,
2218 1840 2341 1872 hastive-

1276 1886 1354 1908 ment
1367 1878 1444 1909 santz
1457 1877 1547 1916 dellay
1563 1901 1574 1915 ,
1602 1879 1732 1908 enveietz
1748 1887 1825 1909 arere
1846 1879 1943 1909 devers
1962 1879 2140 1920 Engleterre,
2158 1890 2206 1918 par
2229 1879 2255 1910 le
2274 1889 2342 1917 por-

1274 1925 1321 1947 tur
1341 1915 1376 1946 de
1400 1914 1488 1946 cestes
1508 1915 1615 1952 lettres,
1633 1925 1674 1946 ou
1696 1924 1775 1946 autre
1796 1927 1852 1955 que
1874 1918 1964 1955 puiffe
1985 1920 2094 1949 mieutz
2114 1918 2269 1956 travailler,
2287 1927 2342 1956 por

1279 1963 1432 1985 encontrer
1445 1962 1505 1984 noz
1519 1953 1579 1983 ditz
1590 1953 1751 1992 Messages‚
1769 1964 1853 1986 avant
1865 1956 1904 1994 qil
1918 1958 2053 1994 veignent
2063 1967 2079 1986 a
2093 1956 2184 1997 Parys.

1316 1993 1341 2023 E
1359 1993 1397 2023 les
1411 1992 1505 2023 facetz
1520 1993 1627 2030 gamit,
1646 2002 1692 2029 par
1708 2002 1762 2022 nos
1775 1993 1886 2032 lettres,
1905 1994 1924 2025 si
1937 1995 2041 2026 mester
2054 1995 2114 2033 est,
2133 1995 2182 2033 q'il
2197 1994 2291 2025 aillent
2308 2003 2345 2025 au

1280 2031 1340 2062 Roi
1355 2031 1391 2062 de
1407 2031 1530 2069 France,
1547 2041 1587 2061 ou
1602 2040 1700 2068 noun;
1725 2041 1773 2062 car
1787 2042 1860 2063 nous
1871 2033 2004 2070 pensoms
2018 2034 2102 2072 bien,
2120 2044 2176 2072 que
2190 2043 2238 2071 par
2259 2043 2345 2064 aven-

1279 2078 1357 2108 ture,
1375 2070 1413 2100 les
1432 2069 1582 2108 bosoignes
1602 2071 1747 2107 purroient
1772 2070 1846 2100 estre
1865 2081 1901 2100 en
1925 2072 1973 2102 tiel
1993 2071 2080 2111 estat,
2099 2083 2155 2110 que
2177 2082 2231 2102 ceo
2251 2071 2344 2102 serrait

1280 2108 1341 2177 plus
1355 2117 1438 2146 grant
1450 2108 1507 2138 mal
1519 2108 1554 2139 &
1567 2106 1686 2145 damage
1699 2119 1715 2140 a
1729 2118 1801 2140 nous
1817 2108 1853 2140 de
1866 2109 1936 2141 faire
1963 2111 1990 2141 le
2013 2110 2162 2151 Meffage,
2181 2121 2218 2149 qe
2238 2109 2275 2140 de
2295 2110 2348 2140 les-

1292 2157 1330 2177 er.

1320 2183 1346 2213 E
1359 2183 1476 2221 auffint,
1493 2191 1546 2220 pur
1556 2192 1612 2213 ceo
1625 2192 1680 2250 que
1692 2192 1766 2214 nous
1779 2193 1868 2214 avons
1882 2185 2025 2223 entendu,
2043 2194 2099 2224 que
2113 2194 2168 2215 ceo
2182 2185 2289 2216 Concil
2301 2194 2353 2224 ge-

1283 2221 1359 2252 neral
1369 2222 1396 2252 se
1412 2222 1509 2252 rendra
1522 2231 1590 2259 ore,
1608 2231 1623 2251 a
1647 2231 1662 2251 a
1676 2220 1755 2252 Seint
1770 2221 1901 2262 Michel,
1920 2233 1934 2253 a
1952 2224 2094 2255 Avinion:
2115 2225 2148 2256 &
2164 2223 2183 2253 il
2206 2234 2279 2254 nous
2299 2233 2351 2254 co-

1283 2269 1351 2292 vent
1374 2261 1507 2298 illoeques
1526 2269 1591 2291 aver
1615 2260 1704 2290 bones
1722 2269 1809 2299 gentz
1830 2262 1864 2292 &
1887 2261 2027 2293 suffisantz
2047 2261 2083 2292 de
2103 2262 2202 2293 nostre
2225 2261 2351 2297 consail‚

1286 2309 1359 2337 pour
1378 2299 1415 2326 les
1436 2298 1585 2335 bosoignes
1605 2308 1662 2335 que
1678 2299 1817 2330 touchent
1835 2310 1908 2330 nous
1927 2302 1961 2331 &
1985 2300 2081 2331 nostre
2096 2299 2260 2335 Ruiaume3
2279 2307 2353 2328 vous

1285 2333 1424 2365 mandons
1439 2344 1495 2371 que
1509 2343 1580 2364 vous
1594 2343 1666 2363 nous
1681 2334 1836 2372 certifietz,
1853 2344 1901 2372 par
1916 2344 1968 2365 vos
1984 2335 2094 2378 lettres,
2111 2337 2144 2366 ὃς
2169 2344 2217 2373 par
2237 2335 2264 2365 le
2284 2345 2353 2373 por-

1286 2382 1331 2405 tur
1351 2373 1387 2403 de
1408 2372 1496 2403 cestes
1518 2371 1558 2402 od
1578 2380 1637 2402 tute
1655 2371 1681 2401 la
1700 2371 1777 2401 haste
1794 2382 1849 2410 que
1863 2381 1992 2411 purrerz,
2012 2376 2033 2404 11
2047 2383 2127 2405 entre
2142 2383 2214 2404 vous
2234 2383 2352 2414 quatre,

1285 2412 1362 2442 santz
1381 2420 1442 2442 tote
1462 2419 1576 2440 manere
1595 2410 1632 2440 de
1654 2409 1789 2449 damage,
1805 2411 1839 2441 &
1862 2411 1911 2442 dec
1933 2411 2015 2449 perils
2035 2411 2072 2443 de
2083 2422 2156 2443 nous
2171 2414 2205 2444 &
2220 2411 2257 2442 de
2276 2421 2353 2451 noz,

1287 2449 1408 2489 puiffetz
1422 2449 1577 2490 purchacer
1591 2448 1624 2478 &
1637 2448 1768 2479 ordeiner
1782 2448 1818 2478 de
1842 2459 1945 2480 mettre
1965 2460 2001 2480 en
2023 2451 2106 2489 respit
2126 2451 2164 2481 les
2183 2450 2355 2490 bosoignes,

1288 2499 1344 2527 que
1360 2499 1430 2519 vous
1444 2497 1526 2518 avetz
1537 2496 1589 2517 ore
1601 2495 1680 2516 entre
1696 2497 1811 2526 meyns,
1830 2487 1864 2518 δε
1878 2490 1958 2519 venir
1971 2499 1987 2519 a
2003 2499 2058 2520 ceo
2080 2488 2187 2520 Concil
2210 2490 2353 2529 avantdit‚

1290 2536 1378 2558 come
1392 2536 1452 2557 noz
1465 2525 1618 2564 messageS,
1635 2525 1869 2557 emsemblement
1889 2527 2026 2566 ovesques
2048 2528 2144 2559 ascuns
2162 2535 2253 2560 autres
2272 2536 2355 2568 grant

1290 2566 1426 2605 seignurs,
1443 2574 1499 2603 que
1514 2574 1585 2594 nous
1597 2565 1746 2594 enveirom
1761 2565 1894 2603 illoeques
1906 2565 1942 2595 de
1958 2577 2005 2604 par
2024 2576 2104 2597 nous.

1327 2603 1384 2634 Car
1398 2613 1471 2633 nous
1486 2602 1643 2634 entendons
1657 2603 1722 2632 bien
1736 2602 1782 2641 q'il
1795 2612 1812 2642 y
1825 2613 1907 2634 avera
1921 2603 2055 2643 illoeques
2071 2604 2146 2643 parle
2160 2604 2197 2635 de
2210 2604 2297 2636 l’estat
2322 2605 2358 2637 de

1293 2642 1474 2679 Gascoigne,
1490 2642 1554 2671 auxi
1567 2641 1632 2671 bien
1645 2650 1732 2671 come
1747 2640 1853 2672 d’autre
1865 2651 1966 2681 terres3
1987 2644 2020 2675 ὃς
2033 2653 2106 2674 nous
2121 2643 2280 2674 entendons
2298 2653 2359 2674 aus-

1293 2682 1363 2720 sint,
1384 2691 1439 2719 que
1459 2680 1537 2711 nules
1557 2687 1643 2709 eentz
1665 2689 1701 2709 ne
1718 2679 1781 2711 sont
1802 2691 1854 2711 ore
1878 2681 1897 2711 fi
1910 2682 1975 2712 bien
1991 2682 2155 2714 enformetz
2166 2682 2202 2713 de
2216 2682 2303 2714 l'estat
2322 2682 2360 2714 de

1293 2720 1390 2751 nostre
1404 2727 1478 2750 terre
1491 2718 1528 2749 de
1540 2703 1701 2756 &ascoigne
1709 2741 1720 2757 ,
1738 2729 1826 2750 come
1841 2719 1949 2751 d'entre
1963 2731 2043 2752 vous,

1333 2795 1417 2827 Don.
1431 2793 1566 2835 Berewyk
1580 2794 1624 2827 sur
1640 2794 1745 2827 Twed.
1762 2796 1789 2827 le
1805 2805 1832 2835 7.
1847 2796 1922 2835 Jour
1936 2796 1972 2828 de
1988 2797 2069 2838 May.

1300 2915 1358 2946 Pro
1377 2909 1554 2944 Haeredtbus
1567 2939 1576 2954 ‚
1602 2910 1824 2945 Executoribus
1840 2915 1877 2951 ᾤ’
1896 2910 2104 2959 Succeffiaribm
2127 2914 2277 2955 Antonii,
2303 2915 2366 2946 Pa-

1388 2958 1526 2993 triarchae
1546 2961 1829 3011 Hiero-solymitani,
1855 2965 1892 3001 ὠ*
1913 2962 2049 3009 Epiftopi
2064 2961 2280 3006 Dunelmeffis.

1301 3044 1424 3106 REX
1437 3045 1568 3076 omnibus
1603 3045 1637 3076 ad
1654 3056 1742 3086 quos,
1759 3047 1819 3078 &c.
1840 3046 1961 3078 salutem.

2379 3048 2455 3080 Ann.
2469 3046 2513 3084 Dq'

1402 3083 1498 3115 Sciatis
1511 3095 1568 3122 quo
1595 3109 1605 3122 ,
1622 3084 1688 3116 licet
1702 3095 1741 3116 nu
1762 3096 1810 3124 er,
1829 3096 1881 3130 pro
1896 3086 2002 3126 magnis
2018 3080 2052 3116 Sc
2066 3085 2177 3117 diverfis
2198 3084 2317 3122 debitis,
2335 3083 2364 3114 in
2402 3095 2486 3128 1311.

1303 3122 1421 3160 quibus,
1440 3123 1525 3153 bonae
1549 3125 1714 3162 memori-ze,
1761 3134 1894 3163 ntomus,
1912 3124 2058 3163 quondam
2081 3124 2239 3155 Patriarcha
2255 3122 2366 3161 Jerusa-
2384 3131 2432 3155 Αιι.
2448 3136 2476 3164 4.

1301 3161 1374 3200 lem,
1392 3162 1426 3192 δε
1448 3161 1602 3199 Episcopus
1625 3161 1842 3202 Dunelmenfis,
1861 3163 1942 3194 clarae
1962 3164 2127 3202 memoriae,
2146 3163 2282 3193 Domino
2303 3159 2364 3191 Ed-
2381 3171 2410 3194 Ε.
2431 3175 2458 3194 2.

1303 3200 1400 3231 wardo
1420 3199 1495 3239 Regi
1518 3200 1644 3239 Angliae,
1666 3200 1739 3232 Patri
1759 3201 1875 3240 nostro,
1895 3202 1928 3232 &
1949 3202 2051 3239 nobis,
2077 3199 2267 3231 diversimode
2287 3207 2365 3229 tene-
2380 3209 2439 3232 ΡΜ.
2457 3206 2491 3241 4:

1302 3238 1401 3277 batur,
1419 3240 1514 3268 omnia
1538 3237 1616 3269 Bona
1635 3239 1670 3270 &
1690 3238 1814 3278 Catalla,
1830 3250 1893 3278 quae
1913 3240 2026 3270 fuerunt
2045 3240 2172 3280 praedisti
2193 3237 2363 3268 Patriarchae
2381 3248 2410 3270 Ε,
2430 3252 2455 3269 2.
2469 3246 2499 3279 p:

1303 3277 1336 3308 &
1349 3276 1498 3315 Episcopi,
1516 3275 1562 3306 die
1576 3287 1635 3316 quo
1649 3278 1737 3317 obiit,
1755 3280 1817 3316 capi
1833 3279 1985 3309 fecerimus
1998 3280 2027 3308 in
2043 3287 2159 3307 manum
2176 3276 2317 3320 nostram:
2364 3310 2366 3313 y
2383 3291 2409 3310 2,
2426 3290 2465 3310 m.
2483 3279 2514 3314 6,·

1339 3315 1406 3346 Nos
1418 3324 1531 3352 tamen,
1551 3315 1584 3345 ad
1597 3316 1707 3346 bonum
1723 3318 1757 3348 &
1779 3317 1915 3347 laudabile
1931 3316 2090 3352 servitium,
2109 3314 2187 3352 quod
2209 3314 2286 3344 idem
2309 3313 2365 3344 Pa-

209 3171 254 3192 rer
267 3170 282 3190 a
294 3161 385 3191 bones
398 3167 484 3196 gentz
496 3158 534 3190 de
543 3158 640 3189 nostre
654 3159 773 3198 conseil,
793 3171 847 3198 que
859 3162 965 3192 mieutz
979 3161 1005 3193 se
1026 3162 1141 3192 deivent
1162 3171 1266 3192 conus-

210 3208 255 3231 tre
267 3208 304 3229 en
316 3199 373 3229 tieu
386 3198 484 3236 chose,
502 3207 556 3236 por
571 3198 730 3235 examiner,
744 3199 778 3229 &
793 3209 866 3229 nous
880 3200 964 3231 aviser
978 3200 1016 3231 du
1031 3201 1140 3231 meillor
1153 3200 1269 3239 conseil,

212 3239 246 3269 &
261 3237 358 3268 defens
370 3246 424 3275 por
436 3245 508 3266 nous
521 3236 564 3266 sur
578 3235 616 3266 les
631 3236 728 3266 choses
740 3237 900 3268 avantdites.

251 3275 288 3306 Et
302 3286 363 3314 eus,
377 3285 454 3314 apres
466 3283 546 3314 grant
559 3273 740 3304 deliberation
751 3276 784 3306 ὃς
798 3277 887 3306 traitiz
901 3285 954 3307 euz
965 3277 1007 3307 sur
1017 3276 1056 3308 les
1069 3277 1128 3308 ditz
1141 3277 1269 3317 Articles,

213 3316 249 3347 &
259 3324 348 3344 autres
364 3313 609 3344 Remembrances
623 3323 677 3351 que
690 3322 762 3343 nous
776 3313 813 3344 lui
828 3314 939 3345 foismes
953 3316 1061 3354 bailler,
1070 3326 1141 3347 nous
1155 3316 1268 3354 respun-

214 3353 324 3391 ditent,
342 3363 397 3391 que
420 3362 467 3383 eus
487 3362 524 3382 ne
543 3361 615 3382 nous
632 3351 728 3389 poaint
749 3362 795 3389 pas
809 3352 981 3389 pleInement
994 3355 1155 3392 conseiller,
1173 3355 1211 3384 s’il
1234 3365 1270 3385 ne

214 3390 336 3422 feuffent
349 3391 494 3421 conisantz
507 3389 556 3420 des
568 3389 652 3428 faitz,
667 3398 786 3421 comem:
799 3390 837 3420 les
852 3391 1002 3432 bosoignes
1014 3393 1077 3423 sont
1091 3402 1205 3423 menetz
1219 3393 1269 3423 de-

215 3440 279 3462 vers
295 3439 383 3467 vous,
403 3430 436 3460 &
448 3429 495 3458 des
508 3428 600 3467 usages
611 3429 650 3459 du
666 3429 731 3466 pais.

256 3467 323 3498 Mes
338 3468 358 3498 il
373 3477 444 3498 nous
456 3474 507 3497 ont
521 3467 578 3504 dit,
595 3477 648 3507 por
662 3467 688 3497 le
702 3466 814 3499 meillor
824 3467 946 3507 consess,
965 3469 1011 3508 q’il
1023 3480 1060 3501 en
1074 3470 1171 3501 scuent
1186 3479 1273 3508 quant

215 3516 234 3537 a
251 3516 318 3544 ore,
336 3516 391 3545 que
412 3516 483 3536 nous
505 3505 630 3536 faceoms
650 3515 766 3544 requere
783 3506 809 3537 le
823 3506 883 3537 Roi
896 3507 932 3538 de
946 3507 1067 3547 France,
1085 3508 1123 3547 qil
1138 3518 1174 3538 en
1189 3509 1274 3539 voille

218 3543 345 3583 soeffrir,
363 3555 379 3575 e
393 3553 495 3575 mettre
510 3554 546 3574 en
559 3544 667 3582 suspens
679 3544 704 3575 la
717 3545 864 3577 conisance
878 3545 921 3577 sur
933 3545 972 3577 les
986 3546 1106 3578 Articles
1116 3547 1275 3588 avantditz,

219 3592 279 3615 tant
292 3592 348 3621 que
360 3583 411 3613 ala
427 3593 499 3614 veue
513 3582 549 3612 de
563 3582 603 3613 lui
617 3583 650 3614 ὅ(
663 3582 699 3613 de
712 3593 793 3614 nous.

260 3621 315 3653 Par
338 3623 403 3659 quei
422 3631 494 3652 nous
515 3631 614 3652 avoms
633 3622 748 3652 ordeine
772 3623 898 3654 d'envoir
933 3633 968 3653 en
983 3623 1080 3654 nostre
1093 3623 1220 3663 Meffage
1241 3634 1275 3655 au

222 3660 286 3692 Roi
299 3660 334 3691 de
347 3660 471 3698 France,
490 3661 625 3702 certeines
638 3669 724 3699 gentz
737 3660 773 3691 de
785 3661 881 3692 nostre
893 3648 1008 3692 donseil
1018 3686 1028 3701 ,
1044 3661 1141 3692 Clercs
1155 3663 1188 3693 &
1198 3661 1277 3694 Che-

222 3700 329 3738 valers,
348 3709 404 3737 que
417 3699 589 3736 pleinement
601 3701 662 3729 lont
675 3700 836 3730 enformetz
848 3699 895 3730 del
908 3701 1028 3740 consail,
1048 3711 1102 3739 que
1114 3711 1185 3731 nous
1191 3711 1279 3732 avons

223 3748 274 3777 par
284 3738 370 3769 decea
384 3738 427 3768 sur
440 3738 477 3767 les
492 3738 589 3768 choses
605 3738 763 3768 avantdites.

264 3776 320 3815 Et,
344 3787 395 3815 pur
417 3786 471 3806 ceo
491 3786 546 3814 que
566 3786 637 3806 nous
656 3777 769 3807 voloms
791 3787 847 3815 que
869 3785 929 3807 noz
949 3776 1010 3808 ditz
1030 3777 1172 3815 Messages
1192 3777 1280 3810 soient

226 3814 327 3846 aussint
344 3815 520 3853 enformetz,
538 3815 581 3845 sur
601 3814 688 3845 l'estat
708 3815 756 3845 des
775 3815 844 3846 dites
866 3816 1013 3856 busoignes
1029 3816 1127 3847 devers
1141 3827 1228 3855 vous,
1247 3818 1280 3848 &

226 3852 274 3883 del
287 3853 438 3884 avisement
450 3856 483 3885 ὃς
499 3854 536 3884 du
551 3852 666 3883 Conseil
687 3853 794 3884 d'entre
814 3864 885 3884 vous
905 3855 941 3884 de
961 3854 1057 3885 nostre
1079 3855 1192 3885 Conseil
1211 3857 1283 3887 celes

228 3892 346 3930 parties,
361 3892 381 3922 fi
397 3893 433 3930 qil
449 3892 566 3930 puiss'ent
579 3892 603 3921 la
617 3892 674 3922 dite
687 3892 814 3930 requeste
834 3893 894 3931 plus
915 3893 1073 3925 seurement
1092 3895 1125 3925 δε
1144 3893 1204 3931 plus
1225 3896 1284 3926 avi-

233 3929 359 3959 seement
371 3931 454 3969 faire,
471 3931 494 3960 al
509 3932 601 3961 honur
613 3929 649 3960 de
664 3940 749 3968 nous,

271 3967 352 3997 Vous
371 3972 509 4001 mandons
528 3979 583 4007 que
604 3979 707 3998 aucuns
729 3969 826 3999 devers
847 3979 936 4007 vous,
958 3968 993 4001 de
1017 3970 1078 4008 plus
1098 3970 1198 4002 avisetz
1213 3996 1222 4009 ‚
1247 3973 1281 4003 ὅτ.

231 4006 342 4036 mieutz
354 4007 497 4038 conisantz
510 4007 545 4038 de
559 4006 645 4037 l’estat
660 4007 707 4037 des
723 4008 791 4037 dites
811 4008 977 4046 bosoignes,
993 4008 1094 4040 faicetz
1113 4009 1284 4047 pleinement

229 4043 373 4093 enformer
392 4045 427 4076 de
447 4046 539 4078 vestre
555 4045 661 4079 consen
679 4047 713 4078 &
730 4046 882 4079 avisement
900 4056 938 4078 en
956 4047 1028 4079 celes
1048 4047 1199 4087 bosoignes
1212 4073 1222 4087 ,
1248 4050 1283 4082 &

1302 3355 1422 3385 triarclia
1443 3356 1476 3384 δε
1498 3353 1653 3393 Episcopus
1674 3354 1754 3385 dieto
1776 3354 1852 3386 Patri
1872 3355 1972 3386 nostro
1992 3352 2146 3391 impendit:
2173 3353 2207 3383 &
2228 3352 2262 3382 ad
2283 3362 2367 3392 gran-

1304 3393 1371 3423 dem
1392 3391 1590 3430 affectionem,
1608 3402 1694 3430 quam
1716 3403 1781 3432 erga
1804 3404 1856 3424 nos
1878 3394 1988 3423 habuit·
2010 3401 2042 3422 ac
2066 3393 2149 3422 etiam
2170 3390 2205 3421 ad
2218 3391 2369 3421 immensas

1304 3431 1486 3469 donationes,
1501 3441 1551 3468 per
1570 3431 1695 3462 eundem
1715 3431 1913 3473 Patriarcham-
1930 3432 1964 3460 &
1981 3416 2180 3473 ²Episcopum,
2197 3428 2268 3460 dum
2283 3431 2367 3473 vixit,

1304 3469 1450 3500 liberaliter
1470 3470 1551 3500 nobis
1570 3469 1655 3501 faffitas
1670 3493 1679 3508 ‚
1712 3470 1818 3501 nostrae
1837 3468 2065 3500 considerationis
2086 3469 2222 3498 intuitum
2243 3467 2369 3506 dingen-

1308 3516 1349 3539 tes

1345 3531 1518 3578 Remisirnus
1531 3547 1564 3577 ὃς
1579 3546 1812 3585 pardonavimus,
1829 3545 1866 3576 de
1880 3545 1967 3584 gratia
1993 3544 2090 3576 nostra
2108 3544 2234 3588 speciali,
2251 3544 2371 3588 haeredi7

1309 3585 1360 3616 bus
1373 3584 1498 3624 praediCti
1512 3585 1682 3615 Patriarchae
1697 3586 1730 3616 &
1745 3584 1895 3623 Episcopi,
1913 3585 1946 3615 «Sc
1961 3583 2168 3614 Executoribus
2187 3582 2371 3626 Testamenti

1310 3624 1390 3662 ipsius
1411 3623 1578 3654 Patriarchae
1602 3624 1635 3655 ὃς
1654 3623 1805 3663 Episcopi,
1823 3633 1876 3661 pro
1893 3623 1955 3660 ipsis
1970 3621 2138 3652 Haeredibus
2151 3623 2185 3654 &
2199 3621 2372 3665 Executori-

1311 3663 1378 3701 bus,
1398 3663 1431 3692 &
1447 3662 1582 3692 omnibus
1597 3662 1653 3693 aliis
1663 3662 1845 3700 hominibus,
1864 3664 1913 3699 qui
1929 3660 2084 3691 Familiares
2106 3660 2228 3698 ejusdem
2250 3659 2373 3703 Patriar-

1312 3701 1375 3731 chae
1396 3701 1429 3730 &
1450 3699 1580 3738 Episcopi
1601 3701 1766 3738 extiterunt,
1783 3710 1897 3730 necnon
1920 3709 1973 3737 pro
1989 3697 2202 3729 Successoribus
2215 3699 2285 3741 suis,
2303 3696 2374 3735 Epi-

1312 3739 1401 3777 scopis
1413 3738 1548 3770 Ecclesiae
1564 3738 1778 3776 Dunelmensis‚
1795 3739 1893 3769 omnia
1906 3737 2016 3774 debita,
2038 3747 2102 3775 quae
2118 3737 2195 3768 idem
2209 3736 2373 3767 Patriarcha

1314 3778 1348 3809 &
1363 3777 1516 3816 Episcopus
1530 3777 1611 3808 dieto
1624 3776 1699 3808 Patri
1711 3776 1813 3809 nostro
1826 3778 1860 3808 &
1874 3777 1959 3806 nobis
1972 3775 2084 3813 debuit,
2104 3775 2162 3806 tam
2172 3799 2181 3814 ‚
2199 3776 2255 3805 viz.
2274 3774 2311 3805 de
2323 3774 2373 3805 de-v

1315 3819 1395 3847 nariis
1413 3817 1446 3847 &
1466 3816 1548 3846 rebus
1569 3815 1643 3854 aliis,
1661 3825 1713 3854 per
1731 3815 1897 3854 praedictum
1921 3814 2111 3845 Patriarcham
2131 3814 2165 3845 &
2180 3813 2374 3857 Episcopum,

1316 3856 1345 3885 in
1369 3854 1536 3885 Garderoba
1556 3853 1636 3892 ipfius
1665 3854 1754 3884 Patris
1768 3853 1858 3884 nostri
1871 3853 1904 3884 &
1919 3851 2086 3896 nostra,·de
2099 3852 2226 3896 praestito
2240 3860 2375 3890 receptis,

1318 3895 1403 3933 quam
1416 3893 1451 3924 de
1465 3892 1581 3931 finibus,
1598 3892 1762 3931 forisfaffis,
1780 3893 1814 3924 δε
1834 3892 2058 3922 amerciamentis
2079 3891 2322 3929 quibuscumque,
2340 3898 2374 3920 ac

1317 3943 1401 3964 etiam
1420 3931 1586 3963 omnimoda
1609 3932 1659 3962 alia
1679 3931 1785 3969 debita,
1804 3939 1996 3971 quaecutnque
2015 3929 2137 3969 fuerint,
2154 3929 2173 3948 ³¹⁸
2195 3930 2230 3960 &
2249 3937 2284 3959 ex
2306 3938 2373 3966 qua-
2391 3932 2406 3947 ⁸⁸
2421 3929 2475 3958 111.

1317 3981 1442 4009 cumque
1457 3971 1555 4010 causa,
1572 3971 1616 4001 seu
1631 3980 1815 4008 quocumque
1830 3969 1937 4008 modo,
1955 3978 2005 4007 per
2019 3968 2165 4007 praefatum
2186 3967 2375 3999 Patriarcham
2390 3969 2454 4005 264.

1318 4009 1538 4080 {effagitscopum
1552 4009 1632 4044 dicito
1644 4009 1722 4042 Patri
1740 4008 1856 4046 nostro,
1874 4016 1921 4039 aut
1940 4008 2041 4048 nobis,
2056 4007 2153 4046 aliquo
2174 4014 2305 4047 tempore
2324 4005 2378 4036 de«

1342 4058 1358 4079 e
1426 4057 1468 4088 ur,
1834 4083 1882 4116 Aa
1901 4092 1917 4124 3
2320 4077 2382 4115 ,vo-
