2570 4261
211 165 266 206 86

62 247 139 278 Ann.
152 246 194 280 D.
247 247 393 280 Caeterum
413 244 569 278 retractavit
585 245 618 276 &
639 242 753 274 cassavit
771 240 839 272 illud
853 240 985 285 statutum
999 262 1009 278 ‚
1033 249 1082 285 per
1098 239 1178 285 quod
1201 237 1281 277 Reg-

90 288 171 324 1264·
212 298 282 318 num
297 288 342 318 An
364 288 406 316 liae
426 285 545 316 debebat
563 293 611 321 per
630 283 773 322 indigenas
791 282 950 320 gubernari:
969 280 1004 311 &
1024 279 1187 322 alienigenae
1201 286 1280 321 tene-

61 329 125 353 Hen.
144 335 168 362 3-
214 328 312 357 bantur
332 337 347 355 a
385 324 488 354 eodem
508 323 597 360 exire,
615 321 650 351 ad
671 321 739 352 illud
760 322 882 350 minime
903 318 1050 350 reversuri:
1068 326 1189 358 exceptis
1206 316 1278 353 illis,

211 374 333 404 quorum
348 372 456 393 moram
471 361 564 391 fideles
577 359 657 400 ipsius
670 360 766 399 Regni
778 359 971 389 communiter
983 364 1170 400 acceptarent.

250 404 268 422 *ss
288 402 333 431 Ad
348 402 410 431 haec
423 400 562 430 ordinavit
584 397 666 436 quod
685 397 781 429 liceret
794 398 875 428 alieni
895 398 952 427 eriis
969 396 1062 427 secute
1076 397 1106 425 in
1121 394 1202 437 dic'to
1214 392 1276 422 Re-

210 450 269 481 gno
289 441 413 476 morari,
428 438 561 479 quodque
581 436 710 478 praefatus
731 436 796 467 Rex
814 436 880 476 Ang
890 445 975 467 orum
991 458 1001 473 ,
1019 438 1076 465 tam
1096 433 1259 475 alienigenas
1265 453 1275 469 ,

231 481 294 509 uiim
314 478 454 516 indigenas
466 499 475 515 ,
500 486 570 516 quos
590 476 639 506 sibi
657 475 759 507 viderit
779 475 859 505 utiles
881 476 915 506 &
937 473 1030 504 fideles
1043 496 1053 511 ,
1071 471 1105 502 ad
1127 470 1278 501 coniilium

209 490 289 585 Ξυιίιὶω
309 516 404 546 secure
424 525 529 546 vocare
547 515 655 551 valeat,
673 515 743 545 sicut
762 513 853 544 facere
873 520 982 554 poterat
1000 520 1065 542 ante
1078 519 1189 549 tempus
1205 517 1278 548 prae-

231 566 257 585 li.
272 564 328 584 um.

244 593 326 623 Dixit
346 591 456 631 insuper
474 593 508 624 <Sc
522 592 663 622 ordinavit
683 590 763 631 quod
779 590 891 629 plenam
904 588 1088 632 potestatem,
1106 586 1277 631 &liberum

208 633 333 670 regimen
348 632 376 661 in
389 631 496 671 Regno
508 630 628 668 ejusdem
643 629 731 668 Regis
749 628 910 669 Anglorum
925 629 958 658 &
976 637 1033 664 eius
1045 633 1216 670 pertinentiis
1230 623 1277 652 ha-

209 670 289 709 beat,
307 670 394 708 sitque
408 671 437 700 in
451 680 488 700 eo
500 669 588 708 statu,
606 669 640 699 &
653 669 682 697 iri
694 667 725 698 ea
741 667 861 705 plenaria
873 665 1008 706 potestate
1021 688 1031 703 ,
1049 675 1080 695 in
1093 664 1228 694 omnibus
1243 662 1277 692 δε

212 719 262 747 per
281 710 396 746 omnia,
411 708 480 739 sicut
495 717 558 738 ante
570 716 680 744 tempus
695 705 853 742 hujusmodi
865 704 1005 748 existebat.
1031 743 1035 748 Ι
1087 741 1092 747 .

246 747 353 777 Noluit
370 756 464 777 autem
480 770 490 785 ,
508 757 562 777 nec
584 744 718 782 intendit,
735 754 784 781 per
803 743 961 782 hujusmodi
974 743 1197 778 ordinationem,
1214 738 1276 769 Re-

206 786 258 824 giis
269 785 436 825 Privilegiis,
455 785 564 823 Cattis,
584 783 790 822 Libertatibus,
806 783 937 820 StatutiS,
950 782 983 812 &
997 781 1178 823 laudabilibus
1191 777 1276 808 Con-

203 824 390 855 suetudinibus
404 823 524 862 ejusdem
540 823 652 863 Regni,
667 831 734 860 quae
746 830 810 853 ante
823 830 933 860 tempus
945 819 1066 859 ipsarum
1080 817 1275 858 provisionum

208 872 300 901 erant,
319 865 348 894 in
362 864 456 901 aliquo
473 862 614 902 derogare.

244 901 378 941 Denique
392 902 533 932 ordinavit
546 899 628 939 quod
643 899 805 938 saepedistus
822 898 888 929 Rex
902 897 1063 940 Anglorum
1074 905 1194 940 omnem
1212 904 1275 925 ran-

206 950 304 971 corem
318 964 328 980 ‚
348 951 435 979 quern
454 939 580 970 adversus
597 939 747 979 praeditjtos
765 938 885 969 Barones
899 933 1273 980 occalioneqpraemiffomm

206 979 336 1019 haberet,
355 980 416 1017 ipsis
429 979 596 1014 remitteret;
616 988 650 1009 ac
665 977 788 1008 similiter
800 978 973 1007 remitterent
985 976 1034 1013 ipli
1048 976 1110 1005 iibi:

243 1017 282 1049 Et
298 1019 377 1059 quod
397 1028 468 1048 unus
487 1018 606 1047 alterurn
649 1025 786 1055 praetexm
801 1025 917 1053 eorum,
932 1014 968 1045 de
990 1014 1090 1052 quibus
1104 1014 1134 1043 iri
1148 1011 1273 1043 eundem

204 1056 316 1096 Regem
330 1057 419 1088 extitit
432 1039 687 1097 compromissiim,
705 1065 755 1093 per
766 1055 792 1085 se
801 1078 810 1093 ,
829 1054 874 1085 vel
886 1063 935 1091 per
949 1053 1039 1097 aliurn
1050 1062 1110 1082 non
1123 1059 1219 1091 gravet
1231 1050 1270 1094 de

204 1105 310 1126 caetero
329 1097 359 1126 in
379 1096 471 1136 aliquo
485 1118 494 1133 ,
519 1095 565 1125 vel
585 1094 734 1131 offendat,
761 1101 846 1132 prout
867 1094 896 1122 iri
916 1092 1010 1123 litteris
1032 1091 1098 1121 inde
1113 1090 1268 1135 confedhs,

203 1134 272 1164 dieti
286 1135 375 1174 Regis
388 1134 514 1165 Franciae
527 1133 614 1173 sigillo
628 1133 759 1170 munitis,
776 1132 884 1172 plenius
895 1130 997 1161 dicitur
1011 1132 1161 1161 contineri.
1261 1167 1267 1173 ⁶

243 1173 431 1213 Nostraque,
446 1174 590 1211 cupientes
609 1172 690 1209 ipsius
704 1171 792 1210 Regis
814 1170 971 1214 Anglorum
985 1169 1019 1199 &
1033 1168 1161 1213 praedid‘ci
1173 1167 1269 1213 Regni

206 1211 309 1242 statum
323 1212 504 1252 tranquilitate
518 1209 646 1251 prospera
655 1233 664 1248 ,
680 1211 714 1242 &
727 1210 871 1248 tranquilla
885 1208 1060 1248 prosperitate
1074 1217 1167 1247 vigere
1197 1207 1270 1246 ipso-

206 1260 271 1280 rum
293 1251 341 1281 Re
361 1260 410 1281 um
431 1250 676 1291 supplicationibus
696 1249 844 1286 inclinati,
866 1247 1073 1278 ordinationem
1094 1231 1271 1290 hujuiinodi,

206 1288 295 1319 taliter
314 1300 330 1320 e
349 1291 417 1320 itam
439 1290 472 1320 &
487 1288 638 1327 prolatam,
654 1295 741 1318 ratam
754 1287 903 1323 habentes,
918 1295 980 1317 earn
999 1286 1164 1316 auctoritate
1179 1285 1272 1323 Apos-

209 1327 297 1358 tolica
311 1328 440 1359 duximus
453 1326 688 1357 confirmandam:

245 1366 394 1406 roirca
416 1366 577 1397 discretioni
599 1365 699 1396 vestrae
720 1374 770 1403 per
793 1362 960 1404 Apostolica
977 1362 1073 1402 scripta
1092 1362 1271 1400 mandamus,

206 1407 334 1443 quatinus
352 1415 404 1436 vos
419 1428 428 1442 ,
450 1405 495 1434 vel
517 1405 582 1434 alter
603 1402 729 1434 vestrum
749 1402 874 1433 eundem
894 1401 1055 1441 Anglorum
1077 1399 1190 1441 Regem
1211 1410 1271 1431 non

203 1444 364 1483 permittatis
384 1443 463 1483 super
481 1443 532 1473 hiis
546 1465 556 1481 ,
583 1451 682 1473 contra
695 1441 854 1480 hujusmodi
869 1440 1093 1471 confirmationis
1112 1439 1216 1470 nostrae
1230 1448 1271 1469 te-

204 1492 322 1520 norem,
337 1483 372 1512 ab
385 1482 520 1520 aliquibus
542 1480 698 1511 molestari:
718 1479 916 1511 Molestatores
935 1479 1096 1517 hujusmodi
1111 1489 1159 1518 per
1173 1477 1270 1509 censu-

205 1531 265 1551 ram
279 1519 504 1552 Ecclesiasticam
513 1543 521 1558 ‚
539 1520 722 1558 appellatione
735 1518 906 1559 postpoiitfi,
923 1517 1145 1556 compescendo·

241 1559 316 1589 Non
330 1559 459 1590 obstante
474 1559 492 1589 si
507 1558 643 1598 aliquibus
655 1558 833 1598 generaliter,
850 1557 896 1588 vel
908 1557 1058 1597 specialiter
1071 1567 1086 1586 a
1102 1542 1163 1588 sede
1176 1555 1269 1594 Apos-

204 1598 290 1628 tolica
313 1597 344 1629 fit
366 1597 506 1629 indultum
522 1620 531 1635 ‚
547 1597 627 1637 quod
648 1597 890 1627 excommunicari
901 1618 911 1633 ,
926 1595 973 1626 vel
987 1595 1115 1627 interdici
1128 1603 1269 1634 nequeant

202 1645 250 1667 aut
265 1637 407 1675 suspendi;
425 1637 459 1668 &
478 1636 598 1674 qualibet
611 1635 664 1666 alia
682 1634 854 1675 indulgentia
870 1634 957 1665 di&ae
970 1633 1052 1673 sedis,
1068 1635 1269 1673 cujuscumque

202 1676 306 1706 tenoris
323 1675 419 1707 existat
460 1685 509 1713 per
528 1684 614 1713 quam
631 1674 754 1705 mandati
777 1673 865 1704 nostri
880 1674 1009 1703 executio
1030 1673 1159 1714 impediri
1178 1673 1269 1704 valeat

203 1714 248 1744 vel
269 1713 375 1745 differri
386 1738 396 1753 ,
421 1699 455 1746 ἐι
475 1713 510 1744 de
530 1713 602 1753 qua,
619 1713 648 1743 in
668 1711 769 1743 nostris
787 1712 884 1743 litteris
895 1735 905 1750 ,
923 1711 981 1741 fieri
995 1721 1122 1751 oporteat
1141 1712 1269 1743 mentio-

203 1762 290 1791 nem,
316 1754 349 1784 &
369 1753 572 1784 constitutione
585 1752 620 1783 de
641 1751 747 1782 duabus
760 1751 838 1782 dietis
854 1749 926 1781 edita
938 1751 967 1780 in
987 1751 1115 1782 concilio
1128 1751 1269 1792 generali;

203 1791 249 1821 seu
265 1792 342 1831 quod
359 1792 427 1831 illis,
443 1791 480 1822 de
495 1791 525 1821 R
563 1800 601 1821 no
623 1790 732 1830 Angliae
746 1814 756 1828 ,
774 1789 810 1820 ab
828 1788 993 1829 Apostolica
1015 1789 1077 1820 sede
1089 1790 1192 1821 dicitur
1210 1790 1266 1821 effe

203 1830 369 1860 concessum
381 1854 391 1870 ,
408 1840 438 1861 ur
461 1839 534 1860 exrra
587 1837 692 1867 egnum
711 1829 802 1867 ipsum
816 1851 825 1866 ,
840 1829 885 1859 vel
905 1828 973 1859 citra
984 1837 1062 1859 mare
1074 1829 1267 1869 Anglicanum

203 1878 262 1898 non
278 1868 381 1906 possint
392 1869 425 1899 ad
440 1868 573 1906 judicium
588 1869 701 1898 evocari
716 1878 764 1906 per
778 1867 878 1897 litteras
897 1865 1075 1905 Apostolicas
1088 1878 1148 1898 non
1161 1868 1266 1900 facien-

202 1914 243 1938 tes
256 1908 367 1945 plenam
380 1908 414 1940 &
427 1907 579 1946 expreffam
591 1907 626 1938 de
638 1906 818 1938 conceffione
830 1904 985 1945 hujusmodi
999 1908 1183 1938 mentionem.

47 410 79 441 ‚⁸
95 410 194 447 I.784.

239 1987 304 2018 Dat.
323 1988 395 2028 apud
414 1988 532 2019 Urbem
552 1996 698 2028 veterem,
713 1987 828 2019 decimo
846 1985 921 2018 sexto
943 1986 1009 2019 Kal.
1026 1987 1146 2028 Aprilis,
1165 1987 1266 2020 Ponti-

201 2025 297 2058 ficariis
310 2027 398 2058 nostri
411 2037 487 2058 anno
500 2027 592 2058 tertio.

853 2105 907 2138 Sub
912 2105 966 2149 filo
981 2106 1088 2138 canabi.

252 2248 301 2281 De
318 2246 476 2281 traslando
489 2259 558 2281 cum
576 2245 742 2281 Baronibus
757 2246 840 2294 apud
854 2247 967 2291 Brackl
988 2276 999 2293 ‚
1023 2252 1055 2283 in
1066 2249 1222 2298 praftntia

207 2300 210 2301 ⁷
539 2298 656 2330 Nuncii
676 2299 767 2343 Regis
781 2298 923 2331 Franciae.

183 2403 189 2409 ·
208 2386 295 2442 RE
306 2385 335 2418 X
354 2386 503 2425 omnibus,
520 2386 581 2417 δῖε.
597 2385 718 2415 salutem.

315 2425 413 2456 Sciatis
439 2424 517 2463 quod
542 2424 691 2455 venerabili
718 2425 788 2463 patri
808 2423 846 2455 R.
865 2425 1031 2459 Coventriae
1049 2427 1083 2458 &
1103 2426 1271 2459 Lichfeldiae

164 2478 169 2485 -
206 2463 349 2502 Episcopo
362 2487 371 2502 ,
389 2465 423 2495 ὅ(
446 2462 585 2503 Magistro
606 2462 757 2493 Nicholao
778 2462 988 2497 Archidiacono
1010 2466 1195 2505 Norfolciae‚
1232 2466 1271 2496 le-

208 2513 273 2533 nam
294 2503 327 2534 ὃ(
351 2503 468 2533 liberam
485 2501 612 2533 dedimus
672 2501 798 2532 testatem
810 2503 845 2532 ad
859 2504 1034 2536 traCtandum
1046 2504 1120 2544 apud
1139 2505 1190 2536 Bra
1229 2504 1271 2535 ele

160 2556 167 2562 ·
212 2543 239 2571 in
260 2541 401 2580 praesentia
431 2541 549 2571 ohannis
564 2541 599 2570 de
613 2540 632 2571 Σ
642 2540 739 2570 alentia
758 2539 860 2573 Militis
870 2543 904 2574 &
918 2543 1033 2575 Nuncii
1053 2543 1184 2575 carissimi
1196 2554 1269 2575 con-

210 2579 349 2619 sanguinei
362 2590 402 2611 no
430 2581 450 2610 ri
465 2580 553 2618 Regis
574 2579 699 2609 Franciae
719 2578 844 2618 illustris,
860 2591 913 2621 pro
926 2584 1025 2622 nobis,
1043 2583 1217 2623 magnatibus
1234 2584 1269 2614 &

140 2634 146 2638 -
206 2619 371 2687 proceribus
385 2618 501 2656 nostris,
519 2627 553 2647 ex
566 2626 641 2655 parte
652 2626 722 2655 una,
737 2617 771 2647 &
784 2617 902 2650 Simone
915 2620 950 2651 de
964 2621 1137 2653 Monteforti
1151 2622 1270 2653 Comite

235 2657 368 2688 eicestriae
381 2680 391 2696 ,
409 2656 562 2687 Batonibus
576 2679 586 2695 ,
606 2656 639 2686 &
658 2656 715 2686 aliis
731 2655 780 2685 sibi
796 2656 999 2691 adhaerentibus
1017 2671 1053 2691 ex
1073 2661 1155 2692 altera
1167 2683 1177 2698 ,
1191 2660 1220 2691 su

206 2696 366 2734 securitate,
382 2696 564 2735 tranquilitate
579 2695 612 2725 &
627 2693 756 2724 firmitate
769 2696 843 2736 pacis
858 2696 951 2738 Regni
966 2698 1074 2737 nostri,
1090 2699 1225 2730 ratumha
1246 2699 1270 2729 i-

204 2735 259 2764 turi
273 2734 306 2765 ὃ(
320 2742 430 2774 gratum
441 2733 574 2773 quicquid
591 2732 696 2771 praefati
709 2732 905 2773 Epucopus&
919 2736 1142 2768 Archidiaconus
1155 2739 1183 2767 in
1216 2747 1269 2768 rae-

204 2773 338 2842 ῐηίίῖιὲεάἓ
353 2772 470 2841 90ῃὲΗο
484 2773 517 2804 &
532 2770 636 2802 assensu
652 2771 779 2811 praedic'ti
788 2770 944 2814 Johannis,
963 2776 1171 2815 providendum
1203 2785 1268 2807 uxe-

202 2819 257 2842 rint
334 2821 413 2843 acien
434 2821 493 2842 um.
1257 2812 1262 2823 '

240 2890 273 2921 {n
287 2893 363 2930 cujus
372 2915 381 2931 ,
398 2892 461 2924 &c.

236 2971 326 3001 Teste
338 2970 419 3011 Rege
433 2971 506 3010 apud
523 2972 673 3003 Oxonium
682 2996 692 3012 ,
709 2974 844 3007 vicesimo
857 2976 901 3008 die
915 2974 1023 3009 Martii.

54 3092 107 3121 «Ι.
125 3092 188 3130 785.
232 3102 260 3130 δὲ
280 3102 370 3136 Bulla
391 3102 426 3137 de
443 3105 703 3185 Conjtaeratimlribus
723 3112 855 3142 irritatis
867 3137 875 3152 ‚
901 3113 937 3149 (ᾖν
954 3109 1250 3159 Juramentisfitper

610 3157 620 3186 i
634 3155 668 3186 lis
689 3157 846 3192 relaxatis.

60 3246 135 3276 Ann.
151 3245 190 3276 D.
287 3239 404 3272 Rbanus
419 3241 589 3282 Episcopu8‚
605 3242 694 3274 servus
708 3244 850 3277 servorum
864 3247 939 3287 Dei,
958 3250 1109 3280 venerabili
1125 3249 1201 3281 fratri
1218 3250 1273 3281 Ar-

83 3284 135 3314 126
137 3293 164 3321 4,
297 3280 476 3323 chiepiscopo
496 3281 674 3312 Cantuarien.
698 3283 731 3313 &
753 3284 857 3316 dilecffo
874 3287 980 3318 Abbati
994 3289 1093 3320 Sancti
1108 3289 1227 3320 Dionilii
1243 3291 1273 3319 in

63 3327 114 3350 Aa,
132 3323 179 3357 48.
213 3316 342 3357 Francia,
356 3319 469 3349 saltitem
482 3320 515 3350 ὃ(
531 3319 724 3359 Apostolicam
738 3322 974 3356 benediffionem.

63 3365 91 3388 H
118 3370 143 3397 3.
247 3355 324 3386 Cum
338 3357 408 3387 olim
423 3358 456 3387 ad
471 3357 598 3388 nostrum
613 3360 778 3398 pervenisset
792 3364 934 3402 auditum,
951 3366 1028 3405 quod
1043 3367 1174 3397 nonnulli
1188 3366 1276 3397 Mae.

63 3398 163 3426 Lib.A.
214 3401 287 3424 nates
305 3395 338 3425 &
353 3396 402 3440 ⁶alii
418 3395 512 3441 Regni
528 3397 642 3440 Angliae
662 3397 777 3429 diversas
797 3403 1016 3443 conjurationes,
1033 3405 1223 3445 obligationes
1241 3391 1276 3438 ἓξ

56 3436 107 3474 fol.
117 3437 163 3463 62.
175 3434 199 3462 b.
217 3432 428 3476 conspirationes
441 3436 600 3466 adrnvrcem
615 3436 747 3475 fecerint,
766 3439 895 3472 vallantes
914 3452 957 3472 eas
964 3444 1126 3482 juramentis
1141 3444 1277 3484 propriiS,

65 3481 134 3511 penes
147 3476 199 3500 Ca·
219 3468 252 3499 &
265 3469 428 3503 diversarum
445 3473 601 3511 adjeffione
613 3483 778 3514 poenarum,·

66 3520 160 3539 πωπω.
251 3506 321 3552 ,Νφε
333 3534 342 3548 ,
369 3512 538 3557 attendentes
551 3513 693 3556 quod-per
707 3517 911 3555 conjurationes
924 3542 933 3557 ,
952 3520 1145 3560 coiligationes
1157 3521 1191 3552 &
1205 3531 1278 3551 con-

68 3553 183 3577 Scaccar.
220 3544 372 3590 spiranones
384 3549 539 3593 hujusmodi
554 3553 691 3590 praedicto
714 3553 819 3595 Regno
837 3566 870 3587 ac
889 3558 945 3595 ejus
960 3560 1048 3590 multa
1063 3568 1193 3598 poterant
1212 3569 1278 3591 eve-

220 3592 279 3612 nire
292 3584 428 3622 dispendia
443 3589 476 3619 ὃ(
492 3591 575 3621 etiarn
589 3601 779 3631 nocumenta,

254 3620 462 3664 Considerantes
477 3638 535 3672 quo
557 3639 592 3660 ue
605 3639 653 3669 per
668 3633 907 3670 perturbationem
919 3635 999 3674 ipfius
1009 3636 1121 3677 Regni,
1139 3636 1218 3675 quod
1236 3637 1279 3667 in-

219 3666 262 3687 ter
273 3658 321 3688 ³11³
335 3660 433 3705 Regna
445 3638 612 3699 fideiia‘beo
626 3670 659 3700 &
675 3669 849 3713 Apostolicae
862 3672 917 3702 sedi
932 3684 948 3703 a
960 3676 1119 3715 longinquis
1140 3676 1279 3712 tempori-

219 3697 272 3726 bus
284 3696 430 3742 specialiter
449 3703 585 3748 devotum
603 3708 710 3746 existit,
728 3719 757 3739 in
781 3710 875 3741 multis
889 3712 982 3743 eidem
996 3714 1050 3744 sedi
1063 3713 1142 3753 posse
1155 3714 1279 3753 generari

221 3734 413 3772 praejudlclum
427 3762 435 3777 ,
459 3742 629 3786 &libertati
650 3746 852 3778 Ecclesiasticae
872 3760 932 3780 non
960 3752 1110 3783 modicum
1129 3752 1282 3782 detn'men-

224 3781 309 3817 tum,
332 3783 382 3816 pro
403 3781 548 3824 tranquillo
569 3784 603 3826 βε
623 3785 756 3824 prospero
769 3785 840 3817 statu
873 3789 982 3820 raedicti
996 3791 1108 3830 Regni,
1126 3791 1161 3821 &
1174 3790 1281 3821 incola-

225 3820 288 3854 rum
301 3816 379 3855 ¹P11U5
392 3835 406 3855 χ
418 3815 450 3844 ἃ
472 3817 619 3862 speclaliter
635 3823 763 3854 cariffimi
778 3825 806 3854 in
821 3825 850 3855 C
860 3827 940 3857 iristo
954 3828 1003 3858 filii
1017 3830 1104 3860 nostn'
1118 3828 1206 3868 Regis
1220 3828 1282 3858 An-

225 3849 291 3888 gllae
312 3849 420 3880 lllUsts’S
435 3874 444 3889 >
458 3863 541 3899 quern
562 3861 674 3890 iincerae
686 3864 803 3893 caritatis
824 3864 942 3895 brachiis
955 3868 984 3896 iri
997 3867 1132 3898 Domino
1143 3866 1284 3905 amplexa-

227 3896 294 3931 mur·
306 3911 315 3926 ,
339 3888 372 3918 ad
394 3888 451 3932 hoc
471 3891 556 3923 studia
575 3897 668 3929 nostra
689 3902 879 3932 convertimus
893 3926 903 3941 ,
920 3914 970 3944 per
980 3906 1075 3944 quod,
1093 3914 1146 3945 pax
1161 3906 1194 3934 &
1207 3913 1284 3934 tran-

227 3925 336 3994 {³31¹}ssssss
348 3926 423 3965 Regi
438 3928 470 3958 δε
484 3929 603 3971 Regno,
619 3945 652 3966 ac
667 3937 765 3968 incolis
778 3940 933 3980 praedietis,
950 3944 1034 3974 dante
1051 3944 1202 3981 Domino,
1217 3952 1284 3983 pro-

270 3999 317 4031 Ut
329 4003 424 4042 igitur,
438 4003 610 4038 diffensionis
622 4011 656 4041 δε
669 4011 786 4045 scandali
800 4016 901 4047 exinde
915 4016 1044 4050 submota
1057 4020 1187 4058 materia,
1205 4018 1286 4059 Reg-

647 147 1447 199 CONVENTIONES,

1503 147 1907 201 LITERAE‚

1310 244 1381 266 num
1393 234 1483 274 ipsum
1504 234 1532 264 in
1552 235 1695 275 opulentia
1709 237 1784 277 pacis
1798 237 1875 274 Juxta
1892 241 1959 265 vota
1977 232 2071 264 nostra
2090 232 2261 274 persisteret,
2278 234 2379 273 conju-
2391 234 2468 266 Ann.
2483 233 2526 269 i),

1311 275 1447 311 rationes,
1465 272 1656 313 colligationes
1669 276 1703 305 &
1718 274 1935 314 conspirationes
1947 272 2109 313 praedictas,
2128 282 2313 311 quocumque
2325 283 2379 303 no-
2415 275 2501 311 1264.

1312 314 1390 342 mine
1402 311 1595 351 censerentur,
1612 313 1748 343 caffamus
1762 314 1795 344 ὃς
1808 314 1962 350 irritamus,
1979 311 2064 342 caffas
2075 311 2109 341 &
2125 312 2212 342 irritas
2225 311 2378 350 nulliusque
2392 318 2459 342 Hm.
2476 323 2501 351 3.

1312 351 1413 381 valoris
1425 349 1541 381 existere
1559 350 1689 382 duximus
1707 351 1892 388 nunciandas,
1912 360 2011 388 poenas
2027 349 2215 390 quascumque
2226 349 2305 389 super
2320 348 2378 381 hoc

1310 389 1444 428 adjectas,
1462 389 1496 419 ὃς
1510 389 1661 426 juramenta
1676 390 1797 430 praestita
1812 390 1977 427 relaxantes,
1994 399 2028 419 ac
2036 389 2218 419 decernentes
2225 387 2378 426 quoscum-

1309 438 1382 466 que,
1399 427 1434 458 ad
1448 427 1673 458 observationem
1692 430 1914 466 juramentorum
1927 427 2105 466 hujusmodi,
2122 428 2156 458 &
2169 427 2203 458 ad
2212 436 2310 467 poenas
2323 427 2379 458 eas-

1310 467 1378 496 dem
1391 466 1559 503 aliquatenus
1571 476 1631 497 non
1642 469 1739 497 teneri.

1348 503 1482 534 Volentes
1495 505 1577 544 igitur
1590 513 1622 535 ut
1634 515 1682 543 ea,
1704 516 1768 544 quae
1780 505 1859 543 super
1871 504 1922 536 hiis
1933 502 2049 542 provida
2064 503 2317 545 circumspectione
2330 504 2381 536 de-

1311 544 1471 580 crevimus,
1488 543 1684 573 inviolabiliter
1704 544 1904 583 observentur,
1922 543 2083 574 discretioni
2101 541 2201 572 vestrae
2221 553 2270 580 per
2284 544 2379 583 Apos-

1311 581 1397 611 tolica
1418 581 1516 620 scripta
1533 582 1696 613 mandamus
1710 606 1720 622 ,
1736 584 1863 623 quatinus
1882 592 1949 619 vOS,
1966 582 2009 613 vel
2028 581 2145 612 alterum
2165 580 2309 620 vestrum,
2327 592 2378 622 per

1311 629 1380 658 vos,
1400 620 1445 649 vel
1460 629 1509 657 pei·
1521 620 1621 658 alium,
1639 621 1684 651 seu
1699 622 1767 651 alios
1783 622 1913 652 universis
1926 620 2065 659 Praelatis,
2082 620 2116 650 &
2130 619 2311 659 Magnatibus
2345 631 2380 652 ac

1310 658 1367 688 aliis
1381 658 1508 698 praedicti
1523 658 1617 698 Regni
1632 660 1753 696 personis
1764 659 1980 697 Ecclesiasticis,
2000 659 2182 697 secularibus,
2199 659 2233 689 &
2245 644 2379 699 regusari-

1310 696 1378 734 bus,
1395 697 1596 736 cujuscumque
1609 697 1748 737 dignitatis
1758 698 1804 729 vel
1816 698 1921 729 ordinis
1935 698 2056 737 fuerint,
2073 698 2239 737 praecipiatis
2251 707 2286 728 eit
2299 706 2379 736 parte

1309 734 1419 774 nostra,
1436 736 1514 776 quod
1532 735 1639 766 easdem
1660 738 1868 783 conjurationes
1879 760 1889 776 ,
1904 737 2094 781 colligationes
2113 737 2147 767 ὃς
2159 735 2379 774 conspirationes

1330 784 1362 803 ro
1377 773 1471 813 cassis,
1491 775 1523 806 ὃ(
1538 775 1618 805 irritis
1630 776 1740 812 penitus
1753 775 1889 814 habeant,
1902 776 1940 806 eis
1952 775 2153 806 nichilominus
2169 774 2317 806 distriffius
2331 777 2378 806 in-

1330 812 1436 843 ibendo
1450 836 1459 852 ,
1479 824 1515 843 ne
1535 822 1635 844 contra
1653 813 1807 845 cassationis
1828 815 1862 846 &
1884 815 2041 845 irritationis
2053 813 2156 844 nostrae
2168 822 2316 853 tenorem,
2329 815 2381 845 ali-

1308 851 1377 892 quid
1392 861 1555 892 attemptare
1567 852 1750 892 praesumant,

1344 889 1410 920 Illos
1427 899 1521 921 autem
1534 913 1544 928 ,
1567 892 1614 929 qui
1632 900 1731 922 contra
1751 890 1932 922 cassationem
1951 891 1996 922 vel
2018 891 2219 930 irritationem,
2240 890 2286 922 seu
2304 901 2378 929 prae-

1308 937 1426 968 ceptum
1438 937 1484 959 aut
1496 929 1696 960 inhibitionem
1711 929 1868 967 hujusmodi
1902 929 2100 960 uomodolibet
2111 931 2208 960 venire
2223 929 2378 970 praesu'mp-

1307 967 1406 1006 serint,
1424 978 1440 998 a
1460 968 1506 999 tali
1527 968 1743 1008 praesumpn'one
1761 978 1811 1007 per
1829 978 1864 999 ce
1895 978 1976 999 urarn
1997 967 2240 1007 Ecclefiasticam,
2256 969 2378 1009 appella-

1313 1007 1392 1037 tione
1406 1007 1573 1045 postpolita,
1591 1007 1786 1046 compescatis3

1342 1044 1419 1075 Non
1431 1045 1562 1077 obstante
1572 1045 1592 1076 si
1604 1046 1743 1084 aliquibus
1758 1055 1774 1076 a
1787 1045 1849 1076 sede
1862 1044 2026 1086 Apostolioe
2041 1045 2072 1076 fit
2085 1043 2226 1076 indultum
2240 1046 2317 1085 quod
2325 1055 2376 1077 ex-

1304 1085 1529 1123 communicari,
1544 1084 1590 1115 vel
1602 1085 1731 1115 interdici
1742 1093 1900 1125 nequeant,
1917 1084 1962 1114 vel
1977 1083 2101 1122 suspendi
2132 1093 2162 1113 er
2174 1084 2375 1126 litterasApos-

1304 1122 1401 1153 tolicas
1413 1146 1423 1161 ,
1450 1133 1510 1154 non
1529 1124 1661 1154 facientes
1682 1123 1794 1162 plenam
1814 1123 1848 1154 &
1869 1121 2039 1161 expressam,
2056 1132 2090 1153 ac
2124 1132 2141 1152 e
2159 1122 2249 1152 verbo
2261 1123 2297 1154 ad
2311 1134 2375 1154 ver-

1305 1161 1377 1191 bum
1389 1161 1426 1192 de
1441 1162 1550 1193 indulto
1564 1162 1721 1201 hujusmodi
1736 1163 1930 1200 mentionem,
1947 1161 1981 1192 &
2001 1161 2124 1200 qualibet
2135 1161 2185 1191 alia
2200 1161 2374 1202 indulgentia

1304 1199 1389 1230 dictae
1407 1201 1494 1239 sedis,
1511 1201 1656 1239 cujuscum
1676 1212 1711 1232 ue
1730 1202 1837 1232 tenoris
1849 1200 1963 1239 existat,
1981 1208 2029 1239 per
2047 1208 2134 1240 quam
2146 1199 2270 1231 mandati
2283 1200 2373 1232 nostri

1305 1241 1436 1270 executio
1448 1240 1532 1278 poffit
1545 1250 1603 1278 quo
1674 1240 1763 1271 olibet
1777 1238 1921 1278 impediri,
1937 1238 1971 1269 δε
1991 1238 2027 1270 de
2042 1248 2096 1277 qua
2111 1238 2141 1268 in
2160 1238 2261 1269 nostris
2279 1239 2376 1270 litteris

1306 1276 1365 1307 fieri
1379 1278 1477 1310 debeat
1495 1280 1605 1310 mentio
1619 1278 1759 1320 specialis,
1777 1278 1822 1309 seu
1835 1277 2039 1310 constitutione
2050 1277 2086 1308 de
2092 1277 2199 1308 duabus
2211 1276 2289 1308 dietis
2300 1278 2375 1309 edita

1307 1316 1337 1346 in
1351 1317 1477 1348 concilio
1491 1317 1626 1356 generali,
1646 1318 1680 1348 ὅ(
1695 1317 1866 1357 indulgentia
1899 1328 1949 1355 ua,
1964 1316 2016 1346 illis
2037 1315 2074 1346 de
2087 1315 2194 1356 Regno
2208 1316 2321 1356 Angli-a:
2333 1317 2378 1348 di-

1307 1355 1379 1385 citur
1400 1355 1457 1386 esse
1478 1355 1664 1394 conceffum,
1683 1356 1762 1396 quod
1780 1365 1856 1387 extra
1910 1365 2015 1395 egnum
2029 1355 2137 1394 ipsum,
2154 1355 2202 1386 vel
2214 1356 2283 1386 citra
2302 1365 2379 1386 mare

1307 1393 1498 1434 Anglicanum
1512 1405 1572 1425 non
1586 1394 1691 1434 possint
1711 1395 1746 1425 ad
1763 1394 1903 1434 judicium
1917 1394 2032 1425 evocari
2056 1403 2105 1433 per
2118 1394 2220 1424 litteras
2233 1394 2380 1432 Apostoli-

1305 1442 1364 1476 cas,
1382 1443 1443 1464 non
1454 1433 1587 1465 facientes
1599 1433 1713 1471 plenam
1725 1434 1759 1465 &
1776 1433 1932 1472 expressam
1948 1433 1984 1464 de
1997 1432 2156 1471 hujusmodi
2171 1432 2281 1464 indulto
2295 1443 2377 1464 men-

1306 1479 1425 1502 tionem.

1340 1552 1408 1583 Dat.
1423 1553 1497 1592 apud
1511 1551 1628 1584 Urbem
1642 1551 1794 1593 Veterem,
1811 1551 1989 1584 duodecimo
1999 1550 2068 1585 Kal.
2084 1551 2206 1592 Aprilis,
2223 1552 2380 1586 Pontifica-

1303 1590 1348 1622 tiis
1361 1591 1449 1623 nostri
1464 1602 1541 1623 anno
1556 1593 1650 1623 tertio.

1348 1728 1398 1760 De
1417 1724 1641 1760 conditionibus
1649 1724 1709 1772 βψ
1726 1723 1835 1772 quibus
1851 1723 2097 1773 Archiepiftopus
2114 1725 2336 1769 Cantuariensts

1636 1785 1812 1809 revertatur
1831 1778 1862 1808 in
1879 1775 2042 1823 Angliam.

1369 1865 1447 1896 Nno
1463 1864 1587 1896 Domini
1602 1865 1658 1896 126
1686 1888 1696 1904 ,
1712 1863 1808 1896 mense
1823 1863 1940 1904 Martii,
1955 1864 1986 1895 iri
2001 1864 2147 1904 praesentia
2166 1862 2275 1895 illustris
2289 1862 2378 1906 Regis
2392 1860 2468 1893 Anu.
2482 1863 2524 1895 D.

1382 1903 1510 1944 Angliae,
1527 1904 1563 1935 de
1577 1903 1666 1935 Consi
1679 1905 1708 1935 io
1721 1903 1880 1935 Procerum
1894 1904 1928 1935 ὅ(
1943 1902 2116 1944 Magnarum
2127 1903 2250 1943 ejusdem
2266 1903 2382 1944 Regni,
2411 1902 2497 1942 12⁶4-

1300 1942 1397 1973 astum
1420 1943 1461 1973 est
1476 1965 1487 1982 ,
1511 1943 1589 1982 quod
1603 1943 1769 1975 venerabilis
1783 1951 1860 1982 pater
1874 1941 1905 1974 Β.
1925 1941 1984 1973 Dei
2029 1943 2084 1975 atia
2104 1942 2309 1975 cantuariensis
2322 1942 2378 1973 Ar-
2390 1944 2443 1970 Aa.
2457 1942 2508 1978 48.

1305 1981 1370 2012 chie
1381 1981 1517 2026 *iscopu5,
1535 1983 1619 2013 totius
1638 1983 1658 2002 ³*
1678 1982 1790 2026 Angliae
1803 1981 1928 2020 Primas,
1948 1982 1979 2026 in
2061 1982 2127 2014 liam
2139 1989 2308 2020 revertatur,
2324 1980 2376 2013 sub
2391 1985 2425 2010 H.
2443 1990 2470 2018 3.

1300 2029 1359 2051 con
1379 2021 1513 2051 itionibus
1526 2021 1718 2061 infrascriptis,
1735 2030 1765 2051 in
1780 2020 1888 2060 Regno
1901 2019 2020 2059 pacifice
2034 2029 2200 2052 moraturus.
2387 2020 2507 2048 thraa.

1336 2058 1370 2089 In
1393 2060 1491 2099 primis
1509 2060 1592 2100 igitur
1612 2059 1708 2091 affifflm
1727 2059 1769 2089 est
1782 2084 1793 2097 ‚
1811 2059 1890 2099 quod
1910 2059 2148 2101 Archiepiscopus
2167 2061 2197 2090 in
2212 2059 2372 2091 reversione
2389 2060 2515 2086 Donatio-

1300 2096 1345 2128 sua
1358 2099 1662 2129 excommunicationis
1675 2098 1818 2129 sententias
1838 2099 1868 2128 in
1886 2097 2066 2137 quascunque
2080 2098 2225 2140 personas,
2241 2098 2371 2129 occafio-
2386 2106 2459 2128 num.
2468 2096 2531 2130 &⁸2⁴

1300 2145 1338 2167 ne
1350 2137 1514 2167 turbationis
1527 2138 1557 2167 in
1573 2136 1680 2181 Regno
1691 2137 1803 2183 Angliae
1813 2136 1934 2175 habitae,
1951 2138 2065 2176 promul
2101 2145 2157 2176 ms,
2172 2137 2230 2168 sine
2247 2136 2373 2168 difficul-
2387 2138 2439 2163 Aa.
2453 2144 2491 2171 45
2501 2155 2510 2166 .

1302 2175 1609 2244 tatetciiufaulibettrelaxet
1621 2186 1651 2220 in
1664 2175 1756 2245 ῑεὲηηα
1770 2176 1858 2244 jugis-:b
1865 2175 2046 2245 ἀυιὲᾱῑὲἑηεη
2064 2176 2122 2245 ig,
2138 2176 2187 2216 qui
2201 2184 2372 2246 eitcogcimu-
2387 2174 2425 2239 43
2435 2184 2485 2240 ἔγ
2496 2195 2505 2206 .
2524 2214 2530 2220 η

1301 2223 1407 2299 relisiae-iri
1421 2222 1717 2298 glrsonlixgerrrlign’dats
1725 2223 1939 2293 [ἓξὲὴίἐρὶιίξορί
1953 2223 2078 2294 τεςῗέἑξε
2091 2222 2267 2286 ιὲῐῖιεξιῖῗτῦίἷι
2282 2224 2376 2285 sossii}
2388 2222 2435 2279 sn·-
2444 2261 2469 2289 3·
2478 2222 2530 2279 ⁴²?-

1304 2291 1417 2323 inserius
1431 2301 1460 2321 iri
1474 2301 1607 2333 proximo
1622 2292 1740 2323 articulo
1751 2299 1894 2323 contenta.
2393 2291 2408 2308 *
2425 2291 2448 2319 Ι.
2462 2289 2529 2326 786·

1339 2330 1491 2368 Secundo,
1508 2330 1604 2361 astum
1620 2330 1678 2369 est,
1693 2331 1771 2369 quod
1785 2330 1822 2361 de
1832 2328 1959 2362 emendis
1973 2329 2107 2361 faciendis
2120 2352 2131 2369 ‚
2149 2330 2271 2361 nomine
2283 2330 2379 2362 exces-

1303 2368 1383 2400 suum
1397 2368 1529 2400 Ecclesiis
1540 2369 1573 2400 &
1588 2368 1788 2400 Ecclesiasticis
1800 2368 1922 2409 personis
1940 2367 2012 2398 infra
2031 2369 2110 2407 loca,
2127 2368 2310 2407 jurisdiffioni
2323 2369 2380 2401 suae

1305 2408 1467 2438 immediate
1487 2407 1624 2447 subjeita,
1642 2409 1790 2438 arbitretur
1812 2407 1916 2438 Archie
1937 2406 2045 2452 iscopus
2057 2407 2093 2439 de
2108 2407 2229 2438 consilio
2243 2410 2380 2440 omniurn

1303 2446 1553 2491 Suffi‘aganeorum
1565 2447 1678 2477 suorum
1687 2455 1761 2490 ,naut
1774 2448 1887 2486 majoris
1900 2416 1935 2477 ἅ
1949 2444 2060 2476 sanioris
2073 2447 2174 2485 partis,
2193 2446 2226 2490 ξε
2241 2446 2277 2478 de
2290 2447 2383 2478 arduis

1302 2486 1438 2526 negotiis,
1456 2483 1611 2517 Ecclesiam
1625 2485 1812 2526 Anglicanam
1825 2486 1859 2517 &
1876 2484 2014 2526 Regnum
2028 2485 2280 2526 contingentibus,
2299 2486 2381 2518 futu-

1303 2526 1339 2555 ris
1351 2525 1528 2562 temporibus
1547 2524 1612 2565 post
1627 2525 1815 2555 reversionem
1829 2524 1922 2563 suam,
1940 2523 2062 2555 similiter
2076 2523 2113 2555 de
2135 2524 2257 2555 consilio
2271 2534 2381 2556 eorun-

1302 2563 1370 2595 dem
1383 2563 1418 2594 &
1431 2563 1550 2594 aliorum
1562 2562 1744 2595 diicretorum
1760 2563 1796 2594 de
1808 2563 1932 2603 Regno,
1949 2561 2061 2594 ordinet
2072 2563 2107 2594 ὅ(
2119 2563 2256 2602 disponat.

1338 2601 1457 2641 Tertio,
1473 2602 1571 2633 actum
1582 2602 1640 2641 est,
1657 2602 1735 2644 quod
1754 2601 1907 2642 Magistros
1920 2601 1986 2632 tales
2004 2601 2151 2633 familiares
2175 2601 2306 2634 Clericos
2317 2601 2381 2633 suos

1302 2639 1399 2672 secum
1415 2639 1556 2680 adducat,
1575 2642 1610 2673 &
1630 2642 1682 2672 hos
1700 2650 1814 2672 tantum
1828 2640 1960 2672 Clericos
1975 2639 2141 2681 alienigenas
2151 2639 2188 2672 de
2199 2641 2319 2672 consilio
2329 2641 2381 2674 suo

1304 2679 1338 2710 &
1353 2678 1458 2709 familia
1474 2680 1600 2712 retineat.

1341 2716 1470 2756 Qano,
1489 2718 1585 2749 aetum
1603 2717 1645 2748 est
1656 2741 1666 2756 ,
1703 2716 1762 2747 uod
1786 2717 1830 2748 alii
1853 2714 1962 2747 Clerici
1998 2716 2162 2756 quicunque
2180 2717 2338 2749 beneficiati
2350 2719 2381 2749 in

1303 2755 1410 2795 Regno
1429 2755 1542 2796 Angliae
1560 2778 1570 2795 ,
1593 2766 1662 2786 cum
1729 2754 1913 2795 chiepiscopo
1927 2738 2017 2785 redire
2031 2754 2159 2785 volentes
2194 2756 2226 2786 in
2240 2756 2381 2787 beneficiis

1302 2794 1354 2825 suis
1367 2793 1443 2825 salvo
1456 2795 1490 2825 &
1505 2794 1598 2825 secure
1610 2794 1721 2825 redeant
1736 2793 1770 2823 &
1784 2801 1944 2824 morentur:
1959 2793 1993 2824 &
2008 2792 2086 2823 bona
2098 2777 2293 2824 Eccl'esiastica
2306 2794 2379 2825 infra

1303 2833 1442 2873 Regnum
1462 2832 1620 2871 expendant
1634 2856 1644 2872 ,
1668 2841 1699 2863 ut
1719 2839 1850 2862 tenentur
1865 2853 1876 2870 ‚
1891 2829 1961 2861 nihil
1975 2838 2051 2862 extra
2066 2831 2203 2871 Regnum
2223 2832 2380 2864 deferentes

1303 2872 1349 2903 vel
1361 2871 1518 2940 mlixttenteg
1537 2871 1587 2902 nifi
1606 2873 1682 2904 casus
1703 2869 1888 2908 necessarius,
1911 2870 1946 2901 &
1966 2880 1982 2901 a
1997 2869 2117 2901 confilio
2136 2870 2224 2911 Regis
2241 2872 2383 2911 approba.

1309 2919 1355 2943 tus
1410 2919 1447 2940 oc
1461 2920 1473 2939 r
1512 2918 1589 2941 uitat.

1343 2920 1592 2988 Quintof26tum
1606 2948 1666 2987 est,
1686 2947 1764 2986 quod
1778 2947 2031 2988 Archiepiscopus,
2048 2946 2093 2978 seu
2113 2946 2221 2979 Clerici
2236 2958 2305 2980 cum
2320 2948 2381 2990 ipso

1303 2989 1448 3020 venientes
1458 2986 1530 3018 nihil
1543 2988 1574 3018 in
1586 2987 1668 3019 literis
1677 3009 1687 3025 ‚
1704 2985 1846 3026 Nuncfis,
1862 2987 1908 3017 seu
1922 2986 2058 3017 mandatis
2070 2986 2168 3018 secum
2183 2987 2311 3018 deferant
2319 2987 2384 3027 ,vel

1305 3028 1458 3066 quicquam
1478 3025 1552 3057 aliud
1564 3050 1575 3066 ,
1591 3027 1622 3057 in
1639 3027 1700 3066 ipso
1718 3024 1826 3065 Regno
1840 3033 2066 3065 commorantes,
2083 3035 2132 3066 per
2153 3025 2181 3056 se
2191 3027 2236 3058 vel
2249 3036 2299 3065 per
2315 3026 2385 3057 alios

1305 3072 1476 3107 procurent,
1493 3064 1530 3095 de
1540 3075 1599 3106 quo
1613 3064 1704 3105 Regi,
1723 3072 1770 3095 aut
1783 3064 1919 3104 aliquibus
1932 3064 1969 3095 de
1981 3064 2089 3105 Regno
2101 3064 2260 3106 dampnum
2276 3063 2362 3104 poffit
2374 3088 2387 3105 ,

1306 3105 1353 3138 vel
1366 3104 1524 3146 periculum
1533 3126 1543 3142 ,
1557 3103 1603 3135 seu
1616 3102 1810 3144 praejudicium
1814 3104 1981 3172 (provenire.

1343 3143 1391 3175 Ad
1405 3143 1576 3173 memoriam
1597 3151 1691 3174 autem
1712 3142 1812 3180 praemi
1837 3151 1921 3173 orum
1938 3140 2118 3184 praesentibus
2139 3141 2259 3182 sigillum
2273 3142 2387 3174 illustris

1307 3182 1398 3223 Regis
1410 3180 1523 3221 Angliae
1539 3181 1581 3212 est
1595 3180 1757 3223 appensum.

1929 3263 1985 3292 Per
1998 3268 2086 3292 totum
2098 3260 2252 3304 Confilium.

1389 3391 1480 3426 Bulla
1494 3390 1530 3424 de
1544 3392 1720 3438 juramento
1737 3392 1845 3439 caffato
1855 3392 1947 3441 fhper
1962 3389 2182 3436 Provfiombus
2202 3392 2304 3427 Oxon.

1390 3481 1512 3513 Rbanus
1531 3479 1702 3521 Episcopus,
1718 3482 1811 3513 servus
1831 3482 1976 3513 servorum
1990 3482 2069 3521 Dei,
2084 3482 2216 3514 universis
2228 3479 2337 3513 Christi
2350 3477 2383 3510 fi·
2399 3480 2475 3512 Ann.
2488 3481 2533 3515 D.·

1400 3520 1523 3558 delibus,
1541 3519 1653 3550 salutem
1666 3522 1701 3552 &
1715 3521 1911 3559 Apostolicam
1925 3521 2163 3552 benedictionem.
2427 3523 2513 3561 1264.

1351 3557 1535 3589 Carissimum
1555 3559 1586 3588 in
1610 3558 1727 3604 Christo
1749 3559 1838 3590 filiurn
1854 3560 1983 3591 nostrum
2005 3559 2121 3604 Regem
2199 3559 2295 3603 ¹lorum
2309 3555 2382 3587 illus·
2396 3563 2447 3589 Aa.
2467 3564 2515 3597 48.

1314 3597 1887 3677 3333333333333333133
1906 3595 2382 3675 {assistentiae
2397 3603 2437 3665 s
2451 3609 2513 3669 a„

1315 3675 1421 3717 incolas
1441 3674 1520 3713 ipsius
1542 3673 1637 3713 Regni
1652 3699 1662 3714 ,
1680 3684 1814 3714 tanquam
1832 3675 1917 3707 dictae
1937 3674 2004 3706 sedis
2021 3674 2092 3706 filios
2103 3673 2244 3715 speciales,
2257 3679 2380 3712 paternae
2395 3682 2460 3714 togr.

1315 3712 1475 3743 dilectionis
1495 3713 1612 3743 brachiis
1632 3716 1833 3754 amplectentes
1845 3738 1855 3754 ,
1868 3713 2051 3745 desideramus
2069 3715 2108 3744 eis
2119 3713 2218 3744 statum
2232 3719 2382 3753 procurare

1315 3749 1466 3794 pacificum
1487 3773 1497 3789 ,
1521 3751 1701 3792 ipsorumque
1720 3753 1890 3792 dispendiis,
1916 3752 1986 3783 Deo
2000 3752 2145 3793 propitio,
2169 3748 2308 3780 salubriter
2326 3750 2383 3781 ob-

1317 3798 1402 3820 viare.

1354 3825 1435 3857 Cum
1448 3828 1530 3867 igitur
1544 3851 1554 3867 ,
1574 3829 1641 3860 ficut
1661 3830 1694 3860 ad
1712 3830 1840 3861 nostrum
1854 3831 1981 3868 pervenit
1994 3828 2139 3864 auditum,
2152 3825 2280 3870 nonnulli
2297 3825 2384 3867 Mag-

1319 3873 1394 3909 nates
1414 3866 1448 3896 &
1468 3865 1513 3896 alii
1536 3867 1656 3906 ejusdem
1674 3869 1794 3908 Regni,
1821 3868 1938 3899 diversas
1964 3866 2136 3909 provisiones
2150 3886 2167 3908 ‚·
2177 3864 2384 3905 ordinationes,

1319 3904 1521 3943 obligationes,
1540 3908 1763 3946 conjurationes,
1771 3906 1962 3946 colligationes
1974 3906 2009 3935 δε
2021 3903 2254 3943 conspirationes,
2266 3904 2383 3935 &non-

1320 3942 1394 3972 nulla
1415 3941 1513 3973 statuta
1534 3944 1691 3976 adinvicem
1711 3945 1785 3984 apud
1807 3944 1953 3975 Oxoniam
1967 3943 2109 3980 fecerunt,
2127 3941 2257 3972 vallantes
2270 3951 2302 3973 ea
2314 3952 2383 3983 pro-

1321 3981 1387 4019 Pl'il'S
1398 3982 1556 4018 iuramentis
1569 3985 1603 4015 &
1617 3984 1786 4015 diversarum
1800 3982 1956 4020 adjectione
1967 3989 2135 4018 poenarum,

1359 4018 1428 4050 Nos
1442 4043 1452 4058 ,
1474 4021 1656 4063 intelligentes
1672 4022 1755 4062 quod
1775 4030 1810 4053 ex
1831 4021 1884 4052 hiis
1901 4020 1932 4050 in
1952 4018 2056 4049 eodem
2071 4017 2178 4058 Regno
2191 4019 2281 4059 gravis
2294 4018 2388 4088 mg

2295 4065 2338 4089 tur
