<?xml version="1.0" encoding="UTF-8"?>
<!DOCTYPE html PUBLIC "-//W3C//DTD XHTML 1.0 Transitional//EN"
    "http://www.w3.org/TR/xhtml1/DTD/xhtml1-transitional.dtd">
<html xmlns="http://www.w3.org/1999/xhtml" xml:lang="en" lang="en">
 <head>
  <title>
</title>
<meta http-equiv="Content-Type" content="text/html;charset=utf-8" />
  <meta name='ocr-system' content='tesseract 3.04.00' />
  <meta name='ocr-capabilities' content='ocr_page ocr_carea ocr_par ocr_line ocrx_word'/>
</head>
<body>
  <div class='ocr_page' id='page_1' title='image "./fderaconventione01ryme_0263.png"; bbox 0 0 2570 4261; ppageno 0'>
   <div class='ocr_carea' id='block_1_1' title="bbox 0 256 98 408">
    <p class='ocr_par' dir='ltr' id='par_1_1' title="bbox 0 256 98 408">
     <span class='ocr_line' id='line_1_1' title="bbox 0 256 98 288; baseline -0.01 0"><span class='ocrx_word' id='word_1_1' title='bbox 0 267 40 288; x_wconf 87' lang='grc'><strong>111.</strong></span> <span class='ocrx_word' id='word_1_2' title='bbox 57 256 98 287; x_wconf 56' lang='lat' dir='ltr'>D,</span> 
     </span>
     <span class='ocr_line' id='line_1_2' title="bbox 4 303 69 334; baseline -0.031 -9"><span class='ocrx_word' id='word_1_3' title='bbox 4 303 69 334; x_wconf 86' lang='lat'><em>255.</em></span> 
     </span>
     <span class='ocr_line' id='line_1_3' title="bbox 0 343 71 369; baseline -0.014 -8"><span class='ocrx_word' id='word_1_4' title='bbox 0 344 27 361; x_wconf 74' lang='lat' dir='ltr'>n.</span> <span class='ocrx_word' id='word_1_5' title='bbox 44 343 71 369; x_wconf 78' lang='lat'>3.</span> 
     </span>
     <span class='ocr_line' id='line_1_4' title="bbox 0 374 97 408; baseline -0.021 -8"><span class='ocrx_word' id='word_1_6' title='bbox 0 374 18 400; x_wconf 90' lang='lat' dir='ltr'>l.</span> <span class='ocrx_word' id='word_1_7' title='bbox 30 379 97 408; x_wconf 82' lang='lat'><em>553.</em></span> 
     </span>
    </p>
   </div>
   <div class='ocr_carea' id='block_1_2' title="bbox 0 571 101 649">
    <p class='ocr_par' dir='ltr' id='par_1_2' title="bbox 0 571 101 649">
     <span class='ocr_line' id='line_1_5' title="bbox 0 571 101 602; baseline -0.01 0"><span class='ocrx_word' id='word_1_8' title='bbox 0 582 45 602; x_wconf 87' lang='lat' dir='ltr'>nn.</span> <span class='ocrx_word' id='word_1_9' title='bbox 60 571 101 602; x_wconf 91' lang='lat' dir='ltr'>D.</span> 
     </span>
     <span class='ocr_line' id='line_1_6' title="bbox 0 619 75 649; baseline 0 -10"><span class='ocrx_word' id='word_1_10' title='bbox 0 619 75 649; x_wconf 70' lang='lat'><em>[255.</em></span> 
     </span>
    </p>
   </div>
   <div class='ocr_carea' id='block_1_3' title="bbox 0 657 103 686">
    <p class='ocr_par' dir='ltr' id='par_1_3' title="bbox 0 657 103 686">
     <span class='ocr_line' id='line_1_7' title="bbox 0 657 103 686; baseline 0.01 -9"><span class='ocrx_word' id='word_1_11' title='bbox 0 660 20 678; x_wconf 76' lang='grc' dir='ltr'>ι.</span> <span class='ocrx_word' id='word_1_12' title='bbox 58 657 103 686; x_wconf 83' lang='lat'>39.</span> 
     </span>
    </p>
   </div>
   <div class='ocr_carea' id='block_1_4' title="bbox 0 696 80 752">
    <p class='ocr_par' dir='ltr' id='par_1_4' title="bbox 0 696 81 759">
     <span class='ocr_line' id='line_1_8' title="bbox 0 696 80 752; baseline -0.012 0"><span class='ocrx_word' id='word_1_13' title='bbox 0 696 80 752; x_wconf 55' lang='grc' dir='ltr'>Ξᾱκ.</span> 
     </span>
    </p>
   </div>
   <div class='ocr_carea' id='block_1_5' title="bbox 0 772 30 798">
    <p class='ocr_par' dir='ltr' id='par_1_5' title="bbox 0 772 30 798">
     <span class='ocr_line' id='line_1_9' title="bbox 0 772 30 798; baseline 0 -8"><span class='ocrx_word' id='word_1_14' title='bbox 0 772 30 798; x_wconf 70' lang='grc' dir='ltr'>[Γ.</span> 
     </span>
    </p>
   </div>
   <div class='ocr_carea' id='block_1_6' title="bbox 0 1630 103 1748">
    <p class='ocr_par' dir='ltr' id='par_1_6' title="bbox 0 1630 103 1748">
     <span class='ocr_line' id='line_1_10' title="bbox 0 1630 103 1663; baseline -0.01 0"><span class='ocrx_word' id='word_1_15' title='bbox 0 1634 48 1663; x_wconf 62' lang='lat' dir='ltr'>nn}</span> <span class='ocrx_word' id='word_1_16' title='bbox 60 1630 103 1663; x_wconf 91' lang='lat' dir='ltr'>D.</span> 
     </span>
     <span class='ocr_line' id='line_1_11' title="bbox 0 1680 76 1710; baseline 0 -8"><span class='ocrx_word' id='word_1_17' title='bbox 0 1680 76 1710; x_wconf 74' lang='lat'>1255.</span> 
     </span>
     <span class='ocr_line' id='line_1_12' title="bbox 0 1720 82 1748; baseline -0.012 -9"><span class='ocrx_word' id='word_1_18' title='bbox 0 1722 19 1739; x_wconf 67' lang='grc' dir='ltr'>τ.</span> <span class='ocrx_word' id='word_1_19' title='bbox 37 1720 82 1748; x_wconf 80' lang='lat'>39.</span> 
     </span>
    </p>
   </div>
   <div class='ocr_carea' id='block_1_7' title="bbox 0 1758 85 1815">
    <p class='ocr_par' dir='ltr' id='par_1_7' title="bbox 0 1758 85 1815">
     <span class='ocr_line' id='line_1_13' title="bbox 0 1758 49 1785; baseline 0.041 -10"><span class='ocrx_word' id='word_1_20' title='bbox 0 1772 1 1775; x_wconf 74' lang='grc'>,</span> <span class='ocrx_word' id='word_1_21' title='bbox 24 1758 49 1785; x_wconf 86' lang='lat'>3.</span> 
     </span>
     <span class='ocr_line' id='line_1_14' title="bbox 0 1790 85 1815; baseline 0 0"><span class='ocrx_word' id='word_1_22' title='bbox 0 1790 85 1815; x_wconf 81' lang='lat' dir='ltr'><em>:Au-</em></span> 
     </span>
    </p>
   </div>
   <div class='ocr_carea' id='block_1_8' title="bbox 0 3052 117 3089">
    <p class='ocr_par' dir='ltr' id='par_1_8' title="bbox 0 3052 117 3089">
     <span class='ocr_line' id='line_1_15' title="bbox 0 3052 117 3089; baseline 0 -1"><span class='ocrx_word' id='word_1_23' title='bbox 0 3052 117 3089; x_wconf 74' lang='lat'>&#39;1·554·</span> 
     </span>
    </p>
   </div>
   <div class='ocr_carea' id='block_1_9' title="bbox 0 3202 120 3236">
    <p class='ocr_par' dir='ltr' id='par_1_9' title="bbox 0 3202 120 3236">
     <span class='ocr_line' id='line_1_16' title="bbox 0 3202 120 3236; baseline -0.017 0"><span class='ocrx_word' id='word_1_24' title='bbox 0 3204 64 3236; x_wconf 58' lang='lat' dir='ltr'>&amp;nn-</span> <span class='ocrx_word' id='word_1_25' title='bbox 77 3202 120 3234; x_wconf 94' lang='lat' dir='ltr'>D.</span> 
     </span>
    </p>
   </div>
   <div class='ocr_carea' id='block_1_10' title="bbox 0 3249 105 3470">
    <p class='ocr_par' dir='ltr' id='par_1_10' title="bbox 0 3249 105 3470">
     <span class='ocr_line' id='line_1_17' title="bbox 7 3249 92 3282; baseline -0.024 -9"><span class='ocrx_word' id='word_1_26' title='bbox 7 3249 92 3282; x_wconf 86' lang='lat'>1255.</span> 
     </span>
     <span class='ocr_line' id='line_1_18' title="bbox 0 3285 100 3318; baseline -0.01 -8"><span class='ocrx_word' id='word_1_27' title='bbox 0 3285 40 3310; x_wconf 69' lang='lat' dir='ltr'>In.</span> <span class='ocrx_word' id='word_1_28' title='bbox 56 3291 100 3318; x_wconf 82' lang='lat'>39.</span> 
     </span>
     <span class='ocr_line' id='line_1_19' title="bbox 1 3324 72 3357; baseline 0.014 -10"><span class='ocrx_word' id='word_1_29' title='bbox 1 3324 25 3347; x_wconf 70' lang='lat'>¹1.</span> <span class='ocrx_word' id='word_1_30' title='bbox 47 3329 72 3357; x_wconf 83' lang='lat'>3.</span> 
     </span>
     <span class='ocr_line' id='line_1_20' title="bbox 0 3361 105 3394; baseline 0 -10"><span class='ocrx_word' id='word_1_31' title='bbox 0 3361 105 3394; x_wconf 78' lang='lat' dir='ltr'>?at.39.</span> 
     </span>
     <span class='ocr_line' id='line_1_21' title="bbox 2 3400 72 3433; baseline -0.014 -9"><span class='ocrx_word' id='word_1_32' title='bbox 2 3400 26 3424; x_wconf 74' lang='lat' dir='ltr'>&#39;i-</span> <span class='ocrx_word' id='word_1_33' title='bbox 46 3405 72 3433; x_wconf 89' lang='lat'>3.</span> 
     </span>
     <span class='ocr_line' id='line_1_22' title="bbox 3 3433 96 3470; baseline 0.032 -10"><span class='ocrx_word' id='word_1_34' title='bbox 3 3443 17 3460; x_wconf 89' lang='grc' dir='ltr'>ι.</span> <span class='ocrx_word' id='word_1_35' title='bbox 29 3433 96 3470; x_wconf 63' lang='lat'>501.</span> 
     </span>
    </p>
   </div>
   <div class='ocr_carea' id='block_1_11' title="bbox 664 188 1128 232">
    <p class='ocr_par' dir='ltr' id='par_1_11' title="bbox 664 188 1128 232">
     <span class='ocr_line' id='line_1_23' title="bbox 664 188 1128 232; baseline 0 -2"><span class='ocrx_word' id='word_1_36' title='bbox 664 188 776 230; x_wconf 74' lang='grc' dir='ltr'>ΕΤ</span> <span class='ocrx_word' id='word_1_37' title='bbox 860 189 1128 232; x_wconf 78' lang='lat' dir='ltr'>ACTA</span> 
     </span>
    </p>
   </div>
   <div class='ocr_carea' id='block_1_12' title="bbox 121 356 1181 504">
    <p class='ocr_par' dir='ltr' id='par_1_12' title="bbox 121 356 1181 504">
     <span class='ocr_line' id='line_1_24' title="bbox 121 356 1181 407; baseline -0.001 -14"><span class='ocrx_word' id='word_1_38' title='bbox 121 356 148 384; x_wconf 63' lang='lat'>*⁴</span> <span class='ocrx_word' id='word_1_39' title='bbox 173 362 262 393; x_wconf 67' lang='lat' dir='ltr'>Bulla</span> <span class='ocrx_word' id='word_1_40' title='bbox 282 360 362 406; x_wconf 79' lang='lat' dir='ltr'>quod</span> <span class='ocrx_word' id='word_1_41' title='bbox 378 359 595 405; x_wconf 84' lang='lat' dir='ltr'>Redemptiones</span> <span class='ocrx_word' id='word_1_42' title='bbox 618 370 757 392; x_wconf 78' lang='lat' dir='ltr'>votorum</span> <span class='ocrx_word' id='word_1_43' title='bbox 778 361 1053 407; x_wconf 73' lang='lat' dir='ltr'>Cruccfignatorum</span> <span class='ocrx_word' id='word_1_44' title='bbox 1074 364 1105 392; x_wconf 86' lang='lat' dir='ltr'>in</span> <span class='ocrx_word' id='word_1_45' title='bbox 1125 363 1181 393; x_wconf 88' lang='lat' dir='ltr'>Re-</span> 
     </span>
     <span class='ocr_line' id='line_1_25' title="bbox 158 407 1181 456; baseline 0.001 -15"><span class='ocrx_word' id='word_1_46' title='bbox 158 421 219 456; x_wconf 83' lang='lat' dir='ltr'>gno</span> <span class='ocrx_word' id='word_1_47' title='bbox 248 411 347 440; x_wconf 72' lang='lat' dir='ltr'>Scotiae</span> <span class='ocrx_word' id='word_1_48' title='bbox 375 408 417 439; x_wconf 82' lang='lat' dir='ltr'>ad</span> <span class='ocrx_word' id='word_1_49' title='bbox 439 408 568 440; x_wconf 78' lang='lat' dir='ltr'><em>Terram</em></span> <span class='ocrx_word' id='word_1_50' title='bbox 592 408 736 440; x_wconf 62' lang='lat' dir='ltr'>Snnfbam</span> <span class='ocrx_word' id='word_1_51' title='bbox 754 435 763 450; x_wconf 94' lang='lat'>,</span> <span class='ocrx_word' id='word_1_52' title='bbox 789 412 824 446; x_wconf 71' lang='lat'>&amp;⁴</span> <span class='ocrx_word' id='word_1_53' title='bbox 858 407 1042 441; x_wconf 79' lang='lat' dir='ltr'><em>obventiones</em></span> <span class='ocrx_word' id='word_1_54' title='bbox 1070 412 1181 454; x_wconf 78' lang='lat' dir='ltr'><em>integre</em></span> 
     </span>
     <span class='ocr_line' id='line_1_26' title="bbox 165 454 1179 504; baseline 0 -17"><span class='ocrx_word' id='word_1_55' title='bbox 165 457 362 502; x_wconf 75' lang='lat' dir='ltr'>colligantur,</span> <span class='ocrx_word' id='word_1_56' title='bbox 391 459 427 493; x_wconf 52' lang='grc' dir='ltr'>μ’]</span> <span class='ocrx_word' id='word_1_57' title='bbox 457 459 567 502; x_wconf 81' lang='lat' dir='ltr'><em>integre</em></span> <span class='ocrx_word' id='word_1_58' title='bbox 589 454 767 502; x_wconf 70' lang='lat' dir='ltr'><em>assignentur</em></span> <span class='ocrx_word' id='word_1_59' title='bbox 794 459 867 503; x_wconf 78' lang='lat' dir='ltr'>Regi</span> <span class='ocrx_word' id='word_1_60' title='bbox 895 457 1013 504; x_wconf 71' lang='lat' dir='ltr'>Angliae</span> <span class='ocrx_word' id='word_1_61' title='bbox 1033 459 1064 489; x_wconf 77' lang='lat' dir='ltr'>in</span> <span class='ocrx_word' id='word_1_62' title='bbox 1081 455 1179 501; x_wconf 73' lang='lat' dir='ltr'>fhbfi-</span> 
     </span>
    </p>
   </div>
   <div class='ocr_carea' id='block_1_13' title="bbox 116 504 1186 1205">
    <p class='ocr_par' dir='ltr' id='par_1_13' title="bbox 167 504 484 537">
     <span class='ocr_line' id='line_1_27' title="bbox 167 504 484 537; baseline 0 -1"><span class='ocrx_word' id='word_1_63' title='bbox 167 504 252 536; x_wconf 84' lang='lat' dir='ltr'>dium</span> <span class='ocrx_word' id='word_1_64' title='bbox 268 514 349 536; x_wconf 86' lang='lat' dir='ltr'>terrae</span> <span class='ocrx_word' id='word_1_65' title='bbox 364 504 484 537; x_wconf 60' lang='lat' dir='ltr'>Scinslae.</span> 
     </span>
    </p>

    <p class='ocr_par' dir='ltr' id='par_1_14' title="bbox 123 587 1182 651">
     <span class='ocr_line' id='line_1_28' title="bbox 123 587 1182 651; baseline -0.002 -33"><span class='ocrx_word' id='word_1_66' title='bbox 123 588 329 651; x_wconf 80' lang='lat' dir='ltr'>ALexandei·</span> <span class='ocrx_word' id='word_1_67' title='bbox 350 588 526 629; x_wconf 81' lang='lat' dir='ltr'><strong>Episcopus,</strong></span> <span class='ocrx_word' id='word_1_68' title='bbox 550 588 642 619; x_wconf 84' lang='lat' dir='ltr'>servus</span> <span class='ocrx_word' id='word_1_69' title='bbox 660 588 804 618; x_wconf 88' lang='lat' dir='ltr'>servorum</span> <span class='ocrx_word' id='word_1_70' title='bbox 824 587 884 617; x_wconf 89' lang='lat' dir='ltr'>Dei</span> <span class='ocrx_word' id='word_1_71' title='bbox 900 611 908 626; x_wconf 77' lang='lat'><strong>‚</strong></span> <span class='ocrx_word' id='word_1_72' title='bbox 933 589 1085 621; x_wconf 77' lang='lat' dir='ltr'>venerabili</span> <span class='ocrx_word' id='word_1_73' title='bbox 1107 589 1182 620; x_wconf 79' lang='lat' dir='ltr'>fratri</span> 
     </span>
    </p>

    <p class='ocr_par' dir='ltr' id='par_1_15' title="bbox 124 626 1184 736">
     <span class='ocr_line' id='line_1_29' title="bbox 341 626 1183 667; baseline 0.001 -10"><span class='ocrx_word' id='word_1_74' title='bbox 341 627 562 666; x_wconf 83' lang='lat' dir='ltr'>Archiepiscopo</span> <span class='ocrx_word' id='word_1_75' title='bbox 577 626 787 664; x_wconf 76' lang='lat' dir='ltr'>Cantuariensi,</span> <span class='ocrx_word' id='word_1_76' title='bbox 805 626 838 656; x_wconf 73' lang='grc' dir='ltr'>δε</span> <span class='ocrx_word' id='word_1_77' title='bbox 853 627 958 657; x_wconf 72' lang='lat' dir='ltr'>dilecto</span> <span class='ocrx_word' id='word_1_78' title='bbox 974 628 1033 658; x_wconf 81' lang='lat' dir='ltr'>filio</span> <span class='ocrx_word' id='word_1_79' title='bbox 1050 628 1183 667; x_wconf 77' lang='lat' dir='ltr'>magistro</span> 
     </span>
     <span class='ocr_line' id='line_1_30' title="bbox 125 664 1184 705; baseline 0.001 -9"><span class='ocrx_word' id='word_1_80' title='bbox 125 665 291 704; x_wconf 85' lang='lat' dir='ltr'>Rostando,</span> <span class='ocrx_word' id='word_1_81' title='bbox 307 665 491 696; x_wconf 86' lang='lat' dir='ltr'>Subdiacono</span> <span class='ocrx_word' id='word_1_82' title='bbox 505 666 538 697; x_wconf 85' lang='lat'>&amp;</span> <span class='ocrx_word' id='word_1_83' title='bbox 555 664 710 705; x_wconf 77' lang='lat' dir='ltr'>Capellano</span> <span class='ocrx_word' id='word_1_84' title='bbox 725 664 840 702; x_wconf 87' lang='lat' dir='ltr'>nostrO,</span> <span class='ocrx_word' id='word_1_85' title='bbox 859 665 973 695; x_wconf 88' lang='lat' dir='ltr'>salutem</span> <span class='ocrx_word' id='word_1_86' title='bbox 988 667 1021 697; x_wconf 90' lang='lat'>&amp;</span> <span class='ocrx_word' id='word_1_87' title='bbox 1038 666 1184 704; x_wconf 84' lang='lat' dir='ltr'>Apostoli-</span> 
     </span>
     <span class='ocr_line' id='line_1_31' title="bbox 124 703 441 736; baseline -0.013 0"><span class='ocrx_word' id='word_1_88' title='bbox 124 714 189 736; x_wconf 83' lang='lat' dir='ltr'>cam</span> <span class='ocrx_word' id='word_1_89' title='bbox 204 703 441 735; x_wconf 57' lang='lat' dir='ltr'>benedietionem.</span> 
     </span>
    </p>

    <p class='ocr_par' dir='ltr' id='par_1_16' title="bbox 118 741 1186 1004">
     <span class='ocr_line' id='line_1_32' title="bbox 165 741 1185 781; baseline -0.001 -7"><span class='ocrx_word' id='word_1_90' title='bbox 165 743 321 778; x_wconf 84' lang='lat' dir='ltr'>Volumus,</span> <span class='ocrx_word' id='word_1_91' title='bbox 340 743 374 772; x_wconf 89' lang='lat'>&amp;</span> <span class='ocrx_word' id='word_1_92' title='bbox 394 742 570 779; x_wconf 80' lang='lat' dir='ltr'>praesentium</span> <span class='ocrx_word' id='word_1_93' title='bbox 592 741 674 772; x_wconf 88' lang='lat' dir='ltr'>vobis</span> <span class='ocrx_word' id='word_1_94' title='bbox 694 741 857 772; x_wconf 66' lang='lat' dir='ltr'>aud&#39;toritate</span> <span class='ocrx_word' id='word_1_95' title='bbox 877 742 1040 773; x_wconf 81' lang='lat' dir='ltr'>mandamus</span> <span class='ocrx_word' id='word_1_96' title='bbox 1058 744 1185 781; x_wconf 84' lang='lat' dir='ltr'>quatinus</span> 
     </span>
     <span class='ocr_line' id='line_1_33' title="bbox 124 780 1186 822; baseline 0 -11"><span class='ocrx_word' id='word_1_97' title='bbox 124 792 177 813; x_wconf 84' lang='lat' dir='ltr'>vos</span> <span class='ocrx_word' id='word_1_98' title='bbox 191 804 200 820; x_wconf 87' lang='lat'>,</span> <span class='ocrx_word' id='word_1_99' title='bbox 231 781 276 810; x_wconf 87' lang='lat' dir='ltr'>vel</span> <span class='ocrx_word' id='word_1_100' title='bbox 293 781 359 810; x_wconf 90' lang='lat' dir='ltr'>alter</span> <span class='ocrx_word' id='word_1_101' title='bbox 380 780 504 810; x_wconf 88' lang='lat' dir='ltr'>vestrum</span> <span class='ocrx_word' id='word_1_102' title='bbox 525 780 731 819; x_wconf 75' lang='lat' dir='ltr'>redemptiones</span> <span class='ocrx_word' id='word_1_103' title='bbox 749 788 883 810; x_wconf 90' lang='lat' dir='ltr'>votorum</span> <span class='ocrx_word' id='word_1_104' title='bbox 908 782 1186 822; x_wconf 80' lang='lat' dir='ltr'>crucefignatorum,</span> 
     </span>
     <span class='ocr_line' id='line_1_34' title="bbox 124 817 1185 859; baseline -0.002 -9"><span class='ocrx_word' id='word_1_105' title='bbox 124 822 173 859; x_wconf 87' lang='lat' dir='ltr'>qui</span> <span class='ocrx_word' id='word_1_106' title='bbox 194 829 243 857; x_wconf 87' lang='lat' dir='ltr'>per</span> <span class='ocrx_word' id='word_1_107' title='bbox 258 818 405 858; x_wconf 87' lang='lat' dir='ltr'>deputatos</span> <span class='ocrx_word' id='word_1_108' title='bbox 418 818 451 848; x_wconf 83' lang='lat' dir='ltr'>ad</span> <span class='ocrx_word' id='word_1_109' title='bbox 467 818 524 849; x_wconf 90' lang='lat' dir='ltr'>hoc</span> <span class='ocrx_word' id='word_1_110' title='bbox 537 819 572 849; x_wconf 87' lang='lat' dir='ltr'>ab</span> <span class='ocrx_word' id='word_1_111' title='bbox 586 819 613 848; x_wconf 94' lang='lat' dir='ltr'><strong>A</strong></span> <span class='ocrx_word' id='word_1_112' title='bbox 633 817 754 848; x_wconf 66' lang='lat' dir='ltr'>ostolica</span> <span class='ocrx_word' id='word_1_113' title='bbox 767 818 830 848; x_wconf 85' lang='lat' dir='ltr'>sede</span> <span class='ocrx_word' id='word_1_114' title='bbox 843 829 859 848; x_wconf 89' lang='lat' dir='ltr'>a</span> <span class='ocrx_word' id='word_1_115' title='bbox 876 821 950 849; x_wconf 88' lang='lat' dir='ltr'>votis</span> <span class='ocrx_word' id='word_1_116' title='bbox 964 819 1121 857; x_wconf 73' lang='lat' dir='ltr'>hujusmodi</span> <span class='ocrx_word' id='word_1_117' title='bbox 1134 820 1185 849; x_wconf 84' lang='lat' dir='ltr'>ab·</span> 
     </span>
     <span class='ocr_line' id='line_1_35' title="bbox 122 828 1183 897; baseline -0.002 -9"><span class='ocrx_word' id='word_1_118' title='bbox 122 859 204 889; x_wconf 86' lang='lat' dir='ltr'>soluti</span> <span class='ocrx_word' id='word_1_119' title='bbox 226 857 351 894; x_wconf 86' lang='lat' dir='ltr'>fuerunt,</span> <span class='ocrx_word' id='word_1_120' title='bbox 367 857 400 887; x_wconf 91' lang='lat'>&amp;</span> <span class='ocrx_word' id='word_1_121' title='bbox 423 867 472 897; x_wconf 89' lang='lat' dir='ltr'>per</span> <span class='ocrx_word' id='word_1_122' title='bbox 484 867 535 887; x_wconf 87' lang='lat' dir='ltr'>vos</span> <span class='ocrx_word' id='word_1_123' title='bbox 549 828 724 887; x_wconf 54' lang='lat' dir='ltr'>absolventur</span> <span class='ocrx_word' id='word_1_124' title='bbox 737 856 870 894; x_wconf 87' lang='lat' dir='ltr'><strong>deinceps</strong></span> <span class='ocrx_word' id='word_1_125' title='bbox 886 857 999 896; x_wconf 86' lang='lat' dir='ltr'>(quibus</span> <span class='ocrx_word' id='word_1_126' title='bbox 1010 857 1121 896; x_wconf 82' lang='lat' dir='ltr'>plenam</span> <span class='ocrx_word' id='word_1_127' title='bbox 1141 857 1183 887; x_wconf 79' lang='lat' dir='ltr'>su-</span> 
     </span>
     <span class='ocr_line' id='line_1_36' title="bbox 120 894 1184 934; baseline -0.001 -8"><span class='ocrx_word' id='word_1_128' title='bbox 120 907 172 933; x_wconf 87' lang='lat' dir='ltr'>per</span> <span class='ocrx_word' id='word_1_129' title='bbox 191 896 249 926; x_wconf 88' lang='lat' dir='ltr'>hoc</span> <span class='ocrx_word' id='word_1_130' title='bbox 263 894 464 934; x_wconf 85' lang='lat' dir='ltr'>concedimus,</span> <span class='ocrx_word' id='word_1_131' title='bbox 481 895 645 925; x_wconf 62' lang='lat' dir='ltr'>audioritate</span> <span class='ocrx_word' id='word_1_132' title='bbox 660 894 851 932; x_wconf 79' lang='lat' dir='ltr'>praesentium,</span> <span class='ocrx_word' id='word_1_133' title='bbox 872 895 1044 932; x_wconf 75' lang='lat' dir='ltr'>facultatem)</span> <span class='ocrx_word' id='word_1_134' title='bbox 1062 895 1095 925; x_wconf 75' lang='grc' dir='ltr'>δε</span> <span class='ocrx_word' id='word_1_135' title='bbox 1108 895 1184 934; x_wconf 87' lang='lat' dir='ltr'>lega-</span> 
     </span>
     <span class='ocr_line' id='line_1_37' title="bbox 118 933 1184 973; baseline -0.001 -9"><span class='ocrx_word' id='word_1_136' title='bbox 118 942 146 964; x_wconf 85' lang='lat' dir='ltr'>ta</span> <span class='ocrx_word' id='word_1_137' title='bbox 164 934 343 971; x_wconf 67' lang='lat' dir='ltr'>indistinete,</span> <span class='ocrx_word' id='word_1_138' title='bbox 361 943 477 964; x_wconf 87' lang='lat' dir='ltr'>necnon</span> <span class='ocrx_word' id='word_1_139' title='bbox 500 934 532 964; x_wconf 64' lang='grc' dir='ltr'>ὃς</span> <span class='ocrx_word' id='word_1_140' title='bbox 550 934 751 972; x_wconf 80' lang='lat' dir='ltr'>obventiones,</span> <span class='ocrx_word' id='word_1_141' title='bbox 769 943 803 963; x_wconf 86' lang='lat' dir='ltr'>ex</span> <span class='ocrx_word' id='word_1_142' title='bbox 821 943 1000 973; x_wconf 83' lang='lat' dir='ltr'>quacumque</span> <span class='ocrx_word' id='word_1_143' title='bbox 1023 933 1101 964; x_wconf 57' lang='lat' dir='ltr'>caule</span> <span class='ocrx_word' id='word_1_144' title='bbox 1115 943 1184 972; x_wconf 66' lang='lat' dir='ltr'>pro⁴</span> 
     </span>
     <span class='ocr_line' id='line_1_38' title="bbox 118 981 260 1004; baseline -0.014 0"><span class='ocrx_word' id='word_1_145' title='bbox 118 981 260 1004; x_wconf 83' lang='lat' dir='ltr'>venientes</span> 
     </span>
    </p>

    <p class='ocr_par' dir='ltr' id='par_1_17' title="bbox 116 995 1182 1205">
     <span class='ocr_line' id='line_1_39' title="bbox 156 995 1181 1050; baseline -0.001 -9"><span class='ocrx_word' id='word_1_146' title='bbox 156 995 284 1041; x_wconf 63' lang='lat' dir='ltr'>Subfidib</span> <span class='ocrx_word' id='word_1_147' title='bbox 305 1019 388 1040; x_wconf 83' lang='lat' dir='ltr'>terrae</span> <span class='ocrx_word' id='word_1_148' title='bbox 407 1011 511 1041; x_wconf 65' lang='lat' dir='ltr'>sandtae</span> <span class='ocrx_word' id='word_1_149' title='bbox 532 1012 562 1041; x_wconf 90' lang='lat' dir='ltr'>in</span> <span class='ocrx_word' id='word_1_150' title='bbox 585 1010 694 1048; x_wconf 73' lang='lat' dir='ltr'>Regno</span> <span class='ocrx_word' id='word_1_151' title='bbox 707 1010 813 1041; x_wconf 83' lang='lat' dir='ltr'>Scotiae</span> <span class='ocrx_word' id='word_1_152' title='bbox 826 1019 876 1050; x_wconf 89' lang='lat' dir='ltr'>per</span> <span class='ocrx_word' id='word_1_153' title='bbox 889 1019 958 1047; x_wconf 82' lang='lat' dir='ltr'>vos,</span> <span class='ocrx_word' id='word_1_154' title='bbox 976 1009 1022 1040; x_wconf 90' lang='lat' dir='ltr'>vel</span> <span class='ocrx_word' id='word_1_155' title='bbox 1056 1020 1085 1041; x_wconf 87' lang='lat' dir='ltr'>er</span> <span class='ocrx_word' id='word_1_156' title='bbox 1099 1010 1181 1049; x_wconf 87' lang='lat' dir='ltr'>alios,</span> 
     </span>
     <span class='ocr_line' id='line_1_40' title="bbox 116 1048 1179 1088; baseline -0.001 -8"><span class='ocrx_word' id='word_1_157' title='bbox 116 1050 225 1087; x_wconf 78' lang='lat' dir='ltr'>integre</span> <span class='ocrx_word' id='word_1_158' title='bbox 245 1048 393 1088; x_wconf 83' lang='lat' dir='ltr'>colligere,</span> <span class='ocrx_word' id='word_1_159' title='bbox 412 1049 524 1087; x_wconf 83' lang='lat' dir='ltr'>ipsaque</span> <span class='ocrx_word' id='word_1_160' title='bbox 546 1050 575 1079; x_wconf 90' lang='lat' dir='ltr'>in</span> <span class='ocrx_word' id='word_1_161' title='bbox 597 1050 662 1080; x_wconf 88' lang='lat' dir='ltr'>tutis</span> <span class='ocrx_word' id='word_1_162' title='bbox 683 1050 753 1080; x_wconf 82' lang='lat' dir='ltr'>locis</span> <span class='ocrx_word' id='word_1_163' title='bbox 765 1049 927 1088; x_wconf 83' lang='lat' dir='ltr'>deponere,</span> <span class='ocrx_word' id='word_1_164' title='bbox 943 1058 976 1079; x_wconf 88' lang='lat' dir='ltr'>ac</span> <span class='ocrx_word' id='word_1_165' title='bbox 991 1057 1030 1087; x_wconf 84' lang='lat' dir='ltr'>po</span> <span class='ocrx_word' id='word_1_166' title='bbox 1060 1049 1179 1079; x_wconf 87' lang='lat' dir='ltr'>modum</span> 
     </span>
     <span class='ocr_line' id='line_1_41' title="bbox 117 1086 1182 1127; baseline 0 -9"><span class='ocrx_word' id='word_1_167' title='bbox 117 1086 258 1118; x_wconf 80' lang='lat' dir='ltr'>carissimo</span> <span class='ocrx_word' id='word_1_168' title='bbox 280 1088 310 1118; x_wconf 90' lang='lat' dir='ltr'>in</span> <span class='ocrx_word' id='word_1_169' title='bbox 324 1086 443 1118; x_wconf 84' lang='lat' dir='ltr'>Christo</span> <span class='ocrx_word' id='word_1_170' title='bbox 459 1087 517 1118; x_wconf 88' lang='lat' dir='ltr'>filio</span> <span class='ocrx_word' id='word_1_171' title='bbox 532 1086 632 1117; x_wconf 90' lang='lat' dir='ltr'>nostro</span> <span class='ocrx_word' id='word_1_172' title='bbox 791 1087 886 1117; x_wconf 86' lang='lat' dir='ltr'>illustri</span> <span class='ocrx_word' id='word_1_173' title='bbox 901 1086 979 1126; x_wconf 85' lang='lat' dir='ltr'>Regi</span> <span class='ocrx_word' id='word_1_174' title='bbox 992 1086 1105 1127; x_wconf 81' lang='lat' dir='ltr'>Angliae</span> <span class='ocrx_word' id='word_1_175' title='bbox 1119 1097 1182 1118; x_wconf 85' lang='lat' dir='ltr'>cru-</span> 
     </span>
     <span class='ocr_line' id='line_1_42' title="bbox 117 1125 1181 1165; baseline 0 -9"><span class='ocrx_word' id='word_1_176' title='bbox 117 1126 276 1165; x_wconf 80' lang='lat' dir='ltr'>cesignato,</span> <span class='ocrx_word' id='word_1_177' title='bbox 295 1134 325 1156; x_wconf 92' lang='lat' dir='ltr'>ut</span> <span class='ocrx_word' id='word_1_178' title='bbox 346 1135 448 1157; x_wconf 88' lang='lat' dir='ltr'>votum</span> <span class='ocrx_word' id='word_1_179' title='bbox 469 1127 560 1156; x_wconf 86' lang='lat' dir='ltr'>crucis</span> <span class='ocrx_word' id='word_1_180' title='bbox 581 1126 726 1157; x_wconf 74' lang='lat' dir='ltr'>efficacius</span> <span class='ocrx_word' id='word_1_181' title='bbox 744 1127 844 1164; x_wconf 87' lang='lat' dir='ltr'>exequi</span> <span class='ocrx_word' id='word_1_182' title='bbox 865 1125 972 1163; x_wconf 82' lang='lat' dir='ltr'>valeat,</span> <span class='ocrx_word' id='word_1_183' title='bbox 989 1125 1100 1163; x_wconf 79' lang='lat' dir='ltr'>integre</span> <span class='ocrx_word' id='word_1_184' title='bbox 1119 1125 1181 1156; x_wconf 86' lang='lat' dir='ltr'>affi-</span> 
     </span>
     <span class='ocr_line' id='line_1_43' title="bbox 117 1163 1126 1205; baseline -0.001 -11"><span class='ocrx_word' id='word_1_185' title='bbox 117 1173 202 1204; x_wconf 79' lang='lat' dir='ltr'>gnare</span> <span class='ocrx_word' id='word_1_186' title='bbox 219 1165 334 1202; x_wconf 75' lang='lat' dir='ltr'>curetis,</span> <span class='ocrx_word' id='word_1_187' title='bbox 357 1165 579 1196; x_wconf 68' lang='lat' dir='ltr'>contradidliores</span> <span class='ocrx_word' id='word_1_188' title='bbox 594 1175 642 1205; x_wconf 88' lang='lat' dir='ltr'>per</span> <span class='ocrx_word' id='word_1_189' title='bbox 655 1164 802 1194; x_wconf 84' lang='lat' dir='ltr'>censuram</span> <span class='ocrx_word' id='word_1_190' title='bbox 818 1163 1048 1202; x_wconf 76' lang='lat' dir='ltr'>ecclesiasticam,</span> <span class='ocrx_word' id='word_1_191' title='bbox 1066 1165 1126 1196; x_wconf 57' lang='lat' dir='ltr'>&amp;cz</span> 
     </span>
    </p>
   </div>
   <div class='ocr_carea' id='block_1_14' title="bbox 154 1238 1145 1281">
    <p class='ocr_par' dir='ltr' id='par_1_18' title="bbox 154 1238 1145 1281">
     <span class='ocr_line' id='line_1_44' title="bbox 154 1238 1145 1281; baseline -0.001 -10"><span class='ocrx_word' id='word_1_192' title='bbox 154 1240 224 1272; x_wconf 78' lang='lat' dir='ltr'>Dat.</span> <span class='ocrx_word' id='word_1_193' title='bbox 238 1240 385 1281; x_wconf 83' lang='lat' dir='ltr'>Neapoli,</span> <span class='ocrx_word' id='word_1_194' title='bbox 406 1242 441 1272; x_wconf 92' lang='lat'>16</span> <span class='ocrx_word' id='word_1_195' title='bbox 456 1241 608 1279; x_wconf 76' lang='lat' dir='ltr'>Kal.‘Junii</span> <span class='ocrx_word' id='word_1_196' title='bbox 620 1264 630 1279; x_wconf 90' lang='lat'>,</span> <span class='ocrx_word' id='word_1_197' title='bbox 647 1238 835 1271; x_wconf 75' lang='lat' dir='ltr'>Pontificatfis</span> <span class='ocrx_word' id='word_1_198' title='bbox 850 1240 938 1270; x_wconf 89' lang='lat' dir='ltr'>nostri</span> <span class='ocrx_word' id='word_1_199' title='bbox 952 1249 1028 1271; x_wconf 90' lang='lat' dir='ltr'>anno</span> <span class='ocrx_word' id='word_1_200' title='bbox 1041 1241 1145 1280; x_wconf 76' lang='lat' dir='ltr'>primo,</span> 
     </span>
    </p>
   </div>
   <div class='ocr_carea' id='block_1_15' title="bbox 486 1315 1088 1357">
    <p class='ocr_par' dir='ltr' id='par_1_19' title="bbox 486 1315 1088 1357">
     <span class='ocr_line' id='line_1_45' title="bbox 486 1315 1088 1357; baseline 0.002 -10"><span class='ocrx_word' id='word_1_201' title='bbox 486 1316 611 1348; x_wconf 74' lang='lat' dir='ltr'>plumbeo</span> <span class='ocrx_word' id='word_1_202' title='bbox 627 1315 717 1354; x_wconf 72' lang='lat' dir='ltr'>Sigillo</span> <span class='ocrx_word' id='word_1_203' title='bbox 723 1317 856 1355; x_wconf 77' lang='lat' dir='ltr'>pendente</span> <span class='ocrx_word' id='word_1_204' title='bbox 870 1327 888 1345; x_wconf 86' lang='lat' dir='ltr'>a</span> <span class='ocrx_word' id='word_1_205' title='bbox 895 1315 950 1357; x_wconf 91' lang='lat' dir='ltr'>filo</span> <span class='ocrx_word' id='word_1_206' title='bbox 965 1316 1088 1348; x_wconf 80' lang='lat' dir='ltr'>canabeo.</span> 
     </span>
    </p>
   </div>
   <div class='ocr_carea' id='block_1_16' title="bbox 116 1459 1180 1510">
    <p class='ocr_par' dir='ltr' id='par_1_20' title="bbox 116 1459 1180 1510">
     <span class='ocr_line' id='line_1_46' title="bbox 116 1459 1180 1510; baseline 0.003 -18"><span class='ocrx_word' id='word_1_207' title='bbox 116 1459 207 1493; x_wconf 79' lang='lat' dir='ltr'><em>Bulla</em></span> <span class='ocrx_word' id='word_1_208' title='bbox 230 1464 364 1495; x_wconf 72' lang='lat' dir='ltr'>IIenrico</span> <span class='ocrx_word' id='word_1_209' title='bbox 387 1464 462 1509; x_wconf 61' lang='lat' dir='ltr'>Regi</span> <span class='ocrx_word' id='word_1_210' title='bbox 484 1463 601 1510; x_wconf 78' lang='lat' dir='ltr'>Angliae</span> <span class='ocrx_word' id='word_1_211' title='bbox 624 1461 758 1505; x_wconf 61' lang='lat' dir='ltr'>diresin,</span> <span class='ocrx_word' id='word_1_212' title='bbox 784 1462 820 1496; x_wconf 77' lang='lat' dir='ltr'>de</span> <span class='ocrx_word' id='word_1_213' title='bbox 828 1462 989 1508; x_wconf 81' lang='lat' dir='ltr'>fidelitatis</span> <span class='ocrx_word' id='word_1_214' title='bbox 1001 1464 1180 1509; x_wconf 74' lang='lat' dir='ltr'>juramento</span> 
     </span>
    </p>
   </div>
   <div class='ocr_carea' id='block_1_17' title="bbox 157 1509 1181 1606">
    <p class='ocr_par' dir='ltr' id='par_1_21' title="bbox 157 1509 1181 1606">
     <span class='ocr_line' id='line_1_47' title="bbox 162 1509 1181 1559; baseline 0.002 -17"><span class='ocrx_word' id='word_1_215' title='bbox 162 1512 246 1554; x_wconf 83' lang='lat' dir='ltr'>Papae</span> <span class='ocrx_word' id='word_1_216' title='bbox 259 1513 296 1548; x_wconf 67' lang='grc' dir='ltr'>ὠ·</span> <span class='ocrx_word' id='word_1_217' title='bbox 317 1511 443 1553; x_wconf 75' lang='lat' dir='ltr'>Ecclefiae</span> <span class='ocrx_word' id='word_1_218' title='bbox 461 1514 597 1545; x_wconf 61' lang='lat' dir='ltr'>Romane</span> <span class='ocrx_word' id='word_1_219' title='bbox 611 1509 772 1559; x_wconf 66' lang='lat' dir='ltr'>prestando</span> <span class='ocrx_word' id='word_1_220' title='bbox 794 1515 911 1545; x_wconf 86' lang='lat' dir='ltr'>nomine</span> <span class='ocrx_word' id='word_1_221' title='bbox 930 1511 1089 1545; x_wconf 70' lang='lat' dir='ltr'>Edmnndi</span> <span class='ocrx_word' id='word_1_222' title='bbox 1106 1512 1181 1546; x_wconf 81' lang='lat' dir='ltr'>Filii</span> 
     </span>
     <span class='ocr_line' id='line_1_48' title="bbox 157 1557 529 1606; baseline 0.008 -17"><span class='ocrx_word' id='word_1_223' title='bbox 157 1557 213 1602; x_wconf 70' lang='lat' dir='ltr'>fiai</span> <span class='ocrx_word' id='word_1_224' title='bbox 222 1568 278 1604; x_wconf 83' lang='lat' dir='ltr'>pro</span> <span class='ocrx_word' id='word_1_225' title='bbox 299 1561 397 1606; x_wconf 86' lang='lat' dir='ltr'>Regno</span> <span class='ocrx_word' id='word_1_226' title='bbox 412 1560 529 1592; x_wconf 66' lang='lat' dir='ltr'>Sicilia.</span> 
     </span>
    </p>
   </div>
   <div class='ocr_carea' id='block_1_18' title="bbox 115 1641 1189 2725">
    <p class='ocr_par' dir='ltr' id='par_1_22' title="bbox 121 1641 1184 1753">
     <span class='ocr_line' id='line_1_49' title="bbox 121 1641 1184 1704; baseline 0.002 -30"><span class='ocrx_word' id='word_1_227' title='bbox 121 1641 326 1704; x_wconf 79' lang='lat' dir='ltr'>ALexander</span> <span class='ocrx_word' id='word_1_228' title='bbox 346 1643 518 1683; x_wconf 86' lang='lat' dir='ltr'>Episcopus,</span> <span class='ocrx_word' id='word_1_229' title='bbox 535 1644 628 1676; x_wconf 84' lang='lat' dir='ltr'>servus</span> <span class='ocrx_word' id='word_1_230' title='bbox 642 1644 785 1676; x_wconf 81' lang='lat' dir='ltr'>servorum</span> <span class='ocrx_word' id='word_1_231' title='bbox 799 1644 874 1685; x_wconf 84' lang='lat' dir='ltr'>Dei,</span> <span class='ocrx_word' id='word_1_232' title='bbox 894 1645 1034 1677; x_wconf 73' lang='lat' dir='ltr'>carissimo</span> <span class='ocrx_word' id='word_1_233' title='bbox 1049 1647 1079 1676; x_wconf 89' lang='lat' dir='ltr'>in</span> <span class='ocrx_word' id='word_1_234' title='bbox 1096 1644 1184 1676; x_wconf 90' lang='lat' dir='ltr'>Chri-</span> 
     </span>
     <span class='ocr_line' id='line_1_50' title="bbox 198 1682 1183 1725; baseline 0.002 -12"><span class='ocrx_word' id='word_1_235' title='bbox 198 1682 242 1713; x_wconf 91' lang='lat' dir='ltr'>sto</span> <span class='ocrx_word' id='word_1_236' title='bbox 257 1683 316 1714; x_wconf 85' lang='lat' dir='ltr'>filio</span> <span class='ocrx_word' id='word_1_237' title='bbox 462 1682 560 1714; x_wconf 83' lang='lat' dir='ltr'>illustri</span> <span class='ocrx_word' id='word_1_238' title='bbox 575 1683 650 1724; x_wconf 83' lang='lat' dir='ltr'>Regi</span> <span class='ocrx_word' id='word_1_239' title='bbox 663 1684 792 1725; x_wconf 68' lang='lat' dir='ltr'>Angli-ae,</span> <span class='ocrx_word' id='word_1_240' title='bbox 808 1685 923 1717; x_wconf 87' lang='lat' dir='ltr'>salutem</span> <span class='ocrx_word' id='word_1_241' title='bbox 936 1686 970 1718; x_wconf 90' lang='lat'>&amp;</span> <span class='ocrx_word' id='word_1_242' title='bbox 985 1685 1183 1723; x_wconf 83' lang='lat' dir='ltr'>Apostolicam</span> 
     </span>
     <span class='ocr_line' id='line_1_51' title="bbox 122 1721 359 1753; baseline -0.013 0"><span class='ocrx_word' id='word_1_243' title='bbox 122 1721 359 1753; x_wconf 71' lang='lat' dir='ltr'>benedifflonem.</span> 
     </span>
    </p>

    <p class='ocr_par' dir='ltr' id='par_1_23' title="bbox 115 1759 1184 1953">
     <span class='ocr_line' id='line_1_52' title="bbox 159 1759 1183 1802; baseline 0.003 -12"><span class='ocrx_word' id='word_1_244' title='bbox 159 1759 239 1790; x_wconf 74' lang='lat' dir='ltr'>Cum</span> <span class='ocrx_word' id='word_1_245' title='bbox 251 1769 304 1790; x_wconf 88' lang='lat' dir='ltr'>nos</span> <span class='ocrx_word' id='word_1_246' title='bbox 316 1759 453 1799; x_wconf 78' lang='lat' dir='ltr'>Regnum</span> <span class='ocrx_word' id='word_1_247' title='bbox 466 1759 568 1791; x_wconf 83' lang='lat' dir='ltr'>Siciliae</span> <span class='ocrx_word' id='word_1_248' title='bbox 581 1761 717 1791; x_wconf 83' lang='lat' dir='ltr'>&amp;totam</span> <span class='ocrx_word' id='word_1_249' title='bbox 731 1768 849 1800; x_wconf 86' lang='lat' dir='ltr'>terram,</span> <span class='ocrx_word' id='word_1_250' title='bbox 862 1771 927 1802; x_wconf 86' lang='lat' dir='ltr'>quae</span> <span class='ocrx_word' id='word_1_251' title='bbox 939 1761 981 1792; x_wconf 88' lang='lat' dir='ltr'>est</span> <span class='ocrx_word' id='word_1_252' title='bbox 993 1762 1062 1793; x_wconf 88' lang='lat' dir='ltr'>citra</span> <span class='ocrx_word' id='word_1_253' title='bbox 1079 1762 1183 1793; x_wconf 84' lang='lat' dir='ltr'>Fanim</span> 
     </span>
     <span class='ocr_line' id='line_1_53' title="bbox 118 1797 1184 1839; baseline 0.003 -11"><span class='ocrx_word' id='word_1_254' title='bbox 118 1797 204 1837; x_wconf 89' lang='lat' dir='ltr'>usque</span> <span class='ocrx_word' id='word_1_255' title='bbox 224 1798 260 1829; x_wconf 88' lang='lat' dir='ltr'>ad</span> <span class='ocrx_word' id='word_1_256' title='bbox 281 1797 405 1829; x_wconf 86' lang='lat' dir='ltr'>confinia</span> <span class='ocrx_word' id='word_1_257' title='bbox 419 1807 554 1829; x_wconf 88' lang='lat' dir='ltr'>terrarum</span> <span class='ocrx_word' id='word_1_258' title='bbox 569 1797 702 1829; x_wconf 80' lang='lat' dir='ltr'>Ecclesiae</span> <span class='ocrx_word' id='word_1_259' title='bbox 716 1799 877 1839; x_wconf 83' lang='lat' dir='ltr'>Romanae,</span> <span class='ocrx_word' id='word_1_260' title='bbox 893 1799 1035 1832; x_wconf 85' lang='lat' dir='ltr'>cariffimo</span> <span class='ocrx_word' id='word_1_261' title='bbox 1049 1801 1078 1831; x_wconf 86' lang='lat' dir='ltr'>in</span> <span class='ocrx_word' id='word_1_262' title='bbox 1096 1800 1184 1831; x_wconf 81' lang='lat' dir='ltr'>Chri-</span> 
     </span>
     <span class='ocr_line' id='line_1_54' title="bbox 116 1835 1184 1878; baseline 0.003 -11"><span class='ocrx_word' id='word_1_263' title='bbox 116 1835 163 1866; x_wconf 88' lang='lat' dir='ltr'>sto</span> <span class='ocrx_word' id='word_1_264' title='bbox 182 1836 242 1867; x_wconf 89' lang='lat' dir='ltr'>filio</span> <span class='ocrx_word' id='word_1_265' title='bbox 261 1837 360 1868; x_wconf 89' lang='lat' dir='ltr'>nostro</span> <span class='ocrx_word' id='word_1_266' title='bbox 374 1836 546 1875; x_wconf 85' lang='lat' dir='ltr'>Edmundo,</span> <span class='ocrx_word' id='word_1_267' title='bbox 566 1836 664 1868; x_wconf 87' lang='lat' dir='ltr'>illustri</span> <span class='ocrx_word' id='word_1_268' title='bbox 677 1837 752 1877; x_wconf 87' lang='lat' dir='ltr'>Regi</span> <span class='ocrx_word' id='word_1_269' title='bbox 768 1838 886 1877; x_wconf 81' lang='lat' dir='ltr'>Siciliae,</span> <span class='ocrx_word' id='word_1_270' title='bbox 905 1846 972 1869; x_wconf 90' lang='lat' dir='ltr'>nato</span> <span class='ocrx_word' id='word_1_271' title='bbox 988 1847 1058 1878; x_wconf 91' lang='lat' dir='ltr'>tuo,</span> <span class='ocrx_word' id='word_1_272' title='bbox 1073 1839 1184 1870; x_wconf 81' lang='lat' dir='ltr'>duxeri-</span> 
     </span>
     <span class='ocr_line' id='line_1_55' title="bbox 115 1874 1184 1917; baseline 0.003 -11"><span class='ocrx_word' id='word_1_273' title='bbox 115 1885 180 1906; x_wconf 90' lang='lat' dir='ltr'>mus</span> <span class='ocrx_word' id='word_1_274' title='bbox 199 1874 398 1914; x_wconf 87' lang='lat' dir='ltr'>concedenda,</span> <span class='ocrx_word' id='word_1_275' title='bbox 415 1884 500 1913; x_wconf 85' lang='lat' dir='ltr'>prout</span> <span class='ocrx_word' id='word_1_276' title='bbox 519 1877 548 1906; x_wconf 88' lang='lat' dir='ltr'>in</span> <span class='ocrx_word' id='word_1_277' title='bbox 566 1875 738 1914; x_wconf 83' lang='lat' dir='ltr'>Apostolico</span> <span class='ocrx_word' id='word_1_278' title='bbox 759 1877 930 1917; x_wconf 86' lang='lat' dir='ltr'>privilegio,</span> <span class='ocrx_word' id='word_1_279' title='bbox 948 1877 1089 1910; x_wconf 64' lang='lat' dir='ltr'>confecto</span> <span class='ocrx_word' id='word_1_280' title='bbox 1105 1879 1184 1909; x_wconf 84' lang='lat' dir='ltr'>exin-</span> 
     </span>
     <span class='ocr_line' id='line_1_56' title="bbox 116 1913 480 1953; baseline 0.003 -9"><span class='ocrx_word' id='word_1_281' title='bbox 116 1913 171 1952; x_wconf 86' lang='lat' dir='ltr'>de,</span> <span class='ocrx_word' id='word_1_282' title='bbox 188 1914 294 1952; x_wconf 82' lang='lat' dir='ltr'>plenius</span> <span class='ocrx_word' id='word_1_283' title='bbox 306 1915 480 1953; x_wconf 73' lang='lat' dir='ltr'>continetur,</span> 
     </span>
    </p>

    <p class='ocr_par' dir='ltr' id='par_1_24' title="bbox 116 1952 1183 2109">
     <span class='ocr_line' id='line_1_57' title="bbox 154 1952 1183 1994; baseline 0.002 -11"><span class='ocrx_word' id='word_1_284' title='bbox 154 1952 216 1993; x_wconf 82' lang='lat' dir='ltr'>Ac,</span> <span class='ocrx_word' id='word_1_285' title='bbox 234 1954 305 1983; x_wconf 86' lang='lat' dir='ltr'>inter</span> <span class='ocrx_word' id='word_1_286' title='bbox 324 1953 391 1991; x_wconf 87' lang='lat' dir='ltr'>alia,</span> <span class='ocrx_word' id='word_1_287' title='bbox 410 1954 442 1983; x_wconf 90' lang='lat' dir='ltr'>in</span> <span class='ocrx_word' id='word_1_288' title='bbox 463 1953 568 1984; x_wconf 89' lang='lat' dir='ltr'>eodem</span> <span class='ocrx_word' id='word_1_289' title='bbox 588 1953 737 1994; x_wconf 80' lang='lat' dir='ltr'>privilegio</span> <span class='ocrx_word' id='word_1_290' title='bbox 751 1953 886 1986; x_wconf 84' lang='lat' dir='ltr'>habeatur</span> <span class='ocrx_word' id='word_1_291' title='bbox 897 1954 1022 1993; x_wconf 72' lang='lat' dir='ltr'>exprefle</span> <span class='ocrx_word' id='word_1_292' title='bbox 1037 1954 1115 1993; x_wconf 84' lang='lat' dir='ltr'>quod</span> <span class='ocrx_word' id='word_1_293' title='bbox 1132 1962 1183 1993; x_wconf 83' lang='lat' dir='ltr'>tu,</span> 
     </span>
     <span class='ocr_line' id='line_1_58' title="bbox 116 1991 1183 2036; baseline 0.001 -15"><span class='ocrx_word' id='word_1_294' title='bbox 116 1992 199 2031; x_wconf 85' lang='lat' dir='ltr'>ipfius</span> <span class='ocrx_word' id='word_1_295' title='bbox 220 1991 365 2022; x_wconf 88' lang='lat' dir='ltr'>Edmundi</span> <span class='ocrx_word' id='word_1_296' title='bbox 386 1993 519 2030; x_wconf 88' lang='lat' dir='ltr'>nomine,</span> <span class='ocrx_word' id='word_1_297' title='bbox 535 1992 634 2029; x_wconf 89' lang='lat' dir='ltr'>nobis,</span> <span class='ocrx_word' id='word_1_298' title='bbox 651 1991 807 2032; x_wconf 86' lang='lat' dir='ltr'>nostrisque</span> <span class='ocrx_word' id='word_1_299' title='bbox 826 1993 1057 2031; x_wconf 83' lang='lat' dir='ltr'>SuccefforibuS,</span> <span class='ocrx_word' id='word_1_300' title='bbox 1074 1994 1108 2023; x_wconf 90' lang='lat'>&amp;</span> <span class='ocrx_word' id='word_1_301' title='bbox 1123 1992 1183 2036; x_wconf 74' lang='lat' dir='ltr'>Ec·-</span> 
     </span>
     <span class='ocr_line' id='line_1_59' title="bbox 117 2030 1182 2071; baseline 0.001 -11"><span class='ocrx_word' id='word_1_302' title='bbox 117 2030 209 2060; x_wconf 82' lang='lat' dir='ltr'>clesiae</span> <span class='ocrx_word' id='word_1_303' title='bbox 226 2030 388 2069; x_wconf 80' lang='lat' dir='ltr'>Romanae,</span> <span class='ocrx_word' id='word_1_304' title='bbox 402 2040 455 2068; x_wconf 85' lang='lat' dir='ltr'>pro</span> <span class='ocrx_word' id='word_1_305' title='bbox 471 2031 591 2068; x_wconf 67' lang='lat' dir='ltr'>praefatis</span> <span class='ocrx_word' id='word_1_306' title='bbox 610 2031 716 2071; x_wconf 90' lang='lat' dir='ltr'>Regno</span> <span class='ocrx_word' id='word_1_307' title='bbox 731 2031 765 2062; x_wconf 89' lang='lat'>&amp;</span> <span class='ocrx_word' id='word_1_308' title='bbox 780 2039 867 2071; x_wconf 85' lang='lat' dir='ltr'>terra,</span> <span class='ocrx_word' id='word_1_309' title='bbox 884 2033 1078 2071; x_wconf 81' lang='lat' dir='ltr'>juramentum</span> <span class='ocrx_word' id='word_1_310' title='bbox 1092 2031 1182 2062; x_wconf 79' lang='lat' dir='ltr'>fideli-</span> 
     </span>
     <span class='ocr_line' id='line_1_60' title="bbox 116 2068 995 2109; baseline 0.002 -10"><span class='ocrx_word' id='word_1_311' title='bbox 116 2070 195 2106; x_wconf 72' lang='lat' dir='ltr'>tatis,</span> <span class='ocrx_word' id='word_1_312' title='bbox 212 2069 262 2099; x_wconf 87' lang='lat' dir='ltr'>sub</span> <span class='ocrx_word' id='word_1_313' title='bbox 276 2069 371 2098; x_wconf 87' lang='lat' dir='ltr'>forma</span> <span class='ocrx_word' id='word_1_314' title='bbox 386 2069 415 2099; x_wconf 90' lang='lat' dir='ltr'>in</span> <span class='ocrx_word' id='word_1_315' title='bbox 429 2070 437 2098; x_wconf 90' lang='lat' dir='ltr'>i</span> <span class='ocrx_word' id='word_1_316' title='bbox 458 2068 487 2099; x_wconf 91' lang='lat' dir='ltr'>so</span> <span class='ocrx_word' id='word_1_317' title='bbox 500 2069 647 2109; x_wconf 86' lang='lat' dir='ltr'>privilegio</span> <span class='ocrx_word' id='word_1_318' title='bbox 662 2077 815 2108; x_wconf 84' lang='lat' dir='ltr'>contenta,</span> <span class='ocrx_word' id='word_1_319' title='bbox 834 2070 995 2109; x_wconf 67' lang='lat' dir='ltr'>praestabis,</span> 
     </span>
    </p>

    <p class='ocr_par' dir='ltr' id='par_1_25' title="bbox 116 2107 1184 2222">
     <span class='ocr_line' id='line_1_61' title="bbox 153 2107 1184 2147; baseline 0.003 -11"><span class='ocrx_word' id='word_1_320' title='bbox 153 2107 191 2137; x_wconf 87' lang='lat' dir='ltr'>Et</span> <span class='ocrx_word' id='word_1_321' title='bbox 210 2109 240 2138; x_wconf 87' lang='lat' dir='ltr'>in</span> <span class='ocrx_word' id='word_1_322' title='bbox 264 2107 394 2137; x_wconf 84' lang='lat' dir='ltr'>manibus</span> <span class='ocrx_word' id='word_1_323' title='bbox 412 2107 485 2137; x_wconf 87' lang='lat' dir='ltr'>ilius</span> <span class='ocrx_word' id='word_1_324' title='bbox 500 2130 510 2145; x_wconf 93' lang='lat'>,</span> <span class='ocrx_word' id='word_1_325' title='bbox 532 2118 619 2146; x_wconf 88' lang='lat' dir='ltr'>quem</span> <span class='ocrx_word' id='word_1_326' title='bbox 641 2107 675 2137; x_wconf 87' lang='lat' dir='ltr'>ad</span> <span class='ocrx_word' id='word_1_327' title='bbox 696 2107 754 2138; x_wconf 92' lang='lat' dir='ltr'>hoc</span> <span class='ocrx_word' id='word_1_328' title='bbox 776 2108 927 2146; x_wconf 86' lang='lat' dir='ltr'>specialiter</span> <span class='ocrx_word' id='word_1_329' title='bbox 949 2109 1105 2147; x_wconf 81' lang='lat' dir='ltr'>mittimus,</span> <span class='ocrx_word' id='word_1_330' title='bbox 1128 2118 1184 2139; x_wconf 89' lang='lat' dir='ltr'>no-</span> 
     </span>
     <span class='ocr_line' id='line_1_62' title="bbox 116 2145 1184 2189; baseline 0.002 -14"><span class='ocrx_word' id='word_1_331' title='bbox 116 2146 161 2189; x_wconf 80' lang='lat' dir='ltr'>bis</span> <span class='ocrx_word' id='word_1_332' title='bbox 178 2145 211 2176; x_wconf 87' lang='lat'>&amp;</span> <span class='ocrx_word' id='word_1_333' title='bbox 230 2146 281 2183; x_wconf 72' lang='lat' dir='ltr'>ipsi</span> <span class='ocrx_word' id='word_1_334' title='bbox 301 2145 449 2183; x_wconf 88' lang='lat' dir='ltr'>Ecclefiae,</span> <span class='ocrx_word' id='word_1_335' title='bbox 467 2155 521 2184; x_wconf 86' lang='lat' dir='ltr'>pro</span> <span class='ocrx_word' id='word_1_336' title='bbox 542 2145 647 2177; x_wconf 87' lang='lat' dir='ltr'>eodem</span> <span class='ocrx_word' id='word_1_337' title='bbox 667 2145 840 2186; x_wconf 88' lang='lat' dir='ltr'>Edmundo,</span> <span class='ocrx_word' id='word_1_338' title='bbox 855 2148 954 2187; x_wconf 86' lang='lat' dir='ltr'>ligium</span> <span class='ocrx_word' id='word_1_339' title='bbox 966 2148 1130 2187; x_wconf 83' lang='lat' dir='ltr'>homagium</span> <span class='ocrx_word' id='word_1_340' title='bbox 1143 2147 1184 2177; x_wconf 89' lang='lat' dir='ltr'>fa-</span> 
     </span>
     <span class='ocr_line' id='line_1_63' title="bbox 117 2193 192 2222; baseline -0.013 -8"><span class='ocrx_word' id='word_1_341' title='bbox 117 2193 192 2222; x_wconf 88' lang='lat' dir='ltr'>cies,</span> 
     </span>
    </p>

    <p class='ocr_par' dir='ltr' id='par_1_26' title="bbox 115 2222 346 2331">
     <span class='ocr_line' id='line_1_64' title="bbox 158 2222 346 2253; baseline 0 0"><span class='ocrx_word' id='word_1_342' title='bbox 158 2222 205 2253; x_wconf 87' lang='lat' dir='ltr'>Ac</span> <span class='ocrx_word' id='word_1_343' title='bbox 223 2222 346 2253; x_wconf 88' lang='lat' dir='ltr'>formam</span> 
     </span>
     <span class='ocr_line' id='line_1_65' title="bbox 115 2261 338 2300; baseline 0.009 -9"><span class='ocrx_word' id='word_1_344' title='bbox 115 2267 201 2300; x_wconf 85' lang='lat' dir='ltr'>teras,</span> <span class='ocrx_word' id='word_1_345' title='bbox 216 2261 266 2293; x_wconf 89' lang='lat' dir='ltr'>sub</span> <span class='ocrx_word' id='word_1_346' title='bbox 285 2270 338 2293; x_wconf 87' lang='lat' dir='ltr'>tuo</span> 
     </span>
     <span class='ocr_line' id='line_1_66' title="bbox 120 2307 187 2331; baseline -0.03 0"><span class='ocrx_word' id='word_1_347' title='bbox 120 2307 162 2331; x_wconf 87' lang='lat' dir='ltr'>tes</span> <span class='ocrx_word' id='word_1_348' title='bbox 181 2309 187 2329; x_wconf 94' lang='lat'>:</span> 
     </span>
    </p>

    <p class='ocr_par' dir='ltr' id='par_1_27' title="bbox 118 2338 1187 2456">
     <span class='ocr_line' id='line_1_67' title="bbox 158 2338 1186 2380; baseline 0.002 -11"><span class='ocrx_word' id='word_1_349' title='bbox 158 2338 283 2378; x_wconf 87' lang='lat' dir='ltr'>Nosque</span> <span class='ocrx_word' id='word_1_350' title='bbox 301 2339 494 2370; x_wconf 86' lang='lat' dir='ltr'>venerabilem</span> <span class='ocrx_word' id='word_1_351' title='bbox 512 2338 636 2370; x_wconf 86' lang='lat' dir='ltr'>Fratrem</span> <span class='ocrx_word' id='word_1_352' title='bbox 655 2339 802 2379; x_wconf 88' lang='lat' dir='ltr'>nostrum,</span> <span class='ocrx_word' id='word_1_353' title='bbox 830 2340 989 2371; x_wconf 85' lang='lat' dir='ltr'>Bononien.</span> <span class='ocrx_word' id='word_1_354' title='bbox 1011 2340 1186 2380; x_wconf 83' lang='lat' dir='ltr'>Episcopum</span> 
     </span>
     <span class='ocr_line' id='line_1_68' title="bbox 118 2377 1187 2456; baseline 0.003 -11"><span class='ocrx_word' id='word_1_355' title='bbox 118 2377 331 2455; x_wconf 49' lang='grc' dir='ltr'>ΞῖῑὲἒΡῑῗυὲοὲ</span> <span class='ocrx_word' id='word_1_356' title='bbox 348 2378 465 2454; x_wconf 52' lang='grc' dir='ltr'>ξξέέἑὲἰ,</span> <span class='ocrx_word' id='word_1_357' title='bbox 477 2377 881 2456; x_wconf 46' lang='grc' dir='ltr'>ἱῖῗὲἓῖἰὲἒὲἰῖιεῖῗέἱξῗὲἓῖὼέἔ</span> <span class='ocrx_word' id='word_1_358' title='bbox 889 2379 1187 2455; x_wconf 49' lang='grc' dir='ltr'>ἰέῗρεὲἓὲωὲῗῑέἓῖἶίἷ</span> 
     </span>
    </p>

    <p class='ocr_par' dir='ltr' id='par_1_28' title="bbox 121 2439 1188 2604">
     <span class='ocr_line' id='line_1_69' title="bbox 182 2439 827 2455; baseline 0.002 -1"><span class='ocrx_word' id='word_1_359' title='bbox 182 2439 192 2454; x_wconf 70' lang='lat'>2</span> <span class='ocrx_word' id='word_1_360' title='bbox 818 2440 827 2455; x_wconf 74' lang='lat'>²</span> 
     </span>
     <span class='ocr_line' id='line_1_70' title="bbox 121 2463 1188 2538; baseline 0.002 -16"><span class='ocrx_word' id='word_1_361' title='bbox 121 2463 344 2536; x_wconf 44' lang='lat' dir='ltr'>nerSneuZfiitatem</span> <span class='ocrx_word' id='word_1_362' title='bbox 365 2499 443 2523; x_wconf 90' lang='lat' dir='ltr'>tuam</span> <span class='ocrx_word' id='word_1_363' title='bbox 462 2501 593 2538; x_wconf 75' lang='lat' dir='ltr'>rogamus</span> <span class='ocrx_word' id='word_1_364' title='bbox 614 2493 812 2536; x_wconf 74' lang='lat' dir='ltr'>&amp;hortamur</span> <span class='ocrx_word' id='word_1_365' title='bbox 831 2500 936 2538; x_wconf 84' lang='lat' dir='ltr'>attente</span> <span class='ocrx_word' id='word_1_366' title='bbox 952 2494 1080 2533; x_wconf 88' lang='lat' dir='ltr'>quatinus</span> <span class='ocrx_word' id='word_1_367' title='bbox 1091 2493 1188 2538; x_wconf 76' lang='lat' dir='ltr'>hujus-</span> 
     </span>
     <span class='ocr_line' id='line_1_71' title="bbox 122 2530 1187 2571; baseline 0.003 -11"><span class='ocrx_word' id='word_1_368' title='bbox 122 2530 206 2561; x_wconf 88' lang='lat' dir='ltr'>modi</span> <span class='ocrx_word' id='word_1_369' title='bbox 224 2538 419 2568; x_wconf 79' lang='lat' dir='ltr'>juramentum</span> <span class='ocrx_word' id='word_1_370' title='bbox 435 2530 571 2562; x_wconf 86' lang='lat' dir='ltr'>fidelitatis</span> <span class='ocrx_word' id='word_1_371' title='bbox 593 2531 676 2562; x_wconf 85' lang='lat' dir='ltr'>nobis</span> <span class='ocrx_word' id='word_1_372' title='bbox 687 2554 698 2571; x_wconf 89' lang='lat'>,</span> <span class='ocrx_word' id='word_1_373' title='bbox 724 2533 758 2564; x_wconf 87' lang='lat'>&amp;</span> <span class='ocrx_word' id='word_1_374' title='bbox 777 2532 990 2564; x_wconf 86' lang='lat' dir='ltr'>Successoribus</span> <span class='ocrx_word' id='word_1_375' title='bbox 1009 2532 1110 2563; x_wconf 87' lang='lat' dir='ltr'>nostris</span> <span class='ocrx_word' id='word_1_376' title='bbox 1124 2555 1135 2571; x_wconf 89' lang='lat'>,</span> <span class='ocrx_word' id='word_1_377' title='bbox 1152 2542 1187 2563; x_wconf 89' lang='lat' dir='ltr'>ac</span> 
     </span>
     <span class='ocr_line' id='line_1_72' title="bbox 121 2568 556 2604; baseline 0 -5"><span class='ocrx_word' id='word_1_378' title='bbox 121 2568 267 2600; x_wconf 85' lang='lat' dir='ltr'>Romanae</span> <span class='ocrx_word' id='word_1_379' title='bbox 281 2568 415 2599; x_wconf 81' lang='lat' dir='ltr'>Ecclefiae</span> <span class='ocrx_word' id='word_1_380' title='bbox 428 2569 556 2604; x_wconf 78' lang='lat' dir='ltr'>praestes,</span> 
     </span>
    </p>

    <p class='ocr_par' dir='ltr' id='par_1_29' title="bbox 126 2606 1188 2692">
     <span class='ocr_line' id='line_1_73' title="bbox 163 2606 1188 2647; baseline 0.003 -10"><span class='ocrx_word' id='word_1_381' title='bbox 163 2606 219 2645; x_wconf 88' lang='lat' dir='ltr'>Et,</span> <span class='ocrx_word' id='word_1_382' title='bbox 236 2608 267 2637; x_wconf 88' lang='lat' dir='ltr'>in</span> <span class='ocrx_word' id='word_1_383' title='bbox 287 2607 410 2644; x_wconf 86' lang='lat' dir='ltr'>ejusdem</span> <span class='ocrx_word' id='word_1_384' title='bbox 429 2607 532 2646; x_wconf 74' lang='lat' dir='ltr'>Episco</span> <span class='ocrx_word' id='word_1_385' title='bbox 552 2608 562 2638; x_wconf 89' lang='lat' dir='ltr'>i</span> <span class='ocrx_word' id='word_1_386' title='bbox 585 2608 729 2647; x_wconf 84' lang='lat' dir='ltr'>manibus,</span> <span class='ocrx_word' id='word_1_387' title='bbox 748 2609 849 2646; x_wconf 87' lang='lat' dir='ltr'>nobis,</span> <span class='ocrx_word' id='word_1_388' title='bbox 866 2610 902 2640; x_wconf 78' lang='grc' dir='ltr'>δε</span> <span class='ocrx_word' id='word_1_389' title='bbox 922 2608 1065 2647; x_wconf 70' lang='lat' dir='ltr'>praedi&amp;ae</span> <span class='ocrx_word' id='word_1_390' title='bbox 1083 2608 1188 2640; x_wconf 88' lang='lat' dir='ltr'>Eccle-</span> 
     </span>
     <span class='ocr_line' id='line_1_74' title="bbox 126 2617 1144 2692; baseline 0.002 -16"><span class='ocrx_word' id='word_1_391' title='bbox 126 2644 188 2682; x_wconf 77' lang='lat' dir='ltr'>sice,</span> <span class='ocrx_word' id='word_1_392' title='bbox 202 2654 257 2685; x_wconf 92' lang='lat' dir='ltr'>pro</span> <span class='ocrx_word' id='word_1_393' title='bbox 269 2645 328 2683; x_wconf 77' lang='lat' dir='ltr'>ipso</span> <span class='ocrx_word' id='word_1_394' title='bbox 341 2645 516 2691; x_wconf 64' lang='lat' dir='ltr'>Edmundo,</span> <span class='ocrx_word' id='word_1_395' title='bbox 529 2617 628 2690; x_wconf 66' lang='lat' dir='ltr'>iigium</span> <span class='ocrx_word' id='word_1_396' title='bbox 642 2646 811 2692; x_wconf 76' lang='lat' dir='ltr'>homagium</span> <span class='ocrx_word' id='word_1_397' title='bbox 825 2647 925 2686; x_wconf 86' lang='lat' dir='ltr'>facias,</span> <span class='ocrx_word' id='word_1_398' title='bbox 1139 2687 1144 2692; x_wconf 42' lang='grc'><strong>-</strong></span> 
     </span>
    </p>

    <p class='ocr_par' dir='ltr' id='par_1_30' title="bbox 164 2683 1189 2725">
     <span class='ocr_line' id='line_1_75' title="bbox 164 2683 1189 2725; baseline 0 -10"><span class='ocrx_word' id='word_1_399' title='bbox 164 2683 212 2715; x_wconf 91' lang='lat' dir='ltr'>Ac</span> <span class='ocrx_word' id='word_1_400' title='bbox 233 2684 355 2714; x_wconf 87' lang='lat' dir='ltr'>formam</span> <span class='ocrx_word' id='word_1_401' title='bbox 367 2693 519 2722; x_wconf 76' lang='lat' dir='ltr'>juramenti</span> <span class='ocrx_word' id='word_1_402' title='bbox 536 2684 698 2723; x_wconf 75' lang='lat' dir='ltr'>hujusmodl</span> <span class='ocrx_word' id='word_1_403' title='bbox 713 2686 829 2716; x_wconf 88' lang='lat' dir='ltr'>seriatim</span> <span class='ocrx_word' id='word_1_404' title='bbox 850 2695 900 2723; x_wconf 89' lang='lat' dir='ltr'>per</span> <span class='ocrx_word' id='word_1_405' title='bbox 914 2693 972 2716; x_wconf 86' lang='lat' dir='ltr'>tuas</span> <span class='ocrx_word' id='word_1_406' title='bbox 988 2693 1111 2725; x_wconf 87' lang='lat' dir='ltr'>patentes</span> <span class='ocrx_word' id='word_1_407' title='bbox 1126 2686 1189 2716; x_wconf 87' lang='lat' dir='ltr'>lite-</span> 
     </span>
    </p>
   </div>
   <div class='ocr_carea' id='block_1_19' title="bbox 128 2722 1191 2792">
    <p class='ocr_par' dir='ltr' id='par_1_31' title="bbox 128 2722 1191 2792">
     <span class='ocr_line' id='line_1_76' title="bbox 130 2722 1191 2792; baseline 0.002 -40"><span class='ocrx_word' id='word_1_408' title='bbox 130 2722 284 2792; x_wconf 63' lang='lat' dir='ltr'>rasttnobis,</span> <span class='ocrx_word' id='word_1_409' title='bbox 301 2722 350 2752; x_wconf 89' lang='lat' dir='ltr'>sub</span> <span class='ocrx_word' id='word_1_410' title='bbox 364 2729 415 2753; x_wconf 92' lang='lat' dir='ltr'>tuo</span> <span class='ocrx_word' id='word_1_411' title='bbox 433 2722 549 2762; x_wconf 81' lang='lat' dir='ltr'>sigillo,</span> <span class='ocrx_word' id='word_1_412' title='bbox 567 2724 601 2755; x_wconf 93' lang='lat'>&amp;</span> <span class='ocrx_word' id='word_1_413' title='bbox 615 2723 746 2762; x_wconf 65' lang='lat' dir='ltr'>praedicti</span> <span class='ocrx_word' id='word_1_414' title='bbox 759 2723 907 2756; x_wconf 87' lang='lat' dir='ltr'>Edmundi</span> <span class='ocrx_word' id='word_1_415' title='bbox 918 2734 998 2756; x_wconf 85' lang='lat' dir='ltr'>aurea</span> <span class='ocrx_word' id='word_1_416' title='bbox 1012 2724 1088 2756; x_wconf 82' lang='lat' dir='ltr'>bulla</span> <span class='ocrx_word' id='word_1_417' title='bbox 1103 2732 1191 2756; x_wconf 86' lang='lat' dir='ltr'>trans-</span> 
     </span>
     <span class='ocr_line' id='line_1_77' title="bbox 128 2769 230 2792; baseline 0 -1"><span class='ocrx_word' id='word_1_418' title='bbox 128 2769 170 2791; x_wconf 73' lang='grc'><strong>1111</strong></span> <span class='ocrx_word' id='word_1_419' title='bbox 194 2770 230 2792; x_wconf 88' lang='lat' dir='ltr'>as.</span> 
     </span>
    </p>
   </div>
   <div class='ocr_carea' id='block_1_20' title="bbox 357 2222 1187 2311">
    <p class='ocr_par' dir='ltr' id='par_1_32' title="bbox 357 2222 1187 2311">
     <span class='ocr_line' id='line_1_78' title="bbox 357 2222 1187 2293; baseline 0.002 -40"><span class='ocrx_word' id='word_1_420' title='bbox 357 2223 515 2293; x_wconf 52' lang='lat' dir='ltr'>§uramenti</span> <span class='ocrx_word' id='word_1_421' title='bbox 529 2222 693 2261; x_wconf 88' lang='lat' dir='ltr'>hujusmodi</span> <span class='ocrx_word' id='word_1_422' title='bbox 709 2223 828 2255; x_wconf 83' lang='lat' dir='ltr'>seriatim</span> <span class='ocrx_word' id='word_1_423' title='bbox 841 2233 891 2262; x_wconf 87' lang='lat' dir='ltr'>per</span> <span class='ocrx_word' id='word_1_424' title='bbox 903 2231 962 2255; x_wconf 89' lang='lat' dir='ltr'>tuas</span> <span class='ocrx_word' id='word_1_425' title='bbox 974 2232 1097 2265; x_wconf 80' lang='lat' dir='ltr'>patentes</span> <span class='ocrx_word' id='word_1_426' title='bbox 1112 2225 1187 2268; x_wconf 78' lang='lat' dir='ltr'>litte-</span> 
     </span>
     <span class='ocr_line' id='line_1_79' title="bbox 378 2261 1185 2311; baseline 0.004 -20"><span class='ocrx_word' id='word_1_427' title='bbox 378 2262 472 2301; x_wconf 84' lang='lat' dir='ltr'>igillo,</span> <span class='ocrx_word' id='word_1_428' title='bbox 490 2262 524 2293; x_wconf 90' lang='lat'>&amp;</span> <span class='ocrx_word' id='word_1_429' title='bbox 544 2262 625 2311; x_wconf 78' lang='lat' dir='ltr'>ipsius</span> <span class='ocrx_word' id='word_1_430' title='bbox 644 2261 809 2302; x_wconf 88' lang='lat' dir='ltr'>Edmundi,</span> <span class='ocrx_word' id='word_1_431' title='bbox 827 2263 900 2294; x_wconf 87' lang='lat' dir='ltr'>bulla</span> <span class='ocrx_word' id='word_1_432' title='bbox 923 2273 1004 2294; x_wconf 83' lang='lat' dir='ltr'>aurea</span> <span class='ocrx_word' id='word_1_433' title='bbox 1017 2264 1101 2294; x_wconf 90' lang='lat' dir='ltr'>nobis</span> <span class='ocrx_word' id='word_1_434' title='bbox 1116 2272 1185 2294; x_wconf 84' lang='lat' dir='ltr'>mit-</span> 
     </span>
    </p>
   </div>
   <div class='ocr_carea' id='block_1_21' title="bbox 164 2836 1152 2879">
    <p class='ocr_par' dir='ltr' id='par_1_33' title="bbox 164 2836 1152 2879">
     <span class='ocr_line' id='line_1_80' title="bbox 164 2836 1152 2879; baseline 0.001 -11"><span class='ocrx_word' id='word_1_435' title='bbox 164 2836 236 2869; x_wconf 86' lang='lat' dir='ltr'>Dat.</span> <span class='ocrx_word' id='word_1_436' title='bbox 249 2836 394 2879; x_wconf 82' lang='lat' dir='ltr'>Neapoli,</span> <span class='ocrx_word' id='word_1_437' title='bbox 413 2847 449 2869; x_wconf 87' lang='lat'>12</span> <span class='ocrx_word' id='word_1_438' title='bbox 463 2837 529 2870; x_wconf 90' lang='lat' dir='ltr'>Kal.</span> <span class='ocrx_word' id='word_1_439' title='bbox 535 2837 634 2879; x_wconf 89' lang='lat' dir='ltr'>Junii,</span> <span class='ocrx_word' id='word_1_440' title='bbox 652 2838 838 2870; x_wconf 78' lang='lat' dir='ltr'>Pontificatfis</span> <span class='ocrx_word' id='word_1_441' title='bbox 853 2838 944 2870; x_wconf 89' lang='lat' dir='ltr'>nostri</span> <span class='ocrx_word' id='word_1_442' title='bbox 957 2849 1034 2870; x_wconf 85' lang='lat' dir='ltr'>anno</span> <span class='ocrx_word' id='word_1_443' title='bbox 1048 2840 1152 2878; x_wconf 87' lang='lat' dir='ltr'>primo.</span> 
     </span>
    </p>
   </div>
   <div class='ocr_carea' id='block_1_22' title="bbox 455 2914 1058 2958">
    <p class='ocr_par' dir='ltr' id='par_1_34' title="bbox 455 2914 1058 2958">
     <span class='ocr_line' id='line_1_81' title="bbox 455 2914 1058 2958; baseline 0 -12"><span class='ocrx_word' id='word_1_444' title='bbox 455 2915 582 2947; x_wconf 80' lang='lat' dir='ltr'>Plumbeo</span> <span class='ocrx_word' id='word_1_445' title='bbox 597 2914 687 2955; x_wconf 80' lang='lat' dir='ltr'>Sigillo</span> <span class='ocrx_word' id='word_1_446' title='bbox 693 2916 827 2956; x_wconf 83' lang='lat' dir='ltr'>pendente</span> <span class='ocrx_word' id='word_1_447' title='bbox 838 2927 858 2947; x_wconf 85' lang='lat' dir='ltr'><em>a</em></span> <span class='ocrx_word' id='word_1_448' title='bbox 864 2914 919 2958; x_wconf 84' lang='lat' dir='ltr'>filo</span> <span class='ocrx_word' id='word_1_449' title='bbox 932 2915 1058 2947; x_wconf 83' lang='lat' dir='ltr'>canabeo.</span> 
     </span>
    </p>
   </div>
   <div class='ocr_carea' id='block_1_23' title="bbox 132 3050 1192 3153">
    <p class='ocr_par' dir='ltr' id='par_1_35' title="bbox 132 3050 1192 3153">
     <span class='ocr_line' id='line_1_82' title="bbox 132 3050 1192 3106; baseline 0.004 -18"><span class='ocrx_word' id='word_1_450' title='bbox 132 3050 220 3088; x_wconf 67' lang='lat' dir='ltr'>*De</span> <span class='ocrx_word' id='word_1_451' title='bbox 235 3053 432 3100; x_wconf 84' lang='lat' dir='ltr'>prohibitione</span> <span class='ocrx_word' id='word_1_452' title='bbox 456 3061 671 3101; x_wconf 77' lang='lat' dir='ltr'>torneamenti,</span> <span class='ocrx_word' id='word_1_453' title='bbox 697 3071 728 3092; x_wconf 82' lang='lat' dir='ltr'>eo</span> <span class='ocrx_word' id='word_1_454' title='bbox 750 3057 832 3106; x_wconf 79' lang='lat' dir='ltr'>quod</span> <span class='ocrx_word' id='word_1_455' title='bbox 845 3057 1023 3092; x_wconf 79' lang='lat' dir='ltr'>Edwardus</span> <span class='ocrx_word' id='word_1_456' title='bbox 1044 3060 1142 3094; x_wconf 82' lang='lat' dir='ltr'>Filius</span> <span class='ocrx_word' id='word_1_457' title='bbox 1160 3063 1192 3093; x_wconf 87' lang='lat' dir='ltr'>in</span> 
     </span>
     <span class='ocr_line' id='line_1_83' title="bbox 350 3105 968 3153; baseline 0.006 -15"><span class='ocrx_word' id='word_1_458' title='bbox 350 3108 449 3152; x_wconf 82' lang='lat' dir='ltr'>gravi</span> <span class='ocrx_word' id='word_1_459' title='bbox 463 3106 594 3153; x_wconf 82' lang='lat' dir='ltr'>periculo</span> <span class='ocrx_word' id='word_1_460' title='bbox 623 3105 721 3152; x_wconf 64' lang='lat' dir='ltr'>existit</span> <span class='ocrx_word' id='word_1_461' title='bbox 749 3111 781 3141; x_wconf 76' lang='lat' dir='ltr'>in</span> <span class='ocrx_word' id='word_1_462' title='bbox 801 3106 856 3141; x_wconf 83' lang='lat' dir='ltr'>Wa</span> <span class='ocrx_word' id='word_1_463' title='bbox 871 3109 968 3142; x_wconf 82' lang='lat' dir='ltr'>conia.</span> 
     </span>
    </p>
   </div>
   <div class='ocr_carea' id='block_1_24' title="bbox 136 3197 1204 3900">
    <p class='ocr_par' dir='ltr' id='par_1_36' title="bbox 136 3197 1196 3435">
     <span class='ocr_line' id='line_1_84' title="bbox 136 3197 1195 3254; baseline 0.004 -24"><span class='ocrx_word' id='word_1_464' title='bbox 136 3197 224 3254; x_wconf 82' lang='lat' dir='ltr'>RE</span> <span class='ocrx_word' id='word_1_465' title='bbox 233 3198 266 3231; x_wconf 93' lang='lat' dir='ltr'>X</span> <span class='ocrx_word' id='word_1_466' title='bbox 282 3198 461 3245; x_wconf 76' lang='lat' dir='ltr'>Comitibus,</span> <span class='ocrx_word' id='word_1_467' title='bbox 476 3199 647 3246; x_wconf 72' lang='lat' dir='ltr'>Batonibus,</span> <span class='ocrx_word' id='word_1_468' title='bbox 665 3201 820 3248; x_wconf 76' lang='lat' dir='ltr'>Militibus,</span> <span class='ocrx_word' id='word_1_469' title='bbox 835 3202 869 3235; x_wconf 90' lang='lat'>&amp;</span> <span class='ocrx_word' id='word_1_470' title='bbox 882 3203 1021 3248; x_wconf 75' lang='lat' dir='ltr'>omnibus</span> <span class='ocrx_word' id='word_1_471' title='bbox 1033 3203 1090 3235; x_wconf 88' lang='lat' dir='ltr'>aliis</span> <span class='ocrx_word' id='word_1_472' title='bbox 1123 3212 1195 3234; x_wconf 87' lang='lat' dir='ltr'>con-</span> 
     </span>
     <span class='ocr_line' id='line_1_85' title="bbox 161 3226 1196 3309; baseline 0.004 -40"><span class='ocrx_word' id='word_1_473' title='bbox 161 3239 425 3308; x_wconf 45' lang='lat' dir='ltr'>eangffimssqdzffid</span> <span class='ocrx_word' id='word_1_474' title='bbox 436 3239 569 3309; x_wconf 48' lang='lat' dir='ltr'>sgldssffl’</span> <span class='ocrx_word' id='word_1_475' title='bbox 584 3250 615 3270; x_wconf 89' lang='lat' dir='ltr'>m</span> <span class='ocrx_word' id='word_1_476' title='bbox 634 3240 742 3273; x_wconf 67' lang='lat' dir='ltr'>oetabis</span> <span class='ocrx_word' id='word_1_477' title='bbox 763 3242 875 3274; x_wconf 72' lang='lat' dir='ltr'>sanetae</span> <span class='ocrx_word' id='word_1_478' title='bbox 889 3241 1052 3281; x_wconf 74' lang='lat' dir='ltr'>Trinitatis,</span> <span class='ocrx_word' id='word_1_479' title='bbox 1069 3226 1107 3275; x_wconf 78' lang='lat' dir='ltr'>ad</span> <span class='ocrx_word' id='word_1_480' title='bbox 1116 3242 1196 3274; x_wconf 88' lang='lat' dir='ltr'>Tor-</span> 
     </span>
     <span class='ocr_line' id='line_1_86' title="bbox 327 3288 558 3308; baseline 0.004 -1"><span class='ocrx_word' id='word_1_481' title='bbox 327 3288 336 3307; x_wconf 90' lang='lat'>1</span> <span class='ocrx_word' id='word_1_482' title='bbox 551 3300 558 3308; x_wconf 76' lang='lat'><strong>·</strong></span> 
     </span>
     <span class='ocr_line' id='line_1_87' title="bbox 140 3287 1196 3360; baseline 0.005 -15"><span class='ocrx_word' id='word_1_483' title='bbox 140 3287 160 3308; x_wconf 76' lang='lat' dir='ltr'>n</span> <span class='ocrx_word' id='word_1_484' title='bbox 177 3315 260 3346; x_wconf 88' lang='lat' dir='ltr'>Licet</span> <span class='ocrx_word' id='word_1_485' title='bbox 278 3325 373 3359; x_wconf 40' lang='lat' dir='ltr'>nuper·</span> <span class='ocrx_word' id='word_1_486' title='bbox 389 3300 463 3359; x_wconf 62' lang='lat' dir='ltr'>apud</span> <span class='ocrx_word' id='word_1_487' title='bbox 474 3315 655 3355; x_wconf 84' lang='lat' dir='ltr'>Clarendon,</span> <span class='ocrx_word' id='word_1_488' title='bbox 670 3317 706 3348; x_wconf 86' lang='lat' dir='ltr'>ad</span> <span class='ocrx_word' id='word_1_489' title='bbox 717 3318 875 3351; x_wconf 87' lang='lat' dir='ltr'>instantiam</span> <span class='ocrx_word' id='word_1_490' title='bbox 889 3319 981 3350; x_wconf 87' lang='lat' dir='ltr'>Ducis</span> <span class='ocrx_word' id='word_1_491' title='bbox 995 3318 1146 3360; x_wconf 87' lang='lat' dir='ltr'>Limburg.</span> <span class='ocrx_word' id='word_1_492' title='bbox 1162 3319 1196 3350; x_wconf 90' lang='lat'>&amp;</span> 
     </span>
     <span class='ocr_line' id='line_1_88' title="bbox 137 3353 1195 3397; baseline 0.005 -13"><span class='ocrx_word' id='word_1_493' title='bbox 137 3353 261 3385; x_wconf 87' lang='lat' dir='ltr'>Domini</span> <span class='ocrx_word' id='word_1_494' title='bbox 281 3353 404 3384; x_wconf 85' lang='lat' dir='ltr'>Henrici</span> <span class='ocrx_word' id='word_1_495' title='bbox 417 3354 454 3384; x_wconf 91' lang='lat' dir='ltr'>de</span> <span class='ocrx_word' id='word_1_496' title='bbox 468 3353 665 3392; x_wconf 83' lang='lat' dir='ltr'>Leffingburn.</span> <span class='ocrx_word' id='word_1_497' title='bbox 685 3355 826 3389; x_wconf 86' lang='lat' dir='ltr'>licentiam</span> <span class='ocrx_word' id='word_1_498' title='bbox 840 3358 923 3389; x_wconf 88' lang='lat' dir='ltr'>vobis</span> <span class='ocrx_word' id='word_1_499' title='bbox 941 3357 1098 3389; x_wconf 83' lang='lat' dir='ltr'>dederimus</span> <span class='ocrx_word' id='word_1_500' title='bbox 1112 3381 1122 3397; x_wconf 93' lang='lat'>,</span> <span class='ocrx_word' id='word_1_501' title='bbox 1141 3358 1195 3389; x_wconf 83' lang='lat' dir='ltr'>hac</span> 
     </span>
     <span class='ocr_line' id='line_1_89' title="bbox 140 3391 937 3435; baseline 0.004 -11"><span class='ocrx_word' id='word_1_502' title='bbox 140 3394 221 3431; x_wconf 86' lang='lat' dir='ltr'>vice,</span> <span class='ocrx_word' id='word_1_503' title='bbox 237 3394 268 3423; x_wconf 89' lang='lat' dir='ltr'>in</span> <span class='ocrx_word' id='word_1_504' title='bbox 280 3392 389 3423; x_wconf 70' lang='lat' dir='ltr'>octabis</span> <span class='ocrx_word' id='word_1_505' title='bbox 401 3391 555 3432; x_wconf 70' lang='lat' dir='ltr'>praedietis,</span> <span class='ocrx_word' id='word_1_506' title='bbox 573 3393 721 3425; x_wconf 90' lang='lat' dir='ltr'>torneandi</span> <span class='ocrx_word' id='word_1_507' title='bbox 734 3395 807 3435; x_wconf 86' lang='lat' dir='ltr'>apud</span> <span class='ocrx_word' id='word_1_508' title='bbox 821 3395 937 3427; x_wconf 87' lang='lat' dir='ltr'>Elidam.</span> 
     </span>
    </p>

    <p class='ocr_par' dir='ltr' id='par_1_37' title="bbox 137 3429 1200 3695">
     <span class='ocr_line' id='line_1_90' title="bbox 172 3429 1198 3476; baseline 0.003 -14"><span class='ocrx_word' id='word_1_509' title='bbox 172 3431 250 3471; x_wconf 83' lang='lat' dir='ltr'>Qia</span> <span class='ocrx_word' id='word_1_510' title='bbox 270 3439 367 3462; x_wconf 89' lang='lat' dir='ltr'>tamen</span> <span class='ocrx_word' id='word_1_511' title='bbox 384 3429 573 3475; x_wconf 82' lang='lat' dir='ltr'>postmodum</span> <span class='ocrx_word' id='word_1_512' title='bbox 584 3431 656 3476; x_wconf 62' lang='lat' dir='ltr'>pales</span> <span class='ocrx_word' id='word_1_513' title='bbox 676 3431 831 3464; x_wconf 86' lang='lat' dir='ltr'>audivimus</span> <span class='ocrx_word' id='word_1_514' title='bbox 852 3444 977 3468; x_wconf 85' lang='lat' dir='ltr'>rumores</span> <span class='ocrx_word' id='word_1_515' title='bbox 991 3435 1028 3466; x_wconf 93' lang='lat' dir='ltr'>de</span> <span class='ocrx_word' id='word_1_516' title='bbox 1043 3435 1120 3467; x_wconf 83' lang='lat' dir='ltr'>Statu</span> <span class='ocrx_word' id='word_1_517' title='bbox 1136 3434 1198 3465; x_wconf 94' lang='lat' dir='ltr'>Ed-</span> 
     </span>
     <span class='ocr_line' id='line_1_91' title="bbox 138 3468 1195 3516; baseline 0.003 -16"><span class='ocrx_word' id='word_1_518' title='bbox 138 3472 226 3500; x_wconf 85' lang='lat' dir='ltr'>wardi</span> <span class='ocrx_word' id='word_1_519' title='bbox 245 3469 293 3500; x_wconf 89' lang='lat' dir='ltr'>filii</span> <span class='ocrx_word' id='word_1_520' title='bbox 306 3468 394 3500; x_wconf 89' lang='lat' dir='ltr'>nostri</span> <span class='ocrx_word' id='word_1_521' title='bbox 407 3477 439 3499; x_wconf 86' lang='lat' dir='ltr'>m</span> <span class='ocrx_word' id='word_1_522' title='bbox 452 3468 623 3514; x_wconf 76' lang='lat' dir='ltr'>Wascoma,</span> <span class='ocrx_word' id='word_1_523' title='bbox 640 3471 718 3516; x_wconf 84' lang='lat' dir='ltr'>quod</span> <span class='ocrx_word' id='word_1_524' title='bbox 731 3471 801 3503; x_wconf 88' lang='lat' dir='ltr'>ficut</span> <span class='ocrx_word' id='word_1_525' title='bbox 812 3472 902 3510; x_wconf 77' lang='lat' dir='ltr'>ipsum</span> <span class='ocrx_word' id='word_1_526' title='bbox 915 3474 1099 3512; x_wconf 85' lang='lat' dir='ltr'>indempnem</span> <span class='ocrx_word' id='word_1_527' title='bbox 1107 3497 1117 3513; x_wconf 90' lang='lat'>‚</span> <span class='ocrx_word' id='word_1_528' title='bbox 1131 3474 1165 3505; x_wconf 91' lang='lat'>&amp;</span> <span class='ocrx_word' id='word_1_529' title='bbox 1180 3483 1195 3503; x_wconf 88' lang='lat' dir='ltr'>a</span> 
     </span>
     <span class='ocr_line' id='line_1_92' title="bbox 137 3507 1198 3554; baseline 0.003 -14"><span class='ocrx_word' id='word_1_530' title='bbox 137 3508 266 3553; x_wconf 72' lang='lat' dir='ltr'>periculis</span> <span class='ocrx_word' id='word_1_531' title='bbox 284 3508 448 3539; x_wconf 86' lang='lat' dir='ltr'>conservare</span> <span class='ocrx_word' id='word_1_532' title='bbox 460 3507 636 3554; x_wconf 47' lang='lat' dir='ltr'>voluerimus.</span> <span class='ocrx_word' id='word_1_533' title='bbox 647 3518 826 3550; x_wconf 85' lang='lat' dir='ltr'>immunem,</span> <span class='ocrx_word' id='word_1_534' title='bbox 842 3511 975 3544; x_wconf 86' lang='lat' dir='ltr'>festinum</span> <span class='ocrx_word' id='word_1_535' title='bbox 989 3513 1024 3544; x_wconf 87' lang='lat' dir='ltr'>ad</span> <span class='ocrx_word' id='word_1_536' title='bbox 1035 3514 1092 3552; x_wconf 86' lang='lat' dir='ltr'>ejus</span> <span class='ocrx_word' id='word_1_537' title='bbox 1105 3522 1198 3551; x_wconf 84' lang='lat' dir='ltr'>nego-</span> 
     </span>
     <span class='ocr_line' id='line_1_93' title="bbox 138 3546 1199 3633; baseline 0.002 -16"><span class='ocrx_word' id='word_1_538' title='bbox 138 3546 688 3630; x_wconf 37' lang='lat' dir='ltr'>naffiglliririiissflsnssgaeggreengffiqihllffi</span> <span class='ocrx_word' id='word_1_539' title='bbox 695 3559 810 3632; x_wconf 42' lang='lat' dir='ltr'>{debetis</span> <span class='ocrx_word' id='word_1_540' title='bbox 829 3589 924 3628; x_wconf 89' lang='lat' dir='ltr'>quod,</span> <span class='ocrx_word' id='word_1_541' title='bbox 940 3590 1001 3628; x_wconf 84' lang='lat' dir='ltr'>ipso</span> <span class='ocrx_word' id='word_1_542' title='bbox 1024 3589 1088 3633; x_wconf 81' lang='lat' dir='ltr'>filio</span> <span class='ocrx_word' id='word_1_543' title='bbox 1100 3588 1199 3619; x_wconf 90' lang='lat' dir='ltr'>nostro</span> 
     </span>
     <span class='ocr_line' id='line_1_94' title="bbox 141 3622 1200 3672; baseline 0.003 -17"><span class='ocrx_word' id='word_1_544' title='bbox 141 3625 172 3655; x_wconf 88' lang='lat' dir='ltr'>in</span> <span class='ocrx_word' id='word_1_545' title='bbox 192 3624 263 3672; x_wconf 81' lang='lat' dir='ltr'>adeo</span> <span class='ocrx_word' id='word_1_546' title='bbox 282 3632 362 3664; x_wconf 72' lang='lat' dir='ltr'>gravi</span> <span class='ocrx_word' id='word_1_547' title='bbox 380 3622 513 3655; x_wconf 85' lang='lat' dir='ltr'>existente</span> <span class='ocrx_word' id='word_1_548' title='bbox 534 3624 681 3664; x_wconf 81' lang='lat' dir='ltr'>periculo,</span> <span class='ocrx_word' id='word_1_549' title='bbox 698 3623 822 3665; x_wconf 77' lang='lat' dir='ltr'>ibidem,</span> <span class='ocrx_word' id='word_1_550' title='bbox 839 3627 887 3660; x_wconf 86' lang='lat' dir='ltr'>vel</span> <span class='ocrx_word' id='word_1_551' title='bbox 905 3628 971 3660; x_wconf 87' lang='lat' dir='ltr'>alibi</span> <span class='ocrx_word' id='word_1_552' title='bbox 993 3628 1046 3660; x_wconf 84' lang='lat' dir='ltr'>hac</span> <span class='ocrx_word' id='word_1_553' title='bbox 1060 3638 1125 3660; x_wconf 89' lang='lat' dir='ltr'>vice</span> <span class='ocrx_word' id='word_1_554' title='bbox 1139 3635 1200 3659; x_wconf 92' lang='lat' dir='ltr'>tor-</span> 
     </span>
     <span class='ocr_line' id='line_1_95' title="bbox 141 3673 237 3695; baseline 0.01 -1"><span class='ocrx_word' id='word_1_555' title='bbox 141 3673 237 3695; x_wconf 87' lang='lat' dir='ltr'>neatis.</span> 
     </span>
    </p>

    <p class='ocr_par' dir='ltr' id='par_1_38' title="bbox 142 3700 1204 3900">
     <span class='ocr_line' id='line_1_96' title="bbox 178 3700 1202 3745; baseline 0.005 -13"><span class='ocrx_word' id='word_1_556' title='bbox 178 3701 219 3733; x_wconf 90' lang='lat' dir='ltr'>Et</span> <span class='ocrx_word' id='word_1_557' title='bbox 233 3703 298 3735; x_wconf 90' lang='lat' dir='ltr'>ideo</span> <span class='ocrx_word' id='word_1_558' title='bbox 311 3701 393 3734; x_wconf 89' lang='lat' dir='ltr'>vobis</span> <span class='ocrx_word' id='word_1_559' title='bbox 407 3701 572 3733; x_wconf 87' lang='lat' dir='ltr'>mandamus</span> <span class='ocrx_word' id='word_1_560' title='bbox 585 3703 616 3732; x_wconf 90' lang='lat' dir='ltr'>in</span> <span class='ocrx_word' id='word_1_561' title='bbox 629 3700 702 3740; x_wconf 86' lang='lat' dir='ltr'>fide,</span> <span class='ocrx_word' id='word_1_562' title='bbox 715 3701 868 3743; x_wconf 84' lang='lat' dir='ltr'>homagio,</span> <span class='ocrx_word' id='word_1_563' title='bbox 886 3703 921 3735; x_wconf 88' lang='lat'>&amp;</span> <span class='ocrx_word' id='word_1_564' title='bbox 934 3704 1087 3737; x_wconf 58' lang='lat' dir='ltr'>dilectione</span> <span class='ocrx_word' id='word_1_565' title='bbox 1100 3705 1202 3745; x_wconf 90' lang='lat' dir='ltr'>quibus</span> 
     </span>
     <span class='ocr_line' id='line_1_97' title="bbox 142 3740 1202 3784; baseline 0.004 -14"><span class='ocrx_word' id='word_1_566' title='bbox 142 3741 226 3772; x_wconf 85' lang='lat' dir='ltr'>nobis</span> <span class='ocrx_word' id='word_1_567' title='bbox 243 3741 394 3779; x_wconf 89' lang='lat' dir='ltr'>tenemini,</span> <span class='ocrx_word' id='word_1_568' title='bbox 411 3740 559 3771; x_wconf 61' lang='lat' dir='ltr'>districtius</span> <span class='ocrx_word' id='word_1_569' title='bbox 578 3740 657 3781; x_wconf 87' lang='lat' dir='ltr'>super</span> <span class='ocrx_word' id='word_1_570' title='bbox 678 3750 779 3771; x_wconf 88' lang='lat' dir='ltr'>omnes</span> <span class='ocrx_word' id='word_1_571' title='bbox 797 3749 881 3773; x_wconf 84' lang='lat' dir='ltr'>terras</span> <span class='ocrx_word' id='word_1_572' title='bbox 894 3744 928 3775; x_wconf 73' lang='grc' dir='ltr'>δε</span> <span class='ocrx_word' id='word_1_573' title='bbox 943 3751 1120 3783; x_wconf 87' lang='lat' dir='ltr'>tenementa,</span> <span class='ocrx_word' id='word_1_574' title='bbox 1136 3754 1202 3784; x_wconf 89' lang='lat' dir='ltr'>quae</span> 
     </span>
     <span class='ocr_line' id='line_1_98' title="bbox 143 3778 1204 3820; baseline 0.005 -12"><span class='ocrx_word' id='word_1_575' title='bbox 143 3778 181 3808; x_wconf 87' lang='lat' dir='ltr'>de</span> <span class='ocrx_word' id='word_1_576' title='bbox 198 3781 295 3820; x_wconf 86' lang='lat' dir='ltr'>nobis,</span> <span class='ocrx_word' id='word_1_577' title='bbox 312 3779 359 3811; x_wconf 92' lang='lat' dir='ltr'>vel</span> <span class='ocrx_word' id='word_1_578' title='bbox 372 3779 429 3810; x_wconf 85' lang='lat' dir='ltr'>aliis</span> <span class='ocrx_word' id='word_1_579' title='bbox 442 3780 472 3809; x_wconf 89' lang='lat' dir='ltr'>in</span> <span class='ocrx_word' id='word_1_580' title='bbox 484 3778 592 3820; x_wconf 84' lang='lat' dir='ltr'>Regno</span> <span class='ocrx_word' id='word_1_581' title='bbox 604 3779 704 3810; x_wconf 84' lang='lat' dir='ltr'>nostro</span> <span class='ocrx_word' id='word_1_582' title='bbox 716 3780 814 3810; x_wconf 89' lang='lat' dir='ltr'>tenetis</span> <span class='ocrx_word' id='word_1_583' title='bbox 846 3780 1001 3813; x_wconf 83' lang='lat' dir='ltr'>inhibentes</span> <span class='ocrx_word' id='word_1_584' title='bbox 1013 3793 1050 3815; x_wconf 89' lang='lat' dir='ltr'>ne</span> <span class='ocrx_word' id='word_1_585' title='bbox 1063 3783 1122 3814; x_wconf 92' lang='lat' dir='ltr'>ullo</span> <span class='ocrx_word' id='word_1_586' title='bbox 1136 3792 1204 3813; x_wconf 90' lang='lat' dir='ltr'>mo-</span> 
     </span>
     <span class='ocr_line' id='line_1_99' title="bbox 144 3802 1202 3865; baseline 0.005 -19"><span class='ocrx_word' id='word_1_587' title='bbox 144 3815 203 3856; x_wconf 88' lang='lat' dir='ltr'>do,</span> <span class='ocrx_word' id='word_1_588' title='bbox 220 3819 302 3851; x_wconf 71' lang='lat' dir='ltr'>diffls</span> <span class='ocrx_word' id='word_1_589' title='bbox 324 3817 370 3848; x_wconf 90' lang='lat' dir='ltr'>die</span> <span class='ocrx_word' id='word_1_590' title='bbox 382 3818 415 3849; x_wconf 91' lang='lat'>&amp;</span> <span class='ocrx_word' id='word_1_591' title='bbox 428 3818 514 3857; x_wconf 86' lang='lat' dir='ltr'>loco,</span> <span class='ocrx_word' id='word_1_592' title='bbox 532 3818 578 3850; x_wconf 91' lang='lat' dir='ltr'>vel</span> <span class='ocrx_word' id='word_1_593' title='bbox 591 3818 647 3849; x_wconf 88' lang='lat' dir='ltr'>aliis</span> <span class='ocrx_word' id='word_1_594' title='bbox 660 3817 758 3849; x_wconf 88' lang='lat' dir='ltr'>diebus</span> <span class='ocrx_word' id='word_1_595' title='bbox 770 3818 804 3849; x_wconf 90' lang='lat'>&amp;</span> <span class='ocrx_word' id='word_1_596' title='bbox 819 3802 903 3858; x_wconf 85' lang='lat' dir='ltr'>locis,</span> <span class='ocrx_word' id='word_1_597' title='bbox 920 3819 973 3852; x_wconf 88' lang='lat' dir='ltr'>hac</span> <span class='ocrx_word' id='word_1_598' title='bbox 988 3822 1070 3859; x_wconf 84' lang='lat' dir='ltr'>vice,</span> <span class='ocrx_word' id='word_1_599' title='bbox 1084 3820 1131 3852; x_wconf 88' lang='lat' dir='ltr'>vel</span> <span class='ocrx_word' id='word_1_600' title='bbox 1145 3821 1202 3865; x_wconf 79' lang='lat' dir='ltr'>alio</span> 
     </span>
     <span class='ocr_line' id='line_1_100' title="bbox 146 3856 1201 3900; baseline 0.005 -14"><span class='ocrx_word' id='word_1_601' title='bbox 146 3858 290 3899; x_wconf 79' lang='lat' dir='ltr'>termino,</span> <span class='ocrx_word' id='word_1_602' title='bbox 306 3863 434 3890; x_wconf 65' lang='lat' dir='ltr'>tomeun:</span> <span class='ocrx_word' id='word_1_603' title='bbox 445 3858 631 3900; x_wconf 74' lang='lat' dir='ltr'>praesumatis,</span> <span class='ocrx_word' id='word_1_604' title='bbox 647 3856 704 3891; x_wconf 76' lang='lat' dir='ltr'>sine</span> <span class='ocrx_word' id='word_1_605' title='bbox 717 3856 863 3891; x_wconf 79' lang='lat' dir='ltr'>voluntate</span> <span class='ocrx_word' id='word_1_606' title='bbox 875 3858 989 3900; x_wconf 71' lang='lat' dir='ltr'>nostra,</span> <span class='ocrx_word' id='word_1_607' title='bbox 1001 3860 1041 3894; x_wconf 86' lang='lat' dir='ltr'>set</span> <span class='ocrx_word' id='word_1_608' title='bbox 1055 3860 1092 3894; x_wconf 87' lang='lat' dir='ltr'>fic</span> <span class='ocrx_word' id='word_1_609' title='bbox 1107 3868 1159 3892; x_wconf 91' lang='lat' dir='ltr'>vos</span> <span class='ocrx_word' id='word_1_610' title='bbox 1172 3869 1201 3891; x_wconf 87' lang='lat' dir='ltr'>in</span> 
     </span>
    </p>
   </div>
   <div class='ocr_carea' id='block_1_25' title="bbox 1205 185 1688 232">
    <p class='ocr_par' dir='ltr' id='par_1_39' title="bbox 1205 185 1688 232">
     <span class='ocr_line' id='line_1_101' title="bbox 1205 185 1688 232; baseline 0.008 -4"><span class='ocrx_word' id='word_1_611' title='bbox 1205 185 1688 232; x_wconf 74' lang='lat' dir='ltr'>PUBLicA„</span> 
     </span>
    </p>
   </div>
   <div class='ocr_carea' id='block_1_26' title="bbox 1217 210 2424 395">
    <p class='ocr_par' dir='ltr' id='par_1_40' title="bbox 1217 210 2424 395">
     <span class='ocr_line' id='line_1_102' title="bbox 2196 210 2283 251; baseline 0.057 -5"><span class='ocrx_word' id='word_1_612' title='bbox 2196 210 2213 238; x_wconf 60' lang='grc' dir='ltr'>Ξ</span> <span class='ocrx_word' id='word_1_613' title='bbox 2228 210 2283 251; x_wconf 81' lang='lat'>97</span> 
     </span>
     <span class='ocr_line' id='line_1_103' title="bbox 1217 268 2424 319; baseline 0.009 -17"><span class='ocrx_word' id='word_1_614' title='bbox 1217 268 1273 303; x_wconf 74' lang='lat' dir='ltr'>&#39;hac</span> <span class='ocrx_word' id='word_1_615' title='bbox 1313 280 1371 303; x_wconf 78' lang='lat' dir='ltr'>arte</span> <span class='ocrx_word' id='word_1_616' title='bbox 1393 274 1530 319; x_wconf 75' lang='lat' dir='ltr'>habeatis,</span> <span class='ocrx_word' id='word_1_617' title='bbox 1548 283 1585 305; x_wconf 87' lang='lat' dir='ltr'>ne</span> <span class='ocrx_word' id='word_1_618' title='bbox 1604 275 1638 305; x_wconf 89' lang='lat' dir='ltr'>ad</span> <span class='ocrx_word' id='word_1_619' title='bbox 1658 285 1727 316; x_wconf 83' lang='lat' dir='ltr'>vos,</span> <span class='ocrx_word' id='word_1_620' title='bbox 1746 276 1941 318; x_wconf 70' lang='lat' dir='ltr'>ramquamad</span> <span class='ocrx_word' id='word_1_621' title='bbox 1953 278 2078 312; x_wconf 80' lang='lat' dir='ltr'>mandati</span> <span class='ocrx_word' id='word_1_622' title='bbox 2091 278 2180 312; x_wconf 79' lang='lat' dir='ltr'>nostri</span> <span class='ocrx_word' id='word_1_623' title='bbox 2192 280 2278 314; x_wconf 69' lang='lat' dir='ltr'>trans-</span> <span class='ocrx_word' id='word_1_624' title='bbox 2294 281 2369 314; x_wconf 65' lang='lat' dir='ltr'>Anii,</span> <span class='ocrx_word' id='word_1_625' title='bbox 2386 279 2424 313; x_wconf 66' lang='lat' dir='ltr'>D.</span> 
     </span>
     <span class='ocr_line' id='line_1_104' title="bbox 1220 313 2403 358; baseline 0.008 -19"><span class='ocrx_word' id='word_1_626' title='bbox 1220 319 1269 350; x_wconf 90' lang='lat' dir='ltr'>gre</span> <span class='ocrx_word' id='word_1_627' title='bbox 1292 321 1366 349; x_wconf 81' lang='lat' dir='ltr'>oreS,</span> <span class='ocrx_word' id='word_1_628' title='bbox 1385 322 1507 349; x_wconf 82' lang='lat' dir='ltr'>graviter</span> <span class='ocrx_word' id='word_1_629' title='bbox 1521 322 1620 350; x_wconf 85' lang='lat' dir='ltr'>capere</span> <span class='ocrx_word' id='word_1_630' title='bbox 1633 313 1793 346; x_wconf 70' lang='lat' dir='ltr'>debeamus„</span> <span class='ocrx_word' id='word_1_631' title='bbox 2320 326 2403 358; x_wconf 72' lang='lat'>1255.</span> 
     </span>
     <span class='ocr_line' id='line_1_105' title="bbox 1257 348 2409 395; baseline 0.008 -16"><span class='ocrx_word' id='word_1_632' title='bbox 1257 348 1290 378; x_wconf 88' lang='lat' dir='ltr'>In</span> <span class='ocrx_word' id='word_1_633' title='bbox 1305 351 1397 388; x_wconf 87' lang='lat' dir='ltr'>cujus,</span> <span class='ocrx_word' id='word_1_634' title='bbox 1414 351 1474 381; x_wconf 69' lang='grc' dir='ltr'>ἃς.</span> <span class='ocrx_word' id='word_1_635' title='bbox 2298 364 2362 388; x_wconf 71' lang='lat' dir='ltr'>Heu.</span> <span class='ocrx_word' id='word_1_636' title='bbox 2381 369 2409 395; x_wconf 56' lang='lat' dir='ltr'>3,-i</span> 
     </span>
    </p>
   </div>
   <div class='ocr_carea' id='block_1_27' title="bbox 1256 424 1920 468">
    <p class='ocr_par' dir='ltr' id='par_1_41' title="bbox 1256 424 1920 468">
     <span class='ocr_line' id='line_1_106' title="bbox 1256 424 1920 468; baseline 0.012 -14"><span class='ocrx_word' id='word_1_637' title='bbox 1256 424 1344 455; x_wconf 81' lang='lat' dir='ltr'>Teste</span> <span class='ocrx_word' id='word_1_638' title='bbox 1360 424 1442 465; x_wconf 86' lang='lat' dir='ltr'>Rege</span> <span class='ocrx_word' id='word_1_639' title='bbox 1457 425 1529 463; x_wconf 81' lang='lat' dir='ltr'>apud</span> <span class='ocrx_word' id='word_1_640' title='bbox 1543 425 1715 458; x_wconf 87' lang='lat' dir='ltr'>Clarendon.</span> <span class='ocrx_word' id='word_1_641' title='bbox 1728 437 1764 468; x_wconf 82' lang='lat'>25</span> <span class='ocrx_word' id='word_1_642' title='bbox 1780 430 1825 461; x_wconf 88' lang='lat' dir='ltr'>die</span> <span class='ocrx_word' id='word_1_643' title='bbox 1837 429 1920 462; x_wconf 84' lang='lat' dir='ltr'>Maii.</span> 
     </span>
    </p>
   </div>
   <div class='ocr_carea' id='block_1_28' title="bbox 1219 501 2277 578">
    <p class='ocr_par' dir='ltr' id='par_1_42' title="bbox 1219 501 2277 578">
     <span class='ocr_line' id='line_1_107' title="bbox 1256 501 2277 549; baseline 0.01 -20"><span class='ocrx_word' id='word_1_644' title='bbox 1256 502 1328 530; x_wconf 81' lang='lat' dir='ltr'>Item</span> <span class='ocrx_word' id='word_1_645' title='bbox 1348 502 1508 531; x_wconf 80' lang='lat' dir='ltr'>mandatum</span> <span class='ocrx_word' id='word_1_646' title='bbox 1527 501 1563 541; x_wconf 73' lang='lat' dir='ltr'>est</span> <span class='ocrx_word' id='word_1_647' title='bbox 1583 505 1617 532; x_wconf 90' lang='lat' dir='ltr'>R.</span> <span class='ocrx_word' id='word_1_648' title='bbox 1639 507 1737 533; x_wconf 81' lang='lat' dir='ltr'>Comiti</span> <span class='ocrx_word' id='word_1_649' title='bbox 1757 504 1944 547; x_wconf 71' lang='lat' dir='ltr'>Glaucestriae,</span> <span class='ocrx_word' id='word_1_650' title='bbox 1962 506 2000 544; x_wconf 61' lang='grc' dir='ltr'><strong><em>ὠ</em></strong></span> <span class='ocrx_word' id='word_1_651' title='bbox 2015 510 2198 549; x_wconf 80' lang='lat' dir='ltr'>quadraginta</span> <span class='ocrx_word' id='word_1_652' title='bbox 2212 506 2277 541; x_wconf 63' lang='grc' dir='ltr'>αῆἰε</span> 
     </span>
     <span class='ocr_line' id='line_1_108' title="bbox 1219 539 1538 578; baseline 0.009 -11"><span class='ocrx_word' id='word_1_653' title='bbox 1219 539 1400 575; x_wconf 83' lang='lat' dir='ltr'>Magnatihus</span> <span class='ocrx_word' id='word_1_654' title='bbox 1415 539 1538 578; x_wconf 73' lang='lat' dir='ltr'>Angliae.</span> 
     </span>
    </p>
   </div>
   <div class='ocr_carea' id='block_1_29' title="bbox 1253 614 1490 654">
    <p class='ocr_par' dir='ltr' id='par_1_43' title="bbox 1253 614 1490 654">
     <span class='ocr_line' id='line_1_109' title="bbox 1253 614 1490 654; baseline 0 -9"><span class='ocrx_word' id='word_1_655' title='bbox 1253 614 1344 646; x_wconf 87' lang='lat' dir='ltr'>Teste</span> <span class='ocrx_word' id='word_1_656' title='bbox 1358 624 1387 647; x_wconf 91' lang='lat' dir='ltr'>ut</span> <span class='ocrx_word' id='word_1_657' title='bbox 1403 617 1490 654; x_wconf 81' lang='lat' dir='ltr'>supra..</span> 
     </span>
    </p>
   </div>
   <div class='ocr_carea' id='block_1_30' title="bbox 1220 738 2281 878">
    <p class='ocr_par' dir='ltr' id='par_1_44' title="bbox 1220 738 2281 878">
     <span class='ocr_line' id='line_1_110' title="bbox 1220 738 2280 790; baseline 0.011 -20"><span class='ocrx_word' id='word_1_658' title='bbox 1220 738 1310 770; x_wconf 65' lang='lat' dir='ltr'>Bulla</span> <span class='ocrx_word' id='word_1_659' title='bbox 1338 738 1451 772; x_wconf 51' lang='lat' dir='ltr'>diresin</span> <span class='ocrx_word' id='word_1_660' title='bbox 1478 744 1548 788; x_wconf 82' lang='lat' dir='ltr'>Regi</span> <span class='ocrx_word' id='word_1_661' title='bbox 1575 743 1711 788; x_wconf 73' lang='lat' dir='ltr'>Angliae,</span> <span class='ocrx_word' id='word_1_662' title='bbox 1732 754 1787 790; x_wconf 86' lang='lat' dir='ltr'>pro</span> <span class='ocrx_word' id='word_1_663' title='bbox 1815 744 1918 777; x_wconf 83' lang='lat' dir='ltr'>ordine</span> <span class='ocrx_word' id='word_1_664' title='bbox 1945 745 2138 790; x_wconf 61' lang='lat' dir='ltr'>Cistercienfi,</span> <span class='ocrx_word' id='word_1_665' title='bbox 2163 746 2200 781; x_wconf 88' lang='lat' dir='ltr'>de</span> <span class='ocrx_word' id='word_1_666' title='bbox 2226 747 2280 781; x_wconf 82' lang='lat' dir='ltr'>de-</span> 
     </span>
     <span class='ocr_line' id='line_1_111' title="bbox 1258 788 2281 878; baseline 0.012 -61"><span class='ocrx_word' id='word_1_667' title='bbox 1258 791 1435 878; x_wconf 42' lang='lat' dir='ltr'>ssZZZn’dam</span> <span class='ocrx_word' id='word_1_668' title='bbox 1453 788 1619 833; x_wconf 73' lang='lat' dir='ltr'>sitbstdinm</span> <span class='ocrx_word' id='word_1_669' title='bbox 1645 792 1741 824; x_wconf 66' lang='lat' dir='ltr'>Terre</span> <span class='ocrx_word' id='word_1_670' title='bbox 1768 793 1876 826; x_wconf 59' lang='lat' dir='ltr'>§anffle</span> <span class='ocrx_word' id='word_1_671' title='bbox 1902 795 2026 841; x_wconf 72' lang='lat' dir='ltr'>conccffa</span> <span class='ocrx_word' id='word_1_672' title='bbox 2042 823 2053 840; x_wconf 89' lang='lat'>‚</span> <span class='ocrx_word' id='word_1_673' title='bbox 2073 807 2129 843; x_wconf 86' lang='lat' dir='ltr'>per</span> <span class='ocrx_word' id='word_1_674' title='bbox 2156 807 2200 829; x_wconf 86' lang='lat' dir='ltr'>eos</span> <span class='ocrx_word' id='word_1_675' title='bbox 2224 807 2281 829; x_wconf 80' lang='lat' dir='ltr'>non</span> 
     </span>
    </p>
   </div>
   <div class='ocr_carea' id='block_1_31' title="bbox 1215 917 2435 2619">
    <p class='ocr_par' dir='ltr' id='par_1_45' title="bbox 1215 917 2435 1383">
     <span class='ocr_line' id='line_1_112' title="bbox 1218 917 2435 978; baseline 0.01 -30"><span class='ocrx_word' id='word_1_676' title='bbox 1218 917 1424 978; x_wconf 71' lang='lat' dir='ltr'>ALexandcr</span> <span class='ocrx_word' id='word_1_677' title='bbox 1444 920 1614 964; x_wconf 86' lang='lat' dir='ltr'>Episcopus,</span> <span class='ocrx_word' id='word_1_678' title='bbox 1627 923 1717 954; x_wconf 86' lang='lat' dir='ltr'>servus</span> <span class='ocrx_word' id='word_1_679' title='bbox 1739 925 1883 957; x_wconf 71' lang='lat' dir='ltr'>servorum</span> <span class='ocrx_word' id='word_1_680' title='bbox 1900 927 1975 966; x_wconf 88' lang='lat' dir='ltr'>Dei,</span> <span class='ocrx_word' id='word_1_681' title='bbox 1992 928 2133 958; x_wconf 79' lang='lat' dir='ltr'>carissimo</span> <span class='ocrx_word' id='word_1_682' title='bbox 2153 930 2182 958; x_wconf 90' lang='lat' dir='ltr'>in</span> <span class='ocrx_word' id='word_1_683' title='bbox 2197 928 2285 959; x_wconf 86' lang='lat' dir='ltr'>Chri-</span> <span class='ocrx_word' id='word_1_684' title='bbox 2303 939 2379 973; x_wconf 54' lang='lat' dir='ltr'>Am,</span> <span class='ocrx_word' id='word_1_685' title='bbox 2393 937 2435 971; x_wconf 44' lang='lat' dir='ltr'>D,</span> 
     </span>
     <span class='ocr_line' id='line_1_113' title="bbox 1230 957 2407 1018; baseline 0.011 -32"><span class='ocrx_word' id='word_1_686' title='bbox 1230 995 1234 999; x_wconf 37' lang='grc' dir='ltr'>Ι</span> <span class='ocrx_word' id='word_1_687' title='bbox 1293 957 1337 987; x_wconf 88' lang='lat' dir='ltr'>sto</span> <span class='ocrx_word' id='word_1_688' title='bbox 1362 958 1419 1002; x_wconf 80' lang='lat' dir='ltr'>filio</span> <span class='ocrx_word' id='word_1_689' title='bbox 1449 998 1454 1003; x_wconf 84' lang='lat'><strong>.</strong></span> <span class='ocrx_word' id='word_1_690' title='bbox 1579 962 1653 1001; x_wconf 85' lang='lat' dir='ltr'>Regi</span> <span class='ocrx_word' id='word_1_691' title='bbox 1669 963 1832 1001; x_wconf 84' lang='lat' dir='ltr'>Anglorum</span> <span class='ocrx_word' id='word_1_692' title='bbox 1845 967 1959 1005; x_wconf 84' lang='lat' dir='ltr'>illustri,</span> <span class='ocrx_word' id='word_1_693' title='bbox 1979 967 2091 997; x_wconf 74' lang='lat' dir='ltr'>salutem</span> <span class='ocrx_word' id='word_1_694' title='bbox 2105 966 2139 997; x_wconf 71' lang='grc' dir='ltr'>δε</span> <span class='ocrx_word' id='word_1_695' title='bbox 2155 967 2282 1006; x_wconf 83' lang='lat' dir='ltr'>Aposto-</span> <span class='ocrx_word' id='word_1_696' title='bbox 2324 986 2407 1018; x_wconf 64' lang='lat'>1255,</span> 
     </span>
     <span class='ocr_line' id='line_1_114' title="bbox 1215 994 2405 1046; baseline 0.014 -22"><span class='ocrx_word' id='word_1_697' title='bbox 1215 994 1301 1024; x_wconf 88' lang='lat' dir='ltr'>licam</span> <span class='ocrx_word' id='word_1_698' title='bbox 1317 996 1551 1028; x_wconf 61' lang='lat' dir='ltr'>benedicitionem.</span> <span class='ocrx_word' id='word_1_699' title='bbox 2295 1023 2338 1046; x_wconf 57' lang='lat' dir='ltr'>A,</span> <span class='ocrx_word' id='word_1_700' title='bbox 2370 1028 2405 1045; x_wconf 54' lang='grc' dir='ltr'>μ,</span> 
     </span>
     <span class='ocr_line' id='line_1_115' title="bbox 1241 1032 2415 1085; baseline 0.01 -23"><span class='ocrx_word' id='word_1_701' title='bbox 1241 1032 1446 1078; x_wconf 28' lang='grc' dir='ltr'>ι(Ξίίὶεωί-εηίίε</span> <span class='ocrx_word' id='word_1_702' title='bbox 1465 1037 1571 1066; x_wconf 85' lang='lat' dir='ltr'>ordinis</span> <span class='ocrx_word' id='word_1_703' title='bbox 1586 1038 1766 1076; x_wconf 60' lang='lat' dir='ltr'>professores»,</span> <span class='ocrx_word' id='word_1_704' title='bbox 1784 1041 1857 1070; x_wconf 82' lang='lat' dir='ltr'>inter</span> <span class='ocrx_word' id='word_1_705' title='bbox 1871 1042 1956 1080; x_wconf 84' lang='lat' dir='ltr'>alios,</span> <span class='ocrx_word' id='word_1_706' title='bbox 1975 1044 2022 1079; x_wconf 86' lang='lat' dir='ltr'>qui</span> <span class='ocrx_word' id='word_1_707' title='bbox 2038 1042 2087 1073; x_wconf 91' lang='lat' dir='ltr'>sub</span> <span class='ocrx_word' id='word_1_708' title='bbox 2101 1042 2217 1083; x_wconf 83' lang='lat' dir='ltr'>regulari</span> <span class='ocrx_word' id='word_1_709' title='bbox 2230 1041 2281 1073; x_wconf 84' lang='lat' dir='ltr'>ha·</span> <span class='ocrx_word' id='word_1_710' title='bbox 2298 1062 2325 1085; x_wconf 75' lang='lat' dir='ltr'><em>H</em></span> <span class='ocrx_word' id='word_1_711' title='bbox 2343 1036 2415 1077; x_wconf 35' lang='lat' dir='ltr'>&#39;ss</span> 
     </span>
     <span class='ocr_line' id='line_1_116' title="bbox 1219 1071 2416 1124; baseline 0.011 -23"><span class='ocrx_word' id='word_1_712' title='bbox 1219 1071 1279 1115; x_wconf 74' lang='lat' dir='ltr'>bitu</span> <span class='ocrx_word' id='word_1_713' title='bbox 1289 1110 1293 1115; x_wconf 43' lang='grc'><strong>,</strong></span> <span class='ocrx_word' id='word_1_714' title='bbox 1303 1071 1383 1116; x_wconf 74' lang='lat' dir='ltr'>Regi</span> <span class='ocrx_word' id='word_1_715' title='bbox 1398 1073 1532 1117; x_wconf 79' lang='lat' dir='ltr'>Regum,</span> <span class='ocrx_word' id='word_1_716' title='bbox 1547 1076 1581 1106; x_wconf 90' lang='lat'>&amp;</span> <span class='ocrx_word' id='word_1_717' title='bbox 1595 1075 1803 1107; x_wconf 85' lang='lat' dir='ltr'>dominantium</span> <span class='ocrx_word' id='word_1_718' title='bbox 1820 1078 1952 1108; x_wconf 89' lang='lat' dir='ltr'>Domino</span> <span class='ocrx_word' id='word_1_719' title='bbox 1970 1081 2152 1120; x_wconf 86' lang='lat' dir='ltr'>famulantur,</span> <span class='ocrx_word' id='word_1_720' title='bbox 2171 1082 2211 1111; x_wconf 94' lang='lat' dir='ltr'>ob</span> <span class='ocrx_word' id='word_1_721' title='bbox 2227 1081 2281 1112; x_wconf 83' lang='lat' dir='ltr'>suae</span> <span class='ocrx_word' id='word_1_722' title='bbox 2303 1079 2342 1122; x_wconf 55' lang='lat' dir='ltr'>E}</span> <span class='ocrx_word' id='word_1_723' title='bbox 2355 1078 2416 1124; x_wconf 48' lang='lat' dir='ltr'>Z„</span> 
     </span>
     <span class='ocr_line' id='line_1_117' title="bbox 1218 1109 2357 1162; baseline 0.011 -23"><span class='ocrx_word' id='word_1_724' title='bbox 1218 1109 1266 1140; x_wconf 85' lang='lat' dir='ltr'>reli</span> <span class='ocrx_word' id='word_1_725' title='bbox 1287 1120 1358 1140; x_wconf 85' lang='lat' dir='ltr'>ionis</span> <span class='ocrx_word' id='word_1_726' title='bbox 1373 1120 1488 1150; x_wconf 88' lang='lat' dir='ltr'>merita,</span> <span class='ocrx_word' id='word_1_727' title='bbox 1502 1112 1623 1150; x_wconf 87' lang='lat' dir='ltr'>specialis</span> <span class='ocrx_word' id='word_1_728' title='bbox 1639 1115 1823 1152; x_wconf 65' lang='lat' dir='ltr'>praerooativa</span> <span class='ocrx_word' id='word_1_729' title='bbox 1838 1118 1935 1153; x_wconf 80' lang='lat' dir='ltr'>gratiae</span> <span class='ocrx_word' id='word_1_730' title='bbox 1949 1120 2145 1156; x_wconf 77' lang='lat' dir='ltr'>prosequentes</span> <span class='ocrx_word' id='word_1_731' title='bbox 2163 1119 2283 1159; x_wconf 83' lang='lat' dir='ltr'>(praede-</span> <span class='ocrx_word' id='word_1_732' title='bbox 2301 1117 2329 1162; x_wconf 58' lang='grc' dir='ltr'>ω’</span> <span class='ocrx_word' id='word_1_733' title='bbox 2344 1143 2357 1161; x_wconf 69' lang='lat' dir='ltr'><strong><em>r</em></strong></span> 
     </span>
     <span class='ocr_line' id='line_1_118' title="bbox 1220 1139 2368 1193; baseline 0.01 -15"><span class='ocrx_word' id='word_1_734' title='bbox 1220 1156 1254 1178; x_wconf 93' lang='lat' dir='ltr'>ce</span> <span class='ocrx_word' id='word_1_735' title='bbox 1278 1158 1364 1180; x_wconf 90' lang='lat' dir='ltr'>orum</span> <span class='ocrx_word' id='word_1_736' title='bbox 1385 1149 1474 1180; x_wconf 91' lang='lat' dir='ltr'>nostri</span> <span class='ocrx_word' id='word_1_737' title='bbox 1496 1150 1696 1183; x_wconf 82' lang='lat' dir='ltr'>Romanorum</span> <span class='ocrx_word' id='word_1_738' title='bbox 1717 1139 1894 1184; x_wconf 62' lang='lat' dir='ltr'>ffontificum</span> <span class='ocrx_word' id='word_1_739' title='bbox 1907 1157 1954 1193; x_wconf 88' lang='lat' dir='ltr'>qui</span> <span class='ocrx_word' id='word_1_740' title='bbox 1971 1165 2069 1186; x_wconf 88' lang='lat' dir='ltr'>eorum</span> <span class='ocrx_word' id='word_1_741' title='bbox 2085 1158 2216 1188; x_wconf 84' lang='lat' dir='ltr'>ordinem</span> <span class='ocrx_word' id='word_1_742' title='bbox 2231 1157 2286 1188; x_wconf 92' lang='lat' dir='ltr'>ho·</span> <span class='ocrx_word' id='word_1_743' title='bbox 2325 1143 2341 1171; x_wconf 70' lang='lat' dir='ltr'><em>g</em></span> <span class='ocrx_word' id='word_1_744' title='bbox 2361 1154 2368 1161; x_wconf 77' lang='grc'><em>“</em></span> 
     </span>
     <span class='ocr_line' id='line_1_119' title="bbox 1220 1186 2287 1232; baseline 0.01 -16"><span class='ocrx_word' id='word_1_745' title='bbox 1220 1186 1325 1217; x_wconf 86' lang='lat' dir='ltr'>nestate</span> <span class='ocrx_word' id='word_1_746' title='bbox 1347 1187 1498 1226; x_wconf 79' lang='lat' dir='ltr'>floridum,</span> <span class='ocrx_word' id='word_1_747' title='bbox 1515 1190 1616 1220; x_wconf 87' lang='lat' dir='ltr'>virtute</span> <span class='ocrx_word' id='word_1_748' title='bbox 1637 1191 1804 1221; x_wconf 68' lang='lat' dir='ltr'>saecundum</span> <span class='ocrx_word' id='word_1_749' title='bbox 1823 1192 1980 1223; x_wconf 82' lang='lat' dir='ltr'>extulerunt</span> <span class='ocrx_word' id='word_1_750' title='bbox 1993 1195 2086 1232; x_wconf 84' lang='lat' dir='ltr'>gratiis</span> <span class='ocrx_word' id='word_1_751' title='bbox 2099 1196 2132 1226; x_wconf 90' lang='lat'>&amp;</span> <span class='ocrx_word' id='word_1_752' title='bbox 2144 1196 2287 1227; x_wconf 82' lang='lat' dir='ltr'>favoribus</span> 
     </span>
     <span class='ocr_line' id='line_1_120' title="bbox 1220 1226 2285 1270; baseline 0.01 -15"><span class='ocrx_word' id='word_1_753' title='bbox 1220 1226 1399 1265; x_wconf 84' lang='lat' dir='ltr'>munierunt,</span> <span class='ocrx_word' id='word_1_754' title='bbox 1416 1227 1537 1267; x_wconf 85' lang='lat' dir='ltr'>vestigiis</span> <span class='ocrx_word' id='word_1_755' title='bbox 1550 1228 1713 1264; x_wconf 81' lang='lat' dir='ltr'>insistendo)</span> <span class='ocrx_word' id='word_1_756' title='bbox 1726 1229 1800 1269; x_wconf 89' lang='lat' dir='ltr'>ipsos</span> <span class='ocrx_word' id='word_1_757' title='bbox 1811 1230 1930 1269; x_wconf 86' lang='lat' dir='ltr'>gaudere</span> <span class='ocrx_word' id='word_1_758' title='bbox 1942 1231 2075 1263; x_wconf 86' lang='lat' dir='ltr'>volumus</span> <span class='ocrx_word' id='word_1_759' title='bbox 2084 1255 2092 1270; x_wconf 87' lang='lat'>,</span> <span class='ocrx_word' id='word_1_760' title='bbox 2109 1242 2192 1270; x_wconf 87' lang='lat' dir='ltr'>prout</span> <span class='ocrx_word' id='word_1_761' title='bbox 2205 1243 2285 1265; x_wconf 88' lang='lat' dir='ltr'>tuam</span> 
     </span>
     <span class='ocr_line' id='line_1_121' title="bbox 1221 1264 2287 1310; baseline 0.008 -17"><span class='ocrx_word' id='word_1_762' title='bbox 1221 1264 1463 1305; x_wconf 65' lang='lat' dir='ltr'>mansuetudinem</span> <span class='ocrx_word' id='word_1_763' title='bbox 1483 1266 1557 1297; x_wconf 89' lang='lat' dir='ltr'>velle</span> <span class='ocrx_word' id='word_1_764' title='bbox 1580 1267 1771 1306; x_wconf 84' lang='lat' dir='ltr'>confidimus,</span> <span class='ocrx_word' id='word_1_765' title='bbox 1795 1268 1944 1308; x_wconf 86' lang='lat' dir='ltr'>privilegio</span> <span class='ocrx_word' id='word_1_766' title='bbox 1963 1271 2060 1309; x_wconf 87' lang='lat' dir='ltr'>gratiae</span> <span class='ocrx_word' id='word_1_767' title='bbox 2081 1271 2228 1310; x_wconf 68' lang='lat' dir='ltr'>lingulati,</span> <span class='ocrx_word' id='word_1_768' title='bbox 2253 1274 2287 1303; x_wconf 71' lang='grc' dir='ltr'>δε</span> 
     </span>
     <span class='ocr_line' id='line_1_122' title="bbox 1221 1302 2288 1349; baseline 0.008 -17"><span class='ocrx_word' id='word_1_769' title='bbox 1221 1302 1321 1332; x_wconf 72' lang='lat' dir='ltr'>eisdem</span> <span class='ocrx_word' id='word_1_770' title='bbox 1330 1326 1339 1340; x_wconf 88' lang='lat'>,</span> <span class='ocrx_word' id='word_1_771' title='bbox 1358 1312 1389 1334; x_wconf 88' lang='lat' dir='ltr'>ut</span> <span class='ocrx_word' id='word_1_772' title='bbox 1404 1304 1434 1334; x_wconf 90' lang='lat' dir='ltr'>in</span> <span class='ocrx_word' id='word_1_773' title='bbox 1446 1304 1548 1335; x_wconf 62' lang='lat' dir='ltr'>findiae</span> <span class='ocrx_word' id='word_1_774' title='bbox 1560 1306 1810 1344; x_wconf 83' lang='lat' dir='ltr'>contemplationis</span> <span class='ocrx_word' id='word_1_775' title='bbox 1823 1308 1884 1338; x_wconf 93' lang='lat' dir='ltr'>otio</span> <span class='ocrx_word' id='word_1_776' title='bbox 1899 1317 1959 1338; x_wconf 91' lang='lat' dir='ltr'>non</span> <span class='ocrx_word' id='word_1_777' title='bbox 1973 1309 2138 1349; x_wconf 84' lang='lat' dir='ltr'>turbentur,</span> <span class='ocrx_word' id='word_1_778' title='bbox 2150 1309 2288 1349; x_wconf 87' lang='lat' dir='ltr'>remedio,</span> 
     </span>
     <span class='ocr_line' id='line_1_123' title="bbox 1220 1341 1798 1383; baseline 0.009 -13"><span class='ocrx_word' id='word_1_779' title='bbox 1220 1350 1279 1381; x_wconf 87' lang='lat' dir='ltr'>quo</span> <span class='ocrx_word' id='word_1_780' title='bbox 1296 1351 1363 1372; x_wconf 90' lang='lat' dir='ltr'>cum</span> <span class='ocrx_word' id='word_1_781' title='bbox 1378 1341 1448 1373; x_wconf 90' lang='lat' dir='ltr'>Deo</span> <span class='ocrx_word' id='word_1_782' title='bbox 1462 1343 1623 1383; x_wconf 70' lang='lat' dir='ltr'>possumus,</span> <span class='ocrx_word' id='word_1_783' title='bbox 1641 1344 1798 1382; x_wconf 88' lang='lat' dir='ltr'>providere.</span> 
     </span>
    </p>

    <p class='ocr_par' dir='ltr' id='par_1_46' title="bbox 1220 1378 2291 1656">
     <span class='ocr_line' id='line_1_124' title="bbox 1257 1378 2288 1424; baseline 0.01 -16"><span class='ocrx_word' id='word_1_784' title='bbox 1257 1378 1341 1411; x_wconf 89' lang='lat' dir='ltr'>Licet</span> <span class='ocrx_word' id='word_1_785' title='bbox 1363 1381 1448 1420; x_wconf 84' lang='lat' dir='ltr'>igitur</span> <span class='ocrx_word' id='word_1_786' title='bbox 1468 1381 1579 1412; x_wconf 67' lang='lat' dir='ltr'>dietum</span> <span class='ocrx_word' id='word_1_787' title='bbox 1594 1384 1727 1414; x_wconf 86' lang='lat' dir='ltr'>ordinem</span> <span class='ocrx_word' id='word_1_788' title='bbox 1743 1391 1799 1414; x_wconf 85' lang='lat' dir='ltr'>tuae</span> <span class='ocrx_word' id='word_1_789' title='bbox 1813 1383 2039 1424; x_wconf 85' lang='lat' dir='ltr'>Magnificentiae</span> <span class='ocrx_word' id='word_1_790' title='bbox 2052 1385 2190 1424; x_wconf 78' lang='lat' dir='ltr'>superflue</span> <span class='ocrx_word' id='word_1_791' title='bbox 2203 1396 2288 1418; x_wconf 90' lang='lat' dir='ltr'>com-</span> 
     </span>
     <span class='ocr_line' id='line_1_125' title="bbox 1222 1418 2288 1466; baseline 0.008 -18"><span class='ocrx_word' id='word_1_792' title='bbox 1222 1418 1388 1462; x_wconf 80' lang='lat' dir='ltr'>mendemus</span> <span class='ocrx_word' id='word_1_793' title='bbox 1404 1443 1412 1458; x_wconf 89' lang='lat'>,</span> <span class='ocrx_word' id='word_1_794' title='bbox 1431 1431 1499 1451; x_wconf 89' lang='lat' dir='ltr'>cum</span> <span class='ocrx_word' id='word_1_795' title='bbox 1519 1421 1618 1461; x_wconf 87' lang='lat' dir='ltr'>illum,</span> <span class='ocrx_word' id='word_1_796' title='bbox 1636 1430 1750 1461; x_wconf 87' lang='lat' dir='ltr'>propter</span> <span class='ocrx_word' id='word_1_797' title='bbox 1771 1421 1871 1453; x_wconf 88' lang='lat' dir='ltr'>Deum</span> <span class='ocrx_word' id='word_1_798' title='bbox 1885 1446 1895 1462; x_wconf 90' lang='lat'>,</span> <span class='ocrx_word' id='word_1_799' title='bbox 1914 1424 1960 1454; x_wconf 87' lang='lat' dir='ltr'>cui</span> <span class='ocrx_word' id='word_1_800' title='bbox 1979 1423 2149 1456; x_wconf 77' lang='lat' dir='ltr'>laudabiliter</span> <span class='ocrx_word' id='word_1_801' title='bbox 2172 1426 2288 1466; x_wconf 83' lang='lat' dir='ltr'>militat,</span> 
     </span>
     <span class='ocr_line' id='line_1_126' title="bbox 1222 1457 2289 1505; baseline 0.009 -19"><span class='ocrx_word' id='word_1_802' title='bbox 1222 1464 1252 1487; x_wconf 88' lang='lat' dir='ltr'>te</span> <span class='ocrx_word' id='word_1_803' title='bbox 1265 1457 1378 1496; x_wconf 86' lang='lat' dir='ltr'>diligere</span> <span class='ocrx_word' id='word_1_804' title='bbox 1391 1468 1511 1497; x_wconf 87' lang='lat' dir='ltr'>operum</span> <span class='ocrx_word' id='word_1_805' title='bbox 1525 1459 1692 1490; x_wconf 86' lang='lat' dir='ltr'>testimonio</span> <span class='ocrx_word' id='word_1_806' title='bbox 1707 1462 1896 1500; x_wconf 87' lang='lat' dir='ltr'>comprobes,</span> <span class='ocrx_word' id='word_1_807' title='bbox 1914 1462 2038 1494; x_wconf 85' lang='lat' dir='ltr'>eundem</span> <span class='ocrx_word' id='word_1_808' title='bbox 2052 1464 2083 1493; x_wconf 88' lang='lat' dir='ltr'>in</span> <span class='ocrx_word' id='word_1_809' title='bbox 2096 1471 2148 1494; x_wconf 89' lang='lat' dir='ltr'>tuo</span> <span class='ocrx_word' id='word_1_810' title='bbox 2163 1463 2289 1505; x_wconf 88' lang='lat' dir='ltr'>Regno,</span> 
     </span>
     <span class='ocr_line' id='line_1_127' title="bbox 1221 1496 2289 1542; baseline 0.008 -17"><span class='ocrx_word' id='word_1_811' title='bbox 1221 1503 1304 1533; x_wconf 89' lang='lat' dir='ltr'>prout</span> <span class='ocrx_word' id='word_1_812' title='bbox 1319 1496 1425 1528; x_wconf 80' lang='lat' dir='ltr'>inclitae</span> <span class='ocrx_word' id='word_1_813' title='bbox 1438 1499 1589 1529; x_wconf 82' lang='lat' dir='ltr'>memoriae</span> <span class='ocrx_word' id='word_1_814' title='bbox 1603 1500 1797 1539; x_wconf 87' lang='lat' dir='ltr'>progenitores</span> <span class='ocrx_word' id='word_1_815' title='bbox 1810 1501 1850 1530; x_wconf 89' lang='lat' dir='ltr'>tui</span> <span class='ocrx_word' id='word_1_816' title='bbox 1861 1500 1996 1531; x_wconf 67' lang='lat' dir='ltr'>haetenus</span> <span class='ocrx_word' id='word_1_817' title='bbox 2008 1501 2104 1532; x_wconf 83' lang='lat' dir='ltr'>feciffe</span> <span class='ocrx_word' id='word_1_818' title='bbox 2115 1503 2289 1542; x_wconf 87' lang='lat' dir='ltr'>noscuntur,</span> 
     </span>
     <span class='ocr_line' id='line_1_128' title="bbox 1220 1535 2288 1580; baseline 0.008 -16"><span class='ocrx_word' id='word_1_819' title='bbox 1220 1535 1318 1565; x_wconf 85' lang='lat' dir='ltr'>animo</span> <span class='ocrx_word' id='word_1_820' title='bbox 1339 1536 1493 1576; x_wconf 87' lang='lat' dir='ltr'>generoso,</span> <span class='ocrx_word' id='word_1_821' title='bbox 1510 1538 1604 1576; x_wconf 86' lang='lat' dir='ltr'>gratiis</span> <span class='ocrx_word' id='word_1_822' title='bbox 1625 1538 1658 1568; x_wconf 93' lang='lat'><strong>&amp;</strong></span> <span class='ocrx_word' id='word_1_823' title='bbox 1685 1537 1829 1569; x_wconf 85' lang='lat' dir='ltr'>beneficiis</span> <span class='ocrx_word' id='word_1_824' title='bbox 1846 1539 1997 1577; x_wconf 78' lang='lat' dir='ltr'>magnifice</span> <span class='ocrx_word' id='word_1_825' title='bbox 2017 1539 2176 1580; x_wconf 86' lang='lat' dir='ltr'>dilatando,</span> <span class='ocrx_word' id='word_1_826' title='bbox 2191 1551 2225 1572; x_wconf 84' lang='lat' dir='ltr'>ex</span> <span class='ocrx_word' id='word_1_827' title='bbox 2238 1541 2288 1572; x_wconf 90' lang='lat' dir='ltr'>ha-</span> 
     </span>
     <span class='ocr_line' id='line_1_129' title="bbox 1220 1573 2291 1617; baseline 0.007 -14"><span class='ocrx_word' id='word_1_828' title='bbox 1220 1573 1358 1604; x_wconf 88' lang='lat' dir='ltr'>bundanti</span> <span class='ocrx_word' id='word_1_829' title='bbox 1379 1583 1490 1613; x_wconf 84' lang='lat' dir='ltr'>tamen,</span> <span class='ocrx_word' id='word_1_830' title='bbox 1515 1576 1565 1614; x_wconf 88' lang='lat' dir='ltr'>qui</span> <span class='ocrx_word' id='word_1_831' title='bbox 1587 1585 1643 1607; x_wconf 87' lang='lat' dir='ltr'>tuae</span> <span class='ocrx_word' id='word_1_832' title='bbox 1662 1577 1692 1606; x_wconf 89' lang='lat' dir='ltr'>in</span> <span class='ocrx_word' id='word_1_833' title='bbox 1714 1577 1772 1607; x_wconf 87' lang='lat' dir='ltr'>hoc</span> <span class='ocrx_word' id='word_1_834' title='bbox 1795 1577 1884 1607; x_wconf 87' lang='lat' dir='ltr'>salutis</span> <span class='ocrx_word' id='word_1_835' title='bbox 1906 1578 2104 1617; x_wconf 84' lang='lat' dir='ltr'>cognoscimus</span> <span class='ocrx_word' id='word_1_836' title='bbox 2127 1581 2291 1611; x_wconf 84' lang='lat' dir='ltr'>incremen-</span> 
     </span>
     <span class='ocr_line' id='line_1_130' title="bbox 1221 1612 2290 1656; baseline 0.009 -16"><span class='ocrx_word' id='word_1_837' title='bbox 1221 1619 1300 1648; x_wconf 91' lang='lat' dir='ltr'>tum,</span> <span class='ocrx_word' id='word_1_838' title='bbox 1317 1612 1490 1644; x_wconf 84' lang='lat' dir='ltr'>serenitatem</span> <span class='ocrx_word' id='word_1_839' title='bbox 1507 1621 1585 1646; x_wconf 85' lang='lat' dir='ltr'>tuam</span> <span class='ocrx_word' id='word_1_840' title='bbox 1606 1616 1712 1646; x_wconf 76' lang='lat' dir='ltr'>attente</span> <span class='ocrx_word' id='word_1_841' title='bbox 1734 1615 1911 1654; x_wconf 87' lang='lat' dir='ltr'>deposcimus</span> <span class='ocrx_word' id='word_1_842' title='bbox 1932 1617 1966 1647; x_wconf 89' lang='lat'>&amp;</span> <span class='ocrx_word' id='word_1_843' title='bbox 1988 1616 2141 1648; x_wconf 63' lang='lat' dir='ltr'>affectuose</span> <span class='ocrx_word' id='word_1_844' title='bbox 2153 1628 2290 1656; x_wconf 88' lang='lat' dir='ltr'>rogamus</span> 
     </span>
    </p>

    <p class='ocr_par' dir='ltr' id='par_1_47' title="bbox 1241 1651 2291 1699">
     <span class='ocr_line' id='line_1_131' title="bbox 1241 1651 2291 1699; baseline 0.01 -20"><span class='ocrx_word' id='word_1_845' title='bbox 1241 1651 1349 1697; x_wconf 63' lang='lat' dir='ltr'>uatinus</span> <span class='ocrx_word' id='word_1_846' title='bbox 1364 1661 1430 1696; x_wconf 79' lang='lat' dir='ltr'>erga</span> <span class='ocrx_word' id='word_1_847' title='bbox 1435 1652 1682 1699; x_wconf 34' lang='lat' dir='ltr'>Aipsumordinem</span> <span class='ocrx_word' id='word_1_848' title='bbox 1696 1663 1753 1685; x_wconf 84' lang='lat' dir='ltr'>tuae</span> <span class='ocrx_word' id='word_1_849' title='bbox 1768 1655 1866 1685; x_wconf 85' lang='lat' dir='ltr'>favore</span> <span class='ocrx_word' id='word_1_850' title='bbox 1877 1656 1991 1694; x_wconf 79' lang='lat' dir='ltr'>gratiae,</span> <span class='ocrx_word' id='word_1_851' title='bbox 2009 1664 2063 1695; x_wconf 88' lang='lat' dir='ltr'>pro</span> <span class='ocrx_word' id='word_1_852' title='bbox 2074 1655 2172 1689; x_wconf 66' lang='lat' dir='ltr'>divina</span> <span class='ocrx_word' id='word_1_853' title='bbox 2185 1658 2219 1689; x_wconf 86' lang='lat'>&amp;</span> <span class='ocrx_word' id='word_1_854' title='bbox 2234 1667 2291 1688; x_wconf 87' lang='lat' dir='ltr'>no-</span> 
     </span>
    </p>

    <p class='ocr_par' dir='ltr' id='par_1_48' title="bbox 1250 1698 1815 1732">
     <span class='ocr_line' id='line_1_132' title="bbox 1250 1698 1815 1732; baseline 0.009 -14"><span class='ocrx_word' id='word_1_855' title='bbox 1250 1698 1279 1720; x_wconf 83' lang='lat' dir='ltr'>ra</span> <span class='ocrx_word' id='word_1_856' title='bbox 1294 1698 1448 1721; x_wconf 87' lang='lat' dir='ltr'>reverentia</span> <span class='ocrx_word' id='word_1_857' title='bbox 1465 1701 1629 1722; x_wconf 84' lang='lat' dir='ltr'>continuare</span> <span class='ocrx_word' id='word_1_858' title='bbox 1643 1702 1798 1730; x_wconf 86' lang='lat' dir='ltr'>procurans</span> <span class='ocrx_word' id='word_1_859' title='bbox 1803 1715 1815 1732; x_wconf 90' lang='lat'>,</span> 
     </span>
    </p>

    <p class='ocr_par' dir='ltr' id='par_1_49' title="bbox 1219 1727 2293 1991">
     <span class='ocr_line' id='line_1_133' title="bbox 1259 1727 2291 1771; baseline 0.007 -13"><span class='ocrx_word' id='word_1_860' title='bbox 1259 1727 1390 1759; x_wconf 65' lang='lat' dir='ltr'>Dilectos</span> <span class='ocrx_word' id='word_1_861' title='bbox 1411 1729 1480 1760; x_wconf 86' lang='lat' dir='ltr'>filios</span> <span class='ocrx_word' id='word_1_862' title='bbox 1502 1730 1627 1762; x_wconf 90' lang='lat' dir='ltr'>Abbates</span> <span class='ocrx_word' id='word_1_863' title='bbox 1647 1732 1681 1762; x_wconf 87' lang='lat'>&amp;</span> <span class='ocrx_word' id='word_1_864' title='bbox 1703 1730 1873 1762; x_wconf 86' lang='lat' dir='ltr'>Conventus</span> <span class='ocrx_word' id='word_1_865' title='bbox 1891 1732 2016 1769; x_wconf 84' lang='lat' dir='ltr'>ejusdem</span> <span class='ocrx_word' id='word_1_866' title='bbox 2042 1733 2167 1771; x_wconf 85' lang='lat' dir='ltr'>ordinis,</span> <span class='ocrx_word' id='word_1_867' title='bbox 2185 1735 2216 1765; x_wconf 80' lang='lat' dir='ltr'>in</span> <span class='ocrx_word' id='word_1_868' title='bbox 2237 1742 2291 1765; x_wconf 86' lang='lat' dir='ltr'>tuo</span> 
     </span>
     <span class='ocr_line' id='line_1_134' title="bbox 1221 1766 2289 1811; baseline 0.007 -15"><span class='ocrx_word' id='word_1_869' title='bbox 1221 1766 1344 1806; x_wconf 80' lang='lat' dir='ltr'>Regno,</span> <span class='ocrx_word' id='word_1_870' title='bbox 1362 1768 1394 1798; x_wconf 89' lang='lat'>&amp;</span> <span class='ocrx_word' id='word_1_871' title='bbox 1416 1768 1503 1807; x_wconf 88' lang='lat' dir='ltr'>locis,</span> <span class='ocrx_word' id='word_1_872' title='bbox 1521 1776 1579 1799; x_wconf 80' lang='lat' dir='ltr'>tuae</span> <span class='ocrx_word' id='word_1_873' title='bbox 1601 1769 1703 1799; x_wconf 87' lang='lat' dir='ltr'>ditioni</span> <span class='ocrx_word' id='word_1_874' title='bbox 1722 1769 1854 1809; x_wconf 85' lang='lat' dir='ltr'>subditis,</span> <span class='ocrx_word' id='word_1_875' title='bbox 1875 1770 2035 1810; x_wconf 84' lang='lat' dir='ltr'>existentes,</span> <span class='ocrx_word' id='word_1_876' title='bbox 2052 1772 2131 1811; x_wconf 86' lang='lat' dir='ltr'>super</span> <span class='ocrx_word' id='word_1_877' title='bbox 2153 1772 2289 1804; x_wconf 83' lang='lat' dir='ltr'>solvendis</span> 
     </span>
     <span class='ocr_line' id='line_1_135' title="bbox 1220 1805 2290 1849; baseline 0.007 -14"><span class='ocrx_word' id='word_1_878' title='bbox 1220 1805 1272 1835; x_wconf 88' lang='lat' dir='ltr'>tibi</span> <span class='ocrx_word' id='word_1_879' title='bbox 1291 1805 1410 1836; x_wconf 91' lang='lat' dir='ltr'>decimis</span> <span class='ocrx_word' id='word_1_880' title='bbox 1429 1815 1619 1845; x_wconf 89' lang='lat' dir='ltr'>proventuum</span> <span class='ocrx_word' id='word_1_881' title='bbox 1633 1809 1775 1848; x_wconf 87' lang='lat' dir='ltr'>ipsorum,</span> <span class='ocrx_word' id='word_1_882' title='bbox 1794 1808 1838 1839; x_wconf 93' lang='lat' dir='ltr'>vel</span> <span class='ocrx_word' id='word_1_883' title='bbox 1854 1809 2047 1840; x_wconf 66' lang='lat' dir='ltr'>exactionibus</span> <span class='ocrx_word' id='word_1_884' title='bbox 2063 1812 2137 1849; x_wconf 86' lang='lat' dir='ltr'>aliis,</span> <span class='ocrx_word' id='word_1_885' title='bbox 2155 1811 2200 1842; x_wconf 91' lang='lat' dir='ltr'>seu</span> <span class='ocrx_word' id='word_1_886' title='bbox 2213 1811 2290 1842; x_wconf 84' lang='lat' dir='ltr'>obli-</span> 
     </span>
     <span class='ocr_line' id='line_1_136' title="bbox 1221 1844 2289 1886; baseline 0.007 -12"><span class='ocrx_word' id='word_1_887' title='bbox 1221 1844 1334 1883; x_wconf 87' lang='lat' dir='ltr'>gatione</span> <span class='ocrx_word' id='word_1_888' title='bbox 1354 1845 1499 1876; x_wconf 90' lang='lat' dir='ltr'>bonorum</span> <span class='ocrx_word' id='word_1_889' title='bbox 1518 1846 1647 1885; x_wconf 88' lang='lat' dir='ltr'>suorum,</span> <span class='ocrx_word' id='word_1_890' title='bbox 1665 1855 1799 1885; x_wconf 83' lang='lat' dir='ltr'>praetextu</span> <span class='ocrx_word' id='word_1_891' title='bbox 1821 1848 2011 1878; x_wconf 77' lang='lat' dir='ltr'>Conceffionls</span> <span class='ocrx_word' id='word_1_892' title='bbox 2023 1871 2033 1886; x_wconf 87' lang='lat'>,</span> <span class='ocrx_word' id='word_1_893' title='bbox 2047 1849 2084 1879; x_wconf 89' lang='lat' dir='ltr'>de</span> <span class='ocrx_word' id='word_1_894' title='bbox 2104 1849 2222 1880; x_wconf 80' lang='lat' dir='ltr'>decimis</span> <span class='ocrx_word' id='word_1_895' title='bbox 2240 1859 2289 1881; x_wconf 89' lang='lat' dir='ltr'>ec-</span> 
     </span>
     <span class='ocr_line' id='line_1_137' title="bbox 1223 1882 2289 1925; baseline 0.006 -13"><span class='ocrx_word' id='word_1_896' title='bbox 1223 1882 1443 1914; x_wconf 76' lang='lat' dir='ltr'>clesiasticorum</span> <span class='ocrx_word' id='word_1_897' title='bbox 1466 1886 1674 1923; x_wconf 81' lang='lat' dir='ltr'>proventuum,</span> <span class='ocrx_word' id='word_1_898' title='bbox 1691 1886 1721 1915; x_wconf 90' lang='lat' dir='ltr'>in</span> <span class='ocrx_word' id='word_1_899' title='bbox 1736 1894 1816 1916; x_wconf 85' lang='lat' dir='ltr'>terrae</span> <span class='ocrx_word' id='word_1_900' title='bbox 1834 1885 1936 1916; x_wconf 61' lang='lat' dir='ltr'>sanitae</span> <span class='ocrx_word' id='word_1_901' title='bbox 1949 1887 2119 1925; x_wconf 79' lang='lat' dir='ltr'>subsidium,</span> <span class='ocrx_word' id='word_1_902' title='bbox 2139 1888 2222 1918; x_wconf 70' lang='lat' dir='ltr'>saetae</span> <span class='ocrx_word' id='word_1_903' title='bbox 2236 1889 2289 1919; x_wconf 83' lang='lat' dir='ltr'>tibi</span> 
     </span>
     <span class='ocr_line' id='line_1_138' title="bbox 1219 1920 2293 1966; baseline 0.007 -15"><span class='ocrx_word' id='word_1_904' title='bbox 1219 1930 1236 1951; x_wconf 83' lang='lat' dir='ltr'>a</span> <span class='ocrx_word' id='word_1_905' title='bbox 1249 1920 1321 1964; x_wconf 29' lang='lat' dir='ltr'>*sede</span> <span class='ocrx_word' id='word_1_906' title='bbox 1339 1921 1522 1962; x_wconf 83' lang='lat' dir='ltr'>Apostolica,</span> <span class='ocrx_word' id='word_1_907' title='bbox 1540 1933 1601 1954; x_wconf 88' lang='lat' dir='ltr'>non</span> <span class='ocrx_word' id='word_1_908' title='bbox 1622 1923 1770 1963; x_wconf 81' lang='lat' dir='ltr'>molestes,</span> <span class='ocrx_word' id='word_1_909' title='bbox 1786 1934 1841 1955; x_wconf 88' lang='lat' dir='ltr'>nec</span> <span class='ocrx_word' id='word_1_910' title='bbox 1862 1924 1964 1965; x_wconf 84' lang='lat' dir='ltr'>facias,</span> <span class='ocrx_word' id='word_1_911' title='bbox 1979 1935 2032 1964; x_wconf 82' lang='lat' dir='ltr'>pro</span> <span class='ocrx_word' id='word_1_912' title='bbox 2044 1933 2088 1965; x_wconf 90' lang='lat' dir='ltr'>te,</span> <span class='ocrx_word' id='word_1_913' title='bbox 2107 1926 2152 1958; x_wconf 90' lang='lat' dir='ltr'>vel</span> <span class='ocrx_word' id='word_1_914' title='bbox 2162 1926 2234 1966; x_wconf 84' lang='lat' dir='ltr'>alio,</span> <span class='ocrx_word' id='word_1_915' title='bbox 2251 1927 2293 1958; x_wconf 86' lang='lat' dir='ltr'>ab</span> 
     </span>
     <span class='ocr_line' id='line_1_139' title="bbox 1220 1959 1540 1991; baseline 0.003 -1"><span class='ocrx_word' id='word_1_916' title='bbox 1220 1959 1255 1990; x_wconf 86' lang='lat' dir='ltr'>ali</span> <span class='ocrx_word' id='word_1_917' title='bbox 1278 1959 1358 1990; x_wconf 90' lang='lat' dir='ltr'>uibus</span> <span class='ocrx_word' id='word_1_918' title='bbox 1373 1960 1515 1991; x_wconf 85' lang='lat' dir='ltr'>molestari</span> <span class='ocrx_word' id='word_1_919' title='bbox 1533 1971 1540 1991; x_wconf 88' lang='lat'>:</span> 
     </span>
    </p>

    <p class='ocr_par' dir='ltr' id='par_1_50' title="bbox 1220 1997 2292 2145">
     <span class='ocr_line' id='line_1_140' title="bbox 1280 1997 2290 2042; baseline 0.006 -14"><span class='ocrx_word' id='word_1_920' title='bbox 1280 1997 1331 2036; x_wconf 91' lang='lat' dir='ltr'>ed,</span> <span class='ocrx_word' id='word_1_921' title='bbox 1348 1998 1471 2038; x_wconf 88' lang='lat' dir='ltr'>ipsarum</span> <span class='ocrx_word' id='word_1_922' title='bbox 1489 1999 1577 2038; x_wconf 91' lang='lat' dir='ltr'>loco,</span> <span class='ocrx_word' id='word_1_923' title='bbox 1593 1999 1764 2032; x_wconf 88' lang='lat' dir='ltr'>devotarum</span> <span class='ocrx_word' id='word_1_924' title='bbox 1785 2001 1948 2032; x_wconf 87' lang='lat' dir='ltr'>orationum</span> <span class='ocrx_word' id='word_1_925' title='bbox 1970 2002 2039 2033; x_wconf 63' lang='lat' dir='ltr'>dieti</span> <span class='ocrx_word' id='word_1_926' title='bbox 2053 2002 2159 2034; x_wconf 85' lang='lat' dir='ltr'>ordinis</span> <span class='ocrx_word' id='word_1_927' title='bbox 2173 2004 2290 2042; x_wconf 82' lang='lat' dir='ltr'>recipias</span> 
     </span>
     <span class='ocr_line' id='line_1_141' title="bbox 1220 2035 2292 2078; baseline 0.005 -11"><span class='ocrx_word' id='word_1_928' title='bbox 1220 2035 1400 2077; x_wconf 88' lang='lat' dir='ltr'>fulcimenta,</span> <span class='ocrx_word' id='word_1_929' title='bbox 1419 2039 1519 2077; x_wconf 88' lang='lat' dir='ltr'>quibus</span> <span class='ocrx_word' id='word_1_930' title='bbox 1533 2047 1637 2069; x_wconf 86' lang='lat' dir='ltr'>armata</span> <span class='ocrx_word' id='word_1_931' title='bbox 1649 2039 1762 2078; x_wconf 85' lang='lat' dir='ltr'>Regalis</span> <span class='ocrx_word' id='word_1_932' title='bbox 1775 2037 1925 2072; x_wconf 86' lang='lat' dir='ltr'>sublimitas</span> <span class='ocrx_word' id='word_1_933' title='bbox 1940 2039 1975 2071; x_wconf 91' lang='lat' dir='ltr'>ad</span> <span class='ocrx_word' id='word_1_934' title='bbox 1988 2041 2115 2072; x_wconf 64' lang='lat' dir='ltr'>vistoriae</span> <span class='ocrx_word' id='word_1_935' title='bbox 2128 2042 2292 2073; x_wconf 88' lang='lat' dir='ltr'>incremen-</span> 
     </span>
     <span class='ocr_line' id='line_1_142' title="bbox 1221 2076 2288 2122; baseline 0.007 -17"><span class='ocrx_word' id='word_1_936' title='bbox 1221 2082 1248 2106; x_wconf 91' lang='lat' dir='ltr'>ta</span> <span class='ocrx_word' id='word_1_937' title='bbox 1269 2076 1419 2116; x_wconf 83' lang='lat' dir='ltr'>procedat,</span> <span class='ocrx_word' id='word_1_938' title='bbox 1434 2077 1469 2108; x_wconf 66' lang='grc' dir='ltr'>ὃς</span> <span class='ocrx_word' id='word_1_939' title='bbox 1489 2085 1588 2108; x_wconf 88' lang='lat' dir='ltr'>contra</span> <span class='ocrx_word' id='word_1_940' title='bbox 1610 2077 1704 2109; x_wconf 83' lang='lat' dir='ltr'>hostes</span> <span class='ocrx_word' id='word_1_941' title='bbox 1716 2087 1812 2109; x_wconf 81' lang='lat' dir='ltr'>earum</span> <span class='ocrx_word' id='word_1_942' title='bbox 1826 2079 1929 2110; x_wconf 88' lang='lat' dir='ltr'>virtute</span> <span class='ocrx_word' id='word_1_943' title='bbox 1944 2088 2051 2120; x_wconf 88' lang='lat' dir='ltr'>pugnet</span> <span class='ocrx_word' id='word_1_944' title='bbox 2067 2081 2184 2119; x_wconf 83' lang='lat' dir='ltr'>melius,</span> <span class='ocrx_word' id='word_1_945' title='bbox 2200 2081 2288 2122; x_wconf 76' lang='lat' dir='ltr'>quam</span> 
     </span>
     <span class='ocr_line' id='line_1_143' title="bbox 1221 2123 1376 2145; baseline 0.006 -1"><span class='ocrx_word' id='word_1_946' title='bbox 1221 2123 1376 2145; x_wconf 89' lang='lat' dir='ltr'>armorum.</span> 
     </span>
    </p>

    <p class='ocr_par' dir='ltr' id='par_1_51' title="bbox 1223 2151 2292 2350">
     <span class='ocr_line' id='line_1_144' title="bbox 1257 2151 2288 2195; baseline 0.005 -12"><span class='ocrx_word' id='word_1_947' title='bbox 1257 2151 1468 2193; x_wconf 85' lang='lat' dir='ltr'>AEquanimiter</span> <span class='ocrx_word' id='word_1_948' title='bbox 1489 2153 1621 2185; x_wconf 87' lang='lat' dir='ltr'>sustinens</span> <span class='ocrx_word' id='word_1_949' title='bbox 1637 2155 1672 2186; x_wconf 65' lang='grc' dir='ltr'>ὅ(</span> <span class='ocrx_word' id='word_1_950' title='bbox 1686 2162 1841 2195; x_wconf 84' lang='lat' dir='ltr'>gratanter,</span> <span class='ocrx_word' id='word_1_951' title='bbox 1858 2154 1937 2194; x_wconf 83' lang='lat' dir='ltr'>quod</span> <span class='ocrx_word' id='word_1_952' title='bbox 1953 2155 2067 2195; x_wconf 81' lang='lat' dir='ltr'>praefat&#39;r</span> <span class='ocrx_word' id='word_1_953' title='bbox 2075 2155 2180 2188; x_wconf 88' lang='lat' dir='ltr'>ordinis</span> <span class='ocrx_word' id='word_1_954' title='bbox 2195 2157 2288 2188; x_wconf 74' lang='lat' dir='ltr'>fratres</span> 
     </span>
     <span class='ocr_line' id='line_1_145' title="bbox 1223 2191 2290 2236; baseline 0.005 -15"><span class='ocrx_word' id='word_1_955' title='bbox 1223 2191 1259 2221; x_wconf 83' lang='lat' dir='ltr'>ab</span> <span class='ocrx_word' id='word_1_956' title='bbox 1282 2191 1446 2223; x_wconf 87' lang='lat' dir='ltr'>earumdem</span> <span class='ocrx_word' id='word_1_957' title='bbox 1467 2192 1646 2233; x_wconf 75' lang='lat' dir='ltr'>praestatione</span> <span class='ocrx_word' id='word_1_958' title='bbox 1656 2193 1831 2225; x_wconf 89' lang='lat' dir='ltr'>decimarum</span> <span class='ocrx_word' id='word_1_959' title='bbox 1853 2194 1982 2225; x_wconf 86' lang='lat' dir='ltr'>duximus</span> <span class='ocrx_word' id='word_1_960' title='bbox 1996 2195 2160 2226; x_wconf 85' lang='lat' dir='ltr'>eximendos</span> <span class='ocrx_word' id='word_1_961' title='bbox 2167 2220 2181 2234; x_wconf 80' lang='lat'>„</span> <span class='ocrx_word' id='word_1_962' title='bbox 2195 2204 2226 2226; x_wconf 91' lang='lat' dir='ltr'>ut</span> <span class='ocrx_word' id='word_1_963' title='bbox 2237 2205 2290 2236; x_wconf 90' lang='lat' dir='ltr'>pro</span> 
     </span>
     <span class='ocr_line' id='line_1_146' title="bbox 1223 2231 2292 2272; baseline 0.005 -13"><span class='ocrx_word' id='word_1_964' title='bbox 1223 2237 1284 2268; x_wconf 85' lang='lat' dir='ltr'>tua,</span> <span class='ocrx_word' id='word_1_965' title='bbox 1299 2231 1333 2263; x_wconf 88' lang='lat'>&amp;</span> <span class='ocrx_word' id='word_1_966' title='bbox 1355 2231 1453 2268; x_wconf 87' lang='lat' dir='ltr'>Regni</span> <span class='ocrx_word' id='word_1_967' title='bbox 1471 2233 1532 2270; x_wconf 90' lang='lat' dir='ltr'>tui,</span> <span class='ocrx_word' id='word_1_968' title='bbox 1549 2241 1665 2263; x_wconf 89' lang='lat' dir='ltr'>necnon</span> <span class='ocrx_word' id='word_1_969' title='bbox 1683 2233 1717 2263; x_wconf 92' lang='lat'>&amp;</span> <span class='ocrx_word' id='word_1_970' title='bbox 1732 2231 1858 2263; x_wconf 84' lang='lat' dir='ltr'>filiorum</span> <span class='ocrx_word' id='word_1_971' title='bbox 1873 2232 1893 2252; x_wconf 71' lang='lat'>²¹²</span> <span class='ocrx_word' id='word_1_972' title='bbox 1907 2241 2024 2263; x_wconf 89' lang='lat' dir='ltr'>tuorum</span> <span class='ocrx_word' id='word_1_973' title='bbox 2040 2233 2142 2272; x_wconf 88' lang='lat' dir='ltr'>salute,</span> <span class='ocrx_word' id='word_1_974' title='bbox 2156 2242 2237 2265; x_wconf 87' lang='lat' dir='ltr'>tanto</span> <span class='ocrx_word' id='word_1_975' title='bbox 2252 2235 2292 2266; x_wconf 87' lang='lat' dir='ltr'>af-</span> 
     </span>
     <span class='ocr_line' id='line_1_147' title="bbox 1223 2269 2291 2312; baseline 0.006 -14"><span class='ocrx_word' id='word_1_976' title='bbox 1223 2269 1373 2300; x_wconf 70' lang='lat' dir='ltr'>feetuofius</span> <span class='ocrx_word' id='word_1_977' title='bbox 1394 2269 1520 2301; x_wconf 90' lang='lat' dir='ltr'>Domini</span> <span class='ocrx_word' id='word_1_978' title='bbox 1543 2270 1759 2302; x_wconf 79' lang='lat' dir='ltr'>misericordiam</span> <span class='ocrx_word' id='word_1_979' title='bbox 1782 2271 1974 2312; x_wconf 87' lang='lat' dir='ltr'>interpellent,</span> <span class='ocrx_word' id='word_1_980' title='bbox 1989 2280 2098 2312; x_wconf 85' lang='lat' dir='ltr'>quanto</span> <span class='ocrx_word' id='word_1_981' title='bbox 2119 2272 2155 2304; x_wconf 83' lang='lat' dir='ltr'>ab</span> <span class='ocrx_word' id='word_1_982' title='bbox 2169 2273 2291 2305; x_wconf 87' lang='lat' dir='ltr'>aliorum</span> 
     </span>
     <span class='ocr_line' id='line_1_148' title="bbox 1223 2308 1938 2350; baseline 0.006 -14"><span class='ocrx_word' id='word_1_983' title='bbox 1223 2309 1430 2346; x_wconf 79' lang='lat' dir='ltr'>gravaminibus</span> <span class='ocrx_word' id='word_1_984' title='bbox 1442 2308 1571 2340; x_wconf 88' lang='lat' dir='ltr'>senserint</span> <span class='ocrx_word' id='word_1_985' title='bbox 1583 2308 1723 2350; x_wconf 84' lang='lat' dir='ltr'>specialius</span> <span class='ocrx_word' id='word_1_986' title='bbox 1737 2309 1765 2340; x_wconf 89' lang='lat' dir='ltr'>se</span> <span class='ocrx_word' id='word_1_987' title='bbox 1786 2311 1938 2340; x_wconf 88' lang='lat' dir='ltr'>immunes.</span> 
     </span>
    </p>

    <p class='ocr_par' dir='ltr' id='par_1_52' title="bbox 1223 2345 2295 2619">
     <span class='ocr_line' id='line_1_149' title="bbox 1261 2345 2290 2395; baseline 0.006 -19"><span class='ocrx_word' id='word_1_988' title='bbox 1261 2345 1369 2377; x_wconf 86' lang='lat' dir='ltr'>Praeter</span> <span class='ocrx_word' id='word_1_989' title='bbox 1392 2347 1455 2378; x_wconf 81' lang='lat' dir='ltr'>haec</span> <span class='ocrx_word' id='word_1_990' title='bbox 1476 2348 1585 2379; x_wconf 86' lang='lat' dir='ltr'>causam</span> <span class='ocrx_word' id='word_1_991' title='bbox 1605 2348 1689 2378; x_wconf 84' lang='lat' dir='ltr'>nobis</span> <span class='ocrx_word' id='word_1_992' title='bbox 1715 2349 1902 2389; x_wconf 86' lang='lat' dir='ltr'>exemptionis</span> <span class='ocrx_word' id='word_1_993' title='bbox 1923 2348 2083 2387; x_wconf 84' lang='lat' dir='ltr'>hujusmodi</span> <span class='ocrx_word' id='word_1_994' title='bbox 2106 2349 2290 2395; x_wconf 77' lang='lat' dir='ltr'>suggerente,</span> 
     </span>
     <span class='ocr_line' id='line_1_150' title="bbox 1223 2384 2295 2428; baseline 0.007 -14"><span class='ocrx_word' id='word_1_995' title='bbox 1223 2384 1302 2423; x_wconf 87' lang='lat' dir='ltr'>quod</span> <span class='ocrx_word' id='word_1_996' title='bbox 1325 2385 1408 2423; x_wconf 88' lang='lat' dir='ltr'>ipsius</span> <span class='ocrx_word' id='word_1_997' title='bbox 1429 2386 1534 2417; x_wconf 89' lang='lat' dir='ltr'>ordinis</span> <span class='ocrx_word' id='word_1_998' title='bbox 1555 2386 1725 2418; x_wconf 84' lang='lat' dir='ltr'>monasteria</span> <span class='ocrx_word' id='word_1_999' title='bbox 1745 2386 1845 2423; x_wconf 88' lang='lat' dir='ltr'>Regni</span> <span class='ocrx_word' id='word_1_1000' title='bbox 1860 2387 1987 2418; x_wconf 84' lang='lat' dir='ltr'>Franciae</span> <span class='ocrx_word' id='word_1_1001' title='bbox 2001 2388 2031 2417; x_wconf 89' lang='lat' dir='ltr'>in</span> <span class='ocrx_word' id='word_1_1002' title='bbox 2046 2388 2224 2428; x_wconf 82' lang='lat' dir='ltr'>praestatione</span> <span class='ocrx_word' id='word_1_1003' title='bbox 2239 2389 2295 2420; x_wconf 86' lang='lat' dir='ltr'>hu-</span> 
     </span>
     <span class='ocr_line' id='line_1_151' title="bbox 1223 2423 2293 2468; baseline 0.005 -15"><span class='ocrx_word' id='word_1_1004' title='bbox 1223 2423 1343 2461; x_wconf 84' lang='lat' dir='ltr'>jusmodi</span> <span class='ocrx_word' id='word_1_1005' title='bbox 1361 2423 1501 2464; x_wconf 86' lang='lat' dir='ltr'>decirnae,</span> <span class='ocrx_word' id='word_1_1006' title='bbox 1520 2424 1662 2456; x_wconf 85' lang='lat' dir='ltr'>cariffimo</span> <span class='ocrx_word' id='word_1_1007' title='bbox 1682 2427 1711 2456; x_wconf 91' lang='lat' dir='ltr'>in</span> <span class='ocrx_word' id='word_1_1008' title='bbox 1735 2423 1856 2455; x_wconf 89' lang='lat' dir='ltr'>Christo</span> <span class='ocrx_word' id='word_1_1009' title='bbox 1875 2424 1934 2455; x_wconf 90' lang='lat' dir='ltr'>filio</span> <span class='ocrx_word' id='word_1_1010' title='bbox 1954 2425 2055 2456; x_wconf 89' lang='lat' dir='ltr'>nostro</span> <span class='ocrx_word' id='word_1_1011' title='bbox 2213 2427 2293 2468; x_wconf 86' lang='lat' dir='ltr'>Regi</span> 
     </span>
     <span class='ocr_line' id='line_1_152' title="bbox 1225 2461 2295 2503; baseline 0.004 -11"><span class='ocrx_word' id='word_1_1012' title='bbox 1225 2461 1401 2493; x_wconf 87' lang='lat' dir='ltr'>Francorum</span> <span class='ocrx_word' id='word_1_1013' title='bbox 1419 2463 1516 2494; x_wconf 89' lang='lat' dir='ltr'>illustri</span> <span class='ocrx_word' id='word_1_1014' title='bbox 1540 2462 1698 2503; x_wconf 72' lang='lat' dir='ltr'>concessae,</span> <span class='ocrx_word' id='word_1_1015' title='bbox 1712 2463 1742 2493; x_wconf 86' lang='lat' dir='ltr'>in</span> <span class='ocrx_word' id='word_1_1016' title='bbox 1765 2463 1919 2494; x_wconf 74' lang='lat' dir='ltr'>subsidium</span> <span class='ocrx_word' id='word_1_1017' title='bbox 1929 2463 2016 2494; x_wconf 65' lang='lat' dir='ltr'>distae</span> <span class='ocrx_word' id='word_1_1018' title='bbox 2033 2472 2130 2503; x_wconf 85' lang='lat' dir='ltr'>terrae,</span> <span class='ocrx_word' id='word_1_1019' title='bbox 2148 2465 2234 2497; x_wconf 89' lang='lat' dir='ltr'>felicis</span> <span class='ocrx_word' id='word_1_1020' title='bbox 2249 2476 2295 2496; x_wconf 88' lang='lat' dir='ltr'>re-</span> 
     </span>
     <span class='ocr_line' id='line_1_153' title="bbox 1225 2500 2294 2542; baseline 0.004 -11"><span class='ocrx_word' id='word_1_1021' title='bbox 1225 2500 1396 2532; x_wconf 81' lang='lat' dir='ltr'>cordationis</span> <span class='ocrx_word' id='word_1_1022' title='bbox 1415 2500 1598 2532; x_wconf 72' lang='lat' dir='ltr'>innocentius</span> <span class='ocrx_word' id='word_1_1023' title='bbox 1612 2502 1703 2540; x_wconf 87' lang='lat' dir='ltr'>Papa,</span> <span class='ocrx_word' id='word_1_1024' title='bbox 1722 2501 1909 2539; x_wconf 75' lang='lat' dir='ltr'>praedecessor</span> <span class='ocrx_word' id='word_1_1025' title='bbox 1924 2501 2036 2541; x_wconf 89' lang='lat' dir='ltr'>noster,</span> <span class='ocrx_word' id='word_1_1026' title='bbox 2055 2504 2146 2534; x_wconf 87' lang='lat' dir='ltr'>noluit</span> <span class='ocrx_word' id='word_1_1027' title='bbox 2159 2513 2294 2542; x_wconf 81' lang='lat' dir='ltr'>compre-</span> 
     </span>
     <span class='ocr_line' id='line_1_154' title="bbox 1225 2537 2294 2582; baseline 0.006 -14"><span class='ocrx_word' id='word_1_1028' title='bbox 1225 2537 1331 2576; x_wconf 76' lang='lat' dir='ltr'>hendi,</span> <span class='ocrx_word' id='word_1_1029' title='bbox 1347 2549 1412 2577; x_wconf 82' lang='lat' dir='ltr'>quae</span> <span class='ocrx_word' id='word_1_1030' title='bbox 1429 2542 1444 2569; x_wconf 76' lang='grc' dir='ltr'>ὲ</span> <span class='ocrx_word' id='word_1_1031' title='bbox 1465 2539 1603 2570; x_wconf 88' lang='lat' dir='ltr'>solutione</span> <span class='ocrx_word' id='word_1_1032' title='bbox 1616 2540 1798 2578; x_wconf 83' lang='lat' dir='ltr'>spiritualium</span> <span class='ocrx_word' id='word_1_1033' title='bbox 1811 2541 1896 2570; x_wconf 81' lang='lat' dir='ltr'>etiam</span> <span class='ocrx_word' id='word_1_1034' title='bbox 1909 2541 2084 2571; x_wconf 88' lang='lat' dir='ltr'>decimarum</span> <span class='ocrx_word' id='word_1_1035' title='bbox 2097 2542 2207 2581; x_wconf 81' lang='lat' dir='ltr'>speciali</span> <span class='ocrx_word' id='word_1_1036' title='bbox 2221 2552 2294 2582; x_wconf 86' lang='lat' dir='ltr'>quo-</span> 
     </span>
     <span class='ocr_line' id='line_1_155' title="bbox 1226 2576 1686 2619; baseline 0.002 -12"><span class='ocrx_word' id='word_1_1037' title='bbox 1226 2576 1294 2607; x_wconf 91' lang='lat' dir='ltr'>dam</span> <span class='ocrx_word' id='word_1_1038' title='bbox 1308 2578 1455 2617; x_wconf 84' lang='lat' dir='ltr'>privilegio</span> <span class='ocrx_word' id='word_1_1039' title='bbox 1469 2578 1530 2608; x_wconf 87' lang='lat' dir='ltr'>sunt</span> <span class='ocrx_word' id='word_1_1040' title='bbox 1547 2587 1686 2619; x_wconf 83' lang='lat' dir='ltr'>exempta.</span> 
     </span>
    </p>
   </div>
   <div class='ocr_carea' id='block_1_32' title="bbox 2298 2236 2441 2273">
    <p class='ocr_par' dir='ltr' id='par_1_53' title="bbox 2298 2236 2441 2273">
     <span class='ocr_line' id='line_1_156' title="bbox 2298 2236 2441 2273; baseline 0.014 -9"><span class='ocrx_word' id='word_1_1041' title='bbox 2298 2236 2441 2273; x_wconf 52' lang='grc' dir='ltr'>*ἰῇ-ς.</span> 
     </span>
    </p>
   </div>
   <div class='ocr_carea' id='block_1_33' title="bbox 1264 2652 2238 2697">
    <p class='ocr_par' dir='ltr' id='par_1_54' title="bbox 1264 2652 2238 2697">
     <span class='ocr_line' id='line_1_157' title="bbox 1264 2652 2238 2697; baseline 0.004 -13"><span class='ocrx_word' id='word_1_1042' title='bbox 1264 2652 1334 2685; x_wconf 87' lang='lat' dir='ltr'>Dat.</span> <span class='ocrx_word' id='word_1_1043' title='bbox 1349 2653 1497 2695; x_wconf 83' lang='lat' dir='ltr'>Neapoli,</span> <span class='ocrx_word' id='word_1_1044' title='bbox 1515 2655 1532 2686; x_wconf 87' lang='lat'>8</span> <span class='ocrx_word' id='word_1_1045' title='bbox 1549 2654 1616 2686; x_wconf 89' lang='lat' dir='ltr'>Kal.</span> <span class='ocrx_word' id='word_1_1046' title='bbox 1625 2655 1723 2694; x_wconf 87' lang='lat' dir='ltr'>Junii,</span> <span class='ocrx_word' id='word_1_1047' title='bbox 1741 2653 1928 2687; x_wconf 78' lang='lat' dir='ltr'>Pontificatfis</span> <span class='ocrx_word' id='word_1_1048' title='bbox 1939 2655 2027 2687; x_wconf 88' lang='lat' dir='ltr'>nostri</span> <span class='ocrx_word' id='word_1_1049' title='bbox 2042 2666 2120 2687; x_wconf 88' lang='lat' dir='ltr'>anno</span> <span class='ocrx_word' id='word_1_1050' title='bbox 2135 2657 2238 2697; x_wconf 86' lang='lat' dir='ltr'>primo.</span> 
     </span>
    </p>
   </div>
   <div class='ocr_carea' id='block_1_34' title="bbox 1586 2731 2188 2776">
    <p class='ocr_par' dir='ltr' id='par_1_55' title="bbox 1586 2731 2188 2776">
     <span class='ocr_line' id='line_1_158' title="bbox 1586 2731 2188 2776; baseline 0.002 -13"><span class='ocrx_word' id='word_1_1051' title='bbox 1586 2731 1714 2764; x_wconf 79' lang='lat' dir='ltr'>Plumheo</span> <span class='ocrx_word' id='word_1_1052' title='bbox 1725 2731 1816 2772; x_wconf 83' lang='lat' dir='ltr'>Sigillo</span> <span class='ocrx_word' id='word_1_1053' title='bbox 1826 2733 1959 2772; x_wconf 81' lang='lat' dir='ltr'>pendente</span> <span class='ocrx_word' id='word_1_1054' title='bbox 1972 2743 1991 2763; x_wconf 83' lang='lat' dir='ltr'><em>a</em></span> <span class='ocrx_word' id='word_1_1055' title='bbox 1997 2732 2051 2776; x_wconf 89' lang='lat' dir='ltr'>filo</span> <span class='ocrx_word' id='word_1_1056' title='bbox 2064 2732 2188 2764; x_wconf 83' lang='lat' dir='ltr'>canabeo.</span> 
     </span>
    </p>
   </div>
   <div class='ocr_carea' id='block_1_35' title="bbox 1546 2857 1986 2907">
    <p class='ocr_par' dir='ltr' id='par_1_56' title="bbox 1546 2857 1986 2907">
     <span class='ocr_line' id='line_1_159' title="bbox 1546 2857 1986 2907; baseline -0.005 -13"><span class='ocrx_word' id='word_1_1057' title='bbox 1546 2863 1606 2894; x_wconf 87' lang='lat' dir='ltr'>Pro</span> <span class='ocrx_word' id='word_1_1058' title='bbox 1626 2859 1777 2907; x_wconf 65' lang='lat' dir='ltr'>Comitiffiz</span> <span class='ocrx_word' id='word_1_1059' title='bbox 1795 2857 1986 2904; x_wconf 78' lang='lat' dir='ltr'>Thoarcenst.</span> 
     </span>
    </p>
   </div>
   <div class='ocr_carea' id='block_1_36' title="bbox 1230 2943 2447 3185">
    <p class='ocr_par' dir='ltr' id='par_1_57' title="bbox 1230 2943 2447 3185">
     <span class='ocr_line' id='line_1_160' title="bbox 1230 2943 2447 3000; baseline 0.012 -26"><span class='ocrx_word' id='word_1_1060' title='bbox 1230 2943 1357 3000; x_wconf 85' lang='lat' dir='ltr'>REX</span> <span class='ocrx_word' id='word_1_1061' title='bbox 1375 2944 1525 2984; x_wconf 88' lang='lat' dir='ltr'>omnibus,</span> <span class='ocrx_word' id='word_1_1062' title='bbox 1542 2946 1604 2978; x_wconf 82' lang='lat' dir='ltr'>&amp;c-</span> <span class='ocrx_word' id='word_1_1063' title='bbox 1618 2945 1744 2977; x_wconf 81' lang='lat' dir='ltr'>salutem.</span> <span class='ocrx_word' id='word_1_1064' title='bbox 2089 2984 2095 2989; x_wconf 76' lang='grc'>,</span> <span class='ocrx_word' id='word_1_1065' title='bbox 2313 2956 2391 2988; x_wconf 84' lang='lat' dir='ltr'>Ann.</span> <span class='ocrx_word' id='word_1_1066' title='bbox 2405 2957 2447 2989; x_wconf 69' lang='lat' dir='ltr'>D,</span> 
     </span>
     <span class='ocr_line' id='line_1_161' title="bbox 1341 2981 2423 3035; baseline 0.003 -22"><span class='ocrx_word' id='word_1_1067' title='bbox 1341 2982 1440 3014; x_wconf 88' lang='lat' dir='ltr'>Sciatis</span> <span class='ocrx_word' id='word_1_1068' title='bbox 1455 2983 1532 3022; x_wconf 92' lang='lat' dir='ltr'>quod</span> <span class='ocrx_word' id='word_1_1069' title='bbox 1549 2983 1678 3015; x_wconf 90' lang='lat' dir='ltr'>dedimus</span> <span class='ocrx_word' id='word_1_1070' title='bbox 1691 2985 1724 3016; x_wconf 72' lang='grc' dir='ltr'>δε</span> <span class='ocrx_word' id='word_1_1071' title='bbox 1739 2983 1942 3022; x_wconf 83' lang='lat' dir='ltr'>conceffimus,</span> <span class='ocrx_word' id='word_1_1072' title='bbox 1959 2992 2014 3021; x_wconf 90' lang='lat' dir='ltr'>pro</span> <span class='ocrx_word' id='word_1_1073' title='bbox 2026 2983 2124 3021; x_wconf 89' lang='lat' dir='ltr'>nobis,</span> <span class='ocrx_word' id='word_1_1074' title='bbox 2143 2983 2177 3015; x_wconf 92' lang='lat'>&amp;</span> <span class='ocrx_word' id='word_1_1075' title='bbox 2190 2981 2295 3014; x_wconf 83' lang='lat' dir='ltr'>Haere-</span> <span class='ocrx_word' id='word_1_1076' title='bbox 2342 3005 2423 3035; x_wconf 49' lang='lat'>1255,</span> 
     </span>
     <span class='ocr_line' id='line_1_162' title="bbox 1231 3021 2430 3072; baseline 0.003 -21"><span class='ocrx_word' id='word_1_1077' title='bbox 1231 3021 1313 3052; x_wconf 90' lang='lat' dir='ltr'>dibus</span> <span class='ocrx_word' id='word_1_1078' title='bbox 1328 3021 1445 3059; x_wconf 89' lang='lat' dir='ltr'>nostris,</span> <span class='ocrx_word' id='word_1_1079' title='bbox 1462 3021 1574 3053; x_wconf 66' lang='lat' dir='ltr'>dssestae</span> <span class='ocrx_word' id='word_1_1080' title='bbox 1585 3022 1673 3054; x_wconf 86' lang='lat' dir='ltr'>sorori</span> <span class='ocrx_word' id='word_1_1081' title='bbox 1686 3022 1808 3061; x_wconf 80' lang='lat' dir='ltr'>nostrae,</span> <span class='ocrx_word' id='word_1_1082' title='bbox 1823 3022 1992 3061; x_wconf 79' lang='lat' dir='ltr'>Margaretae</span> <span class='ocrx_word' id='word_1_1083' title='bbox 2006 3021 2170 3053; x_wconf 81' lang='lat' dir='ltr'>Comitiffae</span> <span class='ocrx_word' id='word_1_1084' title='bbox 2183 3021 2295 3053; x_wconf 91' lang='lat' dir='ltr'>Thoar-</span> <span class='ocrx_word' id='word_1_1085' title='bbox 2311 3038 2364 3063; x_wconf 48' lang='lat' dir='ltr'>An,</span> <span class='ocrx_word' id='word_1_1086' title='bbox 2387 3046 2398 3072; x_wconf 83' lang='lat'>3</span> <span class='ocrx_word' id='word_1_1087' title='bbox 2403 3045 2430 3070; x_wconf 50' lang='lat'>9,</span> 
     </span>
     <span class='ocr_line' id='line_1_163' title="bbox 1232 3059 2395 3109; baseline 0.001 -18"><span class='ocrx_word' id='word_1_1088' title='bbox 1232 3059 1325 3098; x_wconf 87' lang='lat' dir='ltr'>cenfi,</span> <span class='ocrx_word' id='word_1_1089' title='bbox 1343 3068 1461 3090; x_wconf 87' lang='lat' dir='ltr'>centum</span> <span class='ocrx_word' id='word_1_1090' title='bbox 1474 3060 1589 3092; x_wconf 85' lang='lat' dir='ltr'>Marcas</span> <span class='ocrx_word' id='word_1_1091' title='bbox 1602 3061 1802 3100; x_wconf 85' lang='lat' dir='ltr'>sterlingorum</span> <span class='ocrx_word' id='word_1_1092' title='bbox 1810 3083 1822 3098; x_wconf 87' lang='lat'>,</span> <span class='ocrx_word' id='word_1_1093' title='bbox 1838 3061 1949 3099; x_wconf 79' lang='lat' dir='ltr'>singulis</span> <span class='ocrx_word' id='word_1_1094' title='bbox 1961 3061 2042 3092; x_wconf 86' lang='lat' dir='ltr'>annis</span> <span class='ocrx_word' id='word_1_1095' title='bbox 2055 3061 2246 3099; x_wconf 87' lang='lat' dir='ltr'>percipiendas</span> <span class='ocrx_word' id='word_1_1096' title='bbox 2259 3060 2294 3091; x_wconf 90' lang='lat' dir='ltr'>ad</span> <span class='ocrx_word' id='word_1_1097' title='bbox 2314 3078 2348 3100; x_wconf 84' lang='lat' dir='ltr'>H.</span> <span class='ocrx_word' id='word_1_1098' title='bbox 2369 3082 2395 3109; x_wconf 53' lang='lat'>3,</span> 
     </span>
     <span class='ocr_line' id='line_1_164' title="bbox 1233 3098 2433 3147; baseline 0.003 -18"><span class='ocrx_word' id='word_1_1099' title='bbox 1233 3098 1414 3129; x_wconf 84' lang='lat' dir='ltr'>Scaccarium</span> <span class='ocrx_word' id='word_1_1100' title='bbox 1437 3098 1567 3130; x_wconf 88' lang='lat' dir='ltr'>nostrum</span> <span class='ocrx_word' id='word_1_1101' title='bbox 1587 3101 1618 3130; x_wconf 92' lang='lat' dir='ltr'>in</span> <span class='ocrx_word' id='word_1_1102' title='bbox 1634 3099 1718 3130; x_wconf 89' lang='lat' dir='ltr'>Festo</span> <span class='ocrx_word' id='word_1_1103' title='bbox 1733 3098 1831 3129; x_wconf 72' lang='lat' dir='ltr'>SanCti</span> <span class='ocrx_word' id='word_1_1104' title='bbox 1847 3098 2012 3139; x_wconf 86' lang='lat' dir='ltr'>Michaelis,</span> <span class='ocrx_word' id='word_1_1105' title='bbox 2028 3099 2163 3140; x_wconf 85' lang='lat' dir='ltr'>quamdiu</span> <span class='ocrx_word' id='word_1_1106' title='bbox 2176 3099 2296 3139; x_wconf 83' lang='lat' dir='ltr'>vixerit,</span> <span class='ocrx_word' id='word_1_1107' title='bbox 2311 3115 2369 3139; x_wconf 64' lang='lat' dir='ltr'>pas,</span> <span class='ocrx_word' id='word_1_1108' title='bbox 2389 3120 2433 3147; x_wconf 64' lang='lat'>39=</span> 
     </span>
     <span class='ocr_line' id='line_1_165' title="bbox 1233 3137 2398 3185; baseline 0.001 -16"><span class='ocrx_word' id='word_1_1109' title='bbox 1233 3137 1269 3169; x_wconf 88' lang='lat' dir='ltr'>ad</span> <span class='ocrx_word' id='word_1_1110' title='bbox 1283 3137 1458 3168; x_wconf 80' lang='lat' dir='ltr'>voluntatem</span> <span class='ocrx_word' id='word_1_1111' title='bbox 1469 3137 1545 3168; x_wconf 84' lang='lat' dir='ltr'>suam</span> <span class='ocrx_word' id='word_1_1112' title='bbox 1557 3137 1626 3169; x_wconf 86' lang='lat' dir='ltr'>inde</span> <span class='ocrx_word' id='word_1_1113' title='bbox 1640 3137 1810 3168; x_wconf 89' lang='lat' dir='ltr'>omnimode</span> <span class='ocrx_word' id='word_1_1114' title='bbox 1823 3137 1990 3170; x_wconf 80' lang='lat' dir='ltr'>faciendam.</span> <span class='ocrx_word' id='word_1_1115' title='bbox 2314 3153 2349 3178; x_wconf 77' lang='lat' dir='ltr'>H.</span> <span class='ocrx_word' id='word_1_1116' title='bbox 2372 3158 2398 3185; x_wconf 84' lang='lat'>3·</span> 
     </span>
    </p>
   </div>
   <div class='ocr_carea' id='block_1_37' title="bbox 1270 3189 2394 3255">
    <p class='ocr_par' dir='ltr' id='par_1_58' title="bbox 1270 3189 2394 3255">
     <span class='ocr_line' id='line_1_166' title="bbox 1270 3189 2394 3255; baseline 0.001 -9"><span class='ocrx_word' id='word_1_1117' title='bbox 1270 3212 1361 3246; x_wconf 90' lang='lat' dir='ltr'>Teste</span> <span class='ocrx_word' id='word_1_1118' title='bbox 1372 3213 1456 3255; x_wconf 86' lang='lat' dir='ltr'>Rege</span> <span class='ocrx_word' id='word_1_1119' title='bbox 1467 3213 1541 3253; x_wconf 84' lang='lat' dir='ltr'>apud</span> <span class='ocrx_word' id='word_1_1120' title='bbox 1554 3213 1754 3254; x_wconf 87' lang='lat' dir='ltr'>Wodestock,</span> <span class='ocrx_word' id='word_1_1121' title='bbox 1772 3223 1809 3254; x_wconf 88' lang='lat'>14</span> <span class='ocrx_word' id='word_1_1122' title='bbox 1823 3214 1868 3247; x_wconf 88' lang='lat' dir='ltr'>die</span> <span class='ocrx_word' id='word_1_1123' title='bbox 1877 3215 1966 3254; x_wconf 87' lang='lat' dir='ltr'>Junii.</span> <span class='ocrx_word' id='word_1_1124' title='bbox 2316 3197 2353 3217; x_wconf 54' lang='grc' dir='ltr'>ἠ’</span> <span class='ocrx_word' id='word_1_1125' title='bbox 2367 3189 2394 3216; x_wconf 88' lang='lat'>6.</span> 
     </span>
    </p>
   </div>
   <div class='ocr_carea' id='block_1_38' title="bbox 1384 3291 2202 3298">
    <p class='ocr_par' dir='ltr' id='par_1_59' title="bbox 1384 3291 2202 3298">
     <span class='ocr_line' id='line_1_167' title="bbox 1384 3291 2202 3298; baseline 0 0"><span class='ocrx_word' id='word_1_1126' title='bbox 1384 3291 2202 3298; x_wconf 95' lang='lat' dir='ltr'> </span> 
     </span>
    </p>
   </div>
   <div class='ocr_carea' id='block_1_39' title="bbox 1236 3338 2298 3511">
    <p class='ocr_par' dir='ltr' id='par_1_60' title="bbox 1236 3338 2298 3511">
     <span class='ocr_line' id='line_1_168' title="bbox 1236 3338 2298 3386; baseline -0.002 -13"><span class='ocrx_word' id='word_1_1127' title='bbox 1236 3341 1285 3373; x_wconf 85' lang='lat' dir='ltr'>De</span> <span class='ocrx_word' id='word_1_1128' title='bbox 1307 3339 1470 3386; x_wconf 58' lang='lat' dir='ltr'>provisione</span> <span class='ocrx_word' id='word_1_1129' title='bbox 1484 3350 1542 3386; x_wconf 82' lang='lat' dir='ltr'>pro</span> <span class='ocrx_word' id='word_1_1130' title='bbox 1567 3338 1742 3386; x_wconf 76' lang='lat' dir='ltr'>Proconfhle</span> <span class='ocrx_word' id='word_1_1131' title='bbox 1758 3343 1854 3373; x_wconf 82' lang='lat' dir='ltr'>Romae</span> <span class='ocrx_word' id='word_1_1132' title='bbox 1867 3367 1876 3381; x_wconf 93' lang='lat'><strong>‚</strong></span> <span class='ocrx_word' id='word_1_1133' title='bbox 1897 3350 1953 3386; x_wconf 85' lang='lat' dir='ltr'>per</span> <span class='ocrx_word' id='word_1_1134' title='bbox 1969 3338 2168 3373; x_wconf 74' lang='lat' dir='ltr'>Edmundum</span> <span class='ocrx_word' id='word_1_1135' title='bbox 2187 3339 2298 3383; x_wconf 80' lang='lat' dir='ltr'>Regem</span> 
     </span>
     <span class='ocr_line' id='line_1_169' title="bbox 1335 3472 1757 3511; baseline 0 -7"><span class='ocrx_word' id='word_1_1136' title='bbox 1335 3472 1367 3504; x_wconf 89' lang='lat' dir='ltr'>X</span> <span class='ocrx_word' id='word_1_1137' title='bbox 1383 3472 1535 3511; x_wconf 89' lang='lat' dir='ltr'>omnibus,</span> <span class='ocrx_word' id='word_1_1138' title='bbox 1553 3473 1615 3504; x_wconf 76' lang='lat' dir='ltr'>&amp;c-</span> <span class='ocrx_word' id='word_1_1139' title='bbox 1633 3473 1757 3506; x_wconf 88' lang='lat' dir='ltr'>salutem.</span> 
     </span>
    </p>
   </div>
   <div class='ocr_carea' id='block_1_40' title="bbox 1238 3387 2455 3629">
    <p class='ocr_par' dir='ltr' id='par_1_61' title="bbox 1238 3387 2455 3629">
     <span class='ocr_line' id='line_1_170' title="bbox 1628 3387 1907 3434; baseline 0 -12"><span class='ocrx_word' id='word_1_1140' title='bbox 1628 3388 1734 3422; x_wconf 83' lang='lat' dir='ltr'>Siciliae</span> <span class='ocrx_word' id='word_1_1141' title='bbox 1749 3387 1907 3434; x_wconf 80' lang='lat' dir='ltr'>facienda.</span> 
     </span>
     <span class='ocr_line' id='line_1_171' title="bbox 1238 3472 2455 3543; baseline -0.001 0"><span class='ocrx_word' id='word_1_1142' title='bbox 1238 3472 1326 3530; x_wconf 79' lang='lat' dir='ltr'>RE</span> <span class='ocrx_word' id='word_1_1143' title='bbox 1346 3512 1366 3543; x_wconf 91' lang='lat' dir='ltr'>S</span> <span class='ocrx_word' id='word_1_1144' title='bbox 1389 3512 1393 3517; x_wconf 87' lang='lat'><em>&#39;</em></span> <span class='ocrx_word' id='word_1_1145' title='bbox 1426 3512 1431 3517; x_wconf 89' lang='grc'><strong>’</strong></span> <span class='ocrx_word' id='word_1_1146' title='bbox 1526 3511 1544 3542; x_wconf 91' lang='lat' dir='ltr'>d</span> <span class='ocrx_word' id='word_1_1147' title='bbox 1611 3511 1648 3542; x_wconf 68' lang='lat'>1¹</span> <span class='ocrx_word' id='word_1_1148' title='bbox 1743 3512 1771 3542; x_wconf 83' lang='lat' dir='ltr'>b·</span> <span class='ocrx_word' id='word_1_1149' title='bbox 1826 3511 1896 3542; x_wconf 89' lang='lat' dir='ltr'>lcet</span> <span class='ocrx_word' id='word_1_1150' title='bbox 1935 3511 1968 3542; x_wconf 63' lang='grc' dir='ltr'>ὃς</span> <span class='ocrx_word' id='word_1_1151' title='bbox 1987 3511 2063 3541; x_wconf 76' lang='lat' dir='ltr'>bene</span> <span class='ocrx_word' id='word_1_1152' title='bbox 2077 3510 2208 3541; x_wconf 86' lang='lat' dir='ltr'>volumus</span> <span class='ocrx_word' id='word_1_1153' title='bbox 2242 3511 2298 3542; x_wconf 89' lang='lat' dir='ltr'>uod</span> <span class='ocrx_word' id='word_1_1154' title='bbox 2317 3490 2394 3523; x_wconf 63' lang='lat' dir='ltr'><strong>Arm·</strong></span> <span class='ocrx_word' id='word_1_1155' title='bbox 2410 3490 2455 3528; x_wconf 35' lang='lat' dir='ltr'>D*</span> 
     </span>
     <span class='ocr_line' id='line_1_172' title="bbox 1239 3520 2434 3606; baseline -0.002 -24"><span class='ocrx_word' id='word_1_1156' title='bbox 1239 3520 1612 3589; x_wconf 46' lang='lat' dir='ltr'>Edmundcsgitffiiucgulpostxgiru’</span> <span class='ocrx_word' id='word_1_1157' title='bbox 1621 3520 1694 3580; x_wconf 52' lang='lat' dir='ltr'>tRxgc</span> <span class='ocrx_word' id='word_1_1158' title='bbox 1702 3521 1973 3594; x_wconf 44' lang='lat' dir='ltr'>1gicillsiai’?grovi&#39;deat</span> <span class='ocrx_word' id='word_1_1159' title='bbox 1984 3549 2090 3579; x_wconf 68' lang='lat' dir='ltr'>dileeto</span> <span class='ocrx_word' id='word_1_1160' title='bbox 2111 3549 2144 3580; x_wconf 92' lang='lat'>&amp;</span> <span class='ocrx_word' id='word_1_1161' title='bbox 2160 3520 2301 3594; x_wconf 33' lang='lat' dir='ltr'>fideliino-</span> <span class='ocrx_word' id='word_1_1162' title='bbox 2318 3537 2434 3606; x_wconf 54' lang='grc' dir='ltr'>Αῗέξ</span> 
     </span>
     <span class='ocr_line' id='line_1_173' title="bbox 1238 3587 2300 3629; baseline 0 -9"><span class='ocrx_word' id='word_1_1163' title='bbox 1238 3590 1298 3621; x_wconf 89' lang='lat' dir='ltr'>stro</span> <span class='ocrx_word' id='word_1_1164' title='bbox 1324 3588 1454 3619; x_wconf 78' lang='lat' dir='ltr'>Mathaeo</span> <span class='ocrx_word' id='word_1_1165' title='bbox 1475 3587 1624 3629; x_wconf 83' lang='lat' dir='ltr'>Hanybald</span> <span class='ocrx_word' id='word_1_1166' title='bbox 1637 3612 1648 3628; x_wconf 91' lang='lat'>,</span> <span class='ocrx_word' id='word_1_1167' title='bbox 1662 3588 1733 3620; x_wconf 85' lang='lat' dir='ltr'>Civi</span> <span class='ocrx_word' id='word_1_1168' title='bbox 1752 3589 1785 3619; x_wconf 89' lang='lat'>&amp;</span> <span class='ocrx_word' id='word_1_1169' title='bbox 1806 3588 1970 3619; x_wconf 79' lang='lat' dir='ltr'>Proconsuli</span> <span class='ocrx_word' id='word_1_1170' title='bbox 1984 3587 2110 3625; x_wconf 84' lang='lat' dir='ltr'>Rornae,</span> <span class='ocrx_word' id='word_1_1171' title='bbox 2127 3598 2156 3618; x_wconf 84' lang='lat' dir='ltr'>in</span> <span class='ocrx_word' id='word_1_1172' title='bbox 2174 3596 2251 3620; x_wconf 86' lang='lat' dir='ltr'>terris</span> <span class='ocrx_word' id='word_1_1173' title='bbox 2266 3590 2300 3620; x_wconf 90' lang='lat'>&amp;</span> 
     </span>
    </p>
   </div>
   <div class='ocr_carea' id='block_1_41' title="bbox 1259 3612 2386 3664">
    <p class='ocr_par' dir='ltr' id='par_1_62' title="bbox 1259 3612 2386 3664">
     <span class='ocr_line' id='line_1_174' title="bbox 1259 3612 2386 3664; baseline -0.002 -5"><span class='ocrx_word' id='word_1_1174' title='bbox 1259 3626 1468 3664; x_wconf 83' lang='lat' dir='ltr'>offeffionibus,</span> <span class='ocrx_word' id='word_1_1175' title='bbox 1494 3627 1650 3657; x_wconf 90' lang='lat' dir='ltr'>secundum</span> <span class='ocrx_word' id='word_1_1176' title='bbox 1672 3627 1784 3657; x_wconf 69' lang='lat' dir='ltr'>distum</span> <span class='ocrx_word' id='word_1_1177' title='bbox 1803 3627 1837 3657; x_wconf 92' lang='lat'>&amp;</span> <span class='ocrx_word' id='word_1_1178' title='bbox 1857 3627 2005 3657; x_wconf 87' lang='lat' dir='ltr'>arbitrium</span> <span class='ocrx_word' id='word_1_1179' title='bbox 2027 3627 2194 3658; x_wconf 84' lang='lat' dir='ltr'>venerabilis</span> <span class='ocrx_word' id='word_1_1180' title='bbox 2214 3625 2301 3658; x_wconf 86' lang='lat' dir='ltr'>Patris</span> <span class='ocrx_word' id='word_1_1181' title='bbox 2320 3612 2347 3636; x_wconf 81' lang='lat' dir='ltr'><em>H</em></span> <span class='ocrx_word' id='word_1_1182' title='bbox 2374 3617 2386 3644; x_wconf 81' lang='lat'>3</span> 
     </span>
    </p>
   </div>
   <div class='ocr_carea' id='block_1_42' title="bbox 1240 3647 2436 3742">
    <p class='ocr_par' dir='ltr' id='par_1_63' title="bbox 1240 3647 2436 3742">
     <span class='ocr_line' id='line_1_175' title="bbox 1273 3647 2436 3721; baseline -0.002 -23"><span class='ocrx_word' id='word_1_1183' title='bbox 1273 3665 1357 3698; x_wconf 75' lang='lat' dir='ltr'>icardi</span> <span class='ocrx_word' id='word_1_1184' title='bbox 1378 3665 1474 3695; x_wconf 72' lang='lat' dir='ltr'>Sanni</span> <span class='ocrx_word' id='word_1_1185' title='bbox 1490 3665 1592 3705; x_wconf 80' lang='lat' dir='ltr'>Angeii</span> <span class='ocrx_word' id='word_1_1186' title='bbox 1604 3665 1772 3709; x_wconf 64' lang='lat' dir='ltr'>Cardinaits,</span> <span class='ocrx_word' id='word_1_1187' title='bbox 1789 3666 1822 3697; x_wconf 72' lang='lat' dir='ltr'>sc</span> <span class='ocrx_word' id='word_1_1188' title='bbox 1837 3665 1932 3695; x_wconf 64' lang='lat' dir='ltr'>&lt;ineat</span> <span class='ocrx_word' id='word_1_1189' title='bbox 1949 3666 1983 3696; x_wconf 65' lang='grc' dir='ltr'>ὃς</span> <span class='ocrx_word' id='word_1_1190' title='bbox 1994 3664 2081 3709; x_wconf 72' lang='lat' dir='ltr'>fidens</span> <span class='ocrx_word' id='word_1_1191' title='bbox 2094 3665 2182 3710; x_wconf 55' lang='lat' dir='ltr'>nestri</span> <span class='ocrx_word' id='word_1_1192' title='bbox 2191 3663 2301 3704; x_wconf 81' lang='lat' dir='ltr'>Johan-</span> <span class='ocrx_word' id='word_1_1193' title='bbox 2320 3647 2436 3721; x_wconf 40' lang='lat'>&amp;33⁹³</span> 
     </span>
     <span class='ocr_line' id='line_1_176' title="bbox 1240 3703 2300 3742; baseline 0.001 -8"><span class='ocrx_word' id='word_1_1194' title='bbox 1240 3707 1283 3739; x_wconf 80' lang='lat' dir='ltr'>nis</span> <span class='ocrx_word' id='word_1_1195' title='bbox 1305 3703 1443 3734; x_wconf 88' lang='lat' dir='ltr'>Maunsell</span> <span class='ocrx_word' id='word_1_1196' title='bbox 1467 3705 1608 3742; x_wconf 84' lang='lat' dir='ltr'>praepositi</span> <span class='ocrx_word' id='word_1_1197' title='bbox 1631 3703 1790 3742; x_wconf 74' lang='lat' dir='ltr'>Beverlac13</span> <span class='ocrx_word' id='word_1_1198' title='bbox 1807 3704 1840 3735; x_wconf 89' lang='lat'>&amp;</span> <span class='ocrx_word' id='word_1_1199' title='bbox 1855 3713 1907 3733; x_wconf 91' lang='lat' dir='ltr'>nos</span> <span class='ocrx_word' id='word_1_1200' title='bbox 1918 3703 2110 3742; x_wconf 84' lang='lat' dir='ltr'>provisionem</span> <span class='ocrx_word' id='word_1_1201' title='bbox 2123 3703 2200 3737; x_wconf 84' lang='lat' dir='ltr'>illam</span> <span class='ocrx_word' id='word_1_1202' title='bbox 2214 3713 2300 3737; x_wconf 82' lang='lat' dir='ltr'>ratam</span> 
     </span>
    </p>
   </div>
   <div class='ocr_carea' id='block_1_43' title="bbox 1241 3730 2417 3820">
    <p class='ocr_par' dir='ltr' id='par_1_64' title="bbox 1241 3730 2417 3820">
     <span class='ocr_line' id='line_1_177' title="bbox 1241 3730 2417 3781; baseline -0.022 -6"><span class='ocrx_word' id='word_1_1203' title='bbox 1241 3744 1408 3777; x_wconf 88' lang='lat' dir='ltr'>habebimus</span> <span class='ocrx_word' id='word_1_1204' title='bbox 1420 3742 1454 3773; x_wconf 88' lang='lat'>&amp;</span> <span class='ocrx_word' id='word_1_1205' title='bbox 1468 3750 1621 3781; x_wconf 87' lang='lat' dir='ltr'>acceptam.</span> <span class='ocrx_word' id='word_1_1206' title='bbox 2321 3733 2349 3751; x_wconf 85' lang='lat' dir='ltr'>n.</span> <span class='ocrx_word' id='word_1_1207' title='bbox 2375 3730 2417 3758; x_wconf 85' lang='lat'>¹3·</span> 
     </span>
     <span class='ocr_line' id='line_1_178' title="bbox 1279 3781 1501 3820; baseline -0.023 -5"><span class='ocrx_word' id='word_1_1208' title='bbox 1279 3782 1314 3814; x_wconf 91' lang='lat' dir='ltr'>In</span> <span class='ocrx_word' id='word_1_1209' title='bbox 1328 3782 1422 3820; x_wconf 85' lang='lat' dir='ltr'>cujus,</span> <span class='ocrx_word' id='word_1_1210' title='bbox 1439 3781 1501 3812; x_wconf 87' lang='lat' dir='ltr'>&amp;c.</span> 
     </span>
    </p>
   </div>
   <div class='ocr_carea' id='block_1_44' title="bbox 1283 3855 1981 3898">
    <p class='ocr_par' dir='ltr' id='par_1_65' title="bbox 1283 3855 1981 3898">
     <span class='ocr_line' id='line_1_179' title="bbox 1283 3855 1981 3898; baseline -0.001 -7"><span class='ocrx_word' id='word_1_1211' title='bbox 1283 3858 1373 3891; x_wconf 88' lang='lat' dir='ltr'>Teste</span> <span class='ocrx_word' id='word_1_1212' title='bbox 1387 3857 1470 3898; x_wconf 85' lang='lat' dir='ltr'>Rege</span> <span class='ocrx_word' id='word_1_1213' title='bbox 1481 3855 1555 3898; x_wconf 76' lang='lat' dir='ltr'>apud</span> <span class='ocrx_word' id='word_1_1214' title='bbox 1569 3856 1767 3897; x_wconf 85' lang='lat' dir='ltr'>Wodestock,</span> <span class='ocrx_word' id='word_1_1215' title='bbox 1784 3865 1825 3898; x_wconf 90' lang='lat'>24</span> <span class='ocrx_word' id='word_1_1216' title='bbox 1837 3856 1882 3889; x_wconf 82' lang='lat' dir='ltr'>die</span> <span class='ocrx_word' id='word_1_1217' title='bbox 1891 3857 1981 3898; x_wconf 69' lang='lat' dir='ltr'>Junii-</span> 
     </span>
    </p>
   </div>
   <div class='ocr_carea' id='block_1_45' title="bbox 1647 4097 1751 4144">
    <p class='ocr_par' dir='ltr' id='par_1_66' title="bbox 1647 4097 1751 4144">
     <span class='ocr_line' id='line_1_180' title="bbox 1647 4097 1751 4144; baseline -0.01 -10"><span class='ocrx_word' id='word_1_1218' title='bbox 1647 4097 1751 4144; x_wconf 70' lang='lat' dir='ltr'>Bbg</span> 
     </span>
    </p>
   </div>
  </div>
 </body>
</html>
