2570 4261
751 173 859 213 ET
915 173 1180 216 ACTA

4 247 142 283 AffifluD·
159 256 292 289 nistram:
313 254 471 295 hujusmodi
490 256 568 286 enim
587 255 732 287 antonum
747 257 830 293 pietas
844 267 960 288 manum
973 258 1146 290 dominicam
1164 260 1215 290 tibi

25 288 109 318 1280.

17 327 84 354 Edi).
109 334 131 353 1.

13 1955 78 1984 ⁴11.
89 1962 151 1991 ¹45·

18 3088 94 3121 Anii.
108 3087 150 3118 D.

38 3128 124 3157 1280.

15 3169 67 3195 An.
78 3176 104 3200 7.

16 3208 47 3233 E.
68 3214 90 3231 i.

18 3248 48 3270 L.
62 3246 97 3269 A.
105 3240 132 3278 f.

18 3289 56 3319 74
79 3281 103 3307 b·

17 3323 90 3350 Penes
98 3323 150 3352 Ca-

17 3365 111 3389 metat.

161 298 263 334 aperiet
279 296 307 326 iii
321 293 472 331 munerum
479 295 605 334 ,largitate
619 316 630 333 2
642 295 674 325 &
689 295 783 325 reddet
795 295 879 336 longe
892 297 997 336 lateque
1013 298 1146 330 laudabile
1160 309 1216 329 no-

212 347 228 364 n
243 343 333 364 tuum.

163 346 314 404 miliduni
326 370 470 410 ,siquidem
483 394 493 409 ,
514 379 598 410 prout
617 370 821 408 intelleximus,
839 371 954 403 &legitis
976 374 1044 405 filius
1058 375 1215 405 Almaricus

152 412 188 443 de
209 402 379 442 Monteforti
392 432 403 448 ,
416 404 583 448 Capellanus
599 408 710 447 noster,
730 408 799 439 dum
818 408 941 440 sororem
964 412 1039 443 suarn
1060 423 1109 453 per
1125 420 1214 451 partes

155 451 306 481 maritimas
319 471 330 487 ,
344 445 405 478 >tuo
426 447 530 486 Regno
551 445 678 486 vicinas,
703 447 880 478 conducebat
900 450 933 480 ad
955 452 1065 490 virum,
1083 452 1212 491 laqueum

156 487 294 526 captionis
303 486 434 516 incurrit:
533 523 537 528 .
639 523 645 529 ἢ

191 528 241 557 Tu
254 527 325 556 veto
340 547 349 561 ,
368 531 470 554 eventu
491 522 646 560 huiusmodi
661 545 671 561 ,
689 533 750 554 non
764 523 819 554 fine
834 525 1041 565 compassione,
1060 535 1091 557 ut
1106 536 1214 565 propo-

156 566 233 595 nitur
245 586 256 602 ,
274 563 418 593 intellecto
430 586 440 601 ,
457 561 550 591 solitus
563 562 665 592 caritati
679 572 777 592 vacare
788 561 889 593 officio
906 588 915 602 ,
936 565 1009 595 circa
1022 565 1144 603 ejusdem
1159 566 1214 596 So—

154 603 225 636 toris
238 624 248 640 ,
263 600 460 637 consolationis
480 599 618 630 destitutae
635 598 730 629 solatio
745 623 753 638 ,
772 599 936 632 servandum
952 603 1088 642 pudorem
1103 605 1131 633 in
1146 605 1215 643 vigi-

156 641 203 674 lias
223 639 364 672 officiosus
382 639 551 677 consurgens
564 660 573 676 ,
593 636 669 674 quod
687 638 761 669 dicsta
782 638 858 669 soror
870 640 903 670 ad
919 643 1010 671 virum
1026 641 1214 673 traduceretur

157 679 300 717 eundem,
318 674 389 715 sicut
400 677 540 715 asseritur,
558 675 709 706 officiosius
722 677 886 715 procurasti.

194 710 385 755 Cumautern
401 713 555 754 ⁵praeditstus
573 712 737 753 Capellanus
753 738 763 753 ,
781 716 849 746 sicut
863 719 1037 757 accepimus,
1055 727 1089 748 ex
1105 718 1217 762 ordina-

159 750 260 793 tione,
278 750 364 789 felicis¹
383 753 583 785 recordationis
596 775 606 791 ,
617 752 756 791 Johannis
779 753 865 791 Papae
886 754 1095 787 Praedecefforis
1113 756 1218 794 nostri,

160 786 750 833 liibquorur'ndainPraelatorumvcustoditi
763 793 804 822 tui
816 792 910 833 Regni
923 794 1068 833 consistat,
1086 804 1155 831 nos,
1169 797 1218 832 qui

159 834 236 863 circa
248 825 440 863 liberationem
454 830 534 870 ipsius
541 829 674 859 Almarici
681 852 690 867 ,
705 839 841 870 quantum
854 831 1004 862 secundum
1012 832 1109 863 Deum
1118 856 1127 871 ,
1140 832 1220 870 Reg-

161 872 192 901 ni
204 870 327 909 ejuidem
343 868 425 900 status
437 870 529 907 quiete
543 877 602 897 nori
617 866 738 906 offensa,
757 869 900 906 poliumus
914 893 922 907 ,
942 871 1084 909 vigilanter
1100 871 1220 900 intendi-

161 919 223 940 mus
239 919 274 938 ne
286 909 401 947 diutius,
416 917 476 937 non
491 907 551 944 line*
563 904 762 944 praedic'toriini
778 918 863 937 onere
875 908 1075 948 Praelatorum,
1091 909 1221 952 squalori-

160 949 212 978 bus
232 947 389 985 hujusmodi
405 946 549 984 fatigetur,
568 944 767 975 considerantes
785 948 912 976 attentius
933 948 1010 985 quod
1036 955 1092 977 tam
1116 948 1222 986 pietatis

159 985 294 1023 affefflo,
311 992 342 1015 ut
355 985 549 1024 praemittitur,
568 984 642 1013 circa
655 984 771 1013 eandem
786 984 910 1015 sororem
924 985 1043 1024 servata,
1061 986 1146 1025 quarn
1161 995 1222 1015 mc-

163 1026 254 1054 moria
266 1024 416 1063 sanguinis,
434 1019 493 1061 quo
509 1022 653 1052 Almarico
672 1022 848 1053 connesteris
869 1023 1043 1062 supradieto,
1058 1024 1152 1062 regalis
1166 1024 1224 1067 cle-,

162 1063 278 1093 mentiae
291 1063 421 1097 animum
433 1061 470 1097 ad*
483 1061 569 1099 ipsum
583 1059 764 1096 verisimiliter
776 1060 896 1098 debeant
908 1062 1054 1099 inclinate,
1072 1063 1105 1093 δε
1119 1072 1222 1100 aperire

163 1102 214 1132 libi
227 1101 336 1131 fontem
350 1099 504 1130 dulcedinis
519 1097 608 1128 cordis
621 1100 676 1135 tui,
858 1138 862 1143 .
941 1139 946 1143 ι
973 1102 977 1106 ‘
1115 1139 1120 1143 .

202 1140 266 1178 Ac,
283 1139 426 1172 credentes
442 1146 585 1175 propterea
600 1147 719 1176 pronam
734 1137 767 1166 ad
776 1138 831 1168 hoc
846 1137 1034 1173 liberalitatem
1046 1138 1167 1177 Regiam
1182 1148 1226 1182 re-

203 1179 276 1215 rire,
295 1187 347 1215 pro
369 1177 529 1207 liberatione
550 1176 603 1212 ipsa
623 1176 758 1213 dilectum
773 1175 861 1205 filium
877 1175 1081 1215 Raymundum
1096 1177 1226 1214 Auverii,

197 1225 317 1251 ecanum
342 1215 472 1247 Avicien.
490 1212 674 1251 Capellanum
698 1213 825 1244 nostrum
840 1219 849 1251 ’,
866 1212 994 1245 duximus
1006 1200 1226 1259 destinandum,

164 1254 369 1286 Celsitudinem
385 1253 508 1293 Regiam
523 1260 626 1282 attente
642 1260 769 1290 rogantes
792 1253 919 1289 quatinus
943 1253 1017 1283 circa
1033 1253 1228 1287 liberationem

165 1294 246 1333 ipsius
259 1286 392 1323 Almarici
405 1314 414 1329 ,
433 1301 486 1331 pro
499 1289 592 1327 nostra
606 1291 639 1320 δε
656 1289 817 1327 apostolica:
839 1290 905 1322 sedis
919 1293 1088 1329 reverentia,
1106 1293 1135 1321 in
1150 1301 1228 1335 man-

163 1331 416 1369 suetudineRegia
431 1352 441 1366 ,
459 1329 496 1359 fic
518 1328 639 1366 praebeas
652 1337 738 1366 opem
752 1328 784 1358 ὃς
800 1337 914 1367 operam
929 1328 1057 1360 efficaces
1070 1353 1080 1368 ,
1098 1331 1131 1361 δί
1147 1330 1227 1360 facias

165 1381 231 1401 eum
265 1363 414 1408 postquam
429 1367 556 1402 liberatus
569 1367 712 1404 extiterit,
739 1375 813 1396 extra
833 1366 964 1405 Regnum
979 1374 1059 1398 tuum
1082 1368 1132 1398 sub
1150 1368 1229 1399 favo-

166 1419 194 1439 re
220 1393 318 1446 R’egio
338 1402 422 1444 usque
439 1404 473 1442 ad
495 1405 579 1442 loca,
596 1404 646 1434 sibi
660 1412 717 1434 tuta
731 1427 740 1442 ,
758 1403 899 1442 conduci,
916 1406 992 1443 quod
1004 1429 1013 1444 ,
1030 1415 1141 1445 propter
1158 1407 1229 1445 hoc,

164 1448 199 1478 :id
221 1447 338 1486 gloriam
360 1440 538 1475 tui'nominis
555 1465 565 1481 ,
583 1442 802 1480 multiplicentur
817 1444 949 1482 preconia
970 1445 1000 1473 in
1015 1444 1090 1475 labiis
1109 1445 1230 1482 populo-

167 1495 261 1561 rmEt,
277 1530 325 1560 ut,
341 1528 476 1559 praetextu
491 1520 627 1557 captionis
641 1519 814 1558 huiusmodi,
835 1520 999 1559 simultatem
1011 1520 1131 1564 aliquam
1146 1521 1228 1552 susci-

164 1561 239 1592 tandi
252 1562 375 1591 omnino
389 1559 555 1589 subducatur
569 1558 695 1596 occasio,
715 1559 747 1588 ὃ(
765 1558 869 1598 Regno
878 1556 1007 1596 praefato,
1030 1559 1136 1597 eiusque
1151 1561 1232 1590 inco-

164 1600 197 1630 lis
216 1600 329 1638 alicujus
347 1598 480 1629 timendae
505 1597 669 1634 turbationis
689 1597 801 1627 materia
821 1598 986 1634 praecidatur
1001 1621 1011 1636 ,
1026 1608 1059 1628 ac
1079 1598 1157 1635 supet
1173 1599 1230 1629 hoc

168 1638 319 1669 haesitantia
332 1636 418 1668 corda
432 1636 587 1673 quiescant,
605 1634 696 1665 eidem
714 1635 904 1674 Raymundo,
922 1647 970 1673 per
986 1637 1048 1667 alias
1067 1636 1173 1679 nostras
1188 1638 1234 1667 lit-

168 1685 237 1707 teras
277 1683 351 1706 certa
372 1674 523 1705 ministeria
537 1696 546 1712 ‚
565 1675 601 1703 ab
624 1674 682 1713 ipso
697 1673 854 1711 eodemque
877 1674 1022 1705 Almarico
1039 1674 1231 1715 adimplenda,

170 1700 357 1753 injunizirnus,
375 1724 423 1754 per
439 1723 503 1754 quae
518 1712 598 1751 posse
612 1712 672 1750 ipsis
685 1713 797 1743 occurri
805 1713 930 1750 periculis
946 1714 1066 1744 creditur
1080 1714 1095 1744 a
1110 1715 1234 1745 nonnul-

180 1756 183 1758 “
206 1765 211 1770 ·
255 1753 374 1782 ‘delicet-

166 1754 296 1830 llsdiod
319 1791 339 1821 si
361 1776 452 1821 <iterus
474 1789 631 1820 Almaricus
646 1788 823 1830 infrascriptae
838 1789 939 1820 formae
952 1791 1128 1831 simpliciter,
1146 1791 1233 1823 libere

165 1829 201 1861 &
214 1830 338 1861 absolute
348 1828 517 1859 consenserit
534 1828 588 1865 (de
601 1837 659 1869 quo
677 1829 790 1867 quidem
805 1828 940 1859 consensu
955 1830 1042 1860 libero
1055 1830 1186 1861 volumus
1201 1839 1232 1862 ut

167 1868 245 1899 idem
259 1868 426 1906 Capelianus
442 1867 611 1906 cognoscat,
628 1868 661 1899 &
676 1866 837 1896 industriam
853 1867 887 1897 &
899 1868 1035 1899 cautelam
1051 1868 1178 1899 adhibeat
1190 1869 1233 1899 di-

167 1902 303 1946 ligenter,
320 1916 358 1937 ne
371 1907 445 1937 forte
461 1905 648 1945 imposterum
664 1906 678 1935 a
694 1906 890 1945 calumpniosis
903 1908 1001 1937 animis
1016 1907 1161 1938 consensus
1176 1908 1231 1938 hu-

165 1946 289 1985 jusmodi
304 1944 471 1985 praedicetur
485 1951 609 1981 extortus
622 1945 638 1974 {i
650 1944 729 1974 dieto
745 1944 907 1981 Almarico)
929 1946 945 1963 '¹‘
966 1945 1169 1984 obligationem
1188 1956 1232 1976 re-

165 1985 249 2024 cipiat
262 2008 272 2022 ,
291 1984 430 2025 corporali
450 1983 573 2023 praestito
594 1984 749 2019 iuramento
761 1982 837 2021 quod
850 1983 985 2023 Regnum
999 1985 1087 2025 ipsum
1101 2007 1110 2023 ,
1130 1985 1231 2029 absque

164 2022 328 2063 apostolicae
350 2023 419 2053 sedis,
433 2021 554 2061 expressa
577 2021 691 2052 licentia
707 2044 716 2060 ,
735 2021 814 2051 nullo
828 2031 965 2060 umquam
977 2031 1104 2061 tempore
1117 2030 1232 2068 reintra-v

164 2063 222 2101 bit,
258 2061 369 2102 uodque
382 2060 457 2091 idem
473 2060 509 2090 A.
526 2060 660 2099 Regnum
673 2060 706 2090 δε
719 2069 816 2098 terrm,
834 2061 885 2090 tibi
897 2061 1046 2100 subjedbas,
1066 2072 1114 2099 per
1129 2062 1230 2107 se,vel

166 2111 216 2142 pei·
255 2102 297 2131 ios
311 2123 321 2139 ,
337 2099 472 2130 hostiliter
493 2109 552 2129 non
569 2099 682 2132 invadet
697 2120 707 2137 ,
725 2108 779 2129 nec
793 2099 878 2129 etiam
890 2101 1058 2140 occupabit,
1075 2108 1121 2131 aut
1135 2100 1230 2131 invadi

165 2140 210 2171 vel
224 2139 356 2177 occupari
371 2139 406 2168 ab
419 2138 474 2168 alio
488 2138 658 2175 procurabit.
897 2178 902 2182 Ι
946 2177 951 2183 .
966 2158 969 2160 -
1089 2179 1094 2184 .
1232 2147 1234 2150 ·

204 2178 256 2216 Et,
274 2177 295 2208 si
311 2177 386 2208 secus
399 2177 472 2207 forte
487 2176 679 2216 praesumeret,
694 2177 965 2207 excomunicationis
979 2178 1128 2216 sententia,
1144 2188 1229 2217 quam

186 2227 213 2248 er
225 2215 347 2247 eundem
359 2216 497 2247 nuncium
512 2216 540 2245 in
554 2224 620 2244 eum
635 2214 699 2244 ferri
712 2214 859 2253 volumus,
876 2215 908 2245 sit
922 2216 1032 2256 ligatus,
1046 2217 1080 2247 ὃς
1095 2218 1228 2248 omnibus

163 2225 309 2287 Eeneficiis
325 2254 513 2286 ecclesiasticis
533 2254 566 2285 ὃ(
585 2253 730 2292 privilegio
750 2253 870 2284 clericali
892 2255 1011 2291 privatus
1024 2279 1033 2294 ,
1051 2266 1083 2285 ac
1098 2266 1146 2293 per
1161 2266 1230 2286 eun-

164 2294 231 2327 dem
252 2293 459 2334 Reymundum
483 2291 668 2334 Capelianum
689 2291 816 2322 reddatur
838 2292 964 2323 inhabilis
983 2294 1017 2324 ad
1039 2294 1100 2332 illa,
1118 2294 1164 2326 vel
1178 2295 1227 2327 alia

283 2333 330 2363 da:

163 2335 329 2410 Obssiliitiiod
338 2395 348 2410 ,
365 2371 516 2410 postquam
531 2370 565 2401 ad
578 2370 642 2400 loca
655 2377 714 2400 tuta
726 2369 824 2409 Regni
838 2369 862 2399 F
863 2372 965 2401 ranciae
973 2372 1228 2416 pervenerit2obli-

162 2412 306 2449 gationem
319 2411 436 2440 similem
452 2417 586 2447 renovet,
605 2409 680 2438 illam
695 2408 744 2438 sub
756 2409 917 2446 juramento
929 2411 963 2440 &
978 2412 1069 2447 poenis
1085 2411 1226 2450 limilibus,

161 2448 340 2486 imponendis
354 2449 399 2479 seu
411 2447 566 2486 infligendis
580 2447 631 2476 sibi
651 2456 699 2483 per
716 2446 853 2485 eundem,
871 2456 1006 2490 perpetuo
1021 2448 1186 2492 servaturus:

200 2488 292 2526 Qiod
304 2510 314 2525 ,
332 2488 352 2518 si
373 2486 522 2524 postquam
541 2484 575 2515 ad
589 2485 652 2514 loca
665 2492 724 2514 tuta
746 2493 925 2524 pervenerit,
942 2486 1147 2524 obligationem
1166 2497 1227 2517 non

161 2527 338 2557 renovaverit
358 2524 540 2564 supradietam
554 2546 564 2561 ,
581 2532 628 2554 aut
642 2531 741 2553 contra
755 2522 887 2567 praedis-ta
898 2547 907 2561 ‚
926 2525 973 2555 vel
986 2525 1227 2569 ffltiOdPsaedlc·

162 2573 258 2595 torum
273 2565 395 2600 venerit,
415 2571 518 2593 extunc
533 2561 634 2592 eisdem
650 2564 920 2592 excomunicationis
933 2585 942 2601 ,
961 2572 1120 2602 privationis
1134 2564 1167 2594 &
1182 2574 1227 2594 in-

162 2603 308 2634 habilitatis
323 2602 416 2641 poenis
429 2601 608 2632 Almaricum
619 2600 743 2630 eundem
760 2600 891 2631 volumus
905 2601 1052 2640 subjacere.

199 2683 268 2714 Dat.
285 2681 488 2722 Romae,apud
503 2681 639 2713 Sandtum
652 2679 768 2711 Petrum
787 2691 830 2722 13.
846 2681 910 2712 Kal.
920 2681 1235 2721 Martii,Pontificat1“is'

167 2721 256 2754 nostri
266 2731 342 2752 anno
361 2721 451 2751 tertio.

933 2801 1055 2839 Sigillum
1068 2801 1146 2844 derst.

168 2951 248 2984 Alia
264 2928 355 2982 vBulla
368 2975 377 2991 ,
410 2947 445 2981 de
470 2926 660 2983 Libeiatidne
683 2951 841 3032 ,Ξίψανὶεί
860 2941 898 2983 λε
916 2952 1101 2998 Montcforti
1120 2964 1229 3000 procu-

644 3011 701 3032 ran
724 3011 753 3033 a,

169 3094 359 3156 Nicolaus
371 3093 475 3133 Episco
495 3105 541 3133 υς,
560 3095 651 3126 servus
670 3095 814 3128 servorum
830 3096 906 3134 Dei,
923 3096 1029 3128 dilecto
1044 3098 1116 3129 Filio
1131 3098 1227 3138 Magi-

253 3133 311 3163 stro
332 3133 466 3172 Reymun
486 3144 506 3163 o
520 3156 529 3172 ,
556 3134 676 3165 Decano
691 3135 824 3166 Eccleliae
844 3136 972 3167 Avicien.
993 3136 1147 3177 Capellano
1162 3148 1227 3168 iios-

164 3179 210 3202 tro
227 3172 340 3202 salutem
352 3172 385 3202 &
400 3171 595 3211 Apostolicam
608 3174 844 3206 benedictionem.

204 3209 253 3240 Illa
266 3218 293 3241 te
304 3210 441 3240 credimus
456 3211 556 3241 virtute
569 3210 737 3242 discretionis
751 3213 879 3243 dotatum
893 3213 969 3252 quod
985 3237 994 3253 ,
1013 3225 1078 3253 quae
1093 3216 1143 3245 tibi
1157 3216 1171 3245 ᾖ
1185 3215 1226 3244 se-

165 3248 201 3278 de
215 3248 381 3285 Apostolica
393 3249 613 3280 committuntur
625 3273 635 3288 ,
658 3249 773 3281 fideliter
795 3260 889 3290 gerere
906 3251 1012 3283 studeas
1025 3255 1059 3284 ὃς
1074 3253 1224 3284 efficaciter

165 3297 350 3328 promovere,
368 3289 488 3317 maxime
502 3298 565 3327 qua:
583 3288 724 3319 honorem
743 3291 864 3328 ejusdem
885 3291 953 3322 sedis
967 3294 1115 3323 continent
1130 3293 1162 3323 ὃς
1179 3303 1224 3322 in—

168 3334 310 3357 crementa
323 3325 524 3358 Eccleiiast-icae
536 3327 676 3359 libertatis.

204 3363 325 3395 Dudum
339 3363 494 3403 siquidem,
508 3365 577 3396 sicut
586 3365 784 3403 intelleximus,
802 3367 920 3398 dileetus
936 3368 1006 3400 filius
1020 3368 1177 3400 Almaricus
1190 3370 1225 3399 de

166 3402 358 3440 Monteforti,
375 3401 542 3440 Capelianus
553 3402 666 3442 noster,
684 3404 753 3434 dum
762 3404 897 3438 Sororem
912 3407 988 3439 suam
1002 3418 1051 3448 per
1064 3418 1152 3446 partes
1166 3418 1225 3439 ma-

165 3442 285 3479 ritimas,
303 3441 415 3479 Angliae
428 3440 533 3480 Regno
551 3442 655 3473 vicinas
667 3464 677 3480 ,
702 3441 878 3476 conducebat
895 3446 930 3479 ad
949 3447 1045 3477 virum
1060 3469 1070 3484 ,
1094 3446 1222 3486 laqueum

163 3481 299 3518 captionis
310 3480 443 3517 incurrit,

202 3519 309 3550 Verum
322 3517 475 3549 cariffimus
488 3519 517 3550 in
533 3516 651 3550 Christo
659 3516 739 3560 *filius
758 3520 852 3552 noster
957 3522 1023 3554 Rex
1039 3523 1147 3563 Angliae
1162 3523 1223 3554 illu-

164 3557 241 3596 stris,
257 3564 360 3589 eventu
377 3556 554 3595 hujusmodi,
573 3566 632 3587 non
650 3558 708 3588 ime
722 3560 929 3598 compassione,
947 3569 978 3594 ut
992 3563 1093 3593 dicitur
1107 3585 1116 3600 ,
1143 3562 1222 3593 intel..

163 3597 239 3629 lesio
248 3619 257 3634 ,
275 3595 368 3626 solitus
381 3596 497 3626 caritatis
508 3604 608 3627 vacare
619 3593 734 3633 officio,
752 3598 826 3629 circa
840 3599 960 3636 ejusdem
975 3600 1086 3638 sororis,
1101 3600 1218 3643 destitu-

165 3645 203 3668 tae
215 3633 411 3667 consolationis
424 3634 520 3664 solatio
533 3657 543 3672 ‚
567 3633 731 3678 servandum
753 3635 890 3674 pudorem
910 3639 940 3669 iri
959 3640 1064 3678 vigilias
1083 3639 1220 3681 officiosas

167 3673 352 3713 consurgens,
370 3672 448 3710 quod
460 3672 537 3704 dista
554 3672 631 3703 soror
649 3672 684 3702 ad
702 3683 795 3703 virum
811 3673 998 3709 traduceretur
1016 3678 1139 3709 eundem
1155 3679 1222 3708 oth-

166 3712 267 3744 ciosius
277 3711 444 3750 procuravit.
801 3749 806 3754 ,

203 3749 285 3782 Cum
295 3757 390 3780 autern
404 3749 494 3780 didius
509 3748 682 3786 Almaricus,
699 3757 734 3778 ex
747 3747 935 3792 ordinatione,
953 3753 1040 3785 felicis
1056 3755 1225 3786 recordatio-

169 3789 227 3827 nis,
241 3789 377 3827 ‚Iohannis
388 3787 474 3825 Papae
494 3786 824 3831 Praedecellorisrnostrb
841 3788 948 3821 dicatur
966 3792 1017 3824 sub
1038 3793 1225 3834 quorumdam

168 3827 290 3864 ejusdem
301 3826 396 3867 Regni
411 3826 592 3857 Praelatorum
607 3824 734 3856 custodia
747 3824 874 3857 detineri·
893 3838 960 3867 nos,
977 3833 1027 3870 qui
1041 3833 1116 3864 circa
1128 3833 1227 3864 libera-

170 3866 278 3900 tionem
290 3865 370 3904 ipsius
378 3865 528 3903 Almarici,
546 3871 682 3902 quantum
698 3863 852 3908 secundum
899 3876 981 3910 curn,
1000 3869 1094 3909 Regni
1105 3872 1227 3911 ejusdem

172 3901 257 3933 statiis
270 3905 362 3941 quiete
375 3914 435 3935 non
452 3902 576 3941 offensi,
593 3901 726 3942 poffimus
738 3926 748 3940 ,
774 3904 920 3941 Vigilanter
933 3907 1102 3940 intendimus
1115 3920 1152 3940 rie
1165 3910 1228 3940 diu-

171 3942 242 3979 tius,
258 3951 319 3972 non
330 3943 386 3973 sine
400 3942 603 3981 praedietorum
617 3940 800 3972 Praelatorum
811 3951 915 3984 onere,
928 3943 1084 3981 huiusmodi
1097 3948 1228 3987 squalori-

172 3979 224 4009 biis
234 3979 378 4018 fatigetur,
396 3982 557 4012 extimantes
575 3979 653 4019 quod
671 3988 729 4011 tam
743 3981 849 4019 pietatis
869 3980 1007 4025 aflectio,
1033 3993 1064 4016 ut
1078 3988 1228 4025 pr‘aemitti-

172 4024 216 4048 tur
227 4039 236 4054 ⁷
251 4018 326 4048 circa
338 4020 461 4050 eandem-
470 4019 594 4049 sororem
606 4018 706 4049 servata
719 4041 728 4057 ,
752 4028 838 4055 quarn
851 4028 987 4063 memoria
1000 4022 1152 4063 sanguinis,
1169 4035 1228 4064 quo

172 4055 265 4086 cidem
280 4054 316 4087 A.
329 4055 397 4087 Rex
409 4058 587 4090 commetitur
601 4065 786 4094 memoratus,
802 4056 1093 4097 RegahsCiememiae
1101 4064 1231 4102 animum

1262 177 1726 228 PUBLICA.

1250 261 1284 291 ad
1299 264 1419 295 eundem
1430 266 1463 297 Α.
1478 270 1664 301 veresimiliter
1678 272 1796 304 debeant
1810 273 1958 313 inclinare,
1976 286 2009 306 ac
2025 277 2166 308 credentes
2180 286 2308 319 propter·-
2327 279 2402 310 Ann.
2420 279 2461 310 D.

1254 310 1285 330 ea
1307 311 1424 336 pronam
1445 306 1478 335 ad
1495 307 1551 337 hoc
1566 309 1753 340 liberalitatem
1766 312 1887 349 Regiam
1899 317 2050 352 repperire,
2347 318 2432 348 1280.

1292 338 1350 382 Pro
1365 341 1525 374 liberatione
1536 346 1591 385 ipsa
1605 356 1631 376 te
1644 348 1677 377 ad
1694 358 1780 386 partes
1794 344 1848 380 illas
1864 351 1994 382 duximus
2011 352 2221 392 destinandum,
2241 354 2310 385 Cel·
2330 358 2397 385 Edv.
2415 365 2440 384 i.

1254 376 1400 421 situdinem
1414 380 1535 420 Regiam
1552 393 1597 420 per
1612 385 1709 416 litteras
1724 387 1828 417 nostras
1850 397 1951 420 attente
1973 400 2098 429 rogantes
2113 415 2122 429 ,
2147 401 2177 422 ut
2192 395 2265 423 circa
2280 394 2312 423 li-

1255 415 1426 460 berati—onem
1440 420 1518 461 iplius
1532 421 1665 453 Almarici
1674 446 1682 461 ,
1699 434 1750 461 pro
1764 425 1858 456 nostra?⁴
1871 428 1904 457 ὃς
1914 428 2088 467 Apostolicae
2100 430 2167 461 sedis
2183 441 2311 462 revereri-

1256 461 1309 496 tia,
1327 457 1364 484 iic
1375 465 1404 485 in
1418 459 1623 489 mansuetudine
1636 471 1722 498 opem
1739 464 1859 499 praebeat
1873 466 1906 497 ὃς
1929 475 2044 504 operam
2059 467 2203 507 efficaces,
2223 471 2255 499 ὃς
2269 471 2310 500 fa-

1255 500 1308 521 ciat
1321 502 1401 530 eum,
1421 495 1568 534 postquam
1582 498 1706 529 liberatus
1718 502 1851 539 extiterit,
1869 512 1943 533 extra
1959 504 2092 543 Regnum
2107 507 2198 546 ipsum
2209 507 2257 538 sub
2272 508 2312 539 fa-

1256 539 1324 559 vore
1338 531 1431 574 Regio
1445 534 1527 573 usque
1541 535 1575 565 ad
1592 536 1670 574 loca,
1689 538 1736 567 sibi
1752 547 1826 576 tuta,
1843 541 1983 579 conduci,
2001 544 2094 582 quod,
2110 554 2223 583 propter
2236 547 2311 584 hoc,

1255 567 1289 597 ad
1300 569 1416 607 gloriam
1429 571 1468 602 sui
1489 574 1610 604 nominis
1623 597 1633 613 ,
1658 576 1876 615 multiplicentur
1895 583 2035 616 praeconia
2048 582 2076 611 in
2094 582 2172 614 labiis
2193 586 2315 624 populo·

1255 616 1328 636 rum.
2317 644 2321 651 s

1294 644 1346 688 Et,
1365 655 1565 691 ut,·prietextu
1579 651 1714 691 captionis
1728 652 1904 693 hujusmodi,
1923 654 2086 687 simultatem
2099 659 2220 696 aliquam
2235 659 2316 691 susci-

1258 683 1335 726 tandi
1347 694 1467 716 omnino
1482 688 1646 719 subducatur
1658 691 1786 728 occasio,
1803 692 1836 722 &
1851 692 1955 732 Regno
1973 695 2089 731 praefato
2109 698 2218 734 ejusque
2233 699 2316 729 inco·-

1260 720 1290 750 lis
1304 721 1416 764 alicuius
1436 726 1569 756 timendae
1589 728 1748 759 turbationis
1767 731 1880 760 materia
1901 733 2066 768 praecidatur
2081 757 2090 772 ,
2113 746 2145 765 ac
2166 736 2243 775 super
2259 736 2317 768 hoc

1261 759 1410 792 haeiitantia
1424 764 1510 794 corda
1521 765 1674 804 quiescant,
1694 768 1822 797 volumus
1841 770 1918 806 quod
1934 792 1944 807 ,
1968 771 1987 800 si
2002 771 2091 801 dietus
2109 774 2265 805 Almaricus
2276 776 2319 804 in-

1261 797 1409 841 frascripta:
1424 800 1524 832 formae
1544 804 1701 844 simpliciter
1710 828 1719 843 ,
1738 806 1824 836 libere
1837 817 1869 837 ac
1883 808 2005 839 absolute
2018 810 2183 841 consenserit
2201 812 2247 849 (de
2261 823 2321 853 quo

1261 836 1375 879 quidem
1391 839 1522 874 consensu
1536 841 1625 871 libero
1643 843 1795 882 cognoscas
1808 868 1816 882 ,
1836 846 1869 876 ὃ(
1883 846 2046 878 industriam
2069 849 2102 879 ὃς
2122 851 2257 880 cautelam
2271 851 2322 881 ad-

1263 873 1355 905 hibeas
1370 876 1530 917 diligenter,
1540 889 1576 909 ne
1590 880 1662 910 fonte
1672 882 1700 911 in
1716 882 1858 919 posterum
1872 894 1886 914 a
1901 885 2094 925 calumpniolis
2107 889 2204 918 animis
2219 890 2321 926 praedi-

1264 920 1342 954 cetur
1353 923 1488 954 extortus,
1506 928 1521 947 a
1534 919 1613 948 dicio
1633 919 1669 948 A.
1684 921 1885 959 obligationem
1898 923 2026 962 recipias,
2043 926 2181 962 corporali
2195 927 2321 964 praestito

1260 954 1431 993 juramento)
1449 955 1526 990 quod
1542 955 1675 995 Regnum
1696 959 1785 995 ipsum
1803 960 1904 998 absque
1919 961 2094 1001 Apostolicae
2116 964 2182 994 sedis
2200 965 2322 1002 expressa

1264 988 1391 1028 licentia,
1409 992 1488 1028 nullo,
1500 1003 1622 1032 unquam
1636 1004 1762 1032 tempore
1777 999 1915 1028 reintrabit
1925 1022 1934 1036 ,
1951 1001 2028 1036 quod
2050 1011 2084 1030 ue
2098 1002 2176 1032 idern
2183 1002 2322 1041 Regnum

1266 1028 1299 1057 δε
1314 1036 1413 1066 terras,
1432 1030 1569 1069 ipsi‘Regi
1583 1032 1733 1071 subjeetas,
1753 1045 1800 1071 per
1814 1035 1841 1065 se
1854 1036 1897 1065 vel
1911 1038 1976 1066 alios
1989 1038 2027 1067 ho
2055 1039 2121 1068 iliter
2135 1051 2193 1070 non
2209 1040 2227 1059 ’¹²
2242 1042 2322 1071 inva-

1265 1065 1328 1132 delt,
1345 1076 1398 1097 nec
1414 1069 1497 1097 etiam
1512 1070 1663 1108 occupabit
1677 1093 1687 1109 ,
1708 1081 1753 1102 aut
1769 1073 1862 1104 invadi
1882 1075 1927 1104 vel
1942 1078 2076 1116 occupari
2093 1078 2128 1107 ab
2148 1079 2202 1109 alio
2220 1089 2324 1118 procu-

1267 1113 1295 1133 ra
1304 1112 1336 1133 uit
1345 1114 1351 1133 :

1303 1141 1340 1172 Et
1352 1165 1362 1181 ,
1388 1142 1407 1172 si
1428 1142 1504 1174 secus
1531 1144 1603 1175 forte
1627 1147 1802 1183 praesumeret
1816 1172 1825 1186 ,
1853 1153 2152 1183 excommunicationis
2176 1154 2326 1196 sententia,

1268 1189 1352 1216 quam
1367 1190 1416 1217 per
1428 1189 1455 1211 te
1470 1183 1498 1211 in
1512 1192 1576 1212 eum
1591 1184 1653 1214 ferri
1667 1186 1813 1224 volumus,
1829 1187 1860 1217 sit
1875 1188 1970 1227 ligatus
1986 1212 1994 1226 ,
2019 1191 2052 1220 ὃς
2070 1192 2201 1221 omnibus
2219 1194 2326 1224 benefi-

1268 1219 1317 1247 ciis
1330 1218 1529 1250 Ecclesiasticis
1549 1222 1582 1251 ὅ(
1602 1223 1747 1263 privilegio
1767 1224 1896 1256 Clericali
1917 1228 2035 1264 privatus
2047 1250 2058 1266 ,
2084 1238 2116 1259 ac
2132 1240 2179 1266 per
2195 1232 2326 1271 teipsum

1269 1256 1394 1287 reddatur
1409 1258 1535 1288 inhabilis
1547 1259 1580 1290 ad
1594 1261 1639 1290 illa
1653 1263 1696 1292 vel
1709 1263 1760 1292 alia
1772 1263 1937 1302 optinenda·

1308 1294 1347 1325 Et
1359 1297 1453 1338 quod,
1470 1297 1619 1335 postquam
1634 1301 1667 1330 ad
1680 1300 1742 1331 loca
1755 1308 1813 1332 tuta
1821 1301 1915 1340 Regni
1929 1289 1951 1332 l?
1953 1305 2052 1333 rancia:
2067 1307 2237 1344 pervenerit,
2256 1309 2329 1339 obli-

1269 1334 1410 1371 gationem
1424 1336 1541 1366 similem
1556 1346 1691 1377 renovet,
1707 1340 1782 1369 illam
1798 1339 1847 1370 sub
1858 1339 2018 1378 juramento
2030 1343 2063 1373 ὅ(
2078 1345 2169 1381 poenis
2181 1345 2329 1386 similibus,

1268 1372 1446 1439 {inponendis
1463 1374 1507 1404 seu
1523 1375 1679 1415 infligendis
1697 1378 1746 1408 fibi
1763 1378 1925 1409 au&oritate
1944 1380 2038 1411 nostra
2057 1391 2104 1419 per
2120 1390 2147 1412 te
2160 1406 2169 1420 ,
2196 1392 2331 1423 perpetuo

1280 1419 1432 1441 ervaturus:

1309 1449 1418 1488 Qiod,
1436 1451 1455 1481 fi
1468 1450 1618 1490 postquam
1635 1452 1670 1483 ad
1689 1454 1752 1485 loca
1773 1463 1831 1486 tuta
1848 1458 2024 1496 pervenerit,
2049 1457 2251 1498 obligationem
2270 1471 2330 1492 non

1270 1489 1443 1519 renovaverit
1458 1490 1658 1529 supradidtam‚
1677 1501 1723 1522 aut
1739 1503 1837 1524 contra
1853 1495 1984 1531 praedi&a
1996 1495 2041 1526 vel
2056 1497 2166 1535 aliquod
2181 1499 2331 1538 praedfflio-

1271 1535 1336 1555 rum
1348 1529 1470 1567 venerit,
1488 1537 1522 1557 ex
1535 1537 1603 1559 tunc
1617 1530 1717 1561 eisdem
1731 1534 2047 1572 excommunicationis,
2064 1537 2223 1572 privationis
2239 1538 2272 1568 &
2286 1539 2331 1568 in-

1271 1563 1415 1595 habilitatis
1429 1568 1521 1603 poenis
1536 1567 1711 1599 Almaricum
1728 1570 1850 1600 eundem
1865 1572 1993 1602 volumus
2009 1573 2161 1612 subjacere:

1310 1602 1457 1641 Qiocirca
1467 1604 1627 1636 discretioni
1641 1616 1697 1637 tuae
1731 1619 1760 1638 er
1774 1609 1936 1649 Apostolica
1951 1611 2046 1648 scripta
2063 1613 2244 1653 mandamus,
2265 1625 2333 1652 qua-

1274 1641 1348 1671 tinus
1361 1642 1507 1679 praefaiurn
1516 1644 1629 1684 Regem
1645 1656 1702 1683 quo
1735 1647 1848 1684 nostris,
1870 1648 1919 1678 fibi
1935 1650 1962 1678 in
1975 1649 2028 1679 hac
2061 1659 2117 1680 arte
2129 1652 2254 1688 directis,
2271 1663 2334 1690 pre-

1274 1680 1353 1710 cibus
1364 1680 1509 1712 liberaliter
1524 1683 1557 1713 &
1572 1683 1724 1715 efficaciter
1739 1686 1893 1724 aquiescat,
1906 1688 1979 1724 juxta
1993 1696 2031 1717 tra
2053 1690 2118 1719 itam
2132 1691 2182 1720 tibi
2195 1701 2211 1720 a
2226 1690 2333 1721 Domi-

1274 1728 1313 1748 no
1328 1719 1503 1756 prudentiam
1517 1721 1665 1762 inducere,
1684 1724 1719 1754 &
1733 1725 1759 1754 ei
1773 1733 1807 1754 ex
1820 1733 1895 1763 parte
1910 1725 2005 1756 nostra
2022 1727 2131 1758 suadere
2147 1727 2253 1759 studeas
2267 1730 2332 1760 dili-

1292 1766 1377 1788 enter.

1272 1765 1291 1796 g
1311 1795 1341 1826 Si
1355 1807 1424 1827 vero
1438 1795 1517 1837 super
1530 1798 1582 1828 hiis
1593 1799 1766 1839 interpositio
1777 1799 1946 1832 difficultatis
1957 1803 2111 1843 emerserit,
2130 1813 2160 1836 tu
2174 1806 2264 1836 causas
2278 1806 2332 1836 dif-

1273 1832 1399 1865 ficultatis
1412 1836 1567 1873 hujusmodi
1582 1836 1731 1875 prudenter
1743 1839 1870 1879 colligas,
1889 1841 1921 1871 &
1935 1842 2059 1872 colleffis
2074 1843 2230 1881 hujusmodi
2246 1845 2332 1876 causis

1275 1872 1454 1910 (nontamen
1470 1883 1518 1913 per
1530 1876 1652 1915 publicae
1664 1901 1674 1916 ,
1699 1877 1745 1907 vel
1760 1877 1908 1916 solempnis
1923 1879 2106 1917 inquisitionis
2126 1881 2311 1912 ministerium
2320 1906 2331 1922 ,

1272 1910 1317 1941 sed
1330 1920 1386 1942 tuae
1400 1912 1543 1943 industriae
1558 1914 1661 1952 studio)
1677 1917 1705 1945 in
1720 1916 1799 1954 ipsius
1820 1918 1938 1956 partibus
1960 1918 2064 1949 studeas
2083 1920 2239 1960 diligentius
2255 1920 2333 1951 inda-

1291 1959 1334 1980 are
1348 1961 1383 1980 an
1405 1951 1493 1982 caufiae
1514 1952 1671 1989 hujusmodi
1694 1953 1846 1986 deserviant
1866 1957 2000 1995 veritati,
2025 1957 2093 1988 illud
2108 1960 2189 1990 nobis
2202 1958 2332 1996 postmo-

1292 1998 1340 2019 um
1353 1990 1528 2030 personaliter
1542 1991 1647 2022 fidelius
1660 1993 1796 2024 relaturus.

2234 195 2309 247 183

2338 1046 2399 1075 *IL
2411 1048 2470 1081 146⁷

1309 2069 1377 2100 Dat.
1392 2070 1515 2109 Romae,
1533 2072 1606 2110 apud
1618 2072 1754 2104 Sandium
1767 2073 1882 2105 Petrum
1900 2084 1943 2114 13.
1958 2074 2023 2106 Kal.
2037 2075 2160 2115 Martii,
2181 2076 2333 2110 Pontificaa

1271 2106 1316 2139 tfis
1328 2108 1417 2146 nostri
1431 2120 1506 2141 anno
1522 2112 1614 2142 tertio.

1301 2258 1349 2290 De
1364 2256 1525 2306 Jocalilms
1536 2259 1651 2306 ftretro
1673 2259 1755 2294 beati
1773 2261 1901 2297 Ricardi
1921 2261 2096 2308 Cicestrenfis
2112 2263 2304 2312 reaffigendis.

1271 2345 1372 2407 ΕΙ).
1394 2347 1452 2379 Dei
1466 2350 1565 2389 gratia,
1585 2350 1650 2380 Rex
1664 2350 1748 2391 Angl.
1764 2351 1908 2383 Dominus
1924 2352 2046 2383 Hibern.
2060 2354 2102 2396 &¹
2115 2353 2184 2384 Dux
2199 2353 2329 2393 Aquitan.
2346 2364 2422 2395 Anu,
2439 2364 2479 2396 D,

1337 2385 1496 2419 Venerabili
1507 2390 1536 2419 in
1552 2387 1668 2419 Christo
1683 2391 1753 2427 patri
1774 2391 1801 2421 S.
1822 2391 1920 2421 eadem
1934 2391 2019 2430 grati&
2033 2415 2042 2430 ,
2066 2391 2232 2435 Cices'trenii
2251 2392 2330 2432 Epis·
2368 2404 2450 2434 1280,

1268 2431 1365 2490 ῗῗρο,
1384 2425 1418 2456 δε
1432 2427 1539 2458 dilectis
1553 2427 1603 2457 sibi
1614 2428 1645 2457 in
1658 2427 1777 2458 Christo
1797 2429 1916 2459 Decano
1936 2432 1970 2461 ὃς
1986 2429 2119 2469 Capitulo
2141 2429 2260 2468 ejusdem
2273 2432 2330 2463 loci
2346 2447 2398 2470 An.
2412 2444 2439 2470 s,

1281 2471 1294 2491 a
1306 2470 1392 2493 utem.
2346 2485 2375 2508 E.
2398 2492 2406 2508 i
2415 2502 2420 2508 .

1308 2501 1386 2540 Qia
1402 2501 1585 2536 intelleximus
1598 2505 1675 2544 quod
1691 2516 1743 2536 vos
1755 2505 1885 2545 quaedam
1895 2505 2002 2543 Jocalia
2011 2529 2021 2545 ,
2039 2516 2102 2546 quae
2116 2508 2217 2539 feretro
2231 2508 2327 2539 Sanffl
2345 2523 2403 2547 pas,
2430 2518 2456 2546 8,

1271 2537 1388 2570 Ricardi
1402 2539 1584 2574 Cicestrenfis
1596 2554 1684 2582 nuper
1697 2544 1794 2583 affixa,
1812 2544 1845 2574 ὃς
1857 2543 2040 2583 postmodum
2055 2546 2189 2576 subtracta
2202 2547 2329 2586 fuerunt,
2344 2562 2373 2585 E.
2398 2567 2420 2585 i.

1270 2577 1361 2607 eidem
1377 2578 1494 2620 feretro,
1511 2582 1594 2612 nobis
1606 2582 1658 2612 irre
1680 2583 1778 2621 uisitis,
1793 2582 1884 2613 facere
1896 2593 1954 2613 non
1968 2584 2051 2614 vultis
2064 2583 2186 2624 real-sigi,

1306 2615 1390 2656 Nos,
1411 2621 1652 2656 recuperationem
1682 2621 1803 2651 ocalium
1818 2620 1931 2651 illorum
1949 2622 2079 2652 divinitus
2092 2632 2246 2663 reputantes
2263 2634 2336 2655 con·
2349 2605 2386 2624 m·
2405 2603 2450 2631 ²3¹

1269 2653 1374 2695 tigisse,
1393 2656 1474 2686 vobis
1486 2658 1649 2689 mandamus
1664 2658 1741 2698 quod
1751 2659 1858 2698 Jocalia
1873 2659 1936 2697 illa,
1953 2660 1987 2690 ad
2003 2660 2141 2691 honorem
2150 2662 2246 2693 Saneti
2263 2673 2333 2700 prae-

1269 2692 1337 2723 dieti
1345 2716 1355 2732 ,
1374 2693 1410 2724 de
1423 2695 1518 2727 nostra
1531 2696 1660 2737 licentia,
1677 2698 1747 2729 sicut
1761 2699 1848 2736 magis
1862 2698 1991 2738 expedire
2002 2698 2122 2730 videritis
2138 2723 2148 2739 ,
2170 2700 2249 2731 dieto
2263 2701 2334 2737 fere-¹

1234 2731 1235 2736 ’
1273 2740 1319 2761 tro
1331 2731 1407 2771 affigi
1418 2733 1520 2764 faciatis
1535 2736 1642 2767 iterato.

1309 2769 1344 2800 In
1360 2771 1454 2810 cujus,
1471 2773 1531 2804 &c.

1305 2849 1394 2882 Teste
1409 2851 1491 2892 Rege
1504 2855 1577 2894 apud
1591 2854 1763 2888 Clarendon.
1782 2865 1828 2895 17.
1842 2855 1888 2887 die
1901 2856 2050 2888 Februarii.

1389 2942 2328 2958 ——Q———ffi--R

1270 2992 1319 3024 De
1344 3003 1441 3024 annuo
1466 2989 1560 3026 feodo
1589 2994 1756 3038 Ordeonio‚
1781 2995 1947 3041 Tuftulano
1970 2996 2106 3044 Epiftopo
2120 3023 2130 3040 ,
2148 3009 2203 3044 per
2221 3002 2331 3046 Regem

1742 3043 1871 3089 conceffO.

1343 3128 1409 3160 EX
1427 3131 1611 3162 Thesaurario
1625 3131 1658 3162 ὃς
1674 3131 1838 3164 Camerariis
1851 3133 1918 3172 suis,
1936 3134 2058 3165 salutem.
2348 3147 2425 3177 Am,⁴
2442 3146 2483 3179 D,

1299 3184 1303 3187 ν
1323 3200 1325 3202 ,
1375 3168 1504 3200 Liberate
1523 3170 1558 3200 de
1577 3170 1723 3201 Thesauro
1747 3172 1845 3202 nostro
1870 3174 2020 3203 venerabili
2042 3173 2113 3205 Patri
2132 3175 2266 3206 Domino
2288 3176 2328 3206 O.
2370 3188 2453 3217 1230,

1268 3205 1433 3243 Tusculano
1449 3208 1605 3248 Episcopo,
1624 3208 1734 3248 singulis
1752 3210 1840 3240 Annis
1854 3234 1863 3248 ,
1889 3210 1922 3240 ad
1940 3211 2119 3243 Scaccarium
2135 3214 2261 3243 nostrum
2277 3214 2331 3245 Pa-
2347 3228 2400 3252 An.
2421 3226 2448 3252 3,

1269 3244 1357 3282 schae,
1376 3246 1553 3286 quadraginta
1566 3246 1694 3285 Marcas,
1709 3258 1775 3287 quas
1792 3250 1818 3279 ei
1839 3249 2025 3280 concessimus
2039 3254 2196 3290 annuatim,
2213 3252 2247 3282 ad
2261 3262 2330 3284 eun-
2348 3267 2378 3291 E.
2406 3273 2427 3291 ι,

1269 3283 1336 3314 dem
1349 3282 1522 3316 Terminum
1535 3286 1742 3326 percipiendam,
1759 3287 1793 3317 ad
1807 3296 1898 3318 totam
1910 3289 1997 3319 vitam
2010 3287 2092 3320 suam.

2347 3301 2461 3329 Liberate

2348 3339 2405 3366 8AE
2428 3349 2450 3367 i.

1305 3363 1394 3394 Teste
1407 3364 1488 3404 Rege
1499 3364 1572 3404 apud
1592 3364 1776 3398 Dounamen.
1794 3375 1819 3407 3.
1831 3368 1876 3399 die
1891 3367 1995 3399 Martii.
2346 3387 2382 3405 m.
2392 3379 2465 3412 7.in-

1307 3401 1345 3434 Et
1356 3403 1418 3434 sunt
1433 3402 1568 3434 Parentes.
2346 3423 2387 3444 tus
2395 3415 2484 3445 Cedat.

1267 3547 1316 3587 De
1336 3546 1488 3593 Homagio
1505 3542 1645 3590 Jordam‘
1659 3545 1695 3579 de
1711 3548 1816 3594 Infhla
1833 3576 1843 3591 ‚
1873 3560 1928 3596 pro
1946 3548 2066 3593 diveifis
2090 3548 2200 3594 Castris
2214 3554 2250 3589 όν
2267 3553 2328 3585 Ba-

1754 3601 1853 3632 roniis.

1269 3681 1476 3743 NOverint
1489 3682 1624 3721 universi,
1641 3683 1785 3721 praesentes
1802 3685 1901 3716 litteras
1916 3684 2078 3724 inspeeturi‚
2099 3687 2176 3724 quod
2197 3698 2250 3728 ego
2258 3690 2326 3728 Jor-
2345 3694 2419 3724 Anii,
2434 3693 2474 3724 D.

1351 3720 1452 3758 danus,
1469 3720 1505 3750 de
1516 3721 1603 3751 Insula
1618 3722 1810 3760 Domicellus,
1829 3724 1996 3754 vicecomes
2016 3724 2052 3754 de
2071 3725 2272 3767 Cornelhano,
2292 3730 2324 3759 &
2364 3733 2448 3761 1280.

1267 3756 1413 3788 Dominus
1428 3759 1462 3788 de
1477 3757 1702 3799 Casaubonefio,
1720 3761 1766 3791 die
1775 3761 1855 3799 Jovis
1887 3763 2014 3799 proxima
2028 3763 2092 3800 post
2103 3764 2215 3795 Festum
2229 3767 2323 3796 Sant‘li
2340 3774 2391 3798 An.
2408 3772 2436 3798 S.

1268 3795 1403 3833 Gregorii
1416 3796 1515 3836 Papae,
1532 3807 1607 3827 anno
1622 3797 1713 3837 Regni
1728 3799 1835 3829 illustris
1852 3785 1975 3830 lssomini
1991 3800 2141 3841 Edwardi‚
2159 3802 2246 3844 Regis
2261 3806 2321 3835 An-
2339 3813 2367 3836 Ε.
2393 3819 2414 3835 ι.

1267 3834 1344 3872 gliae,
1362 3834 1485 3865 Domini
1499 3835 1646 3866 Hiberniae
1662 3839 1695 3867 &
1710 3837 1800 3868 Ducis
1814 3838 1988 3877 Aquitaniae,
2004 3839 2138 3879 Ofitavo,
2338 3851 2369 3873 L.
2383 3851 2412 3874 Β.
2421 3846 2449 3883 f.

1306 3871 1372 3903 Feci
1400 3873 1578 3912 Homagium
1602 3875 1636 3904 &
1659 3874 1868 3906 Sacramentum
1892 3876 2027 3908 fidelitatis
2048 3878 2164 3915 praefato
2190 3881 2322 3911 Domino
2340 3886 2440 3920 306.b.

1269 3910 1368 3941 nostro
1388 3911 1460 3951 Regi
1485 3921 1537 3950 pro
1555 3913 1635 3942 rebus
1650 3913 1721 3943 infra
1740 3914 1843 3952 scriptis
1855 3937 1865 3953 ,
1889 3924 1954 3953 quas
1976 3917 2011 3946 ab
2029 3917 2132 3947 eodem
2151 3919 2169 3938 ²*
2192 3927 2275 3948 teneo
2293 3919 2321 3948 in
2338 3926 2468 3949 PenesCa-

1270 3949 1394 3979 Diocese
1407 3950 1494 3989 Agen.
1509 3954 1576 3980 cum
1591 3951 1707 3981 deveriis
1720 3952 1829 3982 inferius
1844 3955 2011 3993 nominatis,
2027 3955 2174 3994 videlicet,
2338 3970 2430 3986 merar.

1308 3987 1365 4017 Pro
1382 3986 1456 4018 Villav
1467 3988 1501 4018 de
1516 3988 1608 4018 Dunis
1619 3989 1653 4019 &
1669 3991 1724 4027 ejus
1736 3992 1919 4030 pertinentiiS,
1937 4002 2020 4031 quam
2033 4018 2042 4033 ,
2066 4003 2096 4023 ut
2112 3995 2196 4032 Baro,
2211 4003 2295 4024 teneo
2309 3996 2324 4025 {i
2338 3998 2470 4031 *ll-¹41⁷·

1271 4026 1409 4065 praeditsto
1425 4026 1558 4056 Domino
1578 4027 1658 4066 Rege
1673 4037 1725 4068 pro
1741 4029 1910 4067 medietate3
1935 4032 1967 4061 ὅ(
1981 4042 2033 4070 pro
2054 4032 2107 4075 quisi
2122 4033 2324 4063 teiieor'eidem

1271 4065 1376 4096 solvere
1389 4065 1586 4104 quinquaginta
1598 4065 1675 4106 solid.
1688 4065 1778 4097 Mori.
1795 4069 1825 4101 in
1840 4070 1996 4101 mutatione
2009 4070 2155 4102 Dominii:
2294 4106 2331 4138 “t
