2570 4261
288 137 367 174 106

138 217 214 247 Anii.
225 215 267 247 D.
321 217 360 248 Et
397 217 530 255 quoniam
543 214 576 244 ad
590 213 684 244 sedem
700 212 898 250 Apostolicam
913 237 923 250 ,
944 212 1024 253 super
1037 220 1118 243 tanto
1129 212 1263 251 negotio,
1280 219 1342 240 non

160 265 242 292 1229-
284 241 396 294 expeciit
410 257 520 285 mittere
533 252 582 282 sub
595 253 706 282 incerto
740 251 775 281 ad
789 261 840 282 vos
853 252 990 281 mittimus
1004 250 1172 288 praedi-{tum
1186 249 1341 287 Abbatem,

139 298 204 322 Heu.
223 304 250 331 3.
287 297 320 327 &
333 295 469 326 dilectum
486 294 518 323 Sc
532 289 644 320 fidelem
658 274 805 328 noiirum,
824 288 998 327 Magistrum
1012 289 1063 319 W.
1081 288 1118 318 de
1133 287 1288 324 Cantilupo
1297 296 1345 329 ro-

307 343 382 363 antes
400 340 533 369 quatenus
555 338 607 358 nos
623 327 781 358 ceitificetis
795 338 845 366 per
860 327 976 358 eosdem
1012 337 1056 356 uae
1072 327 1165 356 forma
1179 333 1254 369 certa
1271 334 1344 362 pacis

287 343 364 411 Regi
386 369 519 407 placuerit
539 376 718 405 memorato,
743 375 774 397 ut
791 367 829 396 lic
849 366 968 397 demum
1024 366 1100 395 uncii
1119 371 1189 394 certi
1212 363 1344 393 Romam

288 411 446 445 mittantur,
467 407 514 444 qui
530 405 696 444 Negotium
708 404 777 436 illud
789 405 839 435 sub
852 405 929 435 certa
943 404 1037 435 forma
1051 409 1206 445 procurent
1218 425 1228 439 ,
1245 401 1345 431 secun-

285 447 357 478 dum
379 445 458 485 quod
477 455 493 475 a
515 445 636 483 partibus
654 443 849 483 providebitur
868 443 966 473 melius
986 441 1081 473 eidem
1099 448 1216 480 negotio
1236 448 1344 470 conve-

285 495 352 516 nire.

380 635 439 665 Pro
458 629 586 664 emendis
599 629 635 663 a'e
655 625 908 674 interceptionibus
919 653 928 669 ‚
955 635 1058 658 contra
1076 625 1240 670 Treugam.

139 706 214 737 Am·
228 705 269 736 D·
290 717 475 780 DOmino
495 715 544 746 suo
564 715 597 746 &
625 713 833 752 consanguineo
854 711 1008 755 Ludovico
1023 735 1032 749 ,
1059 709 1118 740 Dei
1140 708 1226 749 grati&
1239 734 1249 748 ,
1271 708 1348 748 Regi

160 755 244 783 ¹229·
375 756 498 786 Franciae
511 753 625 791 illustri,
643 752 786 782 Henricus
801 751 867 782 Rex
882 751 928 780 An
950 750 1010 787 hae,
1030 749 1090 780 δίε.
1109 748 1232 792 salutem.
1255 787 1260 792 Ι

137 789 190 812 Aa.
211 794 252 820 ¹3·
327 795 354 825 A
368 794 508 824 memoria
522 792 612 823 vestra
625 801 685 821 non
701 790 840 821 credimus
858 759 990 820 excicfisse
1006 787 1084 826 quod
1096 788 1209 831 pridem
1221 785 1348 816 misimus

139 828 167 850 H
198 832 221 858 3·
288 833 322 864 ad
338 843 389 864 vos
401 832 521 862 dileetos
536 832 569 862 &
584 828 677 859 fideles
689 829 800 859 nostros
809 828 972 866 Philippum
986 826 1022 856 de
1036 825 1205 864 Albiniaco,
1221 826 1254 856 &
1265 834 1348 868 quos-

138 861 223 896 Cl‘ms‘
290 872 356 902 dam
369 871 436 901 alios
450 870 485 901 de
500 869 677 900 familiaribus
698 867 797 897 nostris
812 891 821 905 ,
848 877 901 904 pro
916 864 1056 902 emendis,
1074 864 1351 908 superviiiterceptio-

142 904 225 935 ¹3³·
245 908 268 935 3*
289 911 387 949 nibus,
406 918 505 940 contra
519 908 642 938 formam
656 915 817 945 treugarum
832 906 900 936 hinc
914 904 979 934 inde
995 903 1091 940 fietis,
1109 901 1242 933 faciendis
1257 902 1289 933 δε
1306 911 1350 931 re-

138 947 175 966 m·
187 947 219 973 ¹4
237 938 262 965 Δ·
288 948 444 988 cipiendis,
468 957 534 986 quas
556 945 672 984 quidem
692 946 721 974 in
741 945 821 974 nullo
840 943 982 974 emendari
995 941 1115 980 fecistis,
1134 941 1351 984 licet-intercep-

287 990 395 1025 tiones,
414 987 497 1017 vobis
511 987 544 1016 δε
558 983 656 1015 vestris
669 983 770 1020 factas,
788 983 874 1022 digne
893 982 1045 1012 fecerimus
1066 979 1210 1010 emendari
1226 1003 1236 1018 ,
1254 980 1287 1010 δε
1301 977 1350 1010 ad-

288 1028 362 1065 huc,
381 1026 400 1056 si
412 1035 483 1063 opus
498 1024 596 1060 fuerit,
614 1022 707 1053 sumus
721 1022 830 1052 facturi.
1088 1058 1094 1063 .
1158 1057 1163 1063 .
1193 1058 1198 1063 ¹
1327 1057 1332 1061 ι

323 1065 379 1103 Et,
398 1065 462 1102 quia
474 1062 561 1093 dfftas
575 1070 683 1101 treugas
696 1062 725 1090 in
741 1061 863 1090 animam
879 1058 1001 1089 vestram
1010 1059 1096 1097 jurari
1109 1056 1229 1095 fecistis,
1247 1056 1348 1087 sereni-

286 1113 374 1135 tatem
395 1102 519 1134 vestram
540 1100 670 1131 duximus
692 1100 820 1130 attentius
844 1096 1012 1128 exorandam
1033 1097 1067 1127 ὃς
1082 1094 1349 1138 commonendam,

286 1144 415 1211 quatindus
435 1141 518 1171 nobis
540 1140 573 1171 δε
596 1137 698 1169 nostris
718 1138 934 1176 interceptiones
955 1135 1039 1166 faustas
1051 1159 1060 1173 ,
1084 1134 1227 1174 condigne
1247 1133 1351 1164 faciatis

332 1192 374 1211 .en
395 1190 442 1211 ari.

288 1191 474 1250 enilriitterites
493 1217 596 1255 aliquas
617 1214 744 1254 personas
766 1213 912 1245 credibiles
925 1237 934 1251 ,
956 1212 976 1257 si
996 1212 1105 1250 placet,
1122 1211 1155 1242 &
1167 1210 1223 1241 fide
1237 1210 1349 1250 dignas,

287 1259 323 1289 de
339 1257 518 1288 familiaribus
529 1254 627 1286 vestris
640 1253 674 1283 ad
688 1253 840 1284 Comitem
857 1251 1012 1289 Marchiae,
1031 1251 1064 1281 ὅ(
1073 1249 1347 1294 ,ὃεῐιεῖςαὶὶυπιῃοε-

287 1306 364 1328 trum
387 1296 523 1326 Pi&aviie
539 1319 548 1332 ,
568 1294 614 1332 qui
629 1292 716 1323 dietas
729 1291 861 1322 emendas
876 1291 912 1321 ab
925 1291 962 1320 eis
976 1289 1035 1320 fieri
1050 1288 1163 1320 Videant
1177 1289 1211 1319 &
1227 1288 1347 1326 facient3

288 1335 369 1366 Certi
386 1335 462 1365 enim
484 1333 578 1363 sumus
599 1331 788 1361 indubitanter
809 1329 887 1368 quod
903 1329 968 1370 ipsi,
986 1328 1097 1359 Comes
1112 1328 1146 1358 &
1161 1326 1331 1358 Senescallus
1343 1350 1353 1364 ,

285 1372 367 1412 super
380 1372 541 1414 praemiffiS,
560 1370 647 1401 nullas
660 1370 736 1400 aliter
750 1369 844 1399 facere
859 1367 990 1398 emendas
1005 1366 1152 1398 curabunt.

322 1454 412 1485 Teste
424 1453 508 1492 Rege
521 1451 594 1493 apud
609 1449 900 1482 W'estmonasterium
908 1473 918 1489 ,
937 1458 958 1488 4
970 1448 1016 1479 die
1032 1448 1140 1479 Martii.

516 1588 636 1619 Litterae
651 1584 851 1617 Credentiales
869 1585 980 1616 Comiti'
997 1580 1117 1627 Th⁰l⁰fi

135 1667 211 1698 Arm·
224 1668 265 1701 D·
286 1677 420 1741 REX
447 1676 487 1707 R.
504 1674 618 1706 Comiti
635 1673 756 1705 Tholos.
776 1673 814 1704 fic
832 1671 944 1703 transire
958 1681 1007 1710 per
1022 1671 1099 1701 bona
1110 1669 1294 1708 temporalia,
1308 1677 1345 1699 ne

163 1717 248 1746 1229·
415 1717 476 1747 ittat
488 1723 599 1745 aeterna.

134 1751 187 1774 ²¹⁷¹·
207 1756 250 1783 ¹3·
326 1726 470 1785 Mstrtilmm
489 1753 523 1783 ad
544 1762 598 1783 vos
611 1776 620 1790 ,
642 1751 778 1782 <inedium
801 1751 834 1782 δε
854 1749 1021 1780 familiarem
1035 1746 1183 1778 Clericum
1197 1746 1346 1785 nostrum,

133 1790 167 1812 H.
192 1794 217 1821 3·
288 1793 460 1833 Magistrum
474 1792 639 1830 Philippum
652 1789 688 1821 de
702 1790 822 1820 Ardern.
917 1828 922 1832 .
1017 1827 1022 1831 ¹
1327 1824 1332 1829 1

134 1825 220 1862 Claus.
327 1832 361 1863 In
374 1833 452 1870 cujus
465 1841 516 1861 ore
532 1829 662 1868 quaedam
679 1829 838 1867 posuimus,
854 1827 937 1857 vobis
949 1826 1056 1864 plenius
1076 1823 1235 1862 reseranda,
1253 1822 1290 1854 de
1305 1822 1347 1853 di-

137 1873 181 1900 ¹3·
200 1869 269 1903 H›3·
287 1872 446 1902 minutione
461 1869 627 1907 gravaminis
641 1867 730 1899 nostri
747 1869 779 1898 δε
795 1865 981 1897 tribulationis
993 1864 1103 1895 vestrae.
1320 1901 1324 1905 ι

135 1911 169 1930 m·
188 1912 229 1940 ¹4·
244 1906 270 1932 d·
328 1910 442 1949 Qiibus
456 1909 475 1939 fi
490 1908 576 1938 fidem
589 1906 719 1937 duxeritis
732 1903 920 1935 adhibendam
936 1928 945 1942 ,
964 1903 1105 1945 credimus
1116 1903 1150 1933 δε
1163 1901 1303 1939 speramus
1318 1910 1347 1929 in

285 1948 420 1979 Domino
436 1947 513 1986 quod
527 1945 561 1976 ad
573 1946 717 1976 honorem
728 1944 787 1975 Dei
801 1944 833 1974 &
847 1942 948 1974 sanetae
966 1941 1116 1985 Eccleiiae‚
1134 1949 1249 1970 necnon
1264 1939 1298 1970 &
1310 1938 1346 1969 ad

284 1986 411 2018 vestrum
424 1987 526 2017 cedent
539 1983 732 2016 commodum
745 1984 779 2015 &
793 1983 936 2013 honorem
946 2006 955 2020 ,
973 1987 1074 2019 pariter
1087 1980 1120 2011 ὅ(
1134 1977 1274 2009 nostrum.

320 2067 410 2098 Teste
424 2067 507 2107 Rege
521 2065 594 2104 apud
610 2064 763 2097 Mortelak.
781 2072 801 2103 4
814 2063 860 2095 die
876 2063 983 2094 Martii.

537 2195 699 2243 Ejusmodi
720 2198 838 2229 Litterae
855 2194 951 2230 eidem
967 2195 1089 2227 Comiti.

132 2283 210 2315 Ann-
224 2282 265 2314 D·
283 2287 420 2349 REX
434 2286 557 2332 eidem,
573 2285 611 2316 sic
625 2285 754 2330 transire,
771 2287 832 2317 &c.
1198 2321 1202 2326 ⁵
1227 2320 1232 2326 .

160 2332 246 2361 1229-
333 2366 337 2370 .
391 2326 538 2357 Mittimus
556 2325 589 2369 ad
611 2335 663 2356 vos
680 2324 816 2355 dilectum
837 2324 871 2355 &
884 2321 998 2379 fidelem
1010 2321 1140 2366 nostrum
1151 2319 1343 2390 lgillheglmtflg

130 2365 247 2445 ῗὲέῗῗ·
282 2362 804 2442 {iffsrss‘jfflssbssffotffiffnmffi
820 2360 1175 2446 Ἐξιῗὲὼῃυῖἒὲςὲἒέξεὲι
1190 2368 1256 2437 4315,
1274 2406 1342 2429 cum

130 2438 234 2469 Ibidem,
278 2442 313 2473 ad
334 2453 386 2473 vos
400 2443 525 2480 venerit,
545 2441 651 2480 plenius
665 2451 717 2472 vos
731 2439 903 2471 certificabit.

314 2480 349 2511 In
365 2482 443 2520 cujus
457 2482 541 2511 etiam
556 2489 608 2511 ore
643 2479 753 2510 uaedam
767 2477 909 2517 posuimus
924 2477 1005 2508 vobis
1017 2474 1183 2513 exponenda
1201 2474 1235 2505 ad
1246 2474 1342 2505 hono-

279 2529 340 2549 rem
361 2519 420 2550 Dei
435 2544 444 2558 ,
465 2520 498 2550 &
513 2519 615 2549 1³⁸1&ae
659 2518 784 2555 cclesiae,
801 2518 834 2547 &
849 2515 1041 2547 commodum
1056 2514 1183 2545 vestrum
1197 2514 1231 2545 &
1245 2513 1341 2557 hono—

278 2568 356 2597 rem,
377 2559 477 2597 pariter
499 2558 533 2589 &
552 2556 681 2588 nostrum
696 2582 705 2595 ,
730 2566 811 2597 quae,
829 2564 945 2594 propter
957 2555 1066 2586 viarum
1080 2553 1220 2593 pericula,
1237 2552 1340 2591 scripto

279 2606 340 2627 non
357 2596 487 2628 duximus
502 2595 715 2627 commendare.

317 2676 407 2707 Teste
420 2677 504 2716 Rege
517 2675 590 2715 apud
607 2675 744 2707 Farnliarn
753 2701 762 2717 ,
782 2685 799 2715 7
813 2675 859 2707 die
874 2675 980 2706 Martii.

1235 2751 1341 2758 -ῴ

315 2808 341 2834 5<
360 2811 478 2842 Litterae
495 2809 748 2857 congratulatoriae
767 2805 879 2841 Othoni
898 2810 982 2841 Daci
998 2807 1034 2840 de
1050 2805 1222 2851 Brunesi'vic
1237 2827 1247 2843 ,
1271 2805 1308 2839 de

134 2820 148 2835 ⁸
161 2822 183 2847 I.
199 2819 262 2850 ³08.

198 2852 207 2857 ’
675 2855 849 2890 liberatione
868 2857 943 2902 ejas.

131 2952 208 2983 Ann.
225 2951 266 2984 D.
281 2946 478 3007 HEnricus
498 2948 555 2978 Dei
575 2949 659 2988 gratia
680 2947 744 2977 Rex
759 2972 768 2985 ,
792 2947 852 2978 &c.
877 2945 984 2976 dilecto
1003 2944 1078 2976 cons
1108 2944 1212 2974 ouineo
1233 2943 1283 2974 suo
1298 2943 1338 2974 O.

154 3000 237 3029 1229.
293 3025 297 3030 .
373 2986 452 3017 Duci
464 2986 500 3016 de
515 2986 682 3018 Bruneswic.
701 2986 815 3017 salutem
831 3009 841 3025 ,
859 2985 893 3016 &
909 2985 1044 3015 sinceram
1058 2985 1087 3014 in
1135 2983 1238 3014 omino
1252 2983 1339 3014 dilec-

131 3034 186 3057 An.
204 3040 244 3066 ¹3·
278 3032 397 3055 tionem.
1105 3061 1110 3066 “

131 3072 166 3096 Η.
190 3078 214 3104 3.
322 3062 371 3093 De
391 3062 590 3093 deliberatione
611 3064 738 3101 corporis
759 3061 845 3094 vestri
861 3072 876 3092 a
890 3062 1018 3092 manibus
1031 3062 1216 3092 inimicorum
1231 3059 1341 3092 vestro-

131 3107 217 3143 Ci'aus.
279 3111 361 3139 rum,
380 3103 429 3140 qui
444 3111 494 3132 vos
508 3111 604 3138 captos
619 3101 795 3140 detinebant,
813 3109 901 3140 grates
922 3101 1069 3130 referimus
1089 3099 1238 3138 altissimo,
1257 3101 1338 3139 quia,

136 3150 220 3180 13.is.
240 3155 264 3182 3,
279 3140 344 3171 licet
368 3150 427 3170 non
453 3140 509 3170 sine
523 3140 667 3177 dispendio
679 3141 712 3171 &
724 3139 909 3170 decremento
923 3147 1030 3169 tenurae
1045 3136 1164 3177 vestrae,
1181 3138 1289 3170 liberati
1304 3139 1339 3169 si-

133 3190 170 3211 m.
184 3192 223 3219 ¹4·
237 3186 262 3211 d.
277 3180 327 3216 tis,
345 3179 403 3210 satis
418 3180 505 3217 majus
519 3187 614 3208 tamen
628 3179 763 3208 habemus
777 3178 1009 3208 deliberationem
1025 3176 1149 3208 vestram
1161 3201 1172 3214 ‚
1190 3177 1278 3215 quam
1289 3177 1339 3208 ali-

276 3227 396 3255 quarum
409 3227 521 3255 rerum,
537 3217 584 3247 vel
599 3226 735 3247 terrarum
750 3216 904 3247 vestrarum
918 3215 1117 3253 amiffionem,

312 3255 380 3286 Nec
402 3266 454 3286 vos
477 3256 541 3285 latet
562 3256 678 3293 qualiter
693 3278 703 3293 ‚
729 3256 761 3286 δε
786 3256 871 3293 quam
892 3254 992 3293 injuste
1018 3253 1139 3293 potestas
1150 3255 1336 3285 inimicorum

276 3293 443 3325 nostrorum
464 3295 497 3325 ὃς
520 3293 682 3324 vestrorum
703 3293 827 3323 violenta
843 3318 852 3332 ,
867 3294 925 3331 jam
940 3294 1048 3331 pridem
1063 3303 1115 3323 nos
1125 3316 1134 3331 ,
1153 3294 1187 3324 &
1202 3303 1255 3322 vos
1268 3293 1339 3323 deti-

279 3334 340 3363 nuit
353 3344 369 3364 a
380 3334 442 3371 jure
454 3332 554 3363 nostro
567 3334 601 3363 &
613 3332 709 3363 vestro
723 3331 897 3362 haereditario
910 3332 1034 3362 exclusos
1046 3333 1080 3363 δε
1094 3330 1294 3362 exhaeredatos.

317 3369 354 3401 Et
372 3381 466 3402 tamen
488 3369 658 3402 confidimus
679 3372 707 3401 in
724 3370 876 3409 Domino,
894 3372 943 3408 qui
955 3381 1013 3400 non
1028 3369 1144 3401 destruit
1158 3370 1294 3408 sperantes
1308 3372 1338 3402 in

284 3407 326 3445 se,
345 3409 422 3447 quod
438 3412 499 3449 jura
521 3409 616 3440 nostra
637 3410 670 3440 &
692 3409 799 3447 vestra,
819 3419 883 3447 quae
898 3410 979 3439 nobis
992 3410 1025 3439 ὃ(
1040 3409 1122 3439 vobis
1136 3408 1260 3446 permisit
1273 3409 1338 3441 sub-

292 3447 366 3485 ralii,
384 3459 433 3485 pei·
449 3450 567 3488 gratiam
582 3448 705 3486 ejusdem
723 3449 751 3478 in
766 3449 847 3478 brevi
860 3448 1097 3484 recuperabimus.

321 3483 354 3514 In
369 3488 500 3523 proximo
515 3488 591 3517 enim
606 3486 721 3524 quidam
734 3487 818 3516 vobis
831 3485 1007 3516 innotescent
1030 3495 1159 3515 rumores
1172 3509 1182 3523 ,
1200 3495 1337 3517 commo-

282 3521 352 3552 dum
365 3525 398 3554 &
412 3525 555 3555 honorem
567 3525 699 3555 nostium
714 3526 747 3557 ὃς
762 3524 888 3555 vestrum
901 3524 1053 3562 specialiter
1068 3523 1244 3561 respicientes
1257 3537 1268 3563 3
1287 3526 1336 3563 qui

283 3561 365 3590 vobis
400 3572 466 3593 cum
489 3574 536 3593 eos
555 3563 692 3594 audieritis
703 3588 713 3601 ,
739 3563 918 3602 prosperante
935 3562 1069 3593 Domino
1085 3586 1096 3600 ,
1112 3572 1173 3592 non
1186 3562 1337 3595 modicum

279 3607 359 3628 erunt
373 3585 429 3630 iaeti
444 3602 477 3631 &
488 3602 615 3639 jocundi.

321 3635 369 3666 De
382 3647 435 3674 eo,
453 3640 529 3675 quod
544 3650 596 3669 nos
612 3639 742 3678 rogastis,
759 3647 789 3669 ut
803 3639 897 3670 foedus
911 3639 1058 3679 conjugale
1073 3648 1134 3669 non
1147 3640 1282 3671 iniremus
1294 3641 1338 3670 in-

282 3682 324 3705 ter
338 3674 464 3718 sororem
476 3677 617 3716 nostram,
636 3680 669 3709 ὃς
685 3678 802 3708 Ducem
815 3679 851 3709 de
864 3678 1023 3716 Danehalt,
1041 3678 1119 3716 cujus
1139 3678 1242 3708 consan
1264 3680 1337 3711 uinci

283 3712 311 3743 se
326 3712 408 3742 vobis
424 3723 452 3741 in
466 3723 576 3745 carcere
590 3716 686 3746 vestro
707 3726 804 3755 graves
826 3717 1011 3747 erhibuerunt
1024 3717 1155 3747 inimicos
1167 3717 1202 3747 &
1214 3727 1230 3747 a
1250 3718 1338 3747 versa-

283 3751 357 3788 rios,
375 3750 457 3780 vobis
479 3751 659 3790 significamus
681 3753 759 3792 quod
778 3754 853 3793 hoc,
870 3755 927 3784 sine
941 3755 1060 3786 consilio
1075 3754 1172 3785 vestro
1185 3756 1220 3786 δε
1233 3755 1337 3786 volun-

281 3798 354 3826 tate,
372 3789 524 3819 nullatenus
543 3790 633 3821 facere
652 3793 829 3831 curabimus,
850 3794 986 3831 quoniam
1006 3795 1036 3824 in
1056 3793 1109 3824 hiis
1122 3794 1155 3824 &
1169 3792 1227 3823 aliis
1241 3792 1338 3825 vestro

280 3828 415 3858 volumus
429 3827 484 3856 frui
498 3828 621 3858 consilio.
868 3851 872 3854 -

321 3865 400 3895 Scire
415 3866 497 3894 etiam
512 3875 564 3895 vos
578 3867 708 3898 volumus
723 3868 799 3906 quod
814 3870 941 3906 prompti
953 3868 1063 3908 sumus,
1081 3870 1115 3901 &
1129 3869 1237 3907 semper
1251 3871 1338 3908 parati

283 3902 317 3944 ad
332 3912 520 3941 quaecumque
533 3905 723 3935 commodum
736 3907 863 3937 vestrum
874 3907 1023 3945 respiciunt
1031 3908 1065 3939 &
1078 3908 1240 3947 honorem,
1249 3918 1337 3948 quem

281 3951 296 3971 a
313 3941 412 3971 nostro
425 3952 484 3971 non
499 3949 656 3979 reputamus
668 3945 799 3975 alienum.

321 3978 468 4022 Rogamus
486 3988 581 4010 autem
599 3990 651 4010 vos
672 3991 805 4018 quatenus
820 4006 830 4021 ,
849 3983 925 4013 circa
936 3982 1143 4024 Pentecosten,
1161 3984 1285 4023 aliquem
1299 3983 1336 4016 de

284 4016 380 4048 vestris
393 4017 427 4048 ad
443 4028 494 4048 nos
507 4017 709 4057 tranfinittatis3
724 4030 774 4057 per
788 4030 876 4060 quem
891 4019 994 4051 statum
1007 4022 1041 4054 &
1054 4023 1127 4054 veile
1140 4023 1268 4054 vestrum
1282 4028 1337 4054 no'-

718 121 1513 171 CONVENTIONES,

1589 112 1984 178 LiTERAE,

1380 209 1422 238 bis
1437 208 1612 248 significem
1634 211 1668 241 ὃς
1682 220 1753 250 nos,
1771 222 1820 250 per
1835 211 1977 251 eundem,
1995 210 2053 243 esse
2065 210 2196 242 nostrum
2218 210 2253 243 &
2268 210 2445 244 voluntatem
2466 201 2570 235 Am]

1383 248 1467 279 vobis
1483 249 1718 280 renunciabimus.
2465 244 2570 319 1112293}

2491 291 2519 309 en
2524 303 2530 309 .
2567 302 2570 310 ι

1420 323 1511 354 Teste
1525 323 1608 364 Rege
1620 325 1695 363 apud
1709 326 1872 357 Guldeford
1882 350 1892 365 ,
1911 327 1930 357 6
1945 326 1990 357 die
2006 325 2113 358 Martii.

1657 455 1687 485 E
1682 452 1820 498 jaftaodi
1836 455 1956 486 Littera
1973 453 2068 487 eidem
2086 456 2180 488 Duci.

1387 533 1588 594 HEnricus
1599 560 1608 576 ,
1634 536 1693 568 Dei
1713 538 1801 578 gratia
1815 562 1825 576 ,
1844 537 1910 572 Rex
1924 538 2054 578 Angiiae,
2071 540 2133 571 &c-
2152 539 2259 570 dileeto
2274 539 2450 581 Consangui-
2468 537 2570 572 Annql

1479 583 1536 618 neo
1551 575 1601 605 suo
1615 576 1648 607 &
1661 579 1758 607 amico
1771 576 1881 615 speciali
1894 576 1934 607 O.
1953 576 2034 609 Duci
2048 577 2085 608 de
2098 577 2267 610 Bruneswic.
2281 577 2398 610 salutem
2413 581 2447 612 &
2488 587 2570 618 1229=

1387 608 1666 644 sinceraedileetionis
1678 616 1873 653 integritatem.
2346 646 2350 648 v
2466 620 2519 646 An.
2539 627 2570 655 ¹3

1425 648 1534 693 Audito
1552 660 1642 689 nuper
1655 677 1664 691 ,
1690 663 1724 684 ex
1745 655 1880 685 relatione
1907 653 2005 686 devoti
2024 654 2109 686 vestri
2129 653 2262 694 Magistri
2281 654 2324 686 G.
2343 654 2449 689 Clerici
2465 659 2502 684 H·
2523 665 2549 693 3-

1387 687 1490 726 vestri,
1508 689 1586 726 quod
1599 700 1616 719 a
1629 700 1742 722 carcere
1753 694 1787 724 &
1805 692 1941 731 vinculis,
1959 694 2060 732 quibus
2072 693 2179 724 detenti
2193 692 2299 739 fuistis,
2431 696 2449 727 *e
2466 693 2570 723 Ibidem.

1387 727 1421 757 ὃς
1443 726 1500 756 sine
1521 730 1649 765 corporis
1668 726 1753 761 vestri
1774 730 1900 769 dampno
1920 733 1954 764 &
1973 731 2118 769 dispendio
2139 732 2220 763 soluti
2240 728 2304 763 estis
2325 694 2450 772 ἔὲΐῖῧὲἰ

1329 768 1334 772 ’
1386 766 1503 804 gratiam
1518 767 1552 797 &
1564 765 1646 797 liberi
1659 791 1670 806 ,
1692 768 1861 800 successibus
1875 769 1974 800 vestris
1986 771 2020 801 δε
2035 770 2140 801 honori
2153 771 2311 809 plurimum
2324 775 2362 802 co‘
2384 776 2387 777 ⁷
2404 783 2447 803 ra-

1386 803 1521 848 tulantes,
1535 804 1683 844 altissimo,
1704 809 1753 845 qui
1770 809 1799 837 in
1820 807 1944 848 angustia
1960 808 2087 848 dignatus
2109 809 2150 839 est
2162 819 2214 841 vos
2227 810 2373 840 misericor
2392 813 2447 842 iter

1388 842 1522 886 respicere
1534 867 1544 881 ,
1569 844 1603 874 &
1621 844 1657 874 ab
1671 846 1771 876 eadem
1785 846 1921 886 liberare,
1939 856 2027 887 grates
2041 848 2186 879 retulimus
2199 848 2343 887 copiosas,
2360 850 2446 890 'gavifi

1388 881 1504 919 quidem
1518 883 1551 913 &
1562 882 1684 921 Jocundi
1694 885 1778 914 nimis
1792 884 1897 916 effesti.

1425 919 1515 958 Super
1529 920 1686 959 praedietis,
1696 922 1774 961 juxta
1787 924 1955 961 petitionem
1968 924 2090 956 vestram
2099 948 2109 964 ,
2118 924 2252 956 Domino
2267 924 2352 966 Papae
2364 925 2451 964 scrip·-

1389 957 1487 1002 fimus,
1506 961 1683 997 regratiantes
1703 960 1797 992 eidem
1811 986 1822 1000 ,
1845 972 1899 1003 pro
1917 962 1999 993 vobis
2019 964 2100 1002 super
2119 966 2204 1003 gratia
2225 974 2279 1003 qua
2298 963 2449 996 vobiscum

1388 1006 1461 1036 egit,
1477 997 1547 1028 dum
1560 1000 1589 1028 in
1605 1000 1764 1037 captivitate
1777 1000 1965 1039 teneremini3
1981 1009 2097 1033 necnon
2112 1004 2147 1034 ὅ(
2161 1003 2308 1041 personam
2321 1002 2448 1042 vestram

1388 1037 1551 1074 propensius
1570 1036 1700 1067 duximus
1721 1038 1747 1068 ei
1765 1038 1969 1070 commendare
1982 1063 1992 1078 ,
2010 1041 2044 1072 &
2058 1051 2113 1080 pro
2127 1042 2227 1080 vobis,
2245 1050 2379 1080 tanquam
2393 1053 2448 1081 pro

1387 1075 1470 1106 nobis
1491 1076 1552 1113 ipsis
1571 1075 1725 1107 affeetuose
1745 1076 1928 1115 supplicantes
1940 1102 1950 1116 ,
1975 1084 2072 1117 rogare
2092 1079 2171 1118 qu'o'd
2191 1081 2307 1120 gratiam
2321 1081 2354 1112 &
2368 1080 2449 1112 favo-

1387 1123 1467 1158 rem,
1485 1124 1572 1153 quem
1591 1124 1655 1155 erga
1674 1115 1822 1153 personam
1842 1116 1965 1148 vestram
1987 1116 2086 1156 geffit,
2105 1127 2139 1148 ex
2153 1119 2313 1150 interventu
2327 1119 2448 1160 nostr0‚

1387 1162 1462 1183 circa
1481 1163 1534 1184 vos
1553 1163 1656 1191 augere
1677 1154 1745 1185 velit
1762 1155 1796 1186 &
1817 1156 1998 1193 continuare3
2018 1155 2122 1186 honori
2135 1155 2249 1196 vestro,
2265 1157 2299 1188 ὅ(
2314 1157 2448 1188 sublima-

1387 1192 1458 1221 tioni
1480 1191 1581 1222 vestrae
1600 1192 1774 1224 intendendo
1785 1218 1795 1232 ,
1823 1194 1857 1225 &
1880 1193 2060 1232 Principibus
2080 1194 2256 1225 Alemanniae
2270 1220 2280 1235 ‚
2297 1195 2449 1234 specialiter

1386 1239 1439 1267 pro
1454 1240 1552 1261 amore
1566 1231 1682 1270 nostro,
1701 1242 1754 1262 vos
1766 1232 2007 1263 commendando.

1425 1268 1478 1307 Et,
1497 1278 1528 1300 ut
1539 1272 1688 1309 negotium
1701 1270 1774 1301 istud
1787 1271 1894 1302 felicius
1908 1270 2048 1302 effeetum
2064 1273 2270 1311 manciparetur
2282 1297 2292 1312 ,
2309 1271 2448 1304 dileetum

1387 1307 1533 1350 nostrum,
1552 1309 1586 1339 &
1607 1308 1746 1340 devotum
1767 1309 1893 1340 vestium
1912 1309 2082 1349 praedietum
2097 1310 2270 1351 Magistrum
2283 1311 2324 1342 G.
2343 1312 2380 1343 de
2396 1322 2449 1346 cu-

1380 1346 1426 1388 jus
1437 1345 1578 1390 diligentia
1594 1347 1629 1378 &
1648 1347 1779 1378 fidelitate
1798 1356 1904 1379 certam
1925 1349 2058 1380 fiduciam
2073 1351 2234 1388 optinemus
2246 1350 2324 1389 quod
2339 1350 2448 1389 studio-

1385 1385 1439 1415 {ius
1453 1386 1581 1424 quolibet
1594 1386 1649 1416 alio
1664 1396 1717 1425 pro
1731 1387 1814 1417 vobis
1829 1388 1983 1427 laborabit,
1999 1388 2035 1419 ad
2048 1387 2167 1419 Curiam
2180 1389 2348 1420 Romanam
2362 1386 2449 1420 desti-
2472 1399 2474 1401 ·

1384 1425 1529 1462 navimus3
1547 1425 1692 1464 cupientes
1706 1434 1741 1455 ex
1753 1427 1867 1467 animo,
1885 1426 1964 1464 quod
1978 1426 2083 1457 directa
2096 1437 2149 1465 pro
2163 1428 2246 1458 vobis
2261 1427 2336 1458 ditia
2349 1430 2449 1466 petitio

1383 1461 1479 1493 nostra
1498 1473 1535 1493 eo
1556 1463 1654 1494 favore
1673 1462 1831 1494 exaudiatur
1843 1489 1854 1502 ,
1880 1464 1961 1503 quod
1981 1466 2015 1496 &
2039 1465 2122 1496 vobis
2141 1465 2177 1496 ad
2191 1468 2318 1505 perpetui
2331 1467 2449 1497 honoris

1383 1501 1466 1532 cedat
1480 1502 1705 1540 incrementum,
1723 1503 1756 1533 &
1771 1503 1853 1532 nobis
1865 1503 2039 1534 exultationis
2053 1503 2153 1535 exinde
2164 1504 2246 1535 detur
2260 1506 2384 1536 occasio.

1423 1540 1470 1571 Ut
1490 1541 1575 1571 etiam
1597 1540 1726 1579 petitioni
1748 1540 1850 1571 vestrae
1867 1542 1951 1572 nobis
1972 1541 2056 1572 saitae
2076 1552 2131 1581 pro
2150 1541 2310 1581 supradicto
2330 1543 2449 1575 Cleric'o

1383 1578 1600 1610 satisfaceremus
1611 1603 1621 1617 ,
1648 1579 1668 1599 ²*
1683 1579 1873 1610 concessimus
1892 1580 1984 1610 eidem
2000 1581 2127 1619 quinque
2139 1580 2254 1612 Marcas
2267 1583 2372 1613 annuas
2386 1605 2397 1627 3
2411 1582 2448 1613 d'e

1384 1618 1506 1648 Camera
1528 1617 1624 1648 nostra
1644 1619 1721 1656 perci
1742 1617 1835 1648 iendas
1849 1643 1859 1657 ,
1876 1618 1972 1655 donec
1984 1642 1994 1657 ,
2012 1618 2075 1650 data
2087 1621 2296 1660 oportunitate,
2314 1620 2446 1660 uberius,

1381 1656 1498 1694 divino,
1515 1657 1549 1689 &
1564 1657 1667 1688 intuitu
1679 1667 1716 1688 ve
1755 1668 1776 1688 o
1784 1680 1795 1695 ,
1809 1659 1835 1688 ei
1847 1657 1998 1698 providere
2011 1657 2158 1697 possimus.
2244 1659 2246 1662 ’
2270 1661 2272 1663 “

1419 1733 1510 1764 Teste
1523 1733 1631 1772 meipso
1645 1733 1720 1773 apud
1736 1733 1902 1774 Merleberg
1910 1759 1920 1774 ,
1939 1742 2042 1774 quarto
2055 1734 2102 1766 die
2114 1734 2226 1774 Aprilis.

2469 1568 2569 1607 ⁸I.30

1405 1862 1545 1901 Littera,
1572 1860 1658 1905 cujus
1679 1863 1710 1892 in
1719 1859 1871 1907 ficperiore
1882 1861 1923 1907 fit
1940 1864 2049 1894 mentio
2061 1888 2071 1905 ,
2091 1872 2147 1909 pro
2161 1860 2299 1909 praedit‘lo
2314 1863 2421 1906 Duce,

1807 1911 1890 1957 Papae
1908 1910 2002 1957 mista.

1444 1993 1826 2040 EverendisfimolDomino
1846 1995 1880 2026 δε
1900 1997 1971 2041 patri
1993 1998 2022 2026 in
2038 1985 2157 2041 Christo
2171 1996 2314 2028 karissimo
2327 1995 2444 2043 Grego-
2462 1992 2539 2024 Arm
2552 1992 2570 2025 ἶ

1381 1994 1443 2102 Β
1462 2043 1521 2072 rio,
1537 2032 1596 2078 Dei
1616 2033 1717 2103 gratia,
1733 2033 1845 2064 summo
1864 2033 2014 2073 Pontifici,
2033 2035 2194 2074 Hennens,
2220 2035 2318 2066 eadem
2340 2035 2442 2076 graui,
2483 2042 2569 2071 1229.

1380 2071 1514 2142 mgtolgici
1534 2072 1810 2142 llrigetrifiireverentiam.
2461 2115 2498 2138 H·
2521 2120 2547 2148 3·

1420 2148 1514 2189 Qiod
1532 2148 1626 2181 vestra
1667 2151 1755 2180 'onata
1773 2150 1826 2181 fuit
1843 2151 1990 2189 paternitas
2002 2149 2106 2189 vestras
2120 2149 2334 2182 misericorditer
2415 2163 2444 2183 es
2463 2149 2570 2186 ibidem,

1379 2188 1578 2233 interponere,
1595 2198 1648 2233 pro
1680 2188 1860 2233 eliberatione
1871 2188 1969 2234 dile&
1981 2188 2181 2234 consanguinei
2192 2188 2283 2220 nostri
2296 2189 2336 2234 O
2384 2193 2444 2223 ucis

1379 2225 1416 2272 de
1430 2225 1601 2272 Bruneswic3
1616 2226 1727 2272 illustris
1739 2237 1755 2257 a
1769 2237 1900 2266 carcere,
1917 2237 1948 2258 in
1962 2237 2021 2266 quo
2035 2227 2217 2273 detinebatur·
2225 2228 2343 2260 vinculis
2362 2239 2445 2273 man-

1380 2275 1407 2296 ci
1428 2274 1503 2310 arm,
1517 2265 1652 2297 sanstitati
1666 2265 1767 2297 vestrae
1781 2265 1816 2297 ad
1830 2274 1944 2305 quantas
1956 2265 2105 2305 possumus
2117 2266 2282 2307 assurgimus
2294 2268 2444 2308 gratiarum

1379 2314 1395 2334 a
1418 2313 1647 2412 ffjz‘uszknlpon
1664 2341 1749 2374 fuerit
1769 2344 1840 2388 inter
1859 2340 2035 2389 Christianos
2054 2342 2198 2412 Ppn'cipes
2214 2344 2330 2389 aliquis,
2355 2355 2444 2391 quem

1379 2381 2444 2466 ἷῗέἐὲἓρὲίεξίξἓῖῃῖἓὲῖςὲᾃὲἓῗὲἓῗῑῗὲἓὶῗοὲἕιὲἑπέἅχὲῖῗεῗιῗὲἲῑέξζῐ

1377 2458 1467 2498 dum,
1485 2468 1613 2498 quatinus
1633 2460 1739 2504 ipsum,
1754 2468 1857 2490 intuitu
1876 2459 2118 2505 consangiumtatis
2138 2459 2263 2504 nostrae,
2281 2462 2444 2507 propenfius

1378 2497 1616 2542 commendatum
1623 2521 1634 2537 ‚
1651 2507 1768 2538 gratiam
1781 2494 1905 2544 vestiam
1917 2507 1992 2530 cii-ca
2005 2507 2073 2529 eum
2084 2506 2250 2529 continuare
2266 2499 2372 2539 velitis,
2387 2501 2443 2543 ho-

1377 2546 1556 2606 noraepqsslgj’
1569 2535 2089 2613 ffiffhzepngpuuscggiti‘egirtgafidglaca,
2107 2536 2327 2577 promovendO,
2345 2540 2380 2572 &
2399 2541 2444 2578 ip-

1376 2575 1605 2645 surglodiiderlster
1617 2615 1695 2644 enim
1708 2612 1868 2653 credimus,
1884 2615 1918 2646 &
1932 2615 1962 2644 in
1977 2600 2115 2644 Dbmino
2129 2614 2288 2656 speramus,
2306 2615 2386 2655 quod
2398 2616 2444 2655 ip-

1377 2652 1454 2692 sum,
1471 2654 1548 2697 inter
1558 2662 1660 2697 omnes
1674 2651 1819 2697 Principes
1833 2651 1965 2698 Imperii,
1977 2651 2074 2696 ’filiurn
2097 2653 2222 2685 invenias
2243 2653 2442 2700 devotiorem3

1378 2690 1563 2736 &mandatis
1577 2689 1645 2737 sedis
1658 2688 1850 2730 Apostolicae,
1867 2701 1915 2722 cui
1928 2689 2162 2722 deliberationem
2175 2692 2254 2724 suam
2273 2694 2384 2732 pemffis
2399 2703 2444 2725 25-

1376 2729 1488 2768 scribit,
1506 2738 1622 2770 promus
1641 2728 1856 2767 obsequentem.

1630 2081 1725 2111 utem,
1744 2073 1777 2103 &
1797 2073 1857 2104 tarn
1869 2072 2020 2113 devotam,
2039 2074 2126 2112 quam
2137 2073 2262 2105 debitam
2277 2082 2356 2105 tanto
2375 2074 2443 2106 Do-
2461 2075 2514 2101 An.
2538 2081 2569 2109 13

1417 2802 1508 2836 Teste
1521 2814 1553 2838 ut
1566 2806 1652 2845 supra.

1448 2947 1569 2983 Littera
1598 2950 1687 2996 Regis
1709 2950 1844 2982 Romano
1869 2946 2048 2992 cardinali,
2073 2947 2109 2981 de
2120 2958 2196 2995 pace
2211 2955 2285 2994 cum¹
2298 2950 2375 2996 Rege

1842 2998 1984 3030 Franciae.
2281 2996 2283 3002 ⁴

1378 3074 1592 3145 VEnerabili
1612 3083 1681 3127 patri
1704 3081 1738 3113 &
1760 3082 1855 3127 amico
1875 3082 1904 3126 in
1920 3081 2039 3127 Christo
2053 3081 2197 3127 kariffirno
2209 3082 2367 3128 Romano,
2383 3078 2441 3114 Dei
2463 3079 2539 3111 Ami.
2551 3080 2570 3111 Ι

1480 3131 1561 3160 rana,
1578 3121 1680 3152 Titulo
1695 3120 1790 3151 Sandti
1805 3121 1924 3160 Angeh,
1938 3120 2076 3152 Diacono
2090 3120 2248 3161 Cardinali,
2266 3121 2301 3153 &
2313 3120 2442 3160 Aposto-
2488 3129 2570 3158 1229.

1375 3158 1441 3190 licae
1465 3159 1522 3191 edis
1538 3160 1666 3200 Legato,
1684 3158 1842 3197 Henricus,
1858 3158 1959 3190 eadem
1973 3159 2076 3200 gratia,
2094 3159 2162 3190 Rex
2176 3160 2306 3201 Angliae,
2323 3160 2384 3192 ὅτε.
2401 3159 2442 3190 sa-
2461 3162 2514 3223 agn.
2532 3168 2570 3196 ¹3·

1374 3198 1593 3277 lutgigfflficistis
1615 3237 1715 3281 nobis,
1733 3246 1783 3276 per
1800 3236 1902 3281 litteras
1921 3236 2042 3276 vestras,
2060 3236 2156 3276 quod,
2174 3236 2195 3268 fi
2214 3237 2336 3276 placeret
2356 3236 2440 3281 nobis
2457 3206 2566 3300 zat-333

1376 3274 2294 3360 ᾓὲῐὲἵῖἶᾚξὲἒὲωἳῗἓὲἳξὲνίἕτῗέςὲἓὲεᾜυῗζῗῗὲῗέεέ
2303 3275 2441 3346 imit
2458 3295 2492 3339 εἰ
2508 3282 2533 3310 ³‘
2552 3282 2570 3301 '²

1375 3361 1410 3383 ex
1423 3361 1501 3397 parte
1515 3351 1629 3396 nostra,
1647 3361 1794 3383 nevotium
1808 3352 1877 3395 illud
1889 3352 1925 3397 ad
1939 3337 2076 3385 effetium
2090 3352 2253 3392 perducere.
2380 3392 2386 3398 ι

1413 3390 1558 3435 Mittimus
1572 3400 1655 3430 igitur
1667 3378 1702 3421 ad
1715 3401 1767 3435 vos
1779 3391 1969 3422 venerabilem
1980 3401 2088 3431 patrem
2102 3389 2291 3422 A..Coventr.
2307 3391 2341 3424 &
2350 3390 2439 3435 Lich-

1375 3429 1441 3460 feld.
1459 3428 1651 3468 Episcopum,
1667 3430 1701 3461 &
1713 3429 1832 3460 dileetos
1844 3430 1877 3461 &
1891 3430 1986 3473 fideles
2006 3430 2119 3462 nostros
2140 3428 2235 3460 Radul
2255 3430 2326 3474 hum
2347 3429 2439 3474 filium

1376 3467 1515 3499 Nicholai
1536 3467 1725 3499 Senescallum
1744 3467 1893 3507 nostrum,
1910 3470 1945 3500 &
1963 3468 2144 3508 Nicholaum
2155 3466 2193 3497 de
2244 3467 2296 3499 olis
2311 3467 2438 3499 Militem

1376 3506 1506 3537 nostrum
1523 3506 1707 3546 familiarum,
1725 3507 1825 3545 quibus
1839 3507 2008 3550 potestatem
2019 3505 2147 3538 dedimus
2161 3504 2196 3536 ad
2209 3504 2385 3550 trafflndum
2395 3505 2438 3550 *de

1376 3555 1446 3584 pace
1465 3546 1538 3576 inter
1557 3544 1646 3589 ipsum
1668 3544 1783 3585 Regem
1803 3545 1928 3578 Franciae
1936 3571 1946 3586 ,
1964 3547 1999 3580 ὃς
2012 3556 2084 3584 nos,
2099 3544 2134 3577 &
2146 3544 2181 3576 ad
2193 3555 2296 3585 pacem
2310 3552 2381 3576 mter
2393 3554 2438 3582 ip-

1375 3584 1557 3661 ῶἙιῗυῖὲῖἶ
1568 3583 1732 3653 {agnam

1412 3697 1503 3729 Teste
1517 3697 1600 3738 Rege
1613 3698 1687 3738 apud
1702 3699 1852 3734 Hamsted.
1870 3700 1970 3740 quinto
1985 3697 2031 3730 die
2045 3696 2156 3738 Aprilis.

1752 3829 1781 3860 Ε
1783 3825 1863 3859 iden'z
1884 3824 1921 3858 dc
1931 3826 2064 3873 Treuga.

1413 3907 1491 3939 Tem
1505 3908 1597 3939 eidem
1611 3909 1636 3940 L
1673 3920 1721 3942 ato
1732 3910 1855 3942 salutem.
2451 3917 2527 3948 Ann.
2540 3915 2570 3948 D

1445 3945 1588 3978 Mittimus
1601 3948 1634 3978 ad
1678 3949 1835 3980 udovicum
1849 3948 1963 3988 Regem
1978 3945 2103 3990 Franciae
2118 3946 2308 3978 venerabilem
2322 3956 2430 3986 patrem
2472 3965 2527 3986 122
2549 3979 2556 3985 ,

1374 3984 1411 4014 Α.
1431 3983 1572 4016 Coventr.
1591 3988 1625 4018 &
1647 3987 1790 4031 Lichfeld.¹
1805 3983 1979 4055 Episcospum
2014 3985 2048 4015 &
2067 3983 2185 4014 dilfflos
2203 3986 2237 4017 ὃς
2259 3986 2357 4032 fideles
2366 3996 2432 4017 nos·
2451 3998 2502 4023 An.
2525 3965 2570 4032 193

1375 4031 1435 4055 tros
1448 4022 1633 4064 Radulphum
1644 4024 1735 4057 filium
1745 4023 1887 4056 Nicholai
1921 4007 2085 4055 enescaliiun
2097 4021 2245 4064 nostrum,
2261 4026 2296 4057 ὃς
2313 4024 2432 4056 Nicho-
2451 4038 2485 4062 H.
2505 4041 2531 4069 3,

2358 4061 2435 4094 laum
2451 4071 2559 4101 ibidem
