2570 4261
1 290 67 322 'mn-
79 284 121 316 D.

9 333 92 366 1235.

0 372 53 397 Hert.
73 374 98 401 3-

0 449 42 474 4η.
57 454 99 481 ι9.

0 489 23 512 r.
41 492 68 520 3.

0 527 48 551 ’ata
77 530 109 556 19

0 565 23 588 3.
45 568 70 597 3.
94 569 118 586 n.

0 1293 65 1334 Rnn.
77 1301 117 1333 D.

10 1350 94 1380 1235.

0 1385 39 1409 in.
63 1391 106 1416 19.

0 1461 48 1486 ’at.
64 1467 107 1493 19.

0 1500 24 1523 ἶ.
39 1506 100 1533 3-72.

0 1875 118 1914 *1-343·

0 2800 69 2831 Ann.
78 2798 120 2830 D.

10 2847 95 2878 1235.

0 2882 43 2906 4η.
60 2887 104 2914 19.

0 2921 77 2989 {ia

0 3003 37 3028 ¹9·
46 2997 78 3021 H.
88 3001 115 3028 3.

0 3039 16 3058 i.
26 3041 97 3059 2.m.

0 3069 103 3107 galoifii.

697 153 811 204 ET
893 161 1164 204 ACTA

277 338 327 371 De
346 339 469 385 Treagis
484 348 553 369 cam
569 338 702 369 Francia
718 333 786 368 hinc
804 335 872 369 in'a'e
886 336 1041 382 jurandis.

134 423 200 485 D
211 423 323 455 Omino
336 422 401 460 suo,
420 421 532 460 quando
548 422 572 451 ei
588 420 737 459 placuerit,
756 419 910 451 Lodovico
926 422 1002 462 Regi
1016 421 1143 452 Franciae
1159 421 1191 451 il-

219 462 311 500 lustri,
329 460 471 490 Henricus
485 460 582 490 eadem
597 460 684 498 gratia
698 459 765 489 Rex
779 459 905 498 Angliae,
922 462 982 491 &c.
1002 460 1108 495 salutet,
1120 455 1147 488 τ’

173 501 317 532 Serenitati
332 499 431 530 vestrae
446 498 629 538 significamus
645 497 723 535 quod
737 497 930 528 afflonavimus
942 499 1060 529 dilectos
1075 500 1108 529 ἃ
1121 498 1190 529 fide-

135 539 173 570 les
194 538 322 576 nostrOS,
349 537 520 573 Magistrum
542 536 698 574 Spinonem
717 535 753 566 de
774 521 925 575 ffangeton
946 537 1189 568 Archidiaconum

135 577 382 614 Cantuariensem,
401 571 423 606 F
426 576 559 606 ulconem
575 574 665 605 Baffet
685 574 872 614 Praepositum
893 575 1138 613 Beverlacensem,
1157 577 1190 606 &

136 614 309 654 Magistrum
328 614 517 645 Alexandrum
537 612 573 643 de
595 613 661 642 Hal.
681 612 924 643 Archidiaconuni
948 613 1191 652 Coventiensem,

133 653 168 684 ad
181 653 377 691 recipiendum
389 663 490 684 eorum
502 652 725 690 sacramentum,
744 652 792 689 qui
801 652 935 690 jurabunt
949 653 1043 691 quod,
1058 663 1112 695 pro
1128 663 1192 691 pos-

133 692 162 723 se
181 691 248 730 suo,
266 703 318 723 vos
338 691 473 723 inducent
493 689 528 720 ad
541 698 666 728 treuffs,
684 690 756 720 inter
771 700 823 720 vos
837 691 870 721 &
884 700 936 720 nos
951 700 1057 729 captas,
1076 693 1191 722 tirmiter

133 730 335 770 observandas,
354 740 443 769 quos,
462 729 482 759 si
495 728 602 767 placet,
622 727 730 759 adhoc
743 729 886 767 recipiatis.

167 808 259 840 Teste
271 806 354 847 Rege
367 805 441 848 apud
453 805 618 843 waltham,
635 805 773 837 vicefimo
784 806 885 844 quinto
897 805 944 837 die
959 805 1088 846 Augusti.

171 887 214 914 Et
237 884 395 914 mandatum
418 882 455 923 est
477 882 605 921 praedicflo
625 881 825 912 Archidiacono
854 886 989 913 Cantuar.
1014 891 1058 920 per
1083 881 1194 911 litteras

133 921 254 962 clausas,
273 923 345 962 quod
357 921 476 960 placeret
496 924 563 957 Regi
587 922 660 959 quod
675 921 821 960 Robertus,
833 920 930 960 frater
953 925 1030 959 Regis
1052 924 1193 958 Franciae,

133 966 223 992 comes
244 960 378 991 Mar-chiae
392 984 401 998 ,
425 964 515 989 comes
535 960 566 989 de
586 960 684 989 Sanei‘o
708 959 793 989 Paulo
806 984 815 998 ,
841 959 879 996 ὠ·
899 960 1044 998 Johannes
1064 959 1096 988 de
1116 957 1193 987 Bello

133 1003 232 1031 Monte
243 1000 358 1038 jurent,
375 998 447 1039 quod
464 997 589 1027 inducent
609 1001 705 1036 Regem
727 1001 868 1037 Franciae,
881 1007 932 1038 pro
947 997 1017 1037 P⁰ffl²
1033 995 1098 1035 ficu,
1124 996 1197 1037 quod

132 1046 242 1076 treugas
247 1036 370 1078 firmiter
383 1035 549 1077 observabit.

164 1162 214 1193 De
234 1160 402 1208 offingentis
419 1157 522 1193 Libris
539 1158 702 1204 Turonens}
728 1162 840 1192 Comiti
857 1156 1170 1203 Marchiaefiilvena'is

429 1208 569 1253 occasione
584 1208 688 1253 Infitlae
706 1206 742 1240 de
761 1207 897 1241 Olerone.

206 1293 271 1325 EX
292 1294 443 1333 omnibus,
467 1293 501 1324 ad
522 1303 594 1331 quos
615 1291 761 1330 praesentes
781 1292 881 1323 litterae
899 1293 1077 1330 pervenerint
1092 1315 1102 1330 ,
1127 1291 1197 1322 salu-

219 1340 287 1363 tem.

175 1370 325 1402 Noveritis
346 1380 398 1400 nos
417 1371 451 1401 &
469 1368 607 1399 Haeredes
629 1368 742 1399 nostros
762 1369 851 1398 teneri
870 1368 947 1399 fratri
961 1369 1111 1408 Roberto,
1131 1368 1198 1399 Ma-

136 1408 224 1448 gistro
245 1409 359 1440 Militiae
379 1407 497 1445 Templi
517 1409 546 1438 in
570 1407 687 1446 Anglia,
701 1408 735 1438 ὃς
751 1406 879 1437 fratribus
891 1407 1012 1445 ejusdem
1024 1407 1145 1446 domus,
1163 1408 1198 1437 ad

136 1447 307 1478 solutionem
327 1446 512 1476 ducentarum
530 1445 665 1476 librarum
687 1445 833 1476 bonorum
856 1446 1033 1485 &legalium
1049 1446 1197 1485 sterlingo-

136 1495 217 1524 rum,
234 1496 287 1525 pro
301 1485 469 1524 octingentis
483 1484 559 1515 libris
573 1484 734 1514 Turonens.
751 1484 879 1522 quolibet
892 1495 984 1523 anno,
1002 1495 1017 1515 a
1033 1484 1118 1515 Festo
1142 1485 1196 1515 As-

134 1524 299 1562 sumptionis
313 1524 403 1554 beatae
418 1522 537 1562 Mariae,
555 1533 631 1553 anuo
647 1522 744 1562 Regni
753 1522 843 1552 nostri
865 1523 979 1554 decimo
997 1533 1095 1562 nono,
1110 1523 1197 1562 usque

134 1563 164 1592 in
185 1563 311 1600 quinque
329 1571 417 1592 annos
438 1562 583 1600 sequentes
604 1563 764 1600 completos
785 1562 849 1599 (per
867 1572 938 1600 quos
959 1572 1048 1592 annos
1068 1571 1174 1606 treugae
1188 1585 1198 1601 ,

134 1600 620 1676 ἳὲἑῗνὲἷὲξὲιῖῗξέἒέιΐᾶἑὲἓῗὲ
638 1601 674 1670 ἕ
686 1600 990 1670 ὲξῗὲῖἴῗαῑέἒίέἑὲἓῖ
1000 1601 1128 1676 inghae’
1148 1611 1198 1639 Per

175 1676 277 1717 Qam
291 1678 408 1716 quidem
421 1677 592 1709 solutionem
603 1663 706 1708 eisdem
720 1664 861 1717 Magistro
870 1702 879 1717 ,
897 1680 930 1709 &
944 1678 1071 1709 fratribus
1084 1677 1199 1709 Militiae

135 1715 256 1755 Templi
275 1715 336 1747 fieri
358 1716 490 1748 volumus
508 1727 559 1755 per
571 1727 640 1755 nos,
659 1718 692 1747 ὃς
707 1716 830 1746 haeredes
844 1716 957 1747 nostros
970 1716 1106 1747 London.
1124 1717 1198 1755 apud

136 1754 265 1786 Novum
285 1755 461 1796 Templum,
479 1765 529 1795 per
550 1765 649 1785 manus
668 1754 887 1792 subscriptorum
911 1764 1117 1786 attornatorum
1133 1766 1199 1786 nos-

135 1801 248 1825 trorum
256 1819 266 1833 ,
285 1804 357 1833 quos
370 1793 404 1824 ad
418 1793 526 1826 dietam
538 1794 709 1825 solutionem
720 1793 878 1825 faciendam
893 1794 996 1825 eisdem
1011 1794 1152 1834 Magistro
1164 1795 1198 1826 δεῖ

135 1832 265 1864 fratribus
277 1832 482 1872 assignavimus.

175 1871 195 1891 ²*
215 1871 266 1902 De
279 1873 381 1909 quibus
394 1871 523 1902 ducentis
537 1871 614 1902 libris
627 1870 756 1909 praediffi
769 1870 923 1911 Magister,
940 1873 974 1903 &
997 1871 1108 1910 fratres,
1128 1882 1200 1910 nos,

138 1910 173 1941 &
190 1910 314 1941 haeredes
325 1910 439 1941 nostros
454 1910 653 1948 acquietabunt
662 1934 671 1947 ,
690 1910 818 1948 quolibet
829 1909 1032 1948 praedictorum
1047 1920 1200 1948 annorum,

136 1948 253 1979 Parisius
280 1949 311 1978 in
331 1948 424 1979 domo
443 1948 563 1987 Templi
584 1958 638 1986 pro
658 1948 797 1986 praedietis
817 1950 986 1989 octingentis
1002 1949 1079 1980 libris
1100 1949 1199 1980 Turo-

136 1987 213 2017 nens.
232 1987 338 2018 scilicet
359 1986 395 2017 de
416 1995 533 2018 centum
554 1987 628 2017 libris
650 1988 679 2017 in
701 1986 785 2018 Festo
807 1988 939 2017 omnium
958 1987 1147 2026 Sandtorum,
1165 1989 1200 2019 δε

135 2025 174 2056 de
195 2034 313 2056 centum
331 2025 407 2055 libris
427 2026 457 2055 in
479 2025 564 2056 Festo
585 2025 761 2056 Ascensionis
785 2025 926 2064 Domini,
943 2026 1035 2057 versus
1048 2025 1200 2057 Comitem

137 2064 295 2094 Marchiae:

176 2103 256 2141 Qas
271 2102 386 2141 quidem
401 2102 540 2141 praedi&o
553 2102 683 2141 Comiti,
693 2103 740 2134 vel
753 2103 804 2133 suis
816 2104 959 2134 attornatis
972 2102 1043 2134 solvi
1055 2104 1201 2142 volumus,

138 2151 192 2180 pro
215 2142 297 2171 nobis
318 2142 351 2171 ὃς
373 2141 532 2172 haeredibus
553 2141 670 2180 nostris,
695 2141 802 2172 ibidem
823 2142 964 2180 praediffis
982 2144 1125 2182 terminis,
1148 2153 1202 2181 pro

135 2180 305 2219 octingentis
319 2180 394 2210 libris
407 2180 567 2210 Turonens.
586 2181 616 2210 in
629 2180 730 2218 quibus
741 2180 833 2211 eidem
847 2179 960 2212 Comiti
982 2190 1130 2220 tenemur,
1148 2191 1202 2212 oc-

135 2218 250 2248 cafione
265 2217 363 2249 Insulae
383 2218 534 2256 Oleronis,
559 2228 646 2257 quarn
666 2221 696 2249 in
717 2229 801 2249 manu
820 2219 916 2249 nostra
937 2228 1082 2250 tenemus:
1114 2230 1201 2259 quam

136 2256 256 2325 t{uidem
268 2256 389 2288 Insulam
401 2257 479 2288 idem
493 2257 603 2288 Comes
615 2258 728 2295 petebat
740 2257 832 2289 versus
853 2267 906 2289 nos
928 2259 958 2288 in
979 2260 1110 2297 captione
1130 2269 1203 2298 prae-

160 2295 278 2326 'ctarum
297 2303 467 2335 treugarum.
975 2334 985 2336 „

177 2334 246 2364 Nos
263 2342 357 2365 autem
376 2333 411 2364 ad
428 2335 504 2365 hanc
522 2334 693 2366 solutionem
712 2344 832 2365 annuam
856 2335 1054 2373 praediEtarum
1069 2335 1204 2367 ducenta-

138 2382 204 2403 rum
222 2372 357 2404 librarum
379 2373 518 2411 praediffis
538 2372 681 2412 Magistro
714 2374 748 2404 &
766 2374 910 2412 fratribus,
928 2383 1013 2412 prout
1026 2375 1202 2413 praemiffum

137 2410 180 2440 est
188 2434 198 2450 ,
217 2412 418 2442 attornavimus
431 2411 568 2442 dilectum
580 2413 614 2443 &
627 2398 742 2455 fideserri
752 2412 882 2443 nostrum
903 2412 1089 2451 subscriptum
1098 2437 1108 2452 ,
1123 2414 1203 2445 vide-

136 2449 204 2480 licet
216 2450 408 2480 venerabilem
421 2458 530 2487 patrem
542 2449 582 2479 R.
602 2449 661 2479 Dei
708 2458 760 2480 atia
781 2450 989 2482 Cicestrensem
1010 2451 1203 2491 Episcopum,

138 2487 348 2518 Cancellarium
361 2488 510 2526 nostrum,
528 2487 562 2518 ad
576 2488 673 2520 solven
695 2499 744 2519 um
757 2488 860 2520 eisdem
873 2489 947 2528 apud
961 2489 1090 2522 Novum
1107 2491 1204 2522 Tem-

140 2525 222 2563 plum
239 2526 385 2566 London,
401 2528 462 2558 δίζε.

140 2652 262 2684 Littera
283 2653 394 2685 Comiti
412 2654 575 2687 Provincia
586 2679 595 2694 ‚
620 2651 656 2685 de
671 2656 783 2702 negotio
804 2654 992 2687 matrimonii
1008 2654 1202 2691 contrahendi

465 2712 535 2734 cnm
552 2701 700 2734 Alienora
709 2701 782 2746 filia
789 2702 861 2747 sita.

139 2785 261 2850 REX
276 2784 382 2817 diler
397 2787 492 2817 amico
507 2786 556 2817 suo
569 2787 659 2817 nobili
671 2788 734 2819 viro
749 2787 915 2820 Raimundo
928 2789 1039 2823 Comiti
1061 2791 1198 2826 Provinc.

219 2825 335 2856 salutem
349 2826 384 2856 &
399 2825 513 2855 sincerae
527 2825 685 2856 dileffionis
697 2825 845 2858 affedfflm.

176 2864 340 2895 Amicitiam
351 2863 474 2895 vestram
488 2864 809 2907 copiosanprosequimur
823 2868 973 2906 gratiarum
984 2869 1097 2900 afflone
1111 2870 1201 2909 quod,

139 2902 174 2932 ad
195 2902 354 2934 instantiam
376 2902 519 2940 nostram,
537 2903 722 2942 Maritagium
740 2903 805 2934 filiae
821 2905 924 2936 vestrae
938 2906 1054 2938 differre
1071 2909 1199 2941 voluistis

141 2941 227 2979 usque
242 2940 277 2971 ad
297 2940 413 2970 Festum
431 2941 528 2971 Sancti
548 2941 692 2980 Martini,
723 2942 801 2980 quod
820 2953 870 2981 per
889 2944 1006 2976 dileetos
1024 2947 1136 2979 nostros
1160 2949 1200 2979 R.

141 2979 272 3010 Priorem
286 2979 322 3009 de
334 2978 420 3009 Hurl.
438 2979 646 3017 &johannem
657 2979 693 3011 de
707 2980 848 3012 Gatesdan
861 2981 1010 3014 Clericum
1022 2987 1105 3016 nobis
1118 2987 1202 3027 signi—

140 3017 258 3055 ficistis3
276 3017 359 3048 vobis
374 3016 555 3057 significantes
570 3019 664 3057 quod,
682 3018 778 3050 audito
796 3021 927 3059 responso
948 3023 1059 3063 vestro,
1076 3026 1201 3056 inconti-

139 3057 217 3086 nenti
236 3056 275 3085 ad
292 3057 345 3085 nos
364 3057 464 3086 vocari
482 3056 600 3087 fecimus
614 3056 867 3097 Archiepiscopos,
884 3061 919 3091 &
932 3061 1068 3099 quosdam
1082 3063 1201 3102 Episco-

140 3104 210 3132 pos,
229 3094 263 3124 δε
281 3093 348 3124 alios
369 3092 406 3123 de
426 3093 481 3123 Ma
501 3094 609 3125 natibus
628 3096 746 3134 nostris,
765 3099 866 3135 quibus
886 3098 1063 3132 voluntatem
1075 3102 1202 3133 nostram

140 3131 335 3171 exposuimus,
354 3134 440 3170 qnam
451 3132 487 3162 ha
509 3142 588 3163 emus
602 3132 638 3163 de
649 3133 704 3164 filia
715 3134 808 3166 vestra
821 3137 914 3168 modis
926 3140 1060 3170 omnibus
1074 3140 1203 3172 ducenda

142 3171 174 3201 in
189 3175 330 3209 uxoremg
348 3171 381 3201 &
392 3171 459 3209 iosi,
477 3171 623 3209 proposito
635 3172 734 3203 nostro
747 3175 822 3205 bene
833 3178 978 3215 contenti,
997 3177 1032 3208 ad
1046 3179 1105 3211 hoc
1130 3190 1203 3211 con-

141 3209 281 3241 senserunt
295 3208 359 3246 post
372 3202 496 3240 habitam
509 3209 576 3240 inde
588 3209 715 3242 debitam
728 3210 969 3245 deliberationem.
1006 3236 1008 3238 -

177 3247 246 3278 Nos
266 3248 364 3287 igitur,
389 3248 506 3278 auctore
527 3247 677 3286 Domino,
700 3250 864 3287 praedictam
882 3253 968 3284 filiam
987 3254 1127 3295 vestram,
1150 3267 1204 3295 pro

141 3285 237 3317 nostra
257 3286 342 3316 nobis
363 3284 503 3324 dandam,
520 3287 646 3317 volentes
658 3287 762 3319 ducere
772 3290 801 3319 in
814 3300 951 3331 uxorem,
971 3294 1053 3324 vobis
1068 3295 1204 3334 significa-

142 3334 207 3356 mus
226 3323 305 3363 quod
322 3323 432 3353 missuri
447 3324 539 3355 sumus
559 3325 593 3356 ad
615 3335 667 3356 vos
686 3325 842 3365 solempnes
856 3330 993 3362 Nuncios
1007 3332 1136 3372 nostros,
1155 3336 1205 3373 qui

141 3371 241 3401 erunt,
257 3361 291 3392 ad
306 3362 408 3392 instans
422 3360 538 3406 Festum
552 3363 649 3394 Sancti
663 3363 800 3404 Andreae,
817 3367 890 3407 apud
902 3369 1037 3409 Vyonun.
1057 3373 1087 3402 in
1098 3383 1205 3404 occur-

143 3401 205 3432 sum
219 3400 362 3438 vestrum,
380 3402 413 3431 &
428 3400 568 3437 praedictae
581 3401 646 3431 filiae
660 3402 778 3442 vestrae‚
796 3405 830 3435 ὃς
843 3408 1002 3439 amicorum
1024 3410 1204 3450 vestrorum,

144 3449 215 3471 cum
237 3439 318 3478 plena
337 3438 474 3477 potestate
490 3439 706 3470 consummandi
720 3444 868 3482 negotium
880 3446 1064 3487 praedictum,
1081 3459 1115 3480 ac
1128 3460 1201 3481 con-

144 3478 273 3509 trahendi
288 3479 516 3516 matrimonium,
534 3487 584 3520 per
596 3479 682 3508 verba
701 3478 738 3510 de
748 3482 891 3521 praesenti,
909 3485 982 3516 inter
1002 3497 1056 3517 nos
1073 3488 1108 3519 ὃς
1128 3499 1202 3527 prae-

144 3517 253 3548 diffitarn
267 3516 354 3547 filiam
363 3516 502 3554 vestram,
521 3525 553 3546 ac
567 3520 586 3546 ll
599 3518 744 3554 praesentes
757 3518 911 3553 fuissemus.

182 3555 244 3586 Vos
262 3556 344 3600 igitur
362 3564 494 3595 rogamus
505 3556 650 3598 attentius,
670 3558 795 3600 quatinus
807 3560 921 3591 interim
934 3562 1106 3595 sufficienter
1118 3566 1202 3597 vobis

144 3593 337 3632 provideritis,
354 3602 403 3632 ut,
417 3593 452 3623 ad
465 3602 620 3625 terminum
633 3593 817 3635 praedictum,
833 3599 869 3630 &
888 3599 956 3631 loco
975 3603 1111 3641 praefixo,
1129 3615 1203 3642 prae-

145 3631 228 3663 dictis
243 3631 370 3664 Nunciis
381 3632 484 3663 nostris
497 3641 649 3676 occurrere
662 3632 784 3671 poffitis,
800 3637 884 3668 etiam
896 3648 965 3669 cum
979 3640 1033 3672 filia
1045 3642 1150 3681 vestra,
1169 3645 1202 3675 ὃς

143 3671 241 3702 amicis
251 3671 349 3702 vestris
359 3671 516 3710 praedietis,
534 3679 619 3709 parati
631 3672 779 3710 negotium
813 3675 962 3707 raedieium
984 3678 1110 3712 faeliciter
1129 3693 1202 3713 con-

147 3708 305 3748 summare,
324 3711 358 3741 δε
381 3709 468 3748 ipsam
487 3709 573 3740 filiam
586 3709 708 3740 vestram
722 3719 780 3747 prae
806 3712 841 3741 tis
853 3713 978 3746 Nunciis
990 3718 1092 3749 nostris
1105 3720 1204 3753 libera-

145 3755 194 3786 re,
212 3748 260 3786 qui
273 3758 352 3787 eam,
370 3748 442 3780 ficut
453 3747 551 3787 decet,
567 3747 724 3778 honorifice
736 3747 770 3778 ad
785 3758 838 3780 nos
851 3751 948 3784 secum
959 3755 1106 3791 abducant.

183 3821 275 3857 Teste
287 3824 371 3866 Rege
383 3825 458 3867 apud
468 3825 630 3859 Windesor.
648 3825 763 3858 decimo
775 3824 821 3858 die
833 3825 979 3862 Octobris.

1244 163 1723 214 PUBLICA.
2220 192 2299 228 119

2306 292 2382 322 Anti.
2395 292 2437 324 D.

2329 339 2412 370 1235.

1389 347 1509 380 Littera
1526 351 1675 396 Comitiffie
1691 355 1850 386 Provincia
1860 354 1951 401 fhper
1968 368 2000 389 re
2021 356 2137 392 eadem.
2311 374 2372 397 Hen.
2388 380 2413 406 3.

1236 427 1358 488 REX
1372 430 1481 475 diledtaz
1493 432 1548 464 suae
1562 433 1679 466 Beatrici
1693 435 1850 468 Comitisfiie
1862 439 2024 472 Provinciae
2037 442 2152 474 salutem
2166 453 2235 475 cum
2250 443 2293 474 di—
2309 447 2360 472 An.
2384 452 2426 478 19·

1316 468 1438 500 lechone
1451 474 1565 503 sincera.
2309 488 2343 510 H·
2368 492 2392 517 3·

1272 505 1368 545 Qod
1386 509 1468 553 vobis
1490 511 1523 540 &
1544 511 1634 542 nobili
1657 513 1736 551 viro,
1757 512 1866 543 Comiti
1888 515 2062 557 Provinciae,
2081 519 2214 551 Domino
2229 530 2292 551 ves-
2310 522 2414 549 ibidem.

1235 550 1302 582 tro,
1321 545 1424 583 placuit
1438 547 1619 579 Maritaoium
1641 550 1705 580 fili-ze
1727 551 1828 582 vestrae
1847 552 1976 593 differre,
1993 556 2027 585 ad
2048 557 2205 589 instantiam
2225 569 2292 590 nos-

1236 589 1327 626 tram,
1345 585 1430 629 usque
1448 587 1482 616 ad
1505 587 1544 617 Fe
1572 598 1621 619 um
1642 589 1737 620 Sancti
1752 589 1887 628 Martini,
1907 592 1976 622 licut
1991 595 2141 626 retulerunt
2155 598 2235 627 nobis
2249 598 2292 627 di-

1236 619 1301 651 lech
1322 623 1410 653 nostri
1432 624 1471 654 R.
1486 625 1570 656 Prior
1590 626 1626 656 de
1646 627 1731 658 Hurl.
1747 629 1781 658 ὃς
1797 629 1941 667 Johannes
1954 631 1990 660 de
2002 632 2152 664 Gattesden
2166 635 2294 666 Clericus

1237 668 1271 701 ex
1286 669 1360 698 parte
1373 662 1529 701 vesti·a,est
1541 665 1578 695 de
1591 676 1650 703 quo
1663 667 1788 705 copiosas
1803 667 1946 698 dilectioni
1961 669 2061 700 vestrae
2073 672 2215 704 referimus
2231 684 2294 714 gra-

1237 704 1337 728 tiarum
1353 701 1485 731 actiones.

1275 735 1354 780 Scire
1366 749 1418 782 vos
1433 741 1577 777 cupientes
1590 742 1685 781 quod,
1702 743 1797 774 audito
1812 744 1943 782 responso
1958 746 2068 785 vestro,
2081 747 2116 777 ad
2130 759 2182 779 nos
2197 753 2293 781 vocari

1237 772 1356 820 fecimus
1374 780 1561 809 incontinenti
1583 781 1767 818 Archiepisco
1808 793 1835 821 S,
1853 785 1886 814 δε
1909 785 2044 822 quosdam
2067 785 2238 826 Episcopos,
2258 791 2291 820 &2

1237 821 1304 842 alios
1325 814 1361 844 de
1381 815 1563 853 Magnatibus
1584 819 1700 858 nostris,
1718 793 1817 858 quiffis
1839 822 2011 853 voluntatem
2025 825 2151 854 nostram
2166 827 2292 864 exposui-

1238 858 1318 888 πως,
1336 862 1420 890 quam
1435 854 1569 886 habemus
1584 857 1619 887 de
1639 857 1693 888 filia
1713 858 1818 897 vestra,
1836 861 1927 890 modis
1947 863 2098 901 omnibus,
2116 864 2244 895 ducenda
2265 867 2294 895 in

1237 897 1366 920 uxorem.
1405 894 1446 921 Et
1462 900 1560 923 caetera
1566 894 1629 934 fere
1644 903 1674 924 ut
1683 895 1768 935 fhpra
1782 901 1810 927 in
1822 897 1884 927 aliis
1898 898 2008 929 litteris.

1272 965 1407 1010 ‘Scribitur
1421 972 1504 998 etiam
1519 970 1612 1000 Eleao
1627 971 1734 1002 Valent.
1753 976 1926 1011 regratiando
1940 979 1963 1005 ei
1977 978 2050 1017 qnod
2054 985 2147 1015 partes
2157 979 2223 1017 fiaes
2247 990 2298 1009 vo-

1238 1000 1289 1030 luit
1303 1011 1467 1048 interponere
1480 1009 1572 1046 versas
1580 1011 1740 1047 praedic‘lum
1752 1016 1878 1041 Comitem
1893 1014 1910 1032 ’κ
1921 1016 2071 1044 Provinciae
2079 1039 2088 1054 ,
2096 1018 2168 1056 quod
2177 1017 2298 1052 differret
2316 1025 2325 1038 '⁴
2339 1022 2362 1049 Ι,
2380 1028 2445 1058 344-

1233 1041 1396 1078 praedufi‘um
1409 1048 1609 1076 matrimonium
1622 1047 1700 1087 '‘filu‘'
1714 1049 1755 1078 ad
1766 1053 1908 1079 terminum
1916 1054 2092 1092 praedicffum,
2103 1053 2140 1089 όν
2153 1048 2226 1095 quoii
2237 1066 2298 1086 con-

1232 1077 1380 1117 foederatio
1394 1084 1471 1120 Regis
1480 1082 1623 1124 plusquam
1634 1087 1749 1116 alterius
1763 1091 1786 1117 ei
1793 1087 1906 1126 placuit.

1278 1158 1349 1186 Item
1363 1156 1494 1197 sc'ribitur
1509 1160 1541 1190 de
1556 1161 1648 1191 eadem
1665 1166 1783 1193 materia
1796 1166 1838 1193 A.
1858 1168 1957 1194 Comiti
1971 1165 2090 1196 Sabaud.

1242 1297 1292 1328 De
1313 1297 1404 1343 caasa
1426 1302 1644 1344 Matrimonii,
1665 1306 1741 1335 inter
1760 1305 1904 1336 Comitem
1919 1304 2071 1339 Marchiae
2088 1310 2124 1344 d*
2141 1307 2303 1353 Isabellam

1418 1349 1566 1394 Reginam
1585 1352 1701 1398 Angliae
1725 1353 1869 1384 contrafli
1882 1380 1891 1396 ‚
1912 1353 2127 1400 sizspendenda.

1242 1429 1364 1491 REX
1378 1433 1582 1476 venerabilibus
1595 1437 1625 1465 in
1639 1434 1758 1467 Christo
1773 1438 1894 1474 patribus
1907 1438 2131 1478 Archiepiscopo
2151 1440 2306 1472 Turonen-
2324 1439 2399 1470 Anii.
2410 1439 2449 1471 D.

1264 1507 1269 1511 ⁹
1323 1469 1358 1507 si,
1376 1469 1520 1509 Episcopo
1535 1472 1688 1504 Carnoten.
1708 1476 1742 1506 &
1756 1475 1899 1516 Magistro
1914 1477 1947 1508 P.
1965 1477 2001 1508 de
2025 1478 2190 1519 Columpna
2209 1479 2307 1510 Cano—
2344 1486 2426 1517 1235·

1241 1516 1309 1537 nico
1325 1507 1479 1540 Carnoten.
1498 1510 1620 1542 salutem.
2295 1519 2298 1521 “
2324 1522 2374 1545 Aa.
2395 1528 2438 1552 19-

1280 1545 1377 1589 Sciatis
1390 1548 1487 1586 quod,
1502 1550 1535 1580 ad
1548 1552 1715 1588 petitionem
1730 1551 1849 1583 Nobilis
1865 1555 1918 1584 viri
1930 1554 2063 1595 Hugonis
2077 1555 2202 1586 Comitis
2222 1556 2304 1587 Mar·
2323 1560 2356 1583 H·
2379 1566 2403 1592 3-

1243 1583 1316 1627 cliiae
1330 1585 1364 1615 δε
1376 1585 1582 1631 Ingolismi,&
1596 1589 1736 1621 Dominae
1749 1592 1844 1622 marris
1855 1592 1960 1623 nostrae
1973 1593 2092 1624 isabellae
2105 1594 2225 1634 Reginae
2242 1596 2303 1625 An-
2320 1595 2404 1631 Claus.
2413 1604 2418 1620 ¹
2427 1604 2451 1628 9-

1241 1621 1322 1666 gliae,
1338 1633 1431 1655 uxoris
1443 1626 1713 1665 suae,conceffimus
1729 1630 1766 1659 eis
1778 1629 1857 1668 quod
1870 1633 1997 1671 cognitio
2012 1633 2206 1672 causae,vobis
2220 1643 2303 1664 com-
2323 1637 2356 1659 H·
2374 1638 2433 1668 3·P·

1244 1661 1334 1706 missae
1355 1673 1370 1692 a
1395 1663 1529 1696 Domino
1543 1666 1634 1705 Papa,
1651 1667 1688 1698 de
1703 1670 1886 1700 matrimonio
1900 1672 1971 1701 inter
1985 1682 2034 1701 eos
2047 1672 2196 1702 contradio
2212 1680 2305 1703 tenea·
2324 1681 2393 1698 2·⁷⁷1-
2405 1680 2427 1706 3·

1242 1706 1287 1729 tur
1308 1710 1337 1730 in
1358 1702 1500 1747 suspenso,
1519 1705 1652 1743 quamdiu
1673 1715 1778 1746 treugae
1794 1717 1884 1746 captae
1905 1711 1976 1739 inter
1995 1710 2108 1750 Regem
2131 1711 2255 1741 Franciae
2270 1713 2303 1743 ὃς
2325 1710 2400 1747 dory‘b.

1243 1748 1295 1768 nos
1318 1738 1499 1784 duraverint,
1528 1744 1660 1775 videlicet
1679 1756 1694 1775 a
1715 1745 1789 1776 festo
1808 1746 2002 1785 assumptionis
2024 1749 2113 1779 beatae
2134 1749 2237 1780 Mariae
2257 1760 2306 1779 an-

1243 1786 1283 1821 no
1305 1787 1399 1817 gratiae
1426 1789 1497 1820 1235
1519 1783 1548 1811 in
1569 1784 1694 1822 quinque
1714 1794 1820 1823 annos,
1839 1785 1859 1815 si
1875 1796 1926 1824 per
1940 1794 2049 1818 tantum
2063 1796 2175 1826 tempus
2188 1787 2306 1819 durave-

1244 1824 1307 1846 rint.

1281 1853 1321 1885 Et
1340 1855 1406 1900 ideo
1418 1857 1508 1901 *vobis
1530 1859 1695 1901 mandamus
1715 1870 1846 1898 rogantes
1863 1871 1997 1900 quatenus
2012 1865 2170 1904 cognitioni
2186 1865 2308 1904 ejusdem

1244 1893 1332 1937 causae
1343 1903 1456 1925 interim
1469 1895 1660 1936 supersedere,
1679 1899 1712 1929 &
1727 1909 1790 1929 eam
1805 1902 1919 1931 interim
1931 1903 1959 1931 in
1971 1902 2098 1940 suspenso
2119 1912 2215 1933 tenere
2237 1904 2306 1935 veli-

1245 1938 1279 1961 tis
1283 1956 1297 2000 Ῐ
1314 1934 1334 1962 ii
1350 1941 1464 1978 treugae-
1470 1935 1613 1971 praedictae
1624 1947 1674 1974 per
1686 1945 1796 1968 tantum
1808 1947 1919 1977 tempus
1934 1940 2103 1972 duraverint.

1243 2016 1254 2039 t
1293 1980 1318 2040 tri
1333 1972 1410 2011 cujus
1426 1982 1465 2003 rei
1479 1973 1675 2006 testimonium
1689 1976 1736 2006 has
1754 1976 1855 2008 litteras
1877 1978 1985 2009 nostras
2002 1980 2085 2011 vobis
2105 1981 2242 2011 mittimus
2262 1983 2309 2018 pass

1256 2018 1290 2039 en
1305 2020 1341 2040 eS.

1246 2086 1374 2164 &gesse
1394 2087 1479 2128 Rege
1501 2089 1575 2129 apud
1597 2090 1907 2134 westmonasterium,
1929 2104 1966 2135 14
1980 2095 2027 2126 die
2041 2095 2194 2135 Ostobris,
2212 2106 2307 2134 anno,

1279 2271 1329 2303 De
1346 2270 1497 2305 Articulis
1513 2270 1734 2318 Matrimonii,
1761 2278 1838 2309 inter
1858 2279 1967 2325 Regem
1986 2281 2022 2317 (ῤ’
2036 2277 2142 2324 filium
2162 2281 2287 2312 Comitis

1698 2327 1872 2359 Provincia.

1247 2410 1461 2472 HEnricus,
1480 2414 1540 2446 Dei
1559 2417 1660 2456 gratia,
1679 2417 1746 2448 Rex
1761 2418 1889 2458 Angliae,
1914 2418 1975 2451 &c.
1999 2421 2152 2458 omnibus,
2177 2420 2213 2452 ad
2234 2430 2306 2460 quos
2329 2426 2405 2464 Ann-
2418 2433 2460 2464 D,

1339 2452 1485 2497 praesentes
1499 2454 1597 2485 litterae
1611 2458 1807 2496 pervenerint,
1825 2457 1949 2488 salutem.
2356 2480 2440 2511 123¹.

1284 2488 1331 2519 Ad
1345 2500 1478 2525 omnium
1492 2494 1622 2524 notitiam
1636 2495 1779 2526 voluimus
1793 2497 1939 2533 pervenire
1961 2496 2040 2535 quod
2060 2507 2130 2535 nos,
2149 2497 2185 2528 de
2203 2498 2308 2529 assensu
2327 2515 2369 2539 An
2396 2488 2439 2547 153,-

1245 2526 1416 2567 Magnatum
1437 2530 1470 2560 ὃς
1489 2531 1614 2562 fidelium
1632 2532 1816 2571 nostrorum,
1840 2537 2047 2572 acceptavimus
2065 2535 2168 2566 ducere
2188 2537 2216 2566 in
2236 2546 2307 2567 uxo-
2326 2556 2355 2578 H
2372 2534 2404 2587 '3—

1244 2575 1306 2609 reni
1327 2566 1498 2634 llggitimam,
1522 2569 1704 2610 Alienoram,
1728 2571 1817 2602 filium
1840 2572 1958 2604 Nobilis
1979 2575 2033 2604 viri
2044 2574 2226 2613 Raymundi,
2243 2574 2307 2606 Co—
2324 2572 2463 2627 ciuus-,35

1245 2612 1320 2634 mitis
1360 2615 1506 2638 rovmciae.

1282 2642 1331 2687 Ad
1350 2645 1445 2683 quod,
1464 2646 1629 2689 disponente
1647 2647 1782 2679 Domino
1795 2673 1804 2688 ,
1828 2649 1945 2681 feliciter
1967 2651 2225 2682 consummandum
2239 2677 2249 2691 ,
2274 2653 2309 2683 ad
2327 2633 2433 2695 {1723

1243 2681 1373 2718 praediffi
1385 2682 1508 2728 Comitis
1528 2686 1702 2723 praesentiam
1719 2687 1898 2720 destinandos
1917 2689 2048 2720 duximus
2067 2691 2240 2722 venerabiles
2260 2702 2310 2732 pa·
2350 2689 2356 2695 ”
2395 2675 2438 2704 '3‘

1241 2728 1297 2750 tres
1309 2719 1350 2764 H
1369 2720 1512 2753 Ehensem
1521 2747 1531 2762 ,
1549 2725 1583 2755 ὃς
1597 2724 1637 2754 R.
1657 2725 1898 2759 Herefordensem
1910 2727 2066 2766 Episcopos
2097 2729 2131 2760 &
2142 2729 2257 2760 fratrem
2270 2730 2310 2761 R.

1243 2757 1415 2798 Magistrum
1430 2760 1518 2806 Milit.
1536 2762 1656 2802 Templi
1669 2765 1697 2794 in
1712 2764 1829 2805 Anglia,
1849 2767 1882 2797 &
1895 2766 2009 2797 fratrem
2024 2753 2306 2799 G.131im0s1narium

1243 2797 1391 2837 nostrum,
1412 2799 1446 2831 &
1465 2800 1584 2832 dilectos
1603 2803 1637 2833 ὃς
1656 2801 1750 2834 fideles
1770 2805 1881 2835 nostros
1897 2805 2061 2844 Johannem
2082 2805 2172 2837 filium
2186 2806 2309 2848 Philippi

1243 2836 1430 2870 Senescallum
1442 2839 1588 2878 nostrum,
1607 2841 1641 2872 δε
1655 2840 1823 2873 Robertum
1835 2842 1870 2873 de
1884 2843 2051 2884 Mucegros.

1281 2874 1357 2906 Inter
1377 2887 1467 2915 quos,
1486 2878 1637 2915 praedictos
1656 2878 1749 2910 fideles
1771 2880 1883 2912 nostros
1902 2882 2066 2920 Johannem
2081 2881 2170 2913 filium
2186 2883 2309 2923 Philippi

1245 2914 1432 2946 Senescallum
1444 2916 1592 2956 nostrum,
1609 2918 1644 2949 &
1658 2917 1824 2950 Robertum
1841 2919 2016 2960 Mucegros,
2029 2921 2230 2952 Procuratores
2243 2933 2310 2953 nos-

1245 2962 1303 2984 tros
1324 2954 1464 2993 legitimos
1486 2955 1649 2994 statuimus,
1668 2957 1769 2995 quibus
1789 2958 1901 2996 plenam
1923 2959 2108 2990 concedimus
2123 2960 2310 3000 potestatem,

1246 2993 1280 3024 &
1293 2992 1408 3030 speciale
1421 2993 1598 3032 mandatum,
1617 3002 1648 3025 ut
1659 2995 1826 3026 consensum
1839 2996 2013 3028 Domicellae
2024 2997 2189 3036 supradictae
2201 3000 2231 3029 in
2246 3010 2311 3038 nos,

1247 3041 1297 3069 per
1310 3031 1396 3062 verba
1409 3031 1445 3061 de
1459 3032 1603 3071 praesenti,
1621 3034 1774 3072 recipiant,
1793 3036 1827 3067 &
1843 3035 1921 3073 quod
1933 3036 1963 3065 in
1974 3045 2055 3075 eam,
2068 3037 2187 3069 nomine
2199 3038 2311 3078 nostro,

1248 3079 1298 3109 per
1313 3070 1399 3100 verba
1412 3069 1449 3100 de
1461 3070 1588 3108 praesenti
1603 3071 1786 3103 consentiant.

1284 3107 1410 3146 Speciale
1423 3109 1586 3140 mandatum
1602 3110 1784 3141 nihilominus
1798 3110 1902 3142 eisdem
1911 3111 2036 3150 johanni
2050 3114 2225 3146 &Roberto
2239 3126 2311 3146 con-

1247 3146 1367 3177 serentes
1387 3155 1434 3185 ut,
1452 3148 1480 3177 in
1503 3149 1623 3178 nomine
1643 3148 1758 3187 nostro,
1777 3151 1811 3181 &
1832 3151 1861 3180 in
1885 3152 1978 3181 anima
1991 3151 2103 3191 nostra,
2118 3154 2212 3192 jurent
2233 3154 2311 3192 quod

1247 3195 1301 3216 nos
1319 3184 1438 3215 eandem
1457 3185 1651 3217 Domicellam
1675 3188 1705 3217 in
1719 3196 1841 3219 uxorem
1856 3189 2010 3228 legitimam
2024 3191 2128 3221 ducere
2140 3192 2292 3222 debeamus
2301 3206 2312 3230 ,-

1247 3225 1281 3255 &
1303 3223 1388 3261 ipsam
1408 3225 1439 3254 in
1459 3224 1529 3254 facie
1550 3224 1684 3255 Ecclefiae
1704 3225 1882 3267 solempniter
1899 3228 2079 3267 desponsare,
2105 3230 2139 3260 &
2161 3230 2237 3268 quod
2257 3240 2311 3260 nos

1248 3272 1310 3292 eam
1324 3262 1407 3301 regali
1420 3263 1532 3292 honore
1543 3264 1576 3294 &
1589 3262 1743 3294 affectione
1756 3266 1870 3296 maritali
1883 3267 2043 3297 traete-mus.

1286 3300 1378 3339 Qod
1391 3302 1474 3331 etiarn
1484 3301 1677 3339 jusjurandum
1693 3303 1831 3340 praedietis
1846 3304 2008 3343 Episcopis,
2025 3307 2059 3336 &
2073 3304 2212 3345 Magistro
2228 3304 2310 3336 Mili-2

1247 3339 1293 3369 tiae
1313 3339 1431 3376 Templi
1444 3340 1473 3368 in
1490 3339 1605 3379 Anglia,
1623 3341 1657 3372 ὃς
1671 3341 1746 3372 fratri
1762 3342 1802 3372 G.
1821 3342 2026 3374 Elcmosinario
2046 3344 2162 3381 nostro,
2180 3345 2309 3375 commi-

1247 3377 1330 3407 simus
1349 3377 1528 3416 faciendum,
1546 3380 1583 3409 ita
1604 3379 1699 3418 quod,
1718 3380 1737 3410 si
1760 3382 1936 3420 contingeret
1957 3382 2046 3419 ipsos,
2064 3382 2111 3412 vel
2131 3382 2238 3420 aliquos
2260 3393 2311 3414 eo-

1247 3425 1329 3453 rum,
1347 3415 1428 3446 fimul
1442 3426 1510 3446 cum
1524 3417 1643 3454 prcefatis
1655 3420 1900 3458 procuratoribus,
1918 3419 1952 3450 ad
1966 3420 2117 3450 Comitem
2138 3420 2313 3458 praedictum

1247 3464 1307 3484 non
1328 3456 1492 3492 pervenire,
1517 3456 1563 3485 vel
1584 3457 1655 3494 ipsos
1676 3458 1722 3488 vel
1745 3458 1851 3496 aliquos
1871 3468 1972 3488 eorum
1995 3465 2089 3489 morte
2109 3459 2238 3499 praeripi,
2263 3459 2311 3492 vel

1247 3492 1490 3531 qualitercumque
1502 3493 1579 3525 aliter
1597 3505 1699 3526 eorum
1715 3497 1858 3527 tramitum
1873 3496 2017 3534 impediri·

1284 3530 1500 3562 Nichilominus
1523 3535 1721 3570 praenominati
1742 3542 1936 3571 procuratores
1964 3521 2053 3565 nostri
2067 3559 2077 3574 ,
2104 3534 2250 3573 Johannes
2275 3536 2309 3568 δε

1248 3569 1409 3608 Robertus,
1431 3581 1499 3601 cum
1512 3571 1563 3601 illis
1572 3596 1582 3610 ,
1599 3574 1649 3610 qui
1663 3582 1732 3603 curn
1744 3572 1806 3610 ipsis
1817 3572 1852 3602 ad
1865 3572 2016 3604 Comitem
2029 3573 2201 3611 piaedictum
2222 3585 2310 3606 vene-

1248 3609 1320 3646 rint,
1338 3609 1383 3639 vel
1396 3610 1480 3639 etiam
1496 3610 1545 3647 ipsi
1559 3619 1756 3647 procuratores
1769 3610 1857 3640 nostri
1868 3612 2088 3650 tantummodo,
2105 3612 2152 3643 vel
2163 3613 2232 3644 alter
2245 3613 2310 3644 illo-

1247 3657 1311 3677 rum
1325 3671 1334 3684 ,
1359 3648 1524 3678 auctoritate
1544 3648 1640 3678 nostra
1658 3649 1743 3679 fretus
1757 3672 1767 3686 ,
1791 3649 1811 3678 si
1832 3650 1920 3680 ambo
1942 3650 2009 3680 illuc
2030 3661 2091 3681 non
2111 3653 2308 3690 pervenerint,

1247 3684 1384 3724 praedieta
1395 3686 1493 3715 omnia
1505 3686 1601 3716 secure
1613 3688 1647 3717 δε
1661 3687 1748 3717 libere
1761 3687 1869 3718 valeant
1881 3688 2094 3728 consummare,
2109 3690 2143 3721 &
2158 3689 2310 3721 Domicel-

1248 3725 1305 3754 lam
1317 3723 1486 3754 antedie‘tam
1498 3725 1641 3762 recipere,
1656 3734 1725 3755 cum
1739 3727 1847 3758 nunciis
1859 3725 1984 3757 Comitis
1997 3728 2121 3767 praefati,
2138 3728 2174 3759 ad
2187 3729 2309 3767 praesen-

1247 3764 1317 3794 tiam
1331 3762 1456 3792 nostram
1468 3762 1605 3792 faelicibus
1616 3763 1741 3801 auspiciis
1754 3763 1959 3795 deducendam.

1289 3803 1302 3817 ³
1324 3799 1520 3831 Concedimus
1535 3801 1617 3839 igitur
1629 3801 1774 3832 antedirstis
1786 3803 2014 3840 procuratoribus
2027 3804 2139 3842 plenam
2158 3805 2308 3836 auetorita-

1247 3847 1308 3871 tem
1351 3840 1384 3869 &
1404 3838 1519 3876 speciale
1539 3838 1703 3870 mandatum
1725 3848 1773 3878 ut,
1797 3840 1891 3870 eidem
1912 3840 2085 3874 Domicellae
2098 3868 2108 3883 ,
2130 3844 2167 3875 de
2188 3844 2307 3874 consilio

1270 3862 1454 3907 raedictorum
1466 3876 1689 3920 Episcoporum,
1706 3878 1740 3909 &
1754 3878 1885 3923 Magistri
1898 3879 2012 3911 Militiae
2023 3881 2155 3921 Templi,
2171 3883 2205 3913 &
2220 3883 2309 3912 fratris

1247 3888 1290 3944 Pi.
1309 3917 1428 3945 nomine
1438 3915 1554 3952 nostro,
1572 3925 1601 3945 in
1615 3916 1714 3947 dotem
1729 3916 1901 3948 constituant
1914 3917 2066 3958 Civitates,
2084 3928 2168 3951 terras
2182 3921 2216 3950 &
2231 3928 2310 3950 tene-

2327 3828 2341 3845 *
2358 3828 2380 3855 1·
2393 3834 2455 3865 345-

1250 3961 1363 3997 menta,
1382 3963 1445 3997 quae
1463 3952 1670 3986 consueverunt
1685 3954 1742 3998 aliis
1764 3955 1881 3999 Reginis
1899 3953 2012 3995 Angliae
2026 3958 2152 3998 assignari
2163 3961 2193 3989 iii
2206 3958 2307 3990 dotem

1249 3992 1285 4022 ab
1299 3991 1355 4020 alus
1370 3990 1497 4029 Regibus
1510 3990 1758 4028 praedecefforibus
1773 3995 1881 4024 nostris.

1287 4028 1340 4066 Et,
1359 4029 1379 4058 si
1391 4030 1536 4068 contingat
1549 4031 1628 4068 quod
1638 4031 1765 4070 Isabella,
1784 4032 1894 4072 Regina
1907 4033 2018 4074 Angliae
2033 4043 2121 4066 mater
2134 4034 2244 4073 nostra,
2253 4045 2306 4067 nos

1249 4066 1444 4108 supervixerit,
1462 4068 1496 4101 &
1513 4067 1614 4103 dotem
1633 4069 1710 4103 suam
1730 4071 1756 4102 ei
1767 4070 1928 4111 assignatam
1937 4074 2161 4114 recuperaverit,
2179 4072 2306 4112 praediffl

2242 4121 2309 4149 pro-
