2570 4261
595 147 726 194 ET
809 154 1128 198 ACTA

0 245 54 269 mn.
64 226 107 266 D.
154 234 280 268 Arnald.
296 236 426 278 Bastida3

0 273 90 344 328?-
152 277 322 307 Bartholom.
338 278 370 307 de
383 280 411 307 V
409 274 461 306 1lla
476 275 592 306 Franch.
616 277 648 306 de
661 277 735 307 domo
747 279 869 317 praedic‘li
883 282 995 311 Domini
1008 283 1043 310 R.

15 324 44 342 v.
81 332 88 339 -

156 353 265 385 Aetam
281 353 322 384 est
336 353 422 391 loco,
439 353 484 384 die
494 377 503 392 ,
521 355 555 384 &
569 363 644 384 anno
659 354 784 391 praefixis.

159 392 277 432 Signum
298 393 355 422 inei
378 392 537 422 Guillielmi
557 391 688 431 Passagini
704 416 714 432 ,
732 393 849 424 Notarii
867 396 972 432 publici
991 394 1174 434 Caesar—Aug.

121 431 154 461 &
166 431 330 469 juratorum
344 430 481 468 ejusdem,
498 431 546 467 qui
561 431 612 460 hiis
627 433 762 461 omnibus
778 433 909 471 interfui,
927 436 960 465 &
983 433 1019 464 de
1041 433 1174 464 mandato

118 469 324 506 praedistorum
346 467 566 498 procuratorum
588 470 703 506 praesens
723 470 946 502 Instrumentuni
968 483 1052 502 manu
1066 472 1176 511 propria

118 507 230 544 scripsi,
248 516 361 536 necnon
383 507 415 536 ὃς
438 506 474 536 de
490 507 623 536 mandato
644 508 849 547 praedietorum
865 510 1030 548 juratorum
1044 513 1077 542 &
1092 510 1175 540 Con-

121 546 179 575 cilii
191 544 278 583 sigillo
292 543 435 582 praedidtae
448 545 591 583 Civitatis,
611 553 641 575 ut
653 547 841 584 supradictum
855 549 912 588 est,
929 549 1005 579 idem
1018 549 1137 589 iigillavi.

299 668 448 711 Corfimile
469 671 713 702 Procuratorium
737 673 880 704 Civitatis
899 673 1001 718 Ofien.

0 757 58 785 mn.
71 750 323 812 D.NOverint
336 753 471 794 Uniyersi
486 754 565 791 quod
579 779 589 792 ,
606 764 770 786 convocato
789 757 823 787 ὃς
845 766 1016 797 congregato
1038 759 1176 789 Concilio

1 791 86 823 1288.
217 791 345 822 Civitatis
356 790 460 821 Oscen.
473 802 536 822 ante
548 792 700 824 Ecclefiam
718 794 960 839 Majorem'iplius
982 797 1127 835 Civitatis,
1145 809 1177 827 u-

0 836 31 860 ln'.
51 839 91 865 17·
122 832 151 861 bi
168 831 254 860 moris
269 829 310 859 est
325 829 492 860 Concilium
508 834 689 872 congregari,
709 834 736 863 in
750 833 894 871 praesentia
917 836 989 873 mei,
1009 835 1124 866 Notarii
1143 838 1177 867 &

3 892 9 898 .
28 879 87 944 uf
122 868 237 900 testium
250 867 503 907 infrascriptorum‚
522 871 709 910 venerabiles,

4 930 10 936 .
25 913 54 936 B.
84 929 90 934 -

0 946 44 982 48.
59 946 84 972 b.

0 995 48 1013 mes
55 988 108 1011 Co-

0 1032 73 1052 verar-

122 949 255 978 Dominus
276 944 423 987 Arnaldus
444 946 551 987 Daflor.
567 947 633 977 Cal—

162 985 242 1015 mend
249 995 286 1013 na
300 985 385 1022 Oscen

126 1027 259 1054 Dominus
267 1026 409 1052 Martinus
423 1024 455 1053 de
468 1023 566 1065 Boleycz
574 1024 633 1063 Ju-

156 1061 217 1102 stre.

672 951 802 977 Dominus
816 949 928 989 Garfiar
943 952 974 980 de
989 948 1117 989 Jacrha}

671 990 802 1016 Dominus
816 988 962 1026 Johannes
977 992 1007 1018 de
1023 989 1141 1028 Gallur,

671 1029 821 1055 Montaner
834 1026 985 1066 Dalqut'lar
993 1052 1003 1064 ,

670 1064 815 1102 Joloannes
829 1066 861 1094 de
873 1069 1012 1096 FerIcient.

127 1103 259 1131 Dominus
274 1099 419 1130 Arnaldus
438 1101 469 1130 de
489 1104 632 1141 Marzan,
673 1106 804 1132 Dominus
819 1104 850 1133 de
865 1108 927 1142 Sor,

126 1143 258 1169 Dominus
271 1139 404 1168 Salvator
418 1139 449 1168 de
464 1139 573 1178 Jaccha
582 1162 593 1178 ⁷
675 1145 817 1171 Martinus
832 1143 863 1171 de
879 1145 997 1181 Perera,

126 1181 258 1208 Dominus
298 1177 445 1207 Arnaldus
487 1178 571 1208 Guill.
604 1180 637 1208 de
675 1182 773 1209 Petrus
791 1183 907 1221 lilartyn
922 1182 953 1210 de
969 1179 1130 1221 Lestalera,
1142 1178 1181 1216 ὠ

161 1216 251 1248 Lach.
675 1218 823 1256 Stephanus
839 1220 870 1248 de
884 1219 978 1248 Palas.

163 1293 253 1332 Jurati
267 1317 277 1330 ‚
303 1300 454 1331 totumque
475 1292 641 1323 Concilium
663 1293 784 1330 ejusdem
807 1293 936 1324 Civitatis
957 1296 1128 1326 unanimiter
1149 1296 1183 1326 &

130 1331 314 1363 concorditer
328 1331 469 1369 fecerunt,
487 1330 695 1361 constituerunt
710 1333 742 1361 ὃς
757 1331 959 1363 ordinaverunt
983 1333 1185 1364 Procuratores

129 1372 206 1409 suos,
224 1371 270 1400 seu
283 1370 411 1400 Sindicos
422 1369 530 1407 special.
545 1370 716 1400 venerabiles
730 1369 894 1400 Dominum
903 1370 1110 1410 Reymundum
1119 1372 1185 1402 Ber-

126 1409 202 1439 naldi
221 1408 256 1438 de
278 1407 376 1438 Curbe
396 1409 522 1446 priorum
539 1407 739 1446 praedierorum
756 1408 936 1447 juratorum,
957 1410 990 1440 &
1011 1410 1184 1441 salvatorem

127 1447 227 1485 Ariol,
246 1445 390 1477 Concives
406 1447 483 1484 suos,
503 1447 535 1477 &
552 1446 706 1513 quemlibet
718 1447 842 1484 ipsorum
856 1448 885 1477 in
899 1447 1101 1486 solidum‚&c,
1105 1456 1186 1488 prout

130 1486 204 1526 insu
221 1488 321 1522 eriore,
340 1484 418 1525 usque
431 1485 486 1514 haec
501 1495 551 1514 ver
571 1496 589 1513 a
596 1507 606 1523 ,
624 1488 686 1514 viz.

169 1527 189 1545 ²³*
199 1494 232 1554 fn
246 1533 368 1561 quorum
383 1523 580 1553 testimonium
596 1523 1029 1562 praedi&iJurati&Concilium
1039 1551 1048 1564 ,
1057 1525 1187 1556 Civitatis

127 1562 250 1603 praefatae
286 1563 319 1593 ὅς
334 1562 449 1600 quilibet
469 1571 587 1600 eorum,
606 1562 813 1600 mandaverint,
831 1562 867 1593 de
888 1564 1033 1601 praemiffis
1053 1566 1187 1595 omnibus

127 1604 161 1672 {c
176 1585 305 1641 singuiis,
322 1611 372 1639 per
386 1611 451 1639 me,
468 1599 674 1639 infrascriptum
694 1600 870 1640 Notarium,
888 1602 948 1632 fieri
966 1602 1118 1634 Publicum
1139 1603 1188 1634 In-

157 1647 331 1672 rumentum.

166 1677 268 1710 Testes
286 1677 365 1716 sunt,
383 1677 416 1708 ad
430 1677 488 1708 hoc
501 1677 652 1716 specialiter
663 1679 751 1718 rogati
766 1679 799 1710 &
813 1681 983 1719 convocati,

0 1523 118 1557 *11.401.

167 1758 305 1793 Dompnus
318 1757 451 1784 Ennecius
465 1757 554 1793 Luppi
569 1755 601 1784 de
615 1753 701 1794 Jaffiz
716 1753 817 1794 Miles,
837 1755 875 1791 ὠ

164 1797 303 1833 Dompnus
318 1792 495 1823 Alamandus
510 1796 599 1833 Luppi
616 1794 648 1824 de
659 1793 744 1832 Jaffiz
761 1795 883 1834 Scutifer.

162 1869 273 1901 Adrum
288 1869 330 1900 est
343 1869 415 1908 apud
429 1869 594 1908 praedistarn
606 1869 761 1902 Civitatem
774 1870 879 1903 Oscen.
893 1880 919 1911 5.
930 1871 995 1903 Kal.
1004 1871 1193 1910 Decembris,

132 1919 210 1941 anno
226 1909 352 1939 Domini
368 1909 451 1939 1288.

168 1990 277 2025 Signum
291 1989 341 2015 mei
356 1988 433 2016 Petri
446 1990 583 2026 Ferrarii,
601 1988 663 2019 &c-
679 1995 710 2018 ut
724 1988 754 2017 in
769 1987 834 2018 aliis.

133 2116 383 2147 Procuratorium
400 2114 544 2145 Civitatis
560 2113 704 2159 Aquensis
719 2111 818 2145 adhuc
828 2112 921 2158 fitper
944 2116 1055 2159 negotio
1074 2116 1194 2147 Princi-

512 2160 515 2162 ’
534 2164 582 2207 pis
599 2161 796 2194 Salernitani.

0 2246 68 2278 Anu.
83 2245 125 2278 D.
221 2247 354 2278 Nomine
367 2246 492 2277 Domini
508 2246 614 2277 Amen.

11 2286 96 2316 1288.
189 2286 335 2317 Noverint
354 2285 507 2322 Universi,
526 2285 671 2322 ptaesentes
695 2286 794 2323 pariter
816 2286 851 2316 &
872 2284 971 2324 futuri,
991 2287 1069 2325 quod
1083 2288 1112 2317 in
1128 2296 1200 2326 prae-

0 2329 46 2353 An.
64 2334 106 2360 17.
138 2323 223 2355 sentia
237 2326 311 2362 mei,
329 2323 406 2355 Petri
420 2323 552 2362 Notarii,
571 2323 733 2355 &testium
754 2323 987 2363 subscriptorum,
1005 2326 1040 2356 ad
1061 2326 1119 2357 hoc
1139 2326 1200 2365 spe-

0 2368 23 2391 Ε.
45 2373 68 2392 ι.
137 2363 243 2394 cialiter
257 2371 428 2394 vocatorum
442 2363 476 2393 ὃς
489 2371 669 2401 rogatorum,

0 2407 22 2431 L.
37 2407 65 2430 Β.
74 2401 102 2439 f.
175 2401 289 2441 Major,
304 2401 394 2440 Jurati
410 2410 442 2431 ac
467 2399 669 2431 Communitas
689 2400 841 2431 hominum
857 2399 984 2432 Civitatis
999 2401 1152 2440 Aquensis,
1171 2402 1201 2432 in

0 2442 57 2476 176-
71 2441 96 2466 b·
139 2440 207 2470 loco
229 2450 312 2471 more
331 2439 412 2470 solito
425 2439 587 2478 congregati
624 2438 771 2477 fecerunt,
784 2437 992 2470 constituerunt
1005 2441 1039 2470 &
1053 2441 1203 2471 ordinave-

0 2482 119 2506 >enesCa-
143 2486 209 2509 runt
229 2479 397 2509 unanimiter
417 2478 450 2508 &
473 2463 656 2507 concorciiter
677 2476 878 2507 Procuratores
889 2477 967 2517 suos,
986 2478 1140 2516 Syndicos,
1157 2479 1204 2509 seu

0 2525 86 2544 mrar.
142 2517 251 2548 stiores
282 2517 401 2547 dileetos
417 2538 427 2554 ,
445 2514 663 2555 Conburgenses
680 2515 742 2545 suos
755 2539 764 2553 ,
784 2515 981 2547 Guillielmum
1002 2517 1041 2547 R.
1061 2517 1098 2547 de
1117 2517 1204 2547 Fran-

144 2555 238 2595 cisco,
252 2541 415 2593 johannem
437 2553 473 2583 de
494 2554 632 2592 Labasce,
651 2553 819 2584 Bernaldum
838 2554 874 2584 de
887 2554 1028 2594 Poilhon,
1048 2556 1205 2594 &Johan-

144 2604 213 2625 nem
228 2594 264 2624 de
277 2593 421 2632 Cabaneg.
433 2594 466 2623 &
482 2593 636 2631 quemlibet
649 2602 749 2623 eorum
763 2593 791 2622 in
805 2592 943 2632 solidum,

181 2631 229 2663 Ad
249 2630 474 2670 promittendum
496 2632 615 2661 nomine
633 2632 666 2662 &
687 2640 741 2668 pro
760 2639 842 2668 parte
856 2631 981 2668 ipsorum
1001 2633 1035 2663 &
1057 2632 1204 2671 cujussibet

144 2670 316 2702 eorumdem
329 2670 364 2701 de
377 2669 432 2708 ipsa
446 2668 587 2708 Civitate,
598 2676 679 2709 prout
692 2672 721 2699 in
728 2673 914 2708 procuratorio
935 2670 1126 2713 Burdogalenfi
1135 2695 1145 2710 2
1163 2682 1208 2701 us-

148 2720 200 2750 que
213 2709 271 2739 haec
284 2708 389 2746 verba,
408 2711 471 2737 viz.

184 2747 219 2777 In
233 2757 358 2786 quorum
371 2747 504 2777 omnium
518 2745 715 2777 testimonium
723 2747 829 2784 praefati
838 2746 1062 2786 Major,Jurati‚
1071 2750 1104 2780 ὃς
1113 2747 1208 2779 Com-

147 2787 285 2824 munitas,
303 2787 336 2817 δε
351 2785 466 2823 quilibet
480 2784 666 2823 eorumdem,
684 2785 903 2824 mandaverunt,
922 2786 957 2816 de
979 2787 1124 2826 praemiffis
1145 2798 1210 2818 orn-

147 2825 230 2855 nibus
244 2826 277 2856 &
291 2824 417 2863 singulis,
435 2833 485 2861 per
499 2833 563 2862 me,
581 2823 791 2862 infrascriptum
815 2823 969 2855 Notarium
986 2848 995 2864 ,
1012 2826 1129 2862 praesens
1149 2825 1210 2857 fieri

148 2863 299 2901 publicum
314 2862 550 2900 instrumentum3
568 2864 615 2893 cui
635 2862 769 2900 praedieta
787 2864 978 2894 communitas
992 2863 1111 2904 sigillum
1131 2865 1212 2895 suum

151 2902 219 2932 fecit
243 2902 363 2940 apponi,
382 2911 441 2938 quo
460 2901 572 2940 integro
592 2902 639 2931 vel
661 2911 721 2932 non
740 2902 869 2940 integro,
886 2902 1008 2940 appenso
1028 2903 1073 2933 vel
1088 2914 1148 2934 non
1163 2914 1212 2944 ap-

149 2940 254 2978 penso,
272 2940 423 2970 voluerunt
434 2938 561 2976 praediffi
573 2939 686 2978 Major,
701 2939 788 2977 Jurati
803 2942 836 2971 δε
850 2939 1053 2971 communitas
1063 2966 1073 2981 ,
1093 2943 1127 2973 &
1148 2944 1212 2980 qui-

150 2979 220 3008 libet
234 2977 420 3014 emumdem,
436 2977 569 3014 praediCta
581 2980 679 3009 omnia
691 2980 725 3010 &
739 2978 843 3019 lingula
858 2980 888 3009 in
902 2979 952 3010 suo
973 2980 1079 3012 robore
1102 2991 1214 3019 perma-

149 3026 228 3047 nere.

191 3091 301 3122 Aditum
311 3092 341 3122 in
354 3090 488 3123 claustro
504 3091 641 3131 Aquensis
653 3094 787 3125 Ecclefiae
797 3094 843 3125 die
850 3094 1007 3128 Dominica
1020 3104 1084 3129 ante
1094 3096 1212 3127 Festum

157 3130 232 3162 beati
245 3129 370 3161 Andreae
385 3130 534 3170 Apostoli,
552 3142 628 3162 anno
642 3132 767 3164 Domini
783 3134 868 3166 1288.

185 3207 371 3238 Praesentibus
390 3207 521 3247 testibus,
540 3207 673 3247 Magistro
692 3212 847 3242 Bertrana'o
861 3212 894 3242 de
905 3211 976 3251 Sofio
992 3212 1179 3253 Offic.Aquen
1190 3224 1216 3252 ι,

157 3246 258 3288 Garfia
271 3250 351 3276 Arn.
366 3247 397 3277 de
415 3249 532 3286 Linxa,
547 3250 581 3277 R.
593 3250 731 3278 Decretus.

192 3325 263 3352 Item
277 3333 318 3352 me
332 3322 438 3362 Petro,
456 3322 517 3359 &a

157 3448 207 3480 De
223 3449 370 3480 ExImino
391 3446 427 3480 de
446 3448 568 3489 Urrea,
593 3447 744 3492 recusante
765 3446 990 3494 Juramenmm
1011 3449 1145 3498 praestare
1160 3450 1217 3494 fit-

234 3507 289 3542 per
306 3499 417 3543 negotio
434 3493 635 3528 Liberationis
651 3496 753 3529 Caroli
768 3499 915 3544 Principis
930 3500 1128 3533 Salernitani.

0 3597 5 3615 .
11 3592 87 3626 ΑΜ,
97 3592 139 3624 1)Ι
237 3581 516 3625 Overint1Univers1
538 3581 617 3620 quod
635 3580 754 3612 Nobilis
771 3580 824 3614 Vir
841 3581 990 3616 Eximinus
1004 3584 1041 3615 de
1055 3583 1169 3622 Urrefi,
1188 3584 1217 3613 in

77 3633 112 3663 gg
254 3620 396 3658 praesentia
408 3621 483 3659 mei,
500 3619 614 3651 Notarii
622 3644 632 3658 ‚
646 3619 807 3651 &testium
821 3621 1147 3662 subscriptorum,verba
1155 3631 1219 3661 quae

0 3686 5 3698 ,1
13 3643 74 3701 A?
85 3681 94 3699 1
117 3656 127 3699 ⁶.
160 3661 324 3692 sententiam
338 3659 522 3704 continebant
534 3658 694 3703 hujusmodi
727 3660 870 3703 recitavit,
887 3662 1019 3692 videlicet

0 3712 44 3738 ιε,
66 3681 114 3738 ,,7
188 3698 312 3743 ,(ᾈΟά,
330 3707 399 3729 cuin
411 3697 521 3729 discreti
531 3696 592 3728 Vm
604 3682 737 3736 Maguin
747 3696 890 3735 Johannes
902 3699 946 3744 ’de
967 3687 1099 3731 Cad'amo
1121 3699 1220 3731 Cano.

0 3752 46 3777 vL.
60 3753 90 3776 B.
98 3747 126 3786 f,
165 3746 245 3768 meus
258 3737 407 3775 Eborum,
426 3737 460 3768 &
473 3735 620 3766 Robertus
635 3735 671 3766 de
686 3734 819 3780 Lusarch.
832 3736 954 3777 Clencr,
971 3739 1005 3770 ὃς
1021 3739 1222 3770 Procuratores

21 3787 84 3821 ¹5⁶·
103 3796 130 3814 a.
165 3774 338 3806 Serenisfirni
349 3774 487 3813 Principis
499 3774 625 3804 Domini
637 3773 786 3812 Edward1‚
804 3773 862 3819 Dei
879 3776 985 3819 gratia,
1003 3777 1113 3808 illustris
1134 3778 1222 3817 Regis

167 3811 350 3891 effi
363 3812 1152 3892 anem

0 3871 111 3891 wnerar.
273 3876 282 3890 a
622 3876 632 3889 ι
946 3876 952 3882 -
988 3875 994 3882 ·
1209 3871 1223 3879 -

168 3889 290 3920 cembris
304 3890 480 3928 personaliter
494 3888 667 3921 acceffiffent
675 3891 775 3928 ,parati
786 3890 822 3920 ab
835 3899 872 3920 eo
885 3892 1009 3929 recipere
1018 3893 1223 3932 juramentum,

167 3926 248 3964 quod
267 3927 370 3960 faceret
390 3929 509 3960 fideliter
551 3928 612 3959 osse
633 3928 732 3966 suum,
749 3938 800 3967 ae,
819 3938 958 3966 quantum
970 3930 1078 3970 poss'et,
1095 3931 1174 3963 daret
1187 3943 1223 3963 o«

188 3973 264 4009 eram
278 3965 442 4007 efficacem,
460 3978 519 4008 quo
553 3965 724 4006 Magnificus
736 3965 888 4010 Princeps,
906 3966 1052 4000 Dominus
1073 3969 1224 4009 Alfonsm,

166 4003 972 4078 egmufflAffiefflMnmm
968 4007 1224 4079 aaaron?

538 4069 548 4082 2
1086 4068 1098 4086 θ
1209 4061 1223 4071 '³

1213 241 1243 277 pi
1259 239 1555 288 Salernitanossz30oo.
1565 244 1754 288 Marcharum
1768 247 1984 287 argenti,poiita
1992 257 2043 289 per
2057 248 2145 286 ipsum
2154 247 2268 286 Regem
2285 249 2360 281 Arm.
2371 250 2413 281 D.

1216 278 1345 322 Angliae,
1363 291 1481 312 nomme
1503 283 1572 313 dieti
1593 283 1747 324 PrincipiS,
1767 288 1796 315 in
1818 287 1897 324 posse
1916 286 2039 325 ejusdem
2059 287 2145 326 Regis
2159 287 2269 327 Arago-
2312 289 2395 318 1288.

1213 326 1286 355 mae,
2282 329 2350 355 Edv.
2372 333 2396 355 rn

1251 355 1290 386 Et
1308 357 1414 395 septem
1436 358 1511 388 milia
1533 358 1697 390 Marcamm
1717 363 1847 400 argenti,
1875 372 1939 400 qure
1967 364 2035 400 poni
2055 364 2183 401 debent,
2216 373 2265 400 per

1212 394 1336 424 eundem
1354 396 1472 439 Regem=
1488 397 1597 439 Angliae
1610 420 1619 436 ‚
1644 400 1762 429 nomine
1780 401 1861 437 ipsius
1880 401 2017 439 Principis
2032 426 2041 440 ‚
2066 403 2135 432 infra
2156 409 2266 432 certum

1214 440 1342 471 tempus,
1356 444 1389 475 ⁴in
1402 435 1482 471 polle
1496 435 1617 472 ejuidem
1632 436 1721 474 Regis
1736 437 1901 477 Aragoniae,
1924 440 1943 469 ii
1955 440 2041 477 posita
2054 440 2173 478 fuerint3

1252 469 1285 514 In
1302 471 1435 515 Calibus,
1455 472 1602 512 videlicet,
1622 475 1651 503 in
1667 476 1766 512 quibus
1782 477 1938 513 hujusmodi
1953 480 2134 515 pecuniarum
2149 479 2268 508 summae

1212 508 1349 540 restitutio
1365 510 1423 541 fieri
1438 510 1568 549 debebit,
1588 522 1672 549 prout
1685 514 1713 542 in
1727 513 1920 553 Tractatibus,
1937 515 2016 553 super
2028 517 2190 547 liberatione
2197 526 2269 554 prae-

1214 547 1262 591 fati
1278 547 1413 587 Principis
1427 549 1542 588 habitis,
1561 551 1594 581 &
1606 550 1797 582 instrumentis
1810 552 1875 582 inde
1895 554 2050 592 confectis,
2068 556 2175 592 plenius
2194 564 2267 585 con-

1215 593 1326 616 tinetur.

1252 624 1290 654 Et
1305 624 1383 662 quod
1401 625 1476 655 idem
1491 625 1556 656 Rex
1571 626 1736 665 Aragoniae,
1755 627 1800 657 vel
1814 627 1852 657 sui
1868 627 2021 668 Haeredes,
2039 630 2270 662 seuSucceffores

1215 661 1360 693 restituent
1373 663 1458 694 libere
1471 665 1503 694 ὃ(
1517 666 1545 694 in
1560 675 1629 701 pace
1644 665 1765 695 Obiides
1778 676 1878 696 omnes
1899 668 1933 698 ὃς
1948 667 2084 707 singulos,
2102 670 2207 706 positos
2219 679 2269 706 per

1215 700 1383 738 praedictum
1399 702 1511 742 Regem
1532 704 1550 722 *²
1571 703 1680 742 Angli-ae
1694 704 1722 733 in
1736 704 1816 740 posse
1837 704 1906 734 dieti
1925 705 2013 745 Regis
2034 706 2200 746 Aragoniae,
2217 717 2270 744 pro
2288 705 2302 719 ¹*
2313 703 2418 738 1140*

1215 739 1440 779 Complemento
1459 741 1503 771 seu
1525 740 1667 771 securitate
1689 751 1829 772 certarum
1853 742 2091 774 Conventionum
2104 768 2113 783 ,
2131 755 2180 782 per
2201 756 2272 775 eun-

1214 777 1281 845 gem
1296 777 1457 816 Principem
1470 779 1562 809 eidem
1578 779 1653 818 Regi
1668 780 1817 819 Aragoniae
1829 781 1873 812 vel
1886 781 1937 812 suis
1944 782 2116 813 Haeredibus
2123 784 2273 821 complen-

1235 825 1329 845 arum:

1254 853 1384 884 Necnon
1398 857 1431 886 &
1447 855 1516 885 filios
1529 856 1597 886 diffl
1611 855 1763 894 Principis,
1781 857 1895 888 traditos
1917 860 1950 890 &
1971 858 2120 890 tradendos
2150 860 2184 890 &
2204 859 2272 889 Ob-

1216 891 1285 922 sides
1296 891 1473 931 Provinciae,
1492 895 1604 924 traditos
1620 895 1654 925 &
1669 895 1817 925 tradendos
1831 898 1858 925 in
1876 897 1955 934 poil'e
1978 897 2100 927 Domini
2122 884 2209 937 Regis
2230 899 2271 928 A-

1216 931 1354 970 ragoniae,
1373 931 1418 961 vel
1433 931 1591 962 Hzeredum
1605 932 1737 970 suorum,
1755 934 1897 970 restituent
1912 936 1945 966 ὃς
1961 936 2116 965 liberabunt
2132 936 2220 966 libere
2239 937 2273 966 &

1216 970 1246 1037 ig
1267 979 1350 1007 pace,
1369 970 1398 999 in
1419 969 1552 1008 Calibus,
1576 970 1704 1001 videlicet
1724 973 1754 1000 in
1773 973 1872 1010 quibus
1892 973 1997 1004 restitui
2015 976 2048 1005 ὃς
2063 975 2172 1004 liberari
2186 975 2273 1005 debe-

1241 1015 1305 1037 unt:

1255 1045 1293 1075 Et
1307 1045 1384 1083 quod
1397 1045 1473 1075 idem
1487 1045 1553 1076 Rex
1569 1046 1718 1086 Aragoniae
1753 1047 1798 1077 vel
1812 1047 1849 1077 sui
1864 1047 2019 1086 Haeredes,
2034 1050 2079 1080 seu
2094 1050 2275 1081 Successores

1217 1084 1408 1121 complebunt
1429 1084 1563 1122 fideliter,
1581 1086 1614 1115 ὃς
1636 1071 1779 1115 attend’ent
1796 1086 1959 1124 generaliter
1981 1089 2079 1117 omnia
2100 1090 2133 1119 ὅ(
2154 1089 2274 1128 singula,

1218 1133 1283 1160 quae
1295 1123 1475 1153 continentur
1489 1122 1586 1152 deberi
1598 1122 1656 1153 fieri
1671 1134 1720 1163 per
1733 1123 1824 1161 ipsum
1838 1124 1870 1154 ὃς
1886 1123 1947 1153 suos
1956 1146 1966 1162 ‚
1985 1125 2018 1154 ὃς
2033 1127 2062 1154 in
2077 1127 2218 1163 praedietis
2232 1129 2277 1157 in-

1221 1161 1383 1192 strumentis
1395 1162 1429 1192 ὃ(
1444 1161 1605 1191 traetatibus
1619 1162 1835 1199 comprehensa3

1256 1200 1346 1237 Super
1365 1210 1424 1237 quo
1445 1199 1561 1237 quidem
1579 1200 1757 1238 juramento,
1777 1199 1935 1238 praestando
1956 1210 2004 1237 per
2020 1201 2200 1238 saepedietam
2217 1203 2279 1232 Re-

1240 1248 1286 1267 em
1304 1237 1470 1277 Aragoniae,
1486 1237 1572 1268 fuerat
1587 1238 1729 1276 requisitus
1743 1238 1776 1268 ad
1792 1239 1850 1268 hoc
1871 1239 2110 1276 supranominatus
2131 1239 2278 1270 Dominus

1236 1276 1382 1306 ‘ximiuus:
1404 1277 1437 1307 &
1452 1277 1568 1314 praecise
1581 1276 1721 1314 respondit
1734 1277 1829 1314 quod,
1846 1276 1913 1307 licet
1926 1276 2063 1307 Dominis
2079 1278 2154 1317 Regi
2170 1278 2281 1317 Angliae

1221 1315 1255 1345 &
1271 1314 1396 1352 Principi
1409 1315 1570 1345 memoratis
1585 1315 1682 1352 placita
1694 1315 1802 1354 facere,
1822 1316 1855 1346 &
1869 1315 1986 1352 praefato
2000 1315 2123 1346 Domini
2140 1316 2214 1355 Regi
2237 1316 2281 1346 A-

1222 1355 1344 1393 ragoniae
1357 1362 1502 1391 tamquam
1516 1353 1649 1383 Domino
1662 1354 1793 1391 naturali,
1811 1355 1912 1384 servire
1923 1354 2072 1392 deliderat,
2090 1363 2202 1392 tamen,
2218 1357 2282 1393 quia

1222 1402 1282 1422 non
1298 1392 1422 1422 interfuit
1436 1392 1595 1422 traCtatibus
1612 1393 1645 1423 &
1659 1391 1911 1423 Conventionibus
1925 1393 2085 1430 antedictis,
2103 1403 2175 1431 nec,
2193 1402 2224 1424 ut
2238 1395 2282 1424 in-

1223 1429 1352 1468 tereffet,
1372 1439 1502 1468 vocatus,
1520 1440 1614 1468 neque
1632 1431 1794 1468 requiritum
1815 1431 1895 1461 suum
1917 1430 2076 1461 Coniilium
2095 1431 2182 1462 fuerat
2201 1432 2282 1470 super

1224 1469 1412 1507 illiS,aliisque
1425 1470 1507 1499 certis
1521 1468 1558 1498 de
1573 1469 1658 1499 caulis
1671 1468 1704 1498 ad
1719 1468 1877 1507 hujusmodi
1886 1469 2084 1507 Juramenturn
2093 1470 2283 1508 praestandutn

1225 1508 1252 1538 se
1267 1508 1355 1539 taliter
1369 1507 1525 1546 excusavit,
1544 1508 1577 1538 ὃς
1592 1507 1731 1544 praemissa
1740 1508 1832 1546 jurare
1850 1508 1958 1546 penitus
1979 1509 2130 1546 recusavit,
2149 1510 2284 1539 mandans

1226 1546 1314 1576 michi
1330 1545 1503 1584 infrascripto
1516 1544 1661 1584 Notario,
1679 1546 1713 1576 ad
1727 1546 1883 1576 instantiam
1897 1546 2039 1577 didiorum
2058 1546 2283 1578 Procuratorum

1224 1584 1442 1652 &pedidiorum
1463 1584 1550 1623 Regis
1572 1583 1684 1624 Angliae
1703 1586 1736 1616 &
1757 1584 1912 1623 Principis,
1928 1585 2007 1623 super
2022 1585 2079 1616 hoc
2095 1585 2212 1623 praesens
2227 1585 2286 1616 fieri

1226 1624 1266 1653 ini
1284 1631 1454 1653 rumentum.

1267 1661 1360 1700 Quod
1372 1662 1424 1692 fuit
1437 1661 1534 1691 ac'tum
1546 1660 1619 1698 apud
1633 1661 1824 1699 Carayneam,
1842 1672 1917 1692 anno
1940 1661 2065 1692 Domini
2089 1663 2172 1693 1288.
2193 1662 2288 1694 Indic-

1227 1701 1306 1731 tione
1321 1699 1458 1739 secundi,
1476 1700 1574 1731 ultima
1586 1699 1632 1729 die
1645 1709 1763 1731 exeunte
1777 1699 1879 1731 Mense
1891 1700 2069 1733 Novembri.

1267 1777 1454 1808 Praesentibus
1467 1776 1590 1808 discretis
1605 1776 1679 1807 Viris
1694 1776 1854 1815 Magistris,

1268 1856 1296 1884 E
1292 1855 1377 1894 yadeo
1393 1853 1516 1883 Alvarii
1530 1853 1683 1894 Confiliario
1692 1877 1701 1892 ‚

1268 1891 1401 1931 Gaufria'o
1416 1892 1505 1921 Rubeo
1518 1895 1621 1922 Aledico
1631 1893 1781 1931 supr-adisti
1798 1894 1873 1930 Regis
1881 1893 2052 1931 Arag07z1'ae,

1269 1934 1351 1960 Petro
1367 1934 1491 1961 Eximini
1504 1932 1536 1960 de
1550 1931 1668 1960 Asoneba
1677 1955 1686 1969 ‚
1705 1929 1743 1966 όν

1268 1972 1374 2007 Hugon.
1390 1971 1421 1999 de
1437 1968 1657 2008 Hommerosfhld.

1269 2046 1405 2078 Testibus
1421 2045 1455 2076 ad
1474 2045 1538 2077 haec
1551 2047 1656 2078 vocatis
1670 2045 1820 2084 specialiter
1835 2046 1868 2077 δε
1883 2045 1993 2085 rogatis.

1272 2125 1314 2153 Et
1327 2135 1370 2162 ego
1386 2126 1483 2153 Petrus
1497 2126 1603 2162 Samii,
1621 2124 1756 2152 Notarius
1763 2120 1898 2161 puplicus,
1916 2121 1975 2153 &c.
1992 2130 2022 2152 ut
2037 2122 2066 2151 in
2078 2121 2143 2151 aliis.

1506 2255 1754 2287 Procuratorium
1771 2252 1916 2283 Civitatis
1931 2251 2037 2283 Boion.

1270 2338 1303 2369 N
1317 2338 1453 2369 Nomine
1468 2337 1610 2375 Domini,
1628 2336 1735 2369 Amen.
2272 2374 2278 2379 .

1307 2377 1454 2407 Noverint
1474 2377 1610 2407 Universi
1625 2400 1634 2414 ,
1659 2375 1804 2413 praesentes
1825 2373 1925 2413 pariter
1946 2372 2091 2417 &futuri
2105 2397 2115 2411 ‚
2142 2372 2242 2411 quod,
2268 2383 2298 2404 m
2316 2383 2446 2417 Aru-¹¹1),

1237 2415 1381 2453 praesentiri
1401 2416 1475 2452 mei,
1493 2415 1569 2445 Petri
1591 2414 1725 2451 Notaui,
1742 2414 1776 2444 &
1795 2411 1909 2442 testium
1930 2411 2164 2455 subscriptorum,
2182 2411 2216 2441 ad
2236 2412 2295 2443 hoc
2343 2424 2428 2454 1288.

1238 2454 1388 2491 specialiter
1405 2461 1593 2492 vocatorum,
1611 2454 1645 2485 ὃς
1665 2460 1846 2494 rogatorum,
1865 2450 2016 2488 Submajor
2031 2474 2040 2488 ,
2055 2449 2143 2494 Jurati
2154 2474 2165 2489 ,
2179 2460 2213 2481 ac
2230 2450 2294 2495 Co·
2305 2466 2356 2491 Aa.
2388 2475 2430 2501 ,7³

1239 2493 1358 2522 munitas
1371 2493 1523 2522 hominum
1537 2491 1665 2522 Civitatis
1680 2491 1776 2521 Baion.
1791 2499 1820 2518 m
1837 2490 1904 2518 loco
1920 2498 2002 2518 more
2016 2488 2098 2519 solito
2113 2497 2293 2528 congregan,
2314 2506 2343 2528 E.
2365 2512 2388 2530 ι,

1240 2530 1385 2568 fecerunt,
1403 2530 1610 2561 constituerunt
1624 2531 1657 2561 &
1671 2529 1872 2560 ordinaverunt
1888 2528 2056 2558 unanimiter
2070 2527 2104 2557 &
2117 2527 2300 2558 concorditer
2312 2544 2342 2568 L,
2350 2545 2377 2568 B.
2385 2540 2415 2579 fi

1245 2568 1444 2599 Procuratores
1464 2569 1526 2599 suos
1542 2593 1551 2606 ,
1569 2567 1716 2605 Sindicos,
1733 2566 1778 2597 seu
1799 2566 1908 2596 actores
1943 2565 2061 2596 diletstos
2080 2564 2298 2606 Conburgenses
2322 2588 2383 2615 175-
2400 2581 2426 2608 b-

1242 2607 1320 2646 suos,
1339 2607 1494 2653 Augerium
1514 2607 1550 2637 de
1571 2606 1746 2643 Ganarrero,
1765 2604 1881 2635 Petrum
1902 2588 1939 2634 <se
1951 2603 2024 2634 Villa
2037 2603 2074 2634 de
2088 2614 2193 2649 ponte,
2211 2605 2304 2635 Arna-
2317 2620 2389 2646 Penes
2398 2620 2451 2648 Cn,

1243 2653 1306 2675 tum
1328 2645 1363 2676 de
1385 2646 1559 2676 balvanhaco
1578 2646 1612 2677 &
1635 2645 1730 2676 Wim.
1745 2643 1824 2674 Cler.
1841 2643 1879 2673 de
1893 2642 2018 2681 Martre,
2036 2644 2069 2674 &
2084 2643 2241 2682 quemlibet
2256 2654 2307 2675 eo-
2321 2666 2415 2687 memr-
2451 2651 2454 2654 ’

1245 2693 1308 2714 rum
1324 2685 1353 2714 in
1369 2684 1506 2723 solidum,

1284 2722 1331 2753 Ad
1350 2722 1575 2760 promittendum
1594 2723 1728 2760 nomine,
1747 2721 1780 2752 &
1803 2729 1855 2758 pro
1875 2727 1951 2757 parte
1974 2719 2146 2765 ipsorum&
2161 2720 2307 2760 cujussibet

1246 2761 1415 2792 eorumdem
1434 2761 1470 2791 de
1488 2761 1546 2799 ipsa
1567 2760 1708 2798 Civitate,
1727 2761 1760 2791 δε
1780 2760 1816 2789 ad
1831 2759 1981 2797 jurandum
2004 2760 2034 2789 in
2057 2768 2162 2790 animas
2175 2761 2309 2790 omnium

1250 2800 1452 2838 praedictorum
1466 2823 1476 2838 ,
1500 2801 1534 2831 &
1555 2799 1702 2838 cujussibet
1726 2808 1826 2828 eorum
1848 2796 2018 2827 Guillielmo
2038 2796 2148 2829 Culrati
2168 2798 2309 2838 Magistro

1248 2839 1392 2877 rationali,
1410 2839 1444 2870 δε
1461 2838 1631 2869 Guillielmo
1643 2837 1710 2868 Sole
1723 2836 1843 2867 Procur.
1859 2834 2009 2873 Magnifici
2027 2835 2182 2875 Principis,
2200 2835 2310 2867 Domi-

1248 2878 1278 2907 ni
1293 2877 1420 2916 Alfonsi,
1439 2876 1497 2907 Dei
1507 2876 1611 2916 gratia,
1629 2875 1738 2906 illustris
1751 2874 1838 2914 Regis
1853 2873 2022 2911 Aragoniae,
2040 2873 2192 2918 Majoricae
2205 2876 2239 2906 &
2252 2875 2312 2906 Va⁴

1249 2916 1359 2954 lentiae,
1376 2927 1409 2946 ac
1424 2914 1548 2945 Comitis
1561 2914 1762 2951 Barchinonae,
1781 2913 1977 2949 recipientibus
1990 2913 2024 2944 &
2041 2912 2235 2950 stipulantibus
2255 2923 2309 2952 pro

1250 2955 1385 2985 Domino
1405 2955 1487 2993 Rege
1510 2953 1648 2992 praedi&o
1669 2953 1702 2984 ὃς
1717 2952 1770 2983 suis
1783 2951 1970 2989 Haeredibus,
1988 2951 2025 2981 de
2039 2960 2163 2989 quorum
2175 2962 2311 2990 procura-

1250 2995 1330 3024 tione
1344 3003 1393 3031 per
1407 2993 1506 3023 litteras
1518 2992 1599 3030 ipsius
1614 2990 1738 3022 Domini
1752 2990 1841 3030 Regis
1853 2988 1981 3020 constitit
1995 2989 2156 3028 evidenter,
2177 2990 2255 3029 quod
2262 2991 2312 3029 ipsi

1250 3041 1350 3062 omnes
1374 3032 1407 3062 &
1429 3029 1527 3070 singuli
1546 3029 1663 3060 fideliter
1683 3029 1786 3060 facient
1806 3028 1885 3067 poffe
1899 3028 1997 3066 suurn,
2015 3030 2048 3060 δε
2060 3038 2178 3066 operam
2189 3029 2316 3068 dabunt,

1272 3079 1388 3100 uantum
1403 3077 1550 3108 poterunt,
1566 3067 1715 3099 efficacem
1728 3066 1807 3106 quod
1821 3066 1993 3106 Magnificus
2007 3066 2313 3106 Princeps‚Dorninus

1251 3081 1423 3146 {dwarduffi
1439 3108 1497 3138 Dei
1517 3106 1617 3147 gratia,
1637 3107 1745 3137 illustris
1768 3105 1834 3136 Rex
1855 3104 1982 3145 Angliae‚
2001 3104 2148 3136 Dominus
2160 3106 2311 3137 Hiberniae

1251 3148 1286 3178 &
1309 3146 1379 3179 Dux
1402 3147 1578 3185 Aquitaniae,
1596 3145 1642 3176 vel
1661 3145 1699 3176 sui
1721 3144 1857 3174 Haeredes
1876 3143 1964 3174 libere
1986 3144 2019 3175 &
2041 3146 2069 3174 in
2092 3154 2163 3182 pace
2182 3145 2309 3183 solvent,

1247 3193 1330 3224 prout
1344 3189 1373 3215 in
1382 3188 1566 3224 procuratorio
1582 3183 1736 3222 Burdegal‚
1754 3182 1833 3223 usque
1850 3182 1907 3212 haec
1920 3181 2025 3221 verba,
2042 3186 2104 3212 viz.

1292 3223 1326 3254 In
1342 3234 1465 3267 quorum
1479 3224 1612 3254 omnium
1633 3222 1830 3253 testimonium
1851 3220 1956 3258 praefati
1979 3222 2145 3260 Submajor‚
2158 3221 2263 3265 jurati,
2280 3221 2313 3252 ὃς

1254 3261 1441 3302 (Σοηωηίῐειε,
1459 3264 1492 3294 ὃς
1506 3261 1796 3301 ςυῦἰὺεῑῖεοωῐηάεω
1812 3260 2031 3298 mandaverunt,
2048 3259 2084 3290 de
2097 3259 2241 3297 praemiffis
2249 3269 2315 3290 otn-

1255 3303 1337 3332 nibus
1357 3301 1391 3333 δε
1412 3302 1449 3332 lin
1472 3302 1538 3339 ulis,
1556 3310 1606 3338 per
1626 3308 1674 3330 me
1693 3299 1815 3330 infrascri
1837 3306 1899 3330 tum
1919 3298 2077 3329 Notarium
2092 3322 2101 3333 ,
2121 3298 2237 3335 praesens
2256 3297 2315 3328 fieri

1254 3340 1403 3380 publicum
1423 3341 1463 3370 ini
1479 3347 1662 3375 rumentum,
1679 3339 1727 3369 cui
1745 3347 1802 3376 prae
1824 3338 1878 3369 ieta
1898 3336 2068 3368 Comunitas
2086 3336 2214 3375 Sigillum
2234 3335 2316 3367 suum

1257 3380 1325 3409 fecit
1339 3381 1459 3417 apponi,
1478 3388 1536 3417 quo
1552 3379 1662 3416 integro
1675 3377 1721 3407 vel
1732 3386 1792 3407 non
1807 3375 2062 3415 integro,appenib
2078 3375 2124 3418 vel
2137 3384 2197 3404 non
2211 3384 2316 3419 apperia-

1255 3418 1303 3455 so,
1319 3418 1471 3448 voluerunt
1490 3416 1615 3455 praedieti
1637 3415 1804 3453 Submajor,
1816 3415 1903 3453 Jurati
1917 3437 1927 3453 ,
1942 3415 1976 3445 &
1990 3412 2176 3450 Comumtasz
2195 3413 2228 3442 δε
2252 3423 2315 3451 quia

1260 3457 1328 3486 libet
1347 3457 1533 3494 eorumdem,
1551 3453 1685 3494 praedieta
1706 3455 1804 3502 omnia
1823 3454 1857 3485 ὅ(
1882 3453 1986 3492 singula
2008 3453 2037 3482 in
2059 3451 2108 3482 suo
2129 3451 2235 3482 robore
2253 3458 2317 3489 pera

1255 3504 1375 3525 manere.

1294 3572 1403 3603 Aelum
1418 3572 1446 3601 in
1461 3568 1593 3601 Claustro
1603 3566 1738 3599 Ecclefiae
1752 3569 1848 3600 Baion.
1862 3568 1908 3599 die
1926 3567 1999 3598 beati
2023 3564 2146 3610 Andreae
2166 3560 2317 3604 Apostoli,

1255 3621 1331 3641 anno
1348 3611 1471 3641 Domini
1489 3609 1571 3638 1288.
1587 3608 1766 3645 praesentibus
1778 3607 1892 3639 testibus
1907 3604 2067 3645 Magistris,
2085 3604 2172 3635 Petro
2184 3605 2220 3635 de
2246 3604 2316 3650 San?

1256 3647 1648 3720 ffissgogigssigisillffibytem’
1665 3646 1833 3677 Guillielmo
1846 3644 2068 3682 R.Destirono,
2087 3642 2215 3676 Geraldo
2222 3641 2321 3675 desua

1297 3768 1383 3803 Item,
1403 3775 1443 3795 me
1462 3764 1543 3793 Petro
1557 3762 1588 3793 de
1603 3760 1749 3800 Bafimhe,
1770 3757 1830 3797 &a
1847 3765 1879 3790 ut
1894 3762 1922 3790 in
1938 3757 2010 3791 aliis·

2263 4074 2331 4111 00³9
