2570 4261
108 214 184 245 Arm.
194 214 234 246 D.

135 263 217 294 1232.

104 296 168 320 Heu.
188 304 215 329 3.

80 1987 99 2004 ⁸
117 1988 213 2025 I.324.

52 3340 130 3372 Ann.
144 3341 184 3373 D.

82 3389 166 3418 1232.

52 3421 105 3446 An.
125 3421 167 3448 16.

51 3460 87 3483 H.
107 3465 133 3493 3·

49 3496 109 3522 Par.
121 3496 164 3524 16.

49 3535 180 3570 H.3.m.4.

46 3765 123 3797 Arm.
138 3766 178 3798 D.

74 3814 157 3844 1232.

43 3846 96 3871 Aa.
116 3846 159 3872 16.

43 3886 72 3909 H
99 3891 123 3917 3-

41 3923 101 3946 Pat.
115 3922 155 3948 16.

42 3961 172 3995 H.3.m.3.

257 150 332 178 112

292 220 357 251 Hiis
376 221 459 250 etiam
480 227 538 249 non
559 216 702 254 contenti,
723 226 821 246 manus
843 218 995 253 iniicientes
1015 220 1044 249 in
1059 218 1190 250 Clericos
1202 220 1315 251 violen-

255 268 294 289 tas
310 282 320 297 ,
339 268 397 289 tam
417 258 527 288 Italicos
540 279 550 294 ‚
568 264 653 297 quan]
681 255 766 284 etiam
780 278 789 293 ,
807 264 839 285 ut
858 255 983 287 asseritur
997 282 1007 296 ,
1031 257 1203 298 Anglicanos
1218 271 1228 296 ς
1247 259 1314 289 alios

253 297 434 328 obsederunt¹
454 296 537 330 aiios,
555 293 667 323 diverlis
686 292 840 323 afficientes
861 294 909 332 sup
929 295 1016 334 liciis,
1031 296 1065 325 ad
1087 296 1314 334 redemptionem

256 344 390 374 cogentes
405 358 414 371 ,
428 320 513 363 bonis
531 330 665 361 omnibus
685 330 835 369 spoliarunt
851 345 861 370 ·,
884 343 899 362 a
920 343 955 364 eo
976 334 1162 365 debachantes
1186 336 1215 364 in
1235 334 1314 365 clero

254 373 333 411 quod
343 396 351 411 ,
366 373 424 409 jam
439 370 514 408 quasi
528 368 655 399 Neronis
669 371 824 408 nequitiam
874 372 894 401 ti
908 373 1038 402 timeatur
1054 374 1082 402 in
1097 372 1198 412 Anglia
1212 371 1315 403 redivi-

254 422 338 448 vam,
356 410 500 446 adjutrices
522 418 636 446 quoque
658 417 756 439 manus
772 409 806 439 ad
837 409 926 440 celera
939 434 949 449 ,
967 411 1156 448 quorumdam
1180 410 1313 441 Praelato-

253 459 317 479 rum
330 448 363 478 ad
378 448 435 477 hoc
449 446 544 485 regalis
557 444 637 477 sensit
647 447 811 485 auctoritas,
829 456 877 485 ut,
897 448 946 478 sub
961 449 1062 478 favoris
1082 448 1187 486 specie,
1207 449 1312 479 facilius

253 488 411 523 traherent,
429 485 508 523 quod
523 484 641 522 odiunt,
658 485 693 515 ad
708 487 836 527 ruinamq
857 485 892 516 N
895 496 929 516 ec
943 495 1054 517 tantum
1068 487 1148 524 ipsius
1168 486 1234 517 fasti
1249 497 1312 517 exa-

253 525 380 555 cerbatio
400 524 488 554 animi
508 522 596 553 nostri
627 532 740 554 motum
768 533 936 563 exaggerat,
968 534 1106 562 quantum
1133 524 1228 555 dilatio
1249 526 1312 555 vin-

251 563 335 593 dietae
356 562 532 600 conturbat,
552 571 616 600 quae
635 563 789 599 praevenire
812 563 903 600 potius
918 587 928 600 ,
945 563 1032 601 quam
1053 563 1179 601 subsequi
1199 563 1312 593 debuis-

250 602 296 631 set.

289 639 371 677 Qiid
386 640 463 669 enim
478 639 513 668 ab
525 638 619 668 alienis
632 637 738 674 sperare
749 639 919 677 poterimus,
938 638 957 668 si
968 639 1003 668 ab
1018 638 1085 677 illis,
1103 639 1167 677 qui,
1186 641 1215 669 in
1228 642 1311 670 omni

250 687 352 717 genere
372 677 484 715 debiti,
502 675 591 706 nostri
612 676 669 706 effe
691 685 822 707 tenentur
837 701 848 715 ,
863 686 947 707 tantae
969 677 1136 707 crudelitatis
1158 677 1309 710 subticetur

249 716 421 755 immanitas,
439 716 473 746 δε
487 713 679 745 ecclesiasticae
695 715 826 745 libertatis
839 716 930 746 cultus
945 716 1148 746 conculcatur?

285 754 408 784 Utinam
429 762 523 784 autem
546 752 620 791 apud
640 763 709 790 nos,
726 763 779 790 pro
799 753 911 784 honore
934 762 1002 792 tuo,
1018 764 1072 784 nec
1086 765 1145 785 non
1161 756 1194 786 &
1207 755 1308 787 nostro

247 793 359 829 saltem,
378 792 463 830 qualis
478 791 562 829 qualis
575 791 757 827 excusationis
773 792 993 829 comparuissent
1008 793 1128 831 indicia,
1147 804 1210 831 quae
1221 795 1308 825 oblo-

247 832 395 868 quentium
407 841 458 861 ora
470 829 663 867 obstruerent,
682 831 715 860 &
730 839 902 869 utcumque,
920 832 988 861 tanti
1003 831 1109 862 sceleris
1124 832 1307 864 satisfactione

246 879 372 908 congrua
386 868 578 907 praecedente,
597 868 665 898 Deo
677 869 710 898 &
726 869 870 900 universali
882 870 1021 909 ecclesiae,
1039 881 1093 901 nec
1115 881 1175 901 non
1197 873 1230 903 ὃς
1253 883 1307 903 no-

244 908 290 938 bis
307 907 410 938 illatam
425 908 550 946 injuriam
567 907 716 945 palliarent.
1139 911 1144 918 '

284 945 399 984 Immo,
439 946 496 976 uod
511 947 618 985 gravius
632 954 806 984 reputamuS,
823 946 936 984 culpam
950 946 1024 977 forte
1036 947 1169 986 alienam,
1187 958 1221 979 ex
1236 949 1304 980 dila-

243 985 323 1015 tione
336 957 469 1015 vindicfiae
485 984 615 1015 refudisse
629 984 729 1015 videris
741 985 769 1014 iri
783 993 876 1024 tuam,
894 985 982 1024 dum,
1000 985 1161 1023 scrupulum
1180 989 1303 1018 occultae

244 1024 434 1053 conniventiae
449 1033 509 1053 non
523 1024 643 1062 evitans,
663 1033 715 1053 nec
731 1023 852 1053 obviasti
866 1033 944 1054 tanto
957 1025 1090 1063 facinori,
1108 1035 1162 1056 nec
1177 1026 1305 1064 perstitis-

243 1061 372 1092 factionis
393 1062 562 1092 celeritatem
577 1086 586 1100 ,
606 1063 634 1091 in
653 1062 702 1091 suo
724 1072 820 1092 errore
838 1063 913 1100 quasi
933 1063 1119 1095 confovendo
1141 1065 1302 1104 perversos,

242 1100 454 1137 praecedentem
469 1101 666 1140 negligentiam
679 1099 800 1138 expiasti.

282 1137 325 1168 Ex
341 1139 442 1177 quibus
455 1140 595 1179 contingit
609 1137 687 1177 quod
702 1140 745 1168 via
759 1146 866 1176 paratur
878 1140 1004 1178 aemulis,
1023 1140 1102 1172 locus
1115 1141 1142 1171 se
1156 1142 1243 1174 offert
1258 1144 1302 1173 in-

242 1176 330 1216 vidis,
348 1178 455 1208 inimici
470 1177 558 1217 Regis
577 1179 609 1208 &
626 1177 655 1207 R
712 1177 859 1208 iinsultant
873 1179 902 1208 iii
917 1180 999 1209 nobis
1012 1179 1079 1210 laeto
1091 1182 1206 1221 animo,
1225 1183 1300 1220 quasi

242 1214 332 1254 digito
345 1216 492 1247 scribentes
509 1218 536 1246 in
551 1224 638 1254 terra,
684 1225 736 1246 cce
752 1216 816 1246 Rex
836 1216 959 1255 Angliae!
983 1218 1066 1248 Filius
1086 1220 1185 1249 unicus
1208 1222 1301 1251 matris

241 1253 310 1283 suae!
331 1253 410 1285 Ecce
431 1254 525 1293 pupilli
545 1254 674 1285 devotio!
701 1253 780 1284 Ecce
794 1254 896 1286 vassalli
909 1255 1036 1286 fidelitas!
1054 1256 1133 1288 Ecce
1148 1261 1301 1290 reverentia

240 1290 340 1323 filialis!
365 1292 445 1324 Ecce
459 1292 664 1323 beneficiorum
677 1292 761 1323 cond'
783 1303 817 1323 na
832 1295 977 1324 retributio
999 1297 1214 1334 perceptorum!
1243 1297 1301 1328 Ec-

240 1339 275 1360 ce
291 1332 440 1369 quomodo
454 1332 564 1363 amabat
582 1330 719 1362 eundem!
782 1333 829 1371 iis,
848 1332 881 1362 &
904 1332 1053 1373 similibus,
1070 1334 1181 1365 auribus
1200 1335 1300 1367 nostris

242 1367 277 1398 sse
299 1371 338 1399 ius
352 1371 502 1401 inculcatis.

299 1407 371 1446 side,
389 1408 446 1447 fili,
461 1408 526 1439 vide
539 1409 572 1439 δε
585 1408 745 1447 considera,
764 1409 783 1439 si
801 1408 893 1439 dolori
908 1410 1008 1441 nostro
1021 1410 1106 1442 dolor
1127 1411 1169 1442 est
1189 1412 1298 1452 similis,

240 1444 327 1484 dum,
346 1446 447 1477 nostris
462 1447 568 1485 tuisque
585 1448 776 1485 temporibus,
794 1447 918 1478 Ecclesia
932 1448 1080 1489 Romana,
1099 1452 1127 1480 in
1142 1460 1212 1482 terra
1234 1460 1297 1491 tua,

238 1484 271 1514 ὅ(
285 1495 299 1514 a
313 1486 364 1515 tuis
377 1486 564 1515 miserabiliter
576 1486 716 1524 ancillata,
735 1497 788 1524 pro
803 1496 891 1526 grano
908 1487 1032 1527 paleam,
1051 1499 1103 1525 pro
1120 1500 1175 1519 uva
1195 1490 1297 1521 labrus-

236 1532 318 1560 cam,
338 1533 392 1561 pro
412 1524 472 1554 rosa
491 1524 591 1564 spinas,
612 1535 665 1562 pro
682 1525 737 1555 ficu
751 1525 883 1563 tribulos,
902 1536 954 1565 pro
968 1527 1131 1558 beneficiisi
1173 1529 1297 1560 ratitudi-

235 1570 321 1599 nem,
342 1572 395 1600 pro
408 1561 563 1593 devotione
576 1564 803 1602 irreverentiam,
817 1574 874 1632 pro
886 1565 1153 1603 ssibjeffioneinobe
1174 1568 1297 1608 ientiam,

237 1609 290 1636 pro
307 1600 388 1630 lucro
408 1601 582 1639 dampnum,
601 1611 653 1638 pro
672 1601 799 1632 libertate
827 1603 975 1642 ervitium,
993 1606 1026 1635 &
1042 1615 1095 1642 pro
1111 1605 1222 1636 honore
1242 1617 1296 1645 op-

235 1638 402 1678 probrium,
420 1640 469 1670 sub
490 1639 617 1679 quodam
637 1650 717 1671 novo
737 1640 812 1679 quasi
835 1643 956 1680 martyrii
974 1651 1093 1682 genere,
1112 1644 1186 1682 passa
1198 1655 1297 1683 repor—

235 1684 282 1708 tat.

276 1713 424 1749 Acceleret
445 1719 528 1758 igitur
549 1718 644 1758 regalis
664 1718 835 1749 excellentiae
848 1718 1040 1758 providentia,
1059 1720 1108 1758 ὃς,
1127 1722 1295 1759 praeteritam

235 1755 433 1823 ne‘gligentiam
446 1757 586 1788 redimens
601 1767 649 1795 per
662 1756 833 1796 diligentiam
855 1757 1083 1796 subsequentem,
1100 1760 1294 1792 malefactores

234 1793 305 1832 ipos
326 1793 360 1824 ad
379 1794 583 1825 restitutionem
607 1796 756 1834 plenariam
777 1795 813 1826 de
833 1796 997 1835 subtraffis,
1024 1798 1057 1828 ὃς
1077 1798 1292 1831 satisfactionem

234 1842 391 1901 congrufim
412 1833 448 1864 de
468 1833 599 1873 offensis,
618 1834 674 1864 linc
696 1844 787 1864 tnorae
801 1833 962 1874 dispendio,
981 1835 1078 1869 tradita
1090 1836 1140 1867 sibi
1156 1838 1293 1875 potestate

233 1880 302 1900 com
325 1882 340 1902 e
360 1882 394 1904 at.

268 1882 323 1949 Etlj
340 1911 374 1941 ad
395 1911 591 1942 vindicandam
610 1912 678 1941 tanti
699 1911 828 1942 facinoris
842 1911 1025 1942 idololatriam
1039 1914 1167 1945 animum
1181 1917 1290 1956 regium

230 1949 344 1979 viriliter
359 1949 392 1980 ὃς
427 1949 558 1980 rudeiiter
572 1959 719 1988 exercens,
737 1951 866 1980 creatoris
880 1951 1165 1989 injuriam,Eccleiiae
1178 1954 1290 1985 Roma-

228 1996 273 2015 me
297 1997 328 2018 ac
352 1999 391 2019 no
418 1998 477 2019 ram
500 1990 688 2026 ignominiam
703 2013 713 2026 ,
731 1997 812 2018 tuum
833 1989 866 2019 δε
887 1988 982 2029 Regni
1000 1991 1040 2021 tui
1059 2001 1098 2029 op
1120 1992 1248 2023 robrium
1268 1995 1287 2014 ¹¹⁸

228 2025 429 2063 sempiternum
443 2052 452 2065 ,
477 2027 548 2058 adeo
568 2027 694 2058 celeriter
716 2028 824 2065 expiare
845 2037 979 2065 procures
992 2052 1002 2067 ,
1046 2040 1064 2059 u
1121 2053 1131 2069 ,
1154 2033 1287 2070 exemplo

229 2063 346 2103 Moy1i‚
364 2065 419 2096 fide
433 2066 543 2103 grandis
557 2066 693 2104 effestus,
711 2066 875 2104 ponensque
888 2066 1012 2106 gladium
1042 2077 1107 2108 upra
1123 2068 1231 2108 femur,
1251 2073 1285 2103 ὃς

227 2111 328 2133 contra
340 2104 411 2142 ipsos
428 2104 571 2143 idolatras,
588 2115 603 2134 a
624 2113 703 2142 porta
725 2105 754 2134 in
774 2113 885 2142 portam
906 2104 1059 2136 discurrens
1081 2107 1178 2144 (lieno
1200 2109 1287 2142 Thau

227 2140 335 2184 signatis
356 2143 495 2181 exceptis)
516 2153 550 2173 ex
573 2144 688 2181 animo,
704 2151 850 2181 tamquam
872 2142 958 2182 filius,
977 2144 1063 2175 libere
1078 2132 1210 2178 offi³ciurn
1222 2148 1284 2180 Re-

224 2187 278 2247 giae
292 2182 521 2221 magnanimitatis
535 2191 676 2212 eserceas:
701 2181 754 2219 Et,
771 2181 805 2211 ad
820 2181 1001 2213 relevandum
1015 2183 1113 2221 Regni
1126 2186 1166 2215 tui
1177 2196 1285 2225 oppro⁴

246 2219 336 2257 rium,
355 2230 423 2251 cum
439 2219 534 2250 nostra
549 2221 582 2252 ὃς
595 2219 758 2258 apostolicae
771 2219 854 2258 sedis,
873 2222 1043 2260 reverentia,
1060 2232 1115 2260 pro
1127 2225 1237 2262 populo
1249 2226 1284 2257 ad

223 2255 390 2289 Dominum
406 2258 565 2289 intercedas.

260 2295 398 2336 Alioquin
410 2321 420 2335 ,
453 2307 717 2336 quantumcumque
742 2296 888 2335 personam
907 2306 985 2329 tuam
1003 2299 1114 2330 sinceris
1133 2301 1283 2335 affectibus

223 2332 387 2375 dilig-amin,
403 2337 436 2366 &
450 2336 483 2366 ad
498 2336 594 2376 Regni
606 2337 647 2366 tui
660 2336 855 2366 exaltationem
870 2338 903 2368 δε
917 2339 1032 2376 gratiam
1042 2363 1050 2377 ,
1068 2348 1204 2377 quantum
1211 2352 1280 2373 curn

221 2371 291 2403 Deo
312 2373 371 2406 fieri
391 2374 498 2413 potest,
516 2376 634 2413 paternis
656 2374 794 2404 desideriis
815 2375 993 2414 anhelemus,
1010 2387 1061 2414 ne,
1081 2377 1100 2408 si
1121 2387 1204 2410 tantae
1225 2382 1278 2411 ini-

221 2412 331 2449 quitatis
352 2414 484 2444 infronita
503 2414 642 2444 temeritas
664 2421 820 2443 remaneret
838 2413 950 2444 forsitan
970 2415 1105 2454 impunita
1119 2441 1128 2454 ,
1154 2419 1278 2451 tranliret

219 2450 337 2486 posteris
351 2453 380 2482 in
394 2452 574 2491 exemplum,
592 2451 626 2482 ad
641 2452 797 2482 vindiCtam
816 2452 1049 2492 malefactorum,
1068 2455 1179 2486 laudem
1202 2468 1273 2489 vero

221 2488 384 2529 bonorum,
400 2490 484 2528 illud,
502 2492 568 2522 licet
588 2491 667 2521 inviti
682 2515 692 2528 ,
711 2492 836 2530 cogitare
855 2500 992 2530 cogemur
1003 2517 1012 2530 ,
1033 2493 1112 2531 quod
1125 2518 1135 2532 ,
1153 2504 1188 2524 ex
1226 2507 1279 2527 rae-

220 2527 306 2557 missis
328 2529 448 2567 injuriis,
467 2530 500 2560 &
521 2529 604 2560 bullae
627 2528 732 2559 nostrae
752 2529 916 2567 praecisione
936 2531 951 2560 a
972 2531 1080 2571 litteris,
1101 2542 1136 2562 ex
1147 2543 1201 2571 qua
1212 2535 1277 2566 itate

218 2566 352 2597 vindict-x
369 2591 378 2606 ,
395 2569 530 2599 mittentis
553 2568 701 2598 auditoritas
718 2567 860 2598 obsuscata
879 2568 1019 2608 resurget,
1038 2570 1072 2601 ὃς
1084 2595 1093 2608 ,
1113 2572 1277 2612 ubicunque

216 2604 347 2641 injuriose
368 2606 457 2637 delata
477 2606 560 2637 fuerit
579 2607 774 2644 injuriatorum
788 2607 936 2645 acerbitas,
955 2608 1075 2645 gloriose
1089 2610 1156 2647 quid
1171 2611 1274 2643 referre

216 2644 305 2673 valeat
319 2653 435 2675 ventura
450 2645 593 2682 posteritas
606 2644 640 2674 ad
650 2645 793 2675 honorem
800 2644 936 2676 Ecclesiae
942 2645 1273 2690 Romanae&nostrum,

214 2681 349 2712 vindictae
365 2683 477 2720 qualitas
492 2683 634 2714 indicabit.

251 2719 322 2750 Nec
342 2722 523 2759 inquisitionis
544 2722 657 2759 litterae,
675 2722 752 2759 super
775 2723 958 2753 matrimonio
977 2721 1095 2753 Nobilis
1118 2726 1170 2755 viri

208 2758 351 2795 justitiarii
371 2762 426 2798 tui,
444 2760 477 2791 ad
498 2760 740 2791 denuntiationem
760 2762 863 2791 totiens
885 2761 967 2790 nobis
985 2761 1089 2792 fastam
1105 2787 1115 2800 ,
1131 2774 1215 2802 quam
1235 2765 1272 2796 de

208 2797 271 2835 jure
287 2798 397 2828 ulterius
409 2799 545 2830 obaudire
559 2809 617 2829 non
632 2799 726 2836 licuit,
744 2799 865 2838 regalem
878 2799 1064 2830 constantiam
1086 2811 1206 2833 movere
1221 2804 1270 2834 ali-

213 2837 340 2872 quatinus
352 2837 527 2876 debuissent,
542 2847 610 2869 cum
626 2837 734 2875 ipsum,
752 2847 839 2875 quem
855 2838 960 2868 iincera'i
973 2838 1113 2879 diligimus
1127 2841 1154 2870 in
1164 2841 1271 2872 Domi-

213 2882 253 2902 no
267 2875 377 2904 caritate
412 2884 510 2913 utpote
523 2877 601 2915 cujus
616 2875 703 2906 fidem
716 2876 750 2907 δε
763 2875 965 2914 devotionern,
983 2879 1092 2908 nunciis
1105 2878 1221 2918 nostris,
1237 2882 1271 2912 ὃς

210 2910 360 2948 specialiter
371 2898 477 2944 d'ilet‘to
492 2914 567 2953 filio,
582 2914 726 2952 Stephano
740 2913 895 2952 Capellano
908 2915 1022 2954 nostro,
1036 2917 1233 2956 referentibus,
1242 2921 1269 2950 in

210 2949 305 2980 multis
325 2953 428 2988 experti
448 2952 557 2991 sumus,
577 2954 688 2992 ejusque
707 2954 835 2992 negotia,
854 2963 990 2991 quantum
1010 2965 1080 2987 cum
1095 2955 1164 2987 Deo
1181 2957 1268 2995 poffi-

211 2996 290 3026 mus,
307 2987 501 3030 disponamus,
518 2992 573 3021 sine
582 2993 649 3030 juris
663 2993 777 3031 injuria,
796 3002 977 3030 promovere.

246 3063 314 3096 Dat.
334 3065 460 3104 Spolent.
481 3076 497 3105 7
517 3067 557 3097 Id.
573 3067 667 3107 Junii,
685 3067 870 3100 Pontificattis
887 3068 977 3100 nostri
994 3080 1069 3101 anno
1087 3070 1171 3102 sexto.

901 3145 954 3176 Sub
964 3146 1018 3189 filo
1037 3147 1160 3178 canabeo.

473 3271 519 3302 De
536 3269 686 3302 condutta
705 3272 800 3302 Ducis
817 3274 994 3319 Noru'egiae.

204 3353 238 3408 S
273 3352 342 3399 Dm}
360 3354 545 3399 Norwegiae,
563 3356 597 3386 δε
617 3355 671 3394 sui,
690 3365 761 3399 quos
778 3355 872 3400 secum
892 3356 1001 3401 duxerit
1013 3357 1205 3403 iss.A¹3gfi2¹l¹.³
1223 3359 1258 3389 ad

244 3400 251 3407 ·
278 3392 372 3422 limina
385 3394 459 3423 beati
472 3394 601 3424 Thomae
617 3393 757 3432 Marrrrrs,
774 3394 843 3424 caus
843 3404 858 3424 a
881 3394 1129 3434 peregrinationis,
1148 3399 1260 3428 visitan—

203 3428 255 3467 da,
272 3429 367 3461 habuit
380 3432 480 3462 litteras
492 3432 529 3462 de
549 3431 714 3471 condudtu,
728 3432 868 3463 duraturas
888 3433 972 3471 usque
991 3434 1025 3464 ad
1047 3434 1167 3474 Pascha,
1182 3445 1258 3467 anno

204 3469 287 3504 Regni
297 3468 376 3508 nostri
395 3478 439 3505 17.

238 3541 327 3573 Teste
340 3543 423 3584 Rege
435 3545 506 3583 apud
520 3546 590 3586 Ely,
609 3547 745 3578 vicesimo
757 3549 858 3586 quinto
870 3547 916 3578 die
926 3547 1014 3587 Junii.

434 3669 481 3699 De
499 3668 651 3701 conductu
674 3671 768 3702 Ducis
783 3669 820 3702 de
837 3668 1004 3719 Lemburg.

197 3748 393 3817 ngnricus
406 3747 475 3792 Dur<
489 3750 641 3797 Lemburg3
656 3753 740 3783 habet
753 3754 853 3798 litteras
867 3754 902 3785 de
912 3754 1058 3800 conductu
1080 3756 1110 3785 in
1129 3756 1247 3800 venieri-

307 3798 326 3817 ο
340 3797 368 3816 in
383 3786 530 3826 Angliam,
548 3790 580 3819 ad
594 3791 759 3822 visitandum
773 3792 867 3822 limina
879 3793 954 3824 beati
966 3794 1096 3825 Thomne
1109 3793 1245 3832 Martius,

192 3825 331 3857 duraturas
344 3825 428 3864 usque
441 3825 475 3856 ad
487 3826 591 3858 festum
605 3831 735 3860 omnium
748 3830 925 3862 Sanitorum.

702 129 1504 185 CONVENTIONES,

1561 132 1958 181 LITERAE,

2444 250 2521 284 Ann.
2533 255 2570 286 D.

2466 301 2548 332 1232.

1604 308 1652 339 De
1669 307 1810 341 Rotunda
1827 305 1947 341 Tabula
1963 306 2161 353 prohibenda.
2441 333 2505 359 Hm·
2525 343 2550 369 3,

1352 388 1480 446 REX
1505 391 1640 421 omnibus
1654 390 1781 422 fidelibus
1796 392 1865 432 suis,
1884 393 1933 431 qui
1945 395 2115 424 conventuri
2128 393 2189 425 sunt
2207 393 2242 424 ad
2261 392 2412 425 rotundam
2437 406 2488 433 An.
2506 408 2548 435 ,6,

1426 428 1571 467 tabulam,
1586 430 1708 459 salutem.
2435 445 2469 469 H.
2493 453 2519 480 3,

1389 464 1470 495 Cum
1491 467 1574 497 simus
1596 469 1625 497 in
1648 468 1745 498 itinere
1765 469 1857 499 versus
1878 479 1966 506 partes
1988 469 2082 508 Salop.
2102 470 2280 508 colloquium
2293 471 2414 501 habituri
2433 483 2546 511 pam&

1351 511 1420 533 cuni
1436 504 1585 536 Lewelino
1599 505 1732 544 Principe
1743 505 1779 536 de
1793 508 1937 538 Abbefrau
1954 508 1986 538 &
2002 508 2136 539 Domino
2149 508 2185 538 de
2199 508 2412 548 Snaudon,v0-
2435 523 2564 559 H.3.m.3.

1351 540 1393 571 bis
1413 543 1593 581 mandamus,
1611 543 1729 575 firmiter
1748 546 1924 585 injungentes
1940 547 1968 576 in
1985 546 2040 577 fide
2054 572 2063 585 ,
2083 557 2137 585 qua
2156 547 2238 577 nobis
2257 549 2412 586 tenemini,

1351 580 1447 618 quod,
1466 582 1635 619 tempestive
1649 594 1702 613 nos
1716 583 1876 622 sequenteS,
1895 585 2066 624 nullatenus,
2085 586 2119 615 ad
2134 585 2299 623 praedieram
2310 585 2411 617 Tabu-

1348 617 1414 686 lans}
1419 622 1621 651 convenientes
1630 645 1640 658 ,
1654 630 1782 652 turneare
1795 622 1963 662 praesumatis
1977 633 2075 655 contra
2095 624 2168 654 hanc
2188 623 2412 661 prohibitionem

1348 666 1388 686 no
1417 667 1484 687 ram.

1386 696 1489 726 Scituri
1510 706 1564 734 pro
1584 705 1664 727 certo
1685 698 1780 738 quod,
1796 699 1815 729 si
1835 699 1971 738 feceritis,
1990 702 2027 731 ita
2068 702 2168 732 raviter
2190 699 2226 730 ad
2238 709 2359 738 corpora
2373 701 2408 732 &

1347 735 1442 764 catalla
1455 734 1546 765 vestra
1559 745 1612 765 nos
1626 737 1786 776 capiemus,
1807 738 1885 776 quod
1899 749 1951 770 vos
1966 740 1999 771 ὃς
2014 749 2050 771 ve
2076 741 2099 770 ri
2111 749 2163 771 vos
2177 739 2295 770 sentietis
2307 738 2410 770 indein

1347 772 1493 810 posterum
1506 782 1641 814 gravatos.

1383 811 1420 842 Et
1435 822 1567 849 praeterea
1581 822 1641 842 non
1655 813 1849 850 permittemus
1865 815 1944 854 quod
1958 814 1994 846 de
2011 823 2118 847 caetero
2132 817 2267 848 torneetis
2287 816 2318 846 in
2338 823 2409 846 terra

1345 849 1449 880 nostra.

1381 926 1472 958 Teste
1487 928 1569 967 Rege
1583 928 1656 966 apud
1671 927 1797 959 W'estm.
1811 940 1850 960 20
1863 929 1909 961 die
1920 930 1996 970 Julii.

1649 1049 1676 1077 ᾗ
1703 1055 1752 1087 De
1770 1052 1923 1087 Condnffu
1942 1056 2095 1089 Lewelini.
2429 1063 2477 1091 *I-
2493 1074 2557 1102 3²5·

1341 1138 1470 1195 REX
1495 1139 1610 1178 suscepit
1634 1141 1662 1170 in
1684 1138 1790 1170 salvum
1813 1139 1846 1170 &
1867 1138 1995 1170 securum
2009 1139 2187 1172 conductum
2201 1142 2282 1173 suum
2298 1142 2402 1174 Lewe-
2424 1138 2502 1171 Ann.
2514 1139 2556 1171 D.

1416 1178 1507 1209 linum
1522 1179 1684 1216 Principem
1705 1177 1742 1208 de
1763 1177 1931 1216 Aberfraw,
1948 1178 2113 1209 Dominum
2131 1179 2288 1218 Snoudon,
2305 1183 2334 1210 in
2353 1191 2402 1211 ve-
2454 1187 2537 1218 1232.

1340 1215 1447 1247 niendo
1461 1217 1496 1248 ad
1510 1227 1577 1248 eum
1593 1218 1628 1247 us
1645 1227 1678 1247 ue
1693 1216 1893 1254 Salopsbiriam
1907 1216 1942 1247 ad
1958 1217 2136 1256 colloquium
2151 1219 2259 1249 ibidem
2274 1229 2343 1250 cum
2365 1230 2402 1250 eo
2425 1220 2476 1244 An.
2495 1220 2537 1245 ¹6·

1339 1253 1522 1294 habendum,
1541 1256 1587 1286 vel
1600 1257 1634 1286 ali
1657 1257 1664 1285 i
1680 1256 1728 1285 ubi
1743 1255 1922 1293 colloquium
1936 1256 2019 1285 fuerit
2034 1257 2105 1286 inter
2117 1256 2224 1296 ipsum,
2241 1258 2286 1288 vel
2310 1259 2403 1289 consi-
2425 1259 2460 1282 Η·
2482 1266 2507 1293 3·

1339 1291 1408 1323 lium
1423 1294 1521 1333 suum,
1538 1295 1571 1326 δε
1588 1294 1755 1332 praedictum
1771 1293 1965 1332 Lewelinum,
1985 1295 2018 1326 &
2032 1294 2113 1333 suos3
2130 1296 2163 1326 &
2184 1305 2286 1326 omnes
2306 1297 2403 1328 homi·
2423 1297 2481 1322 ΡΜ·
2495 1295 2537 1321 16·

1340 1341 1388 1360 nes
1404 1332 1482 1371 suOS,
1501 1343 1573 1372 quos
1587 1333 1654 1364 illuc
1668 1333 1764 1363 secum
1779 1332 1902 1363 duxerit:
2425 1337 2556 1370 H.3.m.3.

1377 1369 1415 1401 Et
1438 1373 1522 1402 etiam
1543 1381 1645 1402 omnes
1669 1372 1798 1401 homines
1820 1370 1855 1401 de
1870 1380 1941 1401 terra
1956 1370 2019 1410 sui,
2036 1373 2084 1410 qui
2100 1371 2187 1410 usque
2201 1371 2403 1410 Salopsbiriam

1339 1410 1467 1440 venerint
1488 1411 1548 1440 ram
1567 1410 1602 1440 ad
1622 1408 1824 1449 negotiandum
1845 1410 1968 1448 ibidem,
1986 1410 2073 1448 quam
2093 1420 2147 1449 pro
2169 1411 2317 1450 colloquio
2331 1414 2405 1444 inter

1339 1447 1429 1484 ipsum
1446 1449 1479 1479 &
1496 1449 1610 1488 Regem
1624 1449 1732 1479 ibidem
1746 1448 1895 1487 habendo,
1913 1449 1958 1478 vel
1973 1449 2055 1487 alibi,

1375 1485 1413 1555 {g
1427 1486 1534 1517 ibidem
1550 1487 1706 1524 morando,
1723 1487 1756 1518 &
1771 1486 1838 1517 inde
1850 1486 2010 1517 recedendo
2023 1488 2200 1526 ubicumque
2215 1488 2395 1527 colloquium

1357 1534 1379 1554 r.
1416 1525 1506 1556 icium
1521 1526 1612 1556 fuerit.

1336 1534 1355 1561 p
1373 1562 1412 1594 Et
1434 1565 1598 1595 mandatum
1619 1563 1660 1594 est
1679 1564 1813 1594 omnibus
1834 1562 1944 1594 Ballivis
1965 1563 1999 1595 &
2021 1561 2165 1602 fidelibus,
2182 1565 2243 1596 &c.
2266 1566 2345 1603 quod
2359 1569 2399 1597 ei-

1336 1600 1404 1631 dem
1421 1602 1587 1641 Lervelino,
1605 1602 1651 1633 vel
1664 1603 1826 1632 hominibus
1842 1602 1911 1641 suis,
1929 1601 2016 1640 usque
2031 1601 2249 1642 Salopsbiriam,
2264 1604 2310 1633 vel
2331 1606 2398 1636 alibi

1336 1643 1459 1671 venturis
1473 1641 1507 1672 ad
1523 1641 1701 1679 colloquium
1716 1640 1902 1679 praedictum,
1922 1640 1968 1671 vel
1981 1641 2065 1671 etiam
2077 1641 2243 1672 hominibus
2257 1642 2309 1672 suis
2329 1654 2400 1674 ven-

1336 1680 1403 1709 turis
1419 1679 1505 1718 usque
1519 1680 1717 1718 Salopsbiriam
1731 1679 1764 1709 ad
1780 1678 1942 1716 negotiand.
1957 1680 2014 1717 ibi,
2032 1678 2079 1710 vel
2092 1679 2171 1718 alibi,
2189 1680 2259 1710 sicut
2280 1682 2400 1718 praedic-

1335 1725 1397 1747 tum
1418 1717 1460 1748 est
1473 1743 1483 1757 ,
1517 1719 1626 1749 nullum
1647 1718 1749 1749 faciant
1763 1743 1772 1756 ,
1806 1718 1853 1749 vel
1874 1717 1933 1748 fieri
1955 1718 2117 1756 permittant
2134 1719 2373 1757 impedimentum
2388 1746 2399 1760 ,

1333 1754 1507 1796 dampnum,
1525 1766 1571 1788 aut
1584 1766 1757 1797 gravamcm.

1371 1831 1404 1863 In
1427 1835 1522 1873 cuiuS,
1541 1835 1601 1866 &c.
1620 1834 1761 1865 duraturas
1779 1834 1868 1872 usque
1887 1834 1965 1865 diem
1987 1834 2079 1865 Lunae
2093 1859 2103 1872 ‚
2123 1834 2154 1865 in
2174 1833 2276 1874 Vigilia
2297 1834 2393 1867 Sancti

1333 1870 1495 1912 Laurentii,
1513 1883 1589 1905 anno
1608 1875 1654 1904 16.

1328 2005 1448 2037 Littera
1471 2009 1559 2054 Regis
1582 2010 1785 2053 Imperatori,
1811 2005 1848 2040 de
1871 2005 2051 2053 expeditione
2069 2006 2130 2050 sita
2153 2005 2299 2050 advcrfias
2332 2010 2389 2040 Re·

1368 2064 1440 2100 gem
1465 2057 1597 2089 Franciae
1620 2060 1721 2089 minus
1736 2056 1898 2103 prospera:
1945 2057 1989 2088 Et
2014 2054 2052 2087 de
2074 2054 2203 2100 perfidia
2227 2056 2387 2090 pietaven-

1361 2101 1456 2145 stum.

1323 2186 1388 2248 D
1398 2187 1521 2257 Pmi'nps
1525 2188 1691 2228 Imperatori
1704 2189 1771 2220 Rex
1785 2189 1899 2221 salutem
1908 2213 1918 2225 ‚
1933 2188 1967 2220 &
1982 2188 2130 2228 prosperos
2144 2187 2254 2227 semper
2268 2189 2302 2221 ad
2319 2199 2385 2222 vom
2405 2181 2487 2263 Αἲξ-3
2495 2185 2536 2218 D.

1418 2237 1489 2258 ucce
1515 2239 1554 2259 us.
2451 2246 2470 2253 -
2491 2235 2518 2262 22

1359 2263 1514 2303 Cupientes
1535 2266 1708 2298 serenitatem
1727 2266 1848 2298 vestram
1866 2266 1946 2304 super
1967 2265 2034 2304 hiis,
2053 2276 2119 2304 quae
2131 2276 2216 2307 penes
2229 2276 2281 2298 nos
2294 2277 2382 2308 agun-
2401 2264 2454 2290 Aa.
2475 2266 2518 2292 ¹6·

1323 2310 1386 2342 tur,
1405 2305 1438 2335 ἃ
1453 2304 1489 2335 de
1501 2306 1631 2343 processu
1653 2315 1808 2336 eventuum
1831 2305 1994 2336 nostrorum
2016 2304 2092 2335 effici
2113 2306 2281 2344 certiorem,
2299 2308 2382 2338 vobis
2402 2304 2435 2327 H.
2457 2310 2482 2338 3·

1318 2342 1479 2374 intimamus
1495 2345 1591 2383 quod,
1607 2355 1677 2376 cum
1690 2343 1791 2375 fiducia
1808 2343 1980 2382 quarundam
1992 2344 2159 2381 pactionum
2173 2345 2207 2375 ὃς
2227 2345 2379 2376 confoede-
2399 2341 2454 2366 ²³⁰?-

1319 2382 1476 2419 rationum,
1495 2384 1626 2413 initarum
1647 2384 1720 2413 inter
1741 2393 1810 2420 nos,
1829 2383 1863 2413 ὃς
1887 2381 2048 2421 Hugonem
2070 2381 2222 2412 Comitem
2237 2382 2379 2415 Marchi'ae
2397 2380 2532 2407 Franc.i6.

1318 2419 1352 2450 &
1368 2418 1538 2460 Engolismi,
1557 2423 1590 2453 ὃ(
1606 2421 1748 2452 isabellam
1765 2421 1909 2458 Reginam
1926 2420 2053 2460 Angliae,
2070 2429 2192 2451 uxorem
2204 2421 2298 2460 suam,
2317 2433 2378 2453 ma·
2399 2419 2532 2452 H·3·m·4-

1318 2464 1390 2488 trem
1409 2459 1552 2498 nostram,
1569 2460 1606 2491 de
1629 2470 1730 2491 eorum
1752 2459 1884 2491 mandato
1898 2459 1932 2490 &
1945 2458 2082 2498 consilio,
2099 2460 2133 2490 ὅ(
2144 2460 2334 2498 quorumdam
2350 2472 2379 2492 a·
2399 2455 2462 2491 d⁰7s·
2480 2472 2487 2476 ”

1317 2495 1421 2527 liorum
1435 2497 1592 2529 Nobilium
1606 2499 1642 2529 de
1656 2498 1780 2529 Pic‘tavia
1789 2521 1798 2537 ,
1816 2508 1887 2537 quos
1901 2499 1931 2528 in
1942 2497 2074 2529 fidelitate
2086 2497 2182 2529 nostra
2198 2498 2306 2530 stabiles
2320 2500 2379 2531 effe

1316 2534 1500 2566 credebamus
1514 2561 1524 2575 ‚
1558 2547 1627 2568 cum
1650 2538 1743 2576 paucis
1763 2537 1799 2568 de
1818 2545 1902 2577 gente
1921 2535 2016 2567 nostra
2038 2535 2211 2568 venissemus
2230 2538 2261 2568 in
2282 2537 2378 2570 Pieta-

1316 2583 1400 2604 vram.

1352 2612 1407 2650 Et,
1422 2623 1634 2646 commorantes
1652 2615 1824 2653 aliquamdiu
1841 2613 1914 2652 apud
1936 2613 2078 2652 Pontem,
2096 2613 2246 2645 trafiatum
2261 2615 2378 2647 habere-

1315 2659 1378 2680 mus
1394 2661 1461 2681 cum
1477 2653 1614 2692 praedicto
1628 2652 1909 2689 Comitharchiae,
1924 2653 1959 2682 &
1973 2652 2029 2682 aliis
2042 2652 2126 2682 nobis
2140 2661 2210 2684 tunc
2232 2653 2378 2686 assistenti-

1314 2688 1382 2728 bus,
1401 2691 1517 2727 qualiter
1533 2700 1631 2721 contra
1647 2692 1760 2731 Regem
1776 2691 1800 2720 F
1801 2691 1918 2727 ranciae,
1937 2691 1985 2728 qui
1999 2700 2100 2721 contra
2121 2691 2284 2731 Treugam,
2302 2695 2376 2724 inter

1313 2736 1365 2756 nos
1385 2728 1499 2767 initam,
1518 2730 1736 2767 interceptiones
1756 2739 1816 2759 non
1836 2727 1963 2758 modicas
1975 2752 1985 2765 ,
2001 2728 2061 2758 tarn
2083 2729 2184 2767 nobis,
2203 2732 2289 2767 quam
2310 2734 2374 2770 qui-

1313 2765 1429 2796 busdam
1451 2767 1582 2805 Imprisiis
1604 2767 1706 2798 nostris
1727 2767 1831 2798 fecerat
1847 2777 1896 2805 per
1909 2766 1953 2805 se,
1972 2768 2006 2798 ὃς
2019 2767 2157 2804 imprisios
2172 2768 2250 2806 suos,
2268 2779 2371 2806 proce-

1311 2802 1378 2834 dere
1391 2803 1551 2836 debeamus.

1347 2843 1499 2881 Tandem,
1517 2844 1554 2874 de
1576 2854 1678 2876 eorum
1703 2843 1849 2882 Consilio,
1865 2842 1950 2874 semel
1971 2844 2005 2874 δε
2024 2843 2127 2874 iterum
2143 2845 2233 2883 rogari
2249 2844 2370 2878 fecimus

1309 2881 1457 2918 prcefatum
1470 2882 1602 2923 Regem,
1621 2893 1670 2922 per
1685 2883 1821 2914 Nuncios
1836 2881 1947 2912 nostros
1958 2882 2221 2926 solempnes,·quos
2241 2883 2275 2914 ad
2299 2894 2366 2916 eum

1309 2918 1525 2960 destinavimus,
1543 2930 1574 2952 ut
1587 2923 1803 2960 interceptiones
1814 2920 1871 2951 illas
1882 2920 1987 2951 faceret
1999 2920 2150 2951 emendari.

1348 2957 1431 2990 Licet
1444 2969 1539 2990 autem
1553 2960 1629 2991 idem
1642 2960 1707 2990 Rex
1718 2960 1842 2991 Nunciis
1855 2959 1956 2989 nostris
1974 2959 2032 2990 fiatis
2052 2959 2192 2990 curialiter
2213 2960 2362 2998 responde-

1309 3005 1351 3027 ret
1365 2997 1444 3035 quod
1456 2997 1574 3030 libenter
1589 2999 1672 3029 nobis
1684 3000 1718 3030 &
1730 2998 1832 3029 nostris
1845 2998 1950 3028 faceret
1963 2998 2105 3029 emendari
2140 2999 2255 3037 uicquid
2263 3000 2364 3039 perse,

1308 3036 1342 3066 &
1368 3036 1430 3067 suos
1448 3037 1531 3068 nobis
1550 3038 1584 3069 &
1602 3037 1703 3068 nostris
1724 3037 1777 3068 fuit
1798 3038 2002 3075 interceptum,
2018 3036 2088 3067 dum
2108 3009 2186 3067 idem
2201 3037 2250 3068 fibi
2262 3039 2296 3069 ὃ(
2309 3039 2364 3070 suis

1307 3074 1480 3114 faceremu83
1498 3077 1550 3115 &‚
1569 3076 1639 3108 curn
1653 3075 1688 3106 ad
1700 3075 1788 3113 duos,
1804 3075 1849 3106 vel
1860 3084 1915 3106 tres
1928 3074 1986 3105 dies
2000 3074 2094 3114 datos,
2112 3076 2147 3106 ad
2160 3077 2218 3106 hoc
2236 3078 2362 3108 mittere-

1307 3121 1371 3143 mus
1390 3113 1426 3144 de
1447 3112 1572 3145 fidelibus
1593 3114 1711 3153 nostris,
1729 3124 1782 3152 pro
1795 3113 1920 3145 emendis
1931 3114 2062 3145 faciendis
2076 3116 2111 3145 &
2125 3115 2289 3154 recipiendis
2324 3116 2362 3147 de

1304 3152 1554 3221 intercgptionibus
1565 3153 1719 3192 praediCtis,
1738 3152 1773 3182 N
1776 3155 1850 3183 uncii
1862 3151 1983 3191 ejusdem
2004 3153 2092 3193 Regis
2113 3152 2259 3198 Franci-ae,
2271 3163 2287 3183 a
2327 3165 2360 3184 u-

1304 3199 1378 3220 num
1417 3192 1473 3221 iem
1493 3193 1710 3231 convenientes,
1729 3192 1762 3223 &
1784 3201 1853 3223 curn
1872 3190 1974 3222 nostris
1992 3190 2040 3222 diii
2061 3192 2208 3223 tractantes
2223 3216 2233 3230 ,
2251 3192 2360 3223 infecto

1302 3230 1421 3265 negotio
1433 3230 1612 3261 recesserunt.
2288 3269 2294 3274 ι

1339 3267 1386 3297 Ad
1406 3268 1490 3298 alium
1511 3268 1626 3306 quidem
1644 3268 1738 3308 diem,
1757 3278 1836 3300 certo
1859 3268 1928 3300 loco
1941 3268 1975 3300 ad
1988 3269 2047 3300 hoc
2059 3269 2144 3307 dato,
2161 3267 2264 3300 nostris
2285 3267 2352 3299 illuc

1301 3307 1530 3345 venientibus,&
1545 3308 1642 3345 paratis
1655 3308 1746 3338 facere
1759 3307 1837 3346 quod
1848 3308 1892 3346 jus
1907 3307 2110 3346 did'tarermon
2117 3315 2352 3350 comparuerunt;

1300 3344 1375 3374 unde
1395 3344 1492 3382 postea
1510 3346 1600 3376 visum
1623 3346 1674 3377 fuit
1695 3346 1776 3376 nobis
1797 3347 1831 3378 δε
1854 3345 1991 3377 Concilio
2012 3346 2133 3385 nostro,
2152 3343 2230 3384 quod
2246 3344 2351 3375 deinde

1298 3382 1445 3422 Treagam
1467 3382 1560 3414 eidem
1581 3384 1656 3424 Regi
1674 3384 1778 3415 servare
1797 3395 1857 3415 non
1880 3385 2061 3423 tenebamur,
2080 3393 2114 3414 ex
2135 3392 2266 3426 quo-per
2279 3393 2346 3428 eurn

1298 3419 1373 3452 stetit
1392 3431 1451 3460 quo
1471 3423 1563 3452 minus
1582 3422 1687 3461 fuerat,
1707 3423 1743 3453 de
1763 3424 2013 3462 interceptionibus
2034 3424 2101 3461 iuis,
2118 3422 2186 3452 hinc
2199 3421 2265 3451 inde
2275 3421 2358 3465 satis--

1296 3459 1421 3498 fastum,
1436 3461 1470 3491 &
1484 3460 1560 3491 idem
1575 3460 1671 3498 postea
1683 3461 1763 3492 dicto
1779 3462 1855 3500 Regi
1867 3463 2064 3493 intimavimus.
2242 3499 2247 3504 ¹
2356 3475 2360 3480 ,

1332 3497 1371 3528 Et
1392 3498 1446 3536 sic,
1461 3508 1511 3536 per
1530 3499 1611 3537 ipsius
1630 3499 1775 3530 defectum
1793 3501 1909 3541 Treuga
1921 3500 2082 3536 deficiente,
2100 3496 2137 3527 de
2151 3497 2268 3528 consilio
2279 3508 2346 3543 oms

1293 3537 1374 3567 nium
1387 3536 1513 3568 fidelium
1526 3536 1691 3568 nostrorum
1699 3563 1708 3577 ,
1724 3540 1880 3580 incepimus
1893 3541 1917 3570 ei
1931 3547 2060 3579 guerram
2071 3545 2207 3580 movere3
2225 3537 2345 3567 &certi

1291 3575 1385 3605 sumus
1406 3575 1485 3613 quod
1499 3599 1508 3613 ,
1525 3577 1555 3606 in
1574 3576 1751 3614 expeditione
1772 3578 1865 3608 nostra
1878 3602 1888 3617 ‚
1906 3577 1977 3616 pros
1990 3586 2036 3606 ere
2056 3575 2138 3619 nobis
2159 3574 2339 3619 contigisset,

1290 3623 1461 3651 cooperante
1472 3614 1558 3653 gratia
1570 3615 1682 3652 divina,
1702 3616 1720 3646 si
1733 3617 1824 3647 dusius
1839 3615 1950 3647 Comes
2001 3613 2171 3657 archiae,.&
2184 3612 2340 3656 alu-¹¹11P1'1-

1290 3651 1318 3681 fii
1337 3651 1426 3681 nostri
1446 3651 1483 3682 de
1502 3651 1627 3683 pictavia
1644 3653 1760 3685 fideliter
1779 3664 1831 3685 nos
1842 3653 1981 3692 juvassent
2013 3652 2048 3683 ὃ(
2061 3653 2145 3682 nobis
2158 3650 2337 3694 fimuter-ad-

1287 3689 1442 3728 haesiffent3
1459 3690 1500 3720 set
1515 3701 1556 3721 res
1576 3690 1618 3723 est
1638 3694 1713 3724 versa
1727 3695 1756 3723 in
1771 3693 1958 3730 contrarium,
1975 3676 2046 3721 sicut
2058 3698 2093 3720 ex
2107 3688 2337 3727 subsequentibus

1285 3727 1306 3758 li
1327 3729 1405 3758 uebit
1417 3728 1569 3759 manifeste.

1347 3766 1511 3797 rocedentes
1522 3769 1605 3807 igitur
1618 3768 1654 3799 de
1666 3769 1760 3801 Ponte
1771 3770 1859 3808 usque
1872 3767 2083 3805 Xan&oniam,
2100 3765 2149 3796 ubi
2169 3774 2281 3797 moram
2296 3766 2339 3798 fe-

1283 3805 1374 3835 cimus
1395 3815 1445 3842 per
1463 3806 1570 3844 aliquot
1589 3806 1661 3843 dies,
1680 3808 1776 3846 postea
1797 3808 1927 3840 venimus
1938 3806 2025 3844 usque
2036 3805 2156 3841 Taunay
2166 3804 2245 3842 super
2258 3803 2338 3836 Cha-

1281 3850 1375 3873 rente·
1386 3844 1435 3873 ubi
1448 3843 1537 3874 nostri
1548 3846 1701 3884 ingressum
1713 3847 1869 3877 habuerunt
1880 3844 1915 3875 ad
1927 3844 2016 3882 ipsum
2024 3843 2140 3879 Regem
2151 3842 2337 3884 gravandum,

1324 3882 1328 3887 '
1349 3867 1447 3911 Castra
1468 3882 1596 3926 praedisti
1615 3883 1738 3915 Comitis
1752 3885 1785 3915 ὃς
1799 3884 1914 3915 suorum
1927 3881 2053 3919 obsedit,
2068 3882 2102 3912 &
2118 3891 2170 3918 pro
2185 3882 2330 3913 voluntate

1279 3891 1358 3950 gisl*
1373 3920 1619 3958 occupavitzNec
1634 3924 1757 3960 mirum,
1776 3933 1812 3953 eo
1834 3920 1912 3960 quod
1933 3918 2043 3950 Comes
2056 3918 2112 3957 ipse
2127 3918 2226 3950 Castra
2237 3921 2282 3951 illa
2294 3922 2329 3952 δε
2348 3921 2364 3938 ‘¹
2379 3922 2401 3950 1.
2419 3924 2483 3960 326,

1278 3958 1331 4003 alia
1350 3957 1495 3997 dereliquit
1514 3958 1643 3991 destituta
1663 3961 1738 3991 bom
1757 3959 1872 3998 Gente,
1889 3960 1924 3990 &
1945 3958 1994 3988 alia
2012 3957 2167 3997 garnisione
2181 3968 2242 3989 non
2263 3968 2329 4004 mu*

1275 4005 1413 4065 ωἴίἷοὶήε
1435 4034 1550 4074 quidem
1569 4036 1814 4069 commorantibus
1828 4036 1859 4067 in
1873 4033 1978 4066 Castris
1992 4033 2065 4074 apud
2078 4032 2215 4076 Tauni‘iy,
2230 4035 2334 4105 ttrite-:¹22¹-1
