2570 4261
190 64 270 104 180

38 150 117 180 Anii.
132 148 173 180 D.
188 158 256 180 nem
275 149 311 179 de
333 145 531 183 Grandistmo,
550 143 693 182 Militem,
708 143 744 175 &
759 143 829 175 alios
850 143 918 183 (qui
931 150 1062 183 tempore
1077 141 1147 173 dicii
1160 141 1254 172 Geni-

62 197 145 229 1310.
187 189 254 218 toris
275 187 362 218 nostri
382 187 414 216 &
429 184 543 220 nost-rc,
559 182 754 213 reformationi
774 181 870 220 Pacis,
888 183 922 213 &
936 181 993 212 aliis
1005 180 1184 219 trastatibus,
1201 189 1255 219 pro

38 229 106 256 Edu.
128 239 152 255 2.
188 226 248 266 ipso
264 228 391 264 genitore
405 221 503 253 nostro
517 222 550 252 &
564 222 662 259 nobis,
680 220 884 258 interfuerunt)
903 219 1025 251 seriosius
1037 220 1255 257 informari3ac,

185 267 300 296 veritate
315 262 424 304 plenius
441 259 598 299 intellee’ta,
612 260 706 290 facere
723 259 857 300 quicquid
869 259 953 290 nobis
965 259 1117 290 incumbet
1131 258 1254 288 rationa-

191 304 267 372 ⁰¹11}ss
269 314 284 379 ἶ
296 302 616 378 lguilaa‘inpfgitneiationem
633 335 812 375 hujusmodi,
828 336 893 367 tum
912 343 1029 375 propter
1047 333 1197 364 distantem
1211 331 1254 363 di-

186 380 300 410 erorum
322 376 479 408 Nobilium
498 375 646 406 absentiam
663 397 673 413 ,
691 375 754 405 tum
775 383 891 414 propter
902 374 1074 405 bellicorum
1087 373 1256 415 occupatio-

186 426 253 448 nem
269 416 385 447 aetuum
394 437 403 453 ‚
423 415 457 445 δε
471 413 635 444 nostrorum
671 413 893 451 ersecutionem‚
911 413 940 443 in
954 420 1026 443 terra
1039 411 1136 442 nostra
1147 411 1255 442 Scotiae

185 455 355 486 aemulorum
371 454 380 491 (
391 454 491 491 quibus
504 462 637 483 vacamus
697 451 847 483 insistimus
860 451 914 482 hiis
929 451 1043 490 diebus,
1061 450 1096 481 &
1106 450 1254 488 circaquas

184 493 281 524 noster
295 493 422 532 dirigitur
439 492 597 530 cogitatus,
615 490 709 521 nostra
730 501 765 521 ue
779 499 837 521 tota
851 490 970 521 versatur
983 489 1123 526 intentio)
1143 489 1175 518 in
1190 488 1255 518 brei

183 533 212 563 vi
231 532 332 562 habere
350 541 410 561 non
429 531 581 569 poterimus
593 553 603 568 ,
628 538 660 560 ut
679 539 714 560 ve
736 539 839 567 emusz,
861 528 1030 560 carissimam
1054 526 1254 570 Paternitatem

185 570 307 601 vestram
319 570 394 600 filiali
408 569 564 600 devotione
579 569 759 607 requirimus,
778 569 811 599 &
825 577 958 606 rogamus
973 567 1080 597 obnixe
1116 573 1257 605 quatinus,

186 609 221 640 ad
234 619 286 640 nos
301 617 422 647 paternae
435 604 593 638 affeffionis
604 607 706 638 oculos
717 607 884 647 dirigentes,
901 605 1062 646 proceffutn
1091 613 1163 647 uper
1177 603 1256 633 usur-

187 650 256 686 patis
271 649 305 679 ὃ(
319 646 455 686 surprisis,
467 646 535 677 hinc
553 645 619 676 inde
633 646 728 684 faffis,
742 654 805 676 ante
813 653 924 676 motam
939 653 1069 682 guerram
1077 642 1258 683 praedictam,

187 686 271 726 usque
289 687 324 718 ad
345 694 474 716 mutuam
487 685 623 716 visionem
639 683 765 716 nostram
788 684 842 722 (ad
855 685 942 722 quam
955 683 1022 714 totis
1034 681 1174 712 anelamus
1188 680 1257 711 desi-

184 726 284 764 deriis,
303 734 457 764 quamque,
473 723 571 763 guerra
585 723 682 754 nostri
702 722 797 762 finiti,
814 722 1033 754 accelerabimus
1046 728 1184 765 quantum
1199 728 1254 759 po-

184 766 300 796 terimus
322 764 402 794 bono
421 763 511 793 modo
526 764 536 800 )
557 762 647 793 velitis
664 760 794 799 differre,
809 761 843 792 &
862 760 955 792 facere
976 758 1101 797 differri,
1115 762 1203 797 licut,
1221 758 1257 789 ad

187 802 279 834 nostri
298 801 509 842 requisitionem
524 823 534 839 ,
551 801 587 832 de
606 800 754 838 interprisis
775 800 839 830 alias
859 809 910 830 vos
924 798 1029 830 fecistis
1041 810 1055 842 5
1073 799 1107 829 δε
1120 797 1156 828 de
1170 798 1257 841 bene-

210 842 293 871 lacito
313 840 407 871 vestro
423 863 432 877 ,
451 841 481 869 iri
497 840 550 870 hac
570 849 645 877 parte
659 864 669 877 ,
685 849 738 869 nos
750 861 760 877 ,
777 839 822 869 vel
835 838 929 869 dictos
944 838 1080 869 Nuncios
1094 835 1207 867 nostros
1226 846 1256 865 in

224 887 308 910 ucatu
322 879 479 917 praeditsto,
496 877 612 908 reddere
625 878 764 908 certiores.

223 918 372 956 speramus
392 916 526 957 siquidem
547 915 628 956 quod
645 939 655 955 ,
676 917 707 946 in
727 915 802 946 di&a
821 915 928 946 vifione
945 914 1094 946 desiderata
1107 937 1118 953 ,
1133 913 1258 953 usurpata

188 956 370 995 hujusmodi,
387 955 514 994 surprisa,
531 956 564 987 &
577 955 720 994 interprisa
732 955 915 986 amicabiliter
929 954 1128 996 expedientur,
1147 950 1257 984 Divina

186 995 350 1026 Clementia
364 994 537 1032 suffragante.
1189 1030 1193 1035 ⁵

226 1034 276 1065 Illa
297 1043 367 1064 vero
380 1056 390 1072 ,
408 1043 474 1073 quae
495 1033 531 1064 ad
552 1032 802 1074 complementum
821 1030 933 1063 Pacum
953 1032 1095 1072 pertinent
1109 1028 1257 1074 praedidta-

187 1083 252 1104 rum
261 1096 270 1111 ,
288 1081 421 1111 quatenus
436 1083 489 1103 nos
502 1074 535 1104 δι
549 1072 658 1102 nostros
671 1072 862 1110 contingunt,
880 1073 966 1112 parati
978 1071 1129 1110 sumu3,&
1142 1078 1257 1107 erimus,

187 1110 284 1150 perfici
299 1112 391 1142 facere
406 1112 435 1141 in
450 1112 585 1142 omnibus
597 1111 631 1142 &
644 1110 793 1148 compleri.

225 1149 262 1180 Et
276 1160 336 1180 non
351 1150 420 1181 ferat
434 1149 553 1180 moleste
569 1149 726 1190 quaesumus
738 1148 829 1180 vestra
842 1147 993 1179 Paternitas
1004 1146 1161 1185 karissima,
1178 1145 1257 1186 quod

185 1187 325 1219 Nuncios
343 1188 499 1227 solempnes
511 1212 521 1228 ,
538 1198 623 1226 prout
637 1187 672 1219 ad
685 1196 744 1218 tam
761 1186 949 1226 magnificum
968 1185 1132 1223 Principem
1147 1186 1258 1229 mittere

181 1227 298 1258 deceret
313 1251 322 1265 ,
340 1227 374 1257 ad
388 1238 438 1258 vos
459 1238 519 1258 non
532 1227 742 1258 transmittimus
761 1225 812 1256 ista
827 1226 911 1263 vice,
926 1234 1016 1264 quum
1032 1225 1139 1264 negotii
1159 1224 1259 1255 celeri·-

182 1273 241 1305 tas,
256 1266 315 1297 loci
329 1265 476 1306 distantia,
494 1267 528 1297 δε
541 1267 675 1307 temporis
687 1265 806 1297 brevitas
818 1263 848 1295 id
861 1263 921 1296 fieri
934 1273 994 1295 non
1008 1265 1183 1302 permittunt.

183 1382 204 1413 b
217 1342 286 1388 Dat.
301 1343 375 1382 apud
390 1342 577 1384 Berewycurn
596 1343 676 1382 super
695 1341 858 1381 Twedam²
874 1340 1048 1374 duodecimo
1066 1340 1112 1372 die
1126 1339 1257 1371 Decem-

205 1393 249 1412 HS.

226 1507 277 1540 De
292 1507 431 1553 NavigIo
442 1504 566 1540 Robertf
575 1505 611 1539 de
620 1509 697 1539 Brus
714 1504 753 1539 ab
763 1505 869 1552 Inficla
879 1504 915 1538 de
926 1507 1013 1539 Man
1029 1502 1206 1537 amovendo.

30 1591 108 1624 Arm.
123 1590 165 1622 D.
183 1590 311 1646 REX
330 1592 582 1637 vicecomitibus,
600 1593 634 1624 &
648 1592 783 1636 omnibus
799 1590 909 1622 Ballivis
923 1613 934 1629 ,
951 1591 984 1621 &
999 1589 1126 1620 fidelibus
1137 1588 1207 1627 suis,
1224 1588 1255 1619 in

49 1640 134 1671 ¹3¹0-
260 1629 452 1662 Comitatibus
472 1630 593 1661 Cestriae
607 1655 617 1670 ,
636 1631 809 1662 Lancastriae
823 1653 833 1669 ‚
851 1629 1019 1668 Cumbriae,
1037 1629 1070 1660 &
1090 1627 1254 1659 Westmer-

29 1674 82 1734 A'n.
97 1679 127 1708 4.
181 1670 299 1709 landiae,
317 1670 352 1715 ad
365 1679 454 1710 quos,
470 1671 533 1701 &c.
543 1670 676 1717 salutem3
1063 1704 1200 1736 Inimicus
1218 1706 1253 1738 ἂ

28 1711 97 1774 {⁶⁰²2-
112 1756 140 1783 4·
184 1709 447 1792 Prlotdtissld‘ixrliaesisera,
464 1705 1092 1792 2333sslgroqtillijr‘iibtlsstibgcmpsrosszgiutsoium
1106 1745 1252 1789 navigium

28 1789 60 1812 Ε·
82 1795 108 1813 2-
183 1786 281 1826 suum,
299 1786 335 1831 de
351 1786 446 1831 Infulis
458 1786 631 1830 Forinsecis,
650 1786 735 1825 usque
748 1785 782 1817 ad
794 1785 915 1829 insulam
928 1783 1053 1814 nostram
1066 1782 1102 1813 de
1115 1782 1207 1837 Man,
1220 1793 1251 1813 in

28 1832 67 1852 '¹‘
85 1824 113 1851 ε’
179 1824 655 1903 ξὲῗῗὲὲιῗξέῗυᾎὲἷῖἓᾞζῐξὲ
664 1824 973 1903 ξεῖἀεὲῐέἒΐέξὲιΐὲῖὶᾩ
983 1822 1251 1906 ῗᾷῗῖῗέῑῗὲἒὲὲξὲ

178 1902 355 1948 ΚεδεΙὶίὶξυε,
366 1903 469 1933 nostris
480 1925 490 1941 ,
508 1903 690 1934 habendum:
709 1903 744 1933 &
766 1903 852 1933 etiam
867 1903 965 1932 omnia
980 1900 1128 1938 victualia,
1147 1900 1181 1931 &
1199 1899 1251 1931 alla

177 1941 489 2021 ggssfflfgosspffisffi
503 1941 853 2021 dssffinpffififfirfissd
868 1939 1104 2019 ⁰03¹ss>⁵1es¹1¹5³3¹¹2³s²3⁶
1103 1938 1253 2009 assussiffil

174 2021 255 2089 {ium
276 2020 356 2050 suum
377 2019 548 2064 praedidturn
567 2019 633 2050 inde
646 2004 868 2065 muniendum}
887 2017 964 2059 quod
983 2018 1013 2062 in
1029 2016 1120 2048 nostri
1140 2016 1251 2060 dispen-

192 2068 254 2103 ,mm
268 2082 278 2098 ,
296 2060 329 2090 &
349 2067 435 2090 totius
450 2058 546 2102 Regni
562 2058 659 2103 nostri¹
671 2058 793 2089 dedecus
808 2060 842 2090 &
864 2057 1051 2102 obprobrium
1061 2079 1071 2095 ,
1087 2065 1120 2086 ac
1134 2054 1250 2095 expedi-

176 2096 513 2167 fflffienostrae'Scotiae
534 2097 768 2137 retardationem,
786 2097 806 2128 si
817 2103 1044 2139 permitteretur,
1062 2093 1178 2126 cederet
1189 2103 1250 2125 ma-

215 2173 271 2219 Et,
289 2174 354 2215 quia
373 2173 504 2219 volumus
521 2173 683 2219 hujusmodi
702 2174 817 2205 malitiae
832 2172 926 2218 modis
939 2173 974 2204 &
990 2172 1061 2210 viis,
1080 2171 1183 2210 quibus
1196 2179 1251 2216 po-

179 2209 1250 2297 {32:355sstzbjffisdssf'i’ffeissmgffizrffissassffl?efitssssmffiikfi‘gssffi

176 2289 335 2335 Senescallo
348 2290 509 2321 venerabilis
524 2289 611 2321 Pams
626 2290 747 2321 Antonii
761 2288 933 2334 Patriarchae
947 2288 1175 2333 Jerosolymitani
1187 2310 1198 2326 ,
1215 2288 1250 2318 &

176 2327 311 2373 Episcopi
328 2329 529 2374 Dunelmensis
540 2352 550 2368 ‚
568 2328 708 2375 de..1¹¹s¹{¹²
728 2329 882 2373 praedicta,
896 2327 1104 2372 adunavigium,
1122 2335 1192 2357 cum
1207 2336 1252 2357 vi-

176 2368 330 2407 erunibus,
350 2369 383 2398 &
403 2368 462 2399 aliis
476 2368 632 2399 necessariis
646 2391 656 2406 ,
674 2378 705 2399 in
719 2367 841 2412 partibus
860 2366 956 2398 vestris
970 2365 1199 2410 prowdendum,
1216 2365 1250 2395 &

177 2403 1250 2515 sqiqyffieusssffissifflelsffl?231³321hermis*¹¹¹

176 2494 257 2522 requi
269 2493 306 2515 iti.
826 2522 831 2528 .
927 2522 933 2527 ·
955 2522 961 2528 ὓ
1162 2520 1167 2525 ι

174 2523 545 2606 ιμέἷαὲῗὲἒῖκῗὲῗ,’ςὲἕ
556 2522 711 2605 ’ρῗῖἑέιέ“
724 2519 1250 2606 ‘iibme‘r'ss,{affisssssshsfrssfifissaedfibffler‘l

174 2608 214 2639 ti,
229 2600 257 2630 se
270 2600 408 2644 divertere
422 2600 580 2644 voluerint,
598 2600 773 2645 libere'abire
787 2599 1081 2644 pertruttatis3quibus
1096 2596 1131 2628 ad
1138 2597 1249 2628 dictam

175 2638 555 2716 Inliqlaicnljiqr’idgclgcentiam
569 2639 756 2671 concedimus
770 2637 929 2677 specialem.

217 2753 309 2798 Teste
329 2753 414 2793 Rege
433 2755 507 2793 apud
526 2754 711 2796 Berewycum
727 2755 806 2794 super
824 2753 985 2793 Twedam,
1006 2760 1050 2792 15.
1066 2752 1112 2784 die
1122 2751 1253 2784 Decem-

180 2793 245 2824 bns·
658 2835 712 2864 Per
724 2832 808 2863 breve
823 2832 855 2862 de
865 2834 980 2871 privato
991 2829 1091 2870 Sigillo.

209 2954 238 2983 W<
264 2957 312 2990 De
330 2955 559 2991 Adhaerentibus
577 2955 705 2993 Roberto
722 2956 760 2992 de
774 2960 851 2991 Brus
873 2960 904 2990 in
923 2956 1062 3005 Angfia,
1089 2954 1210 3005 Ilyber-

498 3010 549 3040 nia
568 3011 604 3046 (ῤ’
625 3008 738 3042 Wzllia
755 3005 929 3051 arestandis.

28 3086 103 3123 Anti.
119 3085 160 3118 D.
179 3089 266 3147 RE
277 3088 309 3121 X
328 3091 462 3120 omnibus
482 3092 589 3134 Ballivis
604 3116 614 3133 ,
635 3092 774 3124 Ministris
789 3115 799 3131 ,
816 3094 849 3124 δε
871 3091 1002 3124 fidelibus
1015 3091 1067 3123 suis
1082 3093 1110 3125 in
1130 3090 1250 3133 Anglii,

50 3134 137 3163 1310.
255 3130 290 3161 ad
308 3139 398 3167 quos,
417 3130 476 3160 &c
492 3132 615 3162 ialutem.

28 3168 79 3192 Aa.
95 3175 124 3201 4·
216 3168 294 3207 Qiia
315 3168 502 3211 intelleximus
516 3170 593 3206 quod
613 3171 793 3211 quamplures
813 3169 1014 3202 Malefaetores
1026 3192 1036 3208 ,
1054 3169 1091 3201 de
1104 3167 1195 3201 Infids
1213 3171 1249 3202 de

30 3206 59 3229 fi
81 3211 109 3228 2-
178 3205 270 3245 Man,
288 3208 354 3247 qui,
369 3216 439 3246 parti
452 3206 575 3238 Roberti
588 3208 624 3239 de
637 3209 718 3247 Brus,
735 3209 846 3240 inimici
860 3210 894 3240 δε
909 3209 1060 3247 proditoris
1076 3207 1182 3246 nostri,
1200 3210 1248 3240 ad-

30 3245 97 3267 *50‘05-
118 3250 146 3277 4-
177 3245 317 3290 haerentes
328 3268 338 3284 ,
351 3244 494 3289 dispendia
513 3247 719 3286 quamplurima
739 3249 822 3278 nobis
843 3249 877 3279 ὃ(
893 3247 1019 3279 fidelibus
1033 3246 1133 3277 nostris
1148 3257 1248 3285 perpe-

31 3282 60 3304 E.
80 3288 104 3304 ²·
179 3293 288 3315 trarunt
310 3294 339 3315 in
360 3284 461 3324 Anglia
477 3307 487 3322 ,
506 3284 564 3316 tam
583 3285 655 3316 infra
673 3286 828 3325 libertam,
843 3287 930 3325 quam
943 3295 1019 3317 extra
1031 3294 1196 3324 morantur,
1214 3288 1248 3319 &

33 3326 68 3343 ⁷⁷¹·
87 3325 115 3354 9·
178 3322 287 3353 ibidem
302 3331 498 3362 receptantur:

214 3361 298 3401 Nos,
315 3371 417 3406 eorum
428 3363 580 3406 protervi3ae
594 3362 713 3393 obviare
727 3362 869 3400 volentes,
884 3362 1153 3408 vobismandamus
1169 3363 1247 3402 quod

174 3400 749 3484 ἓὲἓῦῗηὲΐέἓῖῗῑῗᾷεᾊῗεῇῗξῖῗεῑζὲε
758 3401 1249 3483 ἒὲἕῖἓῗοὲῑῖἑῗὲωὲἓῗεῗῗῐῗὲυῗῗ

180 3486 238 3514 que
258 3485 366 3509 inventi
387 3477 490 3508 fuerint
509 3487 541 3507 in
559 3477 665 3510 Balhva
686 3478 793 3516 vestra,
811 3477 882 3508 infra
902 3478 1075 3518 libertatern,
1094 3479 1139 3509 vel
1157 3488 1249 3518 ema,

180 3515 238 3545 fine
253 3515 388 3546 dilatione
408 3515 549 3553 arrestari,
566 3517 601 3547 ὃς
622 3518 652 3547 in
666 3516 781 3547 Prisona
799 3516 897 3548 nostra
915 3516 993 3547 salvo
1008 3516 1147 3549 custodiri
1165 3518 1249 3550 facia-

180 3553 341 3622 tisindonec
356 3553 428 3623 algenti
443 3564 459 3584 a
473 3555 556 3585 nobis
568 3555 634 3586 inde
646 3555 795 3587 habueritis
807 3556 838 3586 in
854 3555 1001 3587 mandatis.

267 3601 361 3630 cujus,
411 3601 437 3622 c.

25 2961 44 2982 Ῥ
60 2964 114 2992 111.

27 3011 90 3039 ²39·

184 3706 206 3737 b
220 3667 309 3710 [I'este
330 3668 416 3706 Rege
426 3669 500 3709 apud
521 3668 700 3702 Berewicum
722 3670 802 3709 super
816 3669 958 3702 Twedam
974 3694 985 3710 ,
1007 3670 1051 3702 16.
1066 3670 1113 3703 die
1127 3669 1253 3703 Decem-

206 3715 250 3737 ω.
709 3749 764 3777 Per
779 3746 863 3778 breve
878 3748 910 3778 de
917 3751 1034 3788 privato
1050 3747 1149 3787 Sigillo.

204 3856 209 3861 ᾗ
227 3817 394 3865 Consimiles
406 3820 521 3854 Litterae
533 3825 693 3864 diriguntur
705 3824 834 3864 Ballivis,
851 3826 913 3857 &c.
931 3826 962 3856 in
977 3823 1136 3865 Hibernia,
1151 3826 1184 3858 &
1193 3824 1255 3857 Bal-

188 3855 269 3893 hvis,
286 3858 345 3888 &c.
361 3870 389 3890 in
405 3861 518 3893 Wallia.

202 3925 204 3927 ‚
227 3931 316 3965 Teste
330 3942 362 3966 ut
376 3935 461 3973 supra.

692 3979 746 4008 Per
758 3977 842 4009 breve
853 3978 884 4008 de
893 3981 1011 4017 privato
1022 3977 1121 4017 Stgillo.

637 53 1438 109 coNvENrioNEffi

1496 56 1904 109 LITERAE,

2382 152 2461 185 Ann.
2474 154 2515 189 D.

2381 201 2499 261 2233}

1582 228 1698 265 Adhuc
1715 230 1751 264 de
1769 232 1856 277 fatto
1875 235 2060 280 Aquitaniae.

1294 312 1443 370 REX,
1460 313 1570 346 dilectis
1592 316 1632 360 δε.
1649 315 1778 347 fidelibus
1798 316 1865 356 suis,
1881 317 2043 350 Venerabili
2064 322 2094 351 in
2108 320 2226 353 Christo
2243 322 2320 356 Patri
2334 324 2364 363 J.
2381 319 2437 345 An.
2450 327 2480 354 4·

1370 352 1405 381 N
1407 354 1563 396 orvvycensi
1577 353 1740 399 Episcopo:
1755 355 1785 394 J.
1799 356 1836 386 de
1850 357 1990 388 Britannia
2004 358 2116 389 Comiti
2131 360 2365 402 Richemundiae,
2381 359 2411 382 13.
2430 365 2458 383 ²·

1298 387 1522 436 Consanguineo
1536 392 1637 423 nostro
1650 393 1812 433 kariffim03
1831 395 1963 426 Guidoni
1975 396 2076 437 Ferre,
2091 399 2125 429 &
2138 399 2300 432 Willielmo
2310 404 2365 433 -ln-
2383 394 2449 431 Vasc.
2465 397 2496 430 4·¹
2540 431 2544 435 .

1294 436 1347 466 ge,
1368 428 1527 474 Militibus,
1546 430 1669 462 salutern.
2379 436 2410 459 Ε.
2433 441 2459 463 2.

1331 465 1415 497 Cum
1429 469 1575 500 mittamus
1588 469 1623 501 ad
1635 480 1688 501 vos
1701 469 1794 502 Eliam
1809 471 1845 502 de
1853 471 1996 511 Joneston
2005 496 2015 512 ,
2033 473 2067 504 &
2082 474 2234 515 Rogerum
2246 477 2365 510 deWa-
2379 480 2416 499 ⁷⁷¹·
2436 472 2479 500 ¹⁶⁸

1293 503 1392 550 denho
1406 528 1416 544 ‚
1442 505 1574 539 Clericos
1596 509 1663 547 (qui
1686 511 1799 549 negotia
1818 512 2024 550 interprissrum
2043 513 2078 543 &
2097 513 2273 554 surprisarum
2293 518 2367 549 inter

1293 542 1460 575 Dominum
1477 545 1593 586 Regem
1613 547 1739 578 Franciae
1751 571 1761 586 ,
1779 548 1813 579 &
1828 572 1837 587 ,
1856 550 1939 580 clarae
1961 552 2126 591 memoriae,
2143 553 2311 586 Dominum
2328 555 2364 587 E.

1296 592 1386 620 nuper
1401 583 1517 627 Regem
1533 585 1662 625 Angliae,
1681 587 1840 625 genitorem
1852 588 1983 619 nostruin
1996 612 2008 628 ,
2023 590 2057 621 &
2069 601 2138 630 nOS,
2156 592 2216 623 sunt
2232 594 2367 626 haetenus

1294 621 1437 665 prosecuti
1452 623 1518 667 >ad
1532 624 1745 655 informandum
1760 636 1810 656 vos
1825 650 1835 664 ,
1852 628 1898 658 vel
1912 627 1988 666 illos,
2005 638 2077 668 quos
2094 629 2130 661 ad
2141 630 2219 670 hoc,
2235 631 2304 664 loco
2316 643 2367 665 ve-

1295 658 1345 690 stri
1382 661 1512 704 duxeritis
1524 662 1700 703 deputandos
1710 687 1719 702 ,
1737 664 1816 702 super
1831 667 1955 703 negotiis
1969 670 2148 709 memoratis,

1332 683 1425 729 V²0bis
1444 701 1609 744 mandamus
1628 702 1709 740 quod
1723 725 1733 741 ,
1752 703 1823 733 cuin
1844 704 1969 742 praediffl
1981 728 1991 744 ,
2009 705 2083 737 Elias
2100 708 2134 738 &
2155 707 2287 748 Rogerus
2300 732 2310 748 ‚
2327 711 2364 742 ad

1294 746 1346 782 vos
1357 747 1501 778 venerint,
1516 740 1640 778 ipsorum
1653 741 1887 772 informationem
1896 766 1906 781 ,
1925 743 2004 781 super
2016 747 2139 782 negotiis
2151 748 2309 787 praeditstis,
2326 751 2363 780 &c

1293 775 1349 805 aliis
1358 798 1367 813 ,
1385 776 1507 808 formam
1518 781 1592 817 pacis
1605 780 1676 809 inter
1689 779 1800 810 dietum
1815 780 1927 821 Regem
1941 782 2069 813 Franciae
2083 785 2117 815 &
2131 787 2292 822 genitorem
2307 797 2363 818 no-

1294 813 1383 844 strum
1395 816 1564 853 praedidtum
1579 818 1612 849 &
1629 827 1683 847 nos
1695 819 1888 858 tangentibus,
1901 829 2036 859 quatenus
2067 832 2101 852 ro
2114 823 2174 861 jure
2186 825 2285 856 nostro
2292 836 2364 857 con-

1293 851 1567 899 servando-videritis
1579 856 1712 900 expedire
1722 879 1731 894 ,
1746 859 1901 901 recipiatis,
1918 859 1963 890 vel
2000 869 2028 890 er
2041 831 2215 899 deputandos
2232 875 2249 895 a
2261 865 2344 896 vobis

1293 899 1326 921 ut
1340 901 1520 936 praemittitur
1530 917 1539 932 ‚
1555 904 1644 934 recipi
1660 895 1778 934 faciatis,
1797 898 1831 928 &
1845 897 1947 928 eisdem
1956 920 1967 936 ,
1978 870 2056 929 {iliae
2068 902 2102 930 δε
2117 899 2238 940 Rogero
2250 925 2262 940 ,
2280 889 2366 934 ratio-¹-

1294 930 1400 974 nabiles
1413 933 1543 970 expensas
1561 933 1619 978 suas
1633 943 1686 972 pro
1701 942 1850 975 tempore,
1865 946 1925 975 quo
1936 937 1966 967 in
1981 938 2104 975 partibus
2118 939 2169 969 illis
2184 950 2296 971 moram
2308 950 2363 973 tra-

1292 977 1620 1047 {fzmt1·’b{m·¹}aegpu·¹s
1638 974 1804 1005 memoratis
1815 997 1826 1013 ,
1843 975 1878 1007 &
1899 985 1952 1013 pro
1968 976 2060 1008 reditu
2071 978 2243 1009 eorumdem
2257 980 2288 1009 in
2304 980 2364 1012 An-

1323 1018 1364 1046 ia,
1393 1019 1402 1038 i
1441 1019 1493 1041 ran
1534 1020 1620 1042 ciatis.

1330 1046 1477 1092 Mittimus
1490 1058 1585 1080 autem
1600 1049 1682 1094 vobis
1696 1073 1707 1088 ‚
1725 1049 1761 1081 de
1773 1050 1910 1087 :Consilio
1923 1052 2143 1093 praedidiorum,
2161 1053 2234 1086 Eliae
2247 1057 2281 1088 ὃς
2296 1056 2362 1088 Ro-

1292 1093 1370 1125 geri,
1390 1088 1529 1132 quandam
1542 1088 1794 1128 comunffionem,
1811 1090 1862 1122 sub
1874 1092 1962 1131 sigillo
1975 1091 2093 1131 nostro,
2111 1093 2146 1124 ad
2163 1095 2363 1134 inquirendum

1293 1124 1329 1155 de
1342 1125 1487 1171 dampnis,
1507 1127 1573 1165 post
1611 1137 1691 1158 acem
1712 1129 1825 1167 initam,
1841 1129 1886 1161 seu
1905 1130 2067 1161 durantibus
2085 1133 2206 1170 treugis,
2224 1133 2311 1173 datis,
2328 1135 2363 1166 ὃς

1293 1162 1328 1194 ad
1344 1163 1506 1197 faciendum
1519 1176 1558 1206 qu

1295 1211 1406 1234 nentur.

1295 1280 1302 1285 ·
1331 1240 1501 1276 Mandantes
1516 1243 1830 1288 quom-commistione
1843 1246 1979 1286 praediCta
1991 1271 2002 1287 ,
2020 1247 2168 1287 diligenter
2185 1249 2311 1290 inspecta
2328 1252 2363 1282 δε

1293 1280 1435 1325 intellecta
1450 1306 1460 1321 ,
1478 1283 1512 1313 eii
1534 1285 1672 1323 utamini,
1690 1283 1710 1315 fi
1725 1294 1777 1324 pro
1791 1284 1874 1316 nobis
1888 1286 1922 1317 &
1933 1287 1996 1328 jure
2008 1286 2106 1317 nostro
2115 1310 2126 1327 ,
2143 1291 2364 1322 communicato

1293 1318 1442 1359 Consilio,
1459 1321 1582 1353 videritis
1592 1322 1743 1362 expedire,
1759 1323 1883 1364 alioquin
1895 1325 1982 1365 ipiarn
1997 1326 2107 1356 nemini
2117 1326 2279 1358 ostendatis.

1667 1167 1736 1206 alia,
1750 1177 1816 1206 quae
1827 1168 1858 1199 in
1871 1168 2073 1201 commissione
2085 1170 2134 1202 illa
2145 1171 2253 1209 plenius
2266 1175 2363 1205 conti-

1327 1395 1398 1429 Dat.
1415 1399 1490 1437 apud
1504 1398 1690 1440 Berewycum
1703 1399 1783 1438 super
1795 1400 1956 1442 Twedam,
1977 1403 2022 1434 16.
2034 1401 2082 1434 die
2096 1402 2277 1435 Decembris.

1387 1537 1448 1572 Ad
1461 1541 1595 1586 Papam,
1621 1537 1823 1587 deprecatoria
1835 1550 1892 1588 pro
1907 1537 2051 1588 Johanne
2066 1539 2103 1574 dc
2117 1539 2262 1576 sandala.

1289 1621 1452 1695 PffiAE
1470 1625 1553 1665 ReX,
1568 1635 1637 1658 cum
1650 1626 1691 1658 sui
1702 1625 1986 1659 recommendatione
1999 1650 2010 1668 ,
2027 1626 2133 1661 devota
2146 1627 2254 1667 pedum
2265 1626 2359 1659 oscula
2373 1616 2509 1698 Ἒῐῗοῧι,

1410 1672 1515 1696 torum.
2473 1683 2482 1690 ·

1326 1701 1374 1733 Ad
1394 1712 1517 1742 paternae
1536 1703 1660 1744 praefidia
1680 1704 1829 1744 bonitatis,
1846 1714 1900 1744 pro
1912 1704 2026 1736 illorum
2037 1705 2169 1746 augendis
2180 1705 2358 1743 honoribus,
2373 1700 2427 1725 An.
2440 1707 2471 1734 4·

1290 1740 1324 1772 &
1345 1742 1540 1773 incommodis
1558 1743 1750 1782 propulsandis
1763 1767 1774 1782 ,
1792 1753 1882 1783 quos,
1900 1744 1974 1775 inter
1988 1743 2088 1774 nostris
2105 1744 2243 1784 obsequiis
2261 1743 2356 1774 adhae-
2373 1738 2405 1763 E.
2426 1745 2452 1766 2·

1289 1788 1380 1811 rentes
1394 1804 1405 1820 ,
1424 1781 1506 1812 nobis
1528 1782 1638 1812 utiliora
1658 1783 1792 1813 novimus
1808 1782 1966 1821 praestitisse
1985 1782 2117 1822 obsequia
2129 1805 2140 1822 ,
2157 1783 2191 1814 &
2209 1782 2360 1823 ingentiori
2371 1776 2444 1802 ΒΜ·
2458 1773 2495 1811 ό·

1288 1820 1506 1862 commendatos
1517 1820 1681 1862 excellentia
1694 1822 1863 1853 meritorum
1871 1844 1881 1860 ,
1899 1820 2031 1852 devotius
2042 1821 2190 1861 flagitanda
2203 1823 2242 1852 eo
2253 1831 2306 1852 nos
2320 1820 2357 1852 ad
2372 1817 2413 1841 ΡΥ·
2432 1822 2463 1850 4·

1287 1858 1316 1888 id
1338 1859 1373 1890 &
1392 1858 1532 1899 gratitudo
1550 1858 1642 1891 reddit
1659 1860 1801 1891 obnoxios
1814 1883 1825 1899 ,
1844 1860 1878 1892 &
1897 1860 2038 1900 speramus
2051 1870 2068 1892 a
2082 1859 2175 1893 vestra
2188 1858 2358 1900 clementia,
2373 1854 2406 1878 E.
2424 1861 2454 1880 ²·

1288 1897 1329 1927 ob
1343 1897 1507 1929 intentionis
1520 1897 1627 1929 nostrae
1640 1898 1841 1930 rediitudinem
1849 1922 1859 1939 ,
1874 1898 2018 1940 gratiosins
2030 1898 2165 1931 exaudiri:
2374 1898 2411 1918 m·
2425 1898 2474 1926 ²4·

1326 1934 1482 1977 Cupientes
1498 1938 1591 1978 itaque
1605 1945 1652 1977 ut,
1666 1937 1842 2007 praedilectus
1860 1947 1895 1969 ac
1911 1937 1930 1958 ²*
1949 1937 2089 1969 familiaris
2101 1937 2230 1970 Clericus
2242 1936 2356 1977 noster,
2372 1927 2427 1983 ἔθ’·
2455 1970 2457 1977 ,

1284 1973 1431 2013 Johannes
1450 1975 1487 2006 de
1501 1975 1618 2007 Sandale
1631 1999 1642 2015 ,
1659 1976 1668 1985 ⁷
1691 1976 1857 2008 hesaurarius
1872 1975 1969 2007 noster
1982 1999 1993 2015 ,
2009 1977 2076 2016 qui,
2093 1977 2178 2008 clarae
2191 1978 2355 2015 memoriae,
2399 1966 2455 1994 ῘῙῙ·

1288 2012 1415 2045 Domini
1429 2013 1464 2045 E.
1475 2016 1607 2054 genitoris
1619 2014 1710 2045 nostri
1724 2016 1814 2056 longis
1829 2017 2005 2055 temporibus
2016 2015 2131 2047 adhaefit
2145 2015 2303 2056 obsequiis,
2321 2025 2356 2046 ac
2374 2013 2441 2041 ²4⁰2

1286 2053 1372 2083 omni
1393 2062 1524 2092 tempore
1536 2077 1547 2094 ,
1564 2055 1624 2085 tam
1642 2053 1815 2085 laudabiliter
1828 2077 1839 2094 ,
1877 2056 1942 2085 uam
1956 2054 2057 2086 utiliter
2070 2078 2081 2094 ,
2096 2054 2124 2086 se
2140 2054 2239 2086 habuit
2255 2054 2286 2085 in
2306 2052 2359 2084 eis-

1286 2090 1374 2131 dem,
1391 2093 1496 2133 quique
1510 2093 1583 2131 jam,
1600 2094 1672 2124 inter
1685 2102 1805 2125 caeteros
1822 2098 1873 2124 noi
1888 2095 1924 2124 ris
1942 2092 2096 2124 insistentes
2108 2093 2240 2132 servitiis,
2255 2093 2356 2124 locum

1289 2137 1388 2161 tenens
1403 2133 1581 2172 praecipuum
1598 2155 1607 2169 ,
1625 2141 1677 2172 pro
1693 2131 1797 2163 nostris
1814 2132 1946 2172 augendis
1958 2132 2119 2163 utilitatibus
2136 2133 2243 2163 labores
2256 2132 2291 2163 δί
2309 2141 2359 2162 ex-

1293 2169 1389 2207 pensas
1408 2180 1470 2200 non
1488 2171 1563 2202 leves
1582 2170 1675 2201 subire
1689 2181 1749 2201 non
1759 2170 1872 2209 deserit,
1890 2170 1941 2201 hiis
1954 2170 2070 2209 diebus,
2087 2172 2118 2202 in
2138 2171 2273 2216 negotiis,
2291 2179 2358 2210 quae

1288 2217 1342 2244 pro
1357 2208 1397 2238 sui
1411 2209 1526 2239 honoris
1538 2217 1709 2248 augmento,
1727 2219 1812 2249 penes
1827 2210 1926 2239 vestrae
1946 2209 2105 2239 Sanetitatis
2117 2209 2356 2247 bemvolentiam,

1288 2255 1354 2283 quae
1370 2247 1509 2278 virtuosos
1522 2247 1632 2286 diligit,
1651 2248 1685 2278 &
1700 2248 1847 2287 gratiosam
1862 2247 1889 2277 se
1902 2247 2016 2277 exhibet
2031 2247 2153 2286 gratiosis
2163 2269 2174 2286 ,
2194 2250 2225 2277 in
2235 2247 2357 2286 praesen-

1287 2286 1396 2354 timpffe
1403 2286 1577 2354 pposequitur
1586 2309 1596 2325 ,
1615 2286 1703 2325 ipsam
1718 2287 1842 2318 inveniat
1855 2287 1886 2316 in
1900 2286 1997 2317 favore
2009 2285 2187 2325 benivolam,
2205 2286 2239 2317 &
2251 2287 2282 2316 in
2295 2295 2357 2326 gra-

1287 2331 1327 2354 tia
1350 2334 1358 2353 i
1397 2334 1424 2354 ra
1435 2335 1482 2355 em

1325 2361 1434 2393 Vestrae
1448 2348 1612 2394 Bedtitudini
1631 2363 1698 2394 totis
1718 2363 1855 2394 desideriis
1875 2362 2059 2402 supplicamus
2071 2385 2082 2399 ,
2096 2362 2224 2402 quatinus
2235 2361 2359 2394 eundem

1288 2399 1438 2433 Clericum
1453 2402 1584 2433 nostrum
1601 2403 1705 2441 (quern
1718 2402 1871 2432 multarum
1885 2404 2022 2432 virtutum
2035 2402 2142 2432 enitens
2155 2402 2292 2442 probitas,
2306 2402 2357 2432 de-

1289 2450 1340 2470 cor
1360 2450 1476 2472 morum
1502 2442 1536 2473 &
1557 2441 1776 2472 conversationis
1791 2463 1801 2479 ,
1827 2450 1860 2471 ac
1879 2442 1977 2480 ingens
1992 2440 2160 2471 meritorum
2174 2441 2359 2480 praerogativa

1287 2478 1409 2518 dignum
1421 2481 1503 2511 omni
1519 2479 1616 2511 favore
1629 2480 1663 2511 &
1677 2479 1764 2520 gratia
1776 2478 1988 2519 repraesentant)
2001 2478 2106 2510 habere
2116 2478 2289 2519 dignemini,
2303 2489 2358 2510 no-

1287 2516 1336 2547 stri
1352 2519 1613 2559 contemplatione,
1631 2519 1794 2558 propensius
1807 2518 2060 2549 commendatum:

1322 2556 1362 2588 Et
1377 2558 1458 2598 ipsius
1469 2559 1596 2598 neg0tia,
1615 2557 1717 2588 vestrae
1729 2557 1887 2588 clementiae
1896 2579 1906 2595 ‚
1924 2557 1943 2587 fi
1955 2557 2056 2594 libeat,
2075 2565 2110 2586 ex
2124 2564 2202 2597 parte
2212 2556 2258 2588 sua
2273 2555 2360 2587 serio-

1286 2594 1340 2626 suis
1352 2597 1520 2636 exponenda
1554 2596 1589 2627 ad
1600 2596 1714 2636 speratae
1732 2596 1915 2626 exauditionis
1929 2596 2062 2636 gratiam,
2076 2595 2154 2633 juxta
2166 2596 2255 2626 animi
2266 2595 2357 2627 nostri

1286 2633 1453 2679 desiderium
1466 2658 1476 2674 ‚
1499 2646 1515 2667 a
1535 2636 1647 2666 mittere
1659 2658 1670 2674 ,
1692 2635 1730 2666 de
1745 2634 1918 2674 plenitudine
1933 2633 2034 2665 vestrae
2047 2633 2225 2672 Apostolicae
2245 2633 2358 2666 Sancti-

1287 2681 1359 2704 tatis.

1324 2712 1395 2744 Nos
1410 2713 1516 2744 etenim
1531 2712 1542 2750 (
1550 2712 1620 2743 ciim
1631 2712 1776 2743 dictorum
1789 2712 1969 2751 negotiorum
1983 2710 2048 2742 felix
2063 2711 2203 2752 expeditio
2215 2733 2227 2750 ,
2240 2711 2282 2741 ob
2295 2712 2358 2750 spe-

1287 2751 1388 2783 cialem
1406 2751 1611 2790 affedtionern,
1628 2762 1714 2791 quam
1732 2752 1766 2782 ad
1781 2751 1892 2781 dietum
1914 2749 2060 2780 Clericum
2075 2750 2219 2788 nostrum,
2233 2749 2284 2781 suis
2298 2751 2360 2780 exi-

1287 2790 1418 2829 gentibus
1430 2791 1551 2829 meritis,
1569 2791 1746 2828 optinernus‚
1764 2790 1914 2828 specialiter
1925 2788 2038 2819 infidoet
2051 2789 2134 2818 nobis
2145 2789 2242 2827 cordi)
2252 2790 2282 2818 in
2293 2789 2331 2819 h¹⁶

1287 2839 1353 2899 guae
1369 2828 1467 2861 vestris
1481 2829 1664 2867 beneplacitis
1676 2831 1808 2860 novimus
1820 2827 1992 2865 convenire,
2010 2827 2190 2867 obligatiores
2203 2826 2304 2859 exinde
2343 2844 2358 2852 -

1308 2868 1337 2899 ci
1350 2868 1500 2907 volumuS,
1517 2869 1614 2908 utique
1629 2877 1698 2899 cum
1711 2868 1862 2900 viderimus
1875 2873 2058 2906 oportunum.

1286 2944 1396 3016 δέξαι.
1414 2945 1489 2987 apud
1504 2945 1692 2987 Berewycum
1704 2945 1782 2986 super
1792 2943 1939 2976 Twedam
1946 2944 1979 2975 in
1986 2942 2083 2976 Scotia
2089 2965 2101 2983 ,
2119 2943 2163 2975 16.
2171 2943 2217 2975 die
2225 2943 2358 2976 Decem-

1496 3118 1557 3153 Ad
1572 3118 1748 3154 cardinales
1764 3128 1819 3165 pro
1834 3115 1972 3165 pradiffo
1985 3114 2141 3164 Johanne.

1285 3204 1414 3259 REX
1430 3204 1593 3236 Venerabili
1612 3205 1641 3235 in
1660 3202 1780 3234 Christo
1794 3204 1888 3242 Patri,
1906 3202 2042 3234 Domino
2061 3201 2096 3232 P.
2117 3201 2153 3232 de
2167 3200 2350 3240 Columpna,
2367 3210 2444 3243 Ann-
2459 3211 2502 3245 D·

1360 3244 1417 3274 Dei
1433 3245 1536 3282 gratia,
1551 3243 1743 3274 Sacrosanctae
1758 3243 1902 3275 Romanae
1914 3241 2049 3273 Ecclefiae
2063 3240 2200 3284 DIacono
2212 3240 2350 3272 Cardina-
2391 3260 2479 3291 1310.

1282 3283 1319 3322 li,
1337 3284 1433 3314 amico
1452 3281 1500 3313 suo
1512 3281 1672 3319 karissimo,
1686 3281 1801 3312 salutem
1814 3292 1882 3313 cum
1894 3282 2003 3312 inrimae
2018 3279 2173 3324 dilectionis
2182 3278 2298 3323 affeetu.
2365 3293 2421 3318 An.
2436 3301 2466 3327 4,

1320 3322 1440 3352 lllorum
1460 3322 1576 3358 negotia
1588 3343 1598 3358 ,
1616 3321 1664 3358 qui
1687 3320 1790 3351 nostris
1807 3319 1954 3351 affedtibus
1971 3318 2101 3349 intimiiis
2119 3327 2226 3356 conJun
2248 3326 2350 3363 untur,
2366 3333 2398 3357 Ε,
2416 3338 2443 3356 2,

1285 3361 1318 3391 ὃ(
1334 3369 1459 3399 quorum
1476 3360 1568 3390 felices
1584 3368 1700 3390 eventus
1720 3368 1850 3399 optamus
1862 3358 1997 3390 desiderio
2010 3356 2158 3395 ampliori,
2173 3366 2209 3387 eo
2240 3357 2350 3387 dentius
2366 3371 2436 3396 Rom·
2450 3365 2487 3400 ὁ.

1285 3399 1386 3430 vestrae
1400 3399 1533 3430 amicitiae
1546 3398 1800 3436 commendamus,
1817 3408 1876 3438 quo
1889 3398 1925 3428 de
1941 3395 2044 3428 vestrae
2058 3395 2217 3439 dilectionis
2229 3396 2351 3438 puri-tate
2370 3409 2412 3432 Fr.
2427 3413 2458 3440 4,

1284 3438 1416 3469 fiduciam
1430 3438 1551 3477 gerimus
1565 3437 1748 3475 ampliorem,
1766 3437 1845 3478 quod
1860 3446 1912 3477 pro
1926 3434 2028 3466 nostris
2047 3433 2232 3474 adimplendis
2244 3433 2350 3465 deiide-
2367 3447 2448 3471 12¹2.

1285 3479 1329 3508 riis
1342 3477 1431 3507 velitis
1442 3475 1575 3506 solicitius
1587 3475 1723 3507 laborare.
2367 3489 2404 3508 m,
2422 3489 2468 3518 23³

1322 3515 1402 3546 Cum
1417 3516 1510 3556 itaque
1521 3537 1532 3554 ,
1551 3512 1611 3549 &a
1631 3522 1662 3544 ut
1673 3514 1778 3554 fispra,
1795 3516 1853 3545 tam
1873 3513 2010 3551 fideliter,
2027 3511 2112 3552 quam
2125 3510 2245 3551 utiliter,
2263 3519 2295 3542 ut
2312 3510 2352 3541 rei
2369 3519 2422 3548 dor„

1285 3554 1428 3586 evidenter
1448 3553 1577 3593 probavit
1590 3554 1678 3584 exitus
1711 3553 1737 3584 se
1759 3554 1854 3584 habuit
1866 3554 1898 3583 in
1913 3551 2034 3589 eisdem,
2052 3560 2195 3590 quemque
2207 3552 2280 3581 inter
2293 3558 2352 3580 cae-

1285 3602 1375 3631 oeros,
1391 3591 1492 3623 nostris
1505 3590 1657 3622 insistentes
1668 3577 1797 3630 (grvitiis,
1815 3593 1915 3622 locum
1927 3597 2074 3621 tenentem
2087 3589 2282 3633 praecipuum,
2294 3587 2352 3618 lau-

1287 3632 1388 3662 dabilia
1403 3631 1485 3662 nobis
1496 3631 1629 3661 novimus
1640 3630 1768 3671 praestare
1781 3630 1915 3668 obsequia
1948 3638 1981 3659 ac
1997 3638 2057 3658 non
2071 3627 2159 3666 leves,
2178 3629 2230 3657 hiis
2243 3626 2351 3669 diebus,

1287 3670 1397 3701 labores
1416 3670 1450 3701 &
1469 3668 1596 3706 expensas
1615 3678 1669 3709 pro
1693 3668 1796 3700 nostris
1814 3652 1947 3707 augendis
1964 3666 2124 3698 utilitatibus
2144 3668 2179 3697 &
2196 3664 2353 3707 honoribus

1287 3708 1438 3747 sustinere,
1454 3706 1584 3746 quaedam
1600 3709 1714 3747 negotia
1726 3717 1811 3748 penes
1831 3707 1997 3738 Dominum
2011 3705 2166 3736 Summum
2179 3701 2354 3734 Pontificem

1290 3748 1321 3777 in
1333 3747 1459 3785 praesenti
1472 3746 1570 3777 habeat
1585 3747 1776 3785 prosequenda
1784 3770 1794 3785 ,
2318 3780 2323 3785 ,

1327 3786 1411 3825 Nm,
1429 3784 1641 3816 desiderabiliter
1654 3784 1818 3816 affectantes
1831 3784 1953 3815 eundem
1969 3781 2119 3813 Clericum
2134 3777 2281 3823 nostrum,
2297 3789 2354 3810 cir-

1291 3835 1324 3855 ca
1339 3824 1453 3855 felicem
1466 3823 1677 3862 expeditionem
1691 3824 1835 3854 dictorum
1851 3824 2031 3862 negotiorum
2042 3844 2053 3859 ,
2071 3818 2269 3859 Apostohcam
2288 3828 2354 3850 mu-

1291 3862 1464 3897 nificentiam
1476 3863 1621 3901 invenire,
1637 3863 1667 3892 in
1680 3862 1854 3893 exhibitione
1866 3862 1977 3900 gratiae,
1995 3858 2154 3894 liberalem,
2259 3895 2265 3901 .
2283 3895 2289 3902 ¹

1326 3900 1524 3931 Paternitatem
1544 3900 1666 3932 vestram
1679 3925 1689 3940 ,
1734 3909 1816 3932 uanta
1831 3899 1973 3938 possumus
1991 3896 2143 3928 affecuone
2156 3917 2166 3933 ,
2189 3903 2355 3935 requirimus

1289 3940 1323 3971 &
1342 3948 1472 3979 rogamus
1485 3963 1496 3976 ‚
1513 3940 1641 3982 quatinus
1660 3949 1716 3971 eun
1736 3949 1783 3970 em
1805 3937 1954 3969 Clericum
1973 3934 2102 3978 nosti-um
2118 3933 2222 3977 (quem
2237 3943 2353 3964 morum

1289 3978 1324 4010 ὃ(
1337 3978 1555 4011 conversationis
1567 3977 1654 4010 decor
1668 3987 1702 4010 ac
1716 3986 1861 4009 innumera
1875 3977 2010 4008 virtutum
2024 3971 2140 4013 mfigma
2154 3972 2272 4012 dignum
2286 3981 2354 4041 ouili-i
