<?xml version="1.0" encoding="UTF-8"?>
<!DOCTYPE html PUBLIC "-//W3C//DTD XHTML 1.0 Transitional//EN"
    "http://www.w3.org/TR/xhtml1/DTD/xhtml1-transitional.dtd">
<html xmlns="http://www.w3.org/1999/xhtml" xml:lang="en" lang="en">
 <head>
  <title>
</title>
<meta http-equiv="Content-Type" content="text/html;charset=utf-8" />
  <meta name='ocr-system' content='tesseract 3.04.00' />
  <meta name='ocr-capabilities' content='ocr_page ocr_carea ocr_par ocr_line ocrx_word'/>
</head>
<body>
  <div class='ocr_page' id='page_1' title='image "./fderaconventione01ryme_0275.png"; bbox 0 0 2570 4261; ppageno 0'>
   <div class='ocr_carea' id='block_1_1' title="bbox 0 299 74 334">
    <p class='ocr_par' dir='ltr' id='par_1_1' title="bbox 0 299 74 334">
     <span class='ocr_line' id='line_1_1' title="bbox 0 299 74 334; baseline -0.014 -1"><span class='ocrx_word' id='word_1_1' title='bbox 0 312 18 334; x_wconf 84' lang='lat' dir='ltr'>i.</span> <span class='ocrx_word' id='word_1_2' title='bbox 30 299 74 332; x_wconf 82' lang='lat' dir='ltr'>D.</span> 
     </span>
    </p>
   </div>
   <div class='ocr_carea' id='block_1_2' title="bbox 0 348 50 417">
    <p class='ocr_par' dir='ltr' id='par_1_2' title="bbox 0 348 50 417">
     <span class='ocr_line' id='line_1_2' title="bbox 2 348 46 381; baseline -0.045 0"><span class='ocrx_word' id='word_1_3' title='bbox 2 348 46 381; x_wconf 86' lang='lat'>55·</span> 
     </span>
     <span class='ocr_line' id='line_1_3' title="bbox 0 389 50 417; baseline -0.02 -8"><span class='ocrx_word' id='word_1_4' title='bbox 0 401 6 409; x_wconf 94' lang='lat'><strong>.</strong></span> <span class='ocrx_word' id='word_1_5' title='bbox 25 389 50 417; x_wconf 88' lang='lat'>3.</span> 
     </span>
    </p>
   </div>
   <div class='ocr_carea' id='block_1_3' title="bbox 11 587 58 615">
    <p class='ocr_par' dir='ltr' id='par_1_3' title="bbox 11 587 58 615">
     <span class='ocr_line' id='line_1_4' title="bbox 11 587 58 615; baseline 0.021 -10"><span class='ocrx_word' id='word_1_6' title='bbox 11 587 58 615; x_wconf 85' lang='lat'>40.</span> 
     </span>
    </p>
   </div>
   <div class='ocr_carea' id='block_1_4' title="bbox 8 1001 74 1031">
    <p class='ocr_par' dir='ltr' id='par_1_4' title="bbox 8 1001 74 1031">
     <span class='ocr_line' id='line_1_5' title="bbox 8 1001 74 1031; baseline -0.015 -1"><span class='ocrx_word' id='word_1_7' title='bbox 8 1001 74 1031; x_wconf 91' lang='lat'><em>577·</em></span> 
     </span>
    </p>
   </div>
   <div class='ocr_carea' id='block_1_5' title="bbox 0 1762 80 1794">
    <p class='ocr_par' dir='ltr' id='par_1_5' title="bbox 0 1762 80 1794">
     <span class='ocr_line' id='line_1_6' title="bbox 0 1762 80 1794; baseline 0.013 -1"><span class='ocrx_word' id='word_1_8' title='bbox 0 1772 25 1793; x_wconf 90' lang='lat' dir='ltr'>n.</span> <span class='ocrx_word' id='word_1_9' title='bbox 38 1762 80 1794; x_wconf 89' lang='lat' dir='ltr'>D.</span> 
     </span>
    </p>
   </div>
   <div class='ocr_carea' id='block_1_6' title="bbox 0 1810 59 1877">
    <p class='ocr_par' dir='ltr' id='par_1_6' title="bbox 0 1810 59 1877">
     <span class='ocr_line' id='line_1_7' title="bbox 0 1810 54 1841; baseline -0.019 -9"><span class='ocrx_word' id='word_1_10' title='bbox 0 1810 54 1841; x_wconf 64' lang='lat'>&#39;&#39;55&#39;</span> 
     </span>
     <span class='ocr_line' id='line_1_8' title="bbox 12 1852 59 1877; baseline 0.021 -9"><span class='ocrx_word' id='word_1_11' title='bbox 12 1852 59 1877; x_wconf 85' lang='lat'>40.</span> 
     </span>
    </p>
   </div>
   <div class='ocr_carea' id='block_1_7' title="bbox 16 3632 98 3664">
    <p class='ocr_par' dir='ltr' id='par_1_7' title="bbox 16 3632 98 3664">
     <span class='ocr_line' id='line_1_9' title="bbox 16 3632 98 3664; baseline 0 -1"><span class='ocrx_word' id='word_1_12' title='bbox 16 3632 98 3664; x_wconf 78' lang='lat' dir='ltr'>in.D.</span> 
     </span>
    </p>
   </div>
   <div class='ocr_carea' id='block_1_8' title="bbox 17 3720 81 3814">
    <p class='ocr_par' dir='ltr' id='par_1_8' title="bbox 17 3720 81 3814">
     <span class='ocr_line' id='line_1_10' title="bbox 17 3720 79 3746; baseline 0.016 -9"><span class='ocrx_word' id='word_1_13' title='bbox 17 3731 21 3737; x_wconf 91' lang='lat'><strong>.</strong></span> <span class='ocrx_word' id='word_1_14' title='bbox 31 3720 68 3746; x_wconf 89' lang='lat'>40</span> <span class='ocrx_word' id='word_1_15' title='bbox 73 3732 79 3738; x_wconf 92' lang='lat'><strong>.</strong></span> 
     </span>
     <span class='ocr_line' id='line_1_11' title="bbox 23 3789 81 3814; baseline 0.017 -1"><span class='ocrx_word' id='word_1_16' title='bbox 23 3789 81 3814; x_wconf 84' lang='lat' dir='ltr'>Au-</span> 
     </span>
    </p>
   </div>
   <div class='ocr_carea' id='block_1_9' title="bbox 3 1996 83 2031">
    <p class='ocr_par' dir='ltr' id='par_1_9' title="bbox 3 1996 83 2031">
     <span class='ocr_line' id='line_1_12' title="bbox 3 1996 83 2031; baseline 0.025 -9"><span class='ocrx_word' id='word_1_17' title='bbox 3 2004 45 2031; x_wconf 86' lang='lat'>¹9·</span> <span class='ocrx_word' id='word_1_18' title='bbox 56 1996 83 2024; x_wconf 85' lang='lat' dir='ltr'>d.</span> 
     </span>
    </p>
   </div>
   <div class='ocr_carea' id='block_1_10' title="bbox 652 160 1113 205">
    <p class='ocr_par' dir='ltr' id='par_1_10' title="bbox 652 160 1113 205">
     <span class='ocr_line' id='line_1_13' title="bbox 652 160 1113 205; baseline 0 -3"><span class='ocrx_word' id='word_1_19' title='bbox 652 161 764 203; x_wconf 90' lang='lat' dir='ltr'>ET</span> <span class='ocrx_word' id='word_1_20' title='bbox 847 160 1113 205; x_wconf 88' lang='lat' dir='ltr'>ACTA</span> 
     </span>
    </p>
   </div>
   <div class='ocr_carea' id='block_1_11' title="bbox 91 329 1146 531">
    <p class='ocr_par' dir='ltr' id='par_1_11' title="bbox 91 329 1146 531">
     <span class='ocr_line' id='line_1_14' title="bbox 91 329 1142 385; baseline -0.004 -18"><span class='ocrx_word' id='word_1_21' title='bbox 91 339 180 371; x_wconf 81' lang='lat' dir='ltr'>Bulla</span> <span class='ocrx_word' id='word_1_22' title='bbox 213 348 247 370; x_wconf 78' lang='lat' dir='ltr'><em>us</em></span> <span class='ocrx_word' id='word_1_23' title='bbox 267 363 278 378; x_wconf 79' lang='lat'>‚</span> <span class='ocrx_word' id='word_1_24' title='bbox 307 335 341 377; x_wconf 80' lang='lat' dir='ltr'><em>st</em></span> <span class='ocrx_word' id='word_1_25' title='bbox 360 335 484 366; x_wconf 82' lang='lat' dir='ltr'><em>Fratres</em></span> <span class='ocrx_word' id='word_1_26' title='bbox 506 333 620 378; x_wconf 87' lang='lat' dir='ltr'>Templi</span> <span class='ocrx_word' id='word_1_27' title='bbox 643 331 804 378; x_wconf 76' lang='lat' dir='ltr'>aliquando</span> <span class='ocrx_word' id='word_1_28' title='bbox 819 330 941 374; x_wconf 82' lang='lat' dir='ltr'>fuerint</span> <span class='ocrx_word' id='word_1_29' title='bbox 962 329 1116 385; x_wconf 59' lang='lat' dir='ltr'>verberati</span> <span class='ocrx_word' id='word_1_30' title='bbox 1131 355 1142 372; x_wconf 93' lang='lat'>,</span> 
     </span>
     <span class='ocr_line' id='line_1_15' title="bbox 136 380 1143 430; baseline -0.009 -10"><span class='ocrx_word' id='word_1_31' title='bbox 136 384 327 430; x_wconf 79' lang='lat' dir='ltr'>molestatores</span> <span class='ocrx_word' id='word_1_32' title='bbox 348 380 519 426; x_wconf 77' lang='lat' dir='ltr'>hujusmodi</span> <span class='ocrx_word' id='word_1_33' title='bbox 541 390 596 413; x_wconf 80' lang='lat' dir='ltr'>aut</span> <span class='ocrx_word' id='word_1_34' title='bbox 609 381 644 426; x_wconf 77' lang='lat' dir='ltr'><em>fi</em></span> <span class='ocrx_word' id='word_1_35' title='bbox 663 390 790 426; x_wconf 80' lang='lat' dir='ltr'>purgent</span> <span class='ocrx_word' id='word_1_36' title='bbox 808 390 863 426; x_wconf 88' lang='lat' dir='ltr'>per</span> <span class='ocrx_word' id='word_1_37' title='bbox 880 383 1036 424; x_wconf 80' lang='lat' dir='ltr'>proprium</span> <span class='ocrx_word' id='word_1_38' title='bbox 1050 391 1143 423; x_wconf 68' lang='lat' dir='ltr'>jnra-</span> 
     </span>
     <span class='ocr_line' id='line_1_16' title="bbox 137 427 1146 476; baseline -0.003 -12"><span class='ocrx_word' id='word_1_39' title='bbox 137 444 290 474; x_wconf 75' lang='lat' dir='ltr'>memum,</span> <span class='ocrx_word' id='word_1_40' title='bbox 315 439 370 462; x_wconf 77' lang='lat' dir='ltr'>aut</span> <span class='ocrx_word' id='word_1_41' title='bbox 392 432 542 462; x_wconf 81' lang='lat' dir='ltr'><em>evitentur</em></span> <span class='ocrx_word' id='word_1_42' title='bbox 564 439 725 476; x_wconf 77' lang='lat' dir='ltr'>tamquam</span> <span class='ocrx_word' id='word_1_43' title='bbox 740 431 993 462; x_wconf 76' lang='lat' dir='ltr'>excommunicati·</span> <span class='ocrx_word' id='word_1_44' title='bbox 1012 427 1101 461; x_wconf 86' lang='lat' dir='ltr'>donec</span> <span class='ocrx_word' id='word_1_45' title='bbox 1109 428 1146 473; x_wconf 84' lang='lat' dir='ltr'>se</span> 
     </span>
     <span class='ocr_line' id='line_1_17' title="bbox 131 476 269 531; baseline -0.022 -15"><span class='ocrx_word' id='word_1_46' title='bbox 131 476 269 531; x_wconf 65' lang='lat' dir='ltr'>purgent.</span> 
     </span>
    </p>
   </div>
   <div class='ocr_carea' id='block_1_12' title="bbox 90 561 1154 1371">
    <p class='ocr_par' dir='ltr' id='par_1_12' title="bbox 90 561 1150 761">
     <span class='ocr_line' id='line_1_18' title="bbox 154 561 1147 607; baseline -0.004 -11"><span class='ocrx_word' id='word_1_47' title='bbox 154 563 299 596; x_wconf 86' lang='lat' dir='ltr'>Lexander</span> <span class='ocrx_word' id='word_1_48' title='bbox 317 564 487 603; x_wconf 76' lang='lat' dir='ltr'><strong>Episcopus,</strong></span> <span class='ocrx_word' id='word_1_49' title='bbox 504 562 597 594; x_wconf 88' lang='lat' dir='ltr'>servus</span> <span class='ocrx_word' id='word_1_50' title='bbox 619 563 763 593; x_wconf 86' lang='lat' dir='ltr'>servorum</span> <span class='ocrx_word' id='word_1_51' title='bbox 785 561 860 601; x_wconf 87' lang='lat' dir='ltr'>Dei,</span> <span class='ocrx_word' id='word_1_52' title='bbox 877 562 1081 607; x_wconf 78' lang='lat' dir='ltr'>venerabilibus</span> <span class='ocrx_word' id='word_1_53' title='bbox 1093 561 1147 607; x_wconf 76' lang='lat' dir='ltr'>fra-</span> 
     </span>
     <span class='ocr_line' id='line_1_19' title="bbox 95 567 1149 640; baseline -0.004 -6"><span class='ocrx_word' id='word_1_54' title='bbox 95 567 152 630; x_wconf 83' lang='grc' dir='ltr'><strong>Α</strong></span> <span class='ocrx_word' id='word_1_55' title='bbox 170 604 256 634; x_wconf 89' lang='lat' dir='ltr'>tribus</span> <span class='ocrx_word' id='word_1_56' title='bbox 279 602 517 640; x_wconf 86' lang='lat' dir='ltr'>Archiepiscopis,</span> <span class='ocrx_word' id='word_1_57' title='bbox 536 603 570 633; x_wconf 89' lang='lat'>&amp;</span> <span class='ocrx_word' id='word_1_58' title='bbox 591 601 753 639; x_wconf 76' lang='lat' dir='ltr'>Episcopis3</span> <span class='ocrx_word' id='word_1_59' title='bbox 773 601 806 631; x_wconf 89' lang='lat'>&amp;</span> <span class='ocrx_word' id='word_1_60' title='bbox 825 601 933 631; x_wconf 68' lang='lat' dir='ltr'>dilectis</span> <span class='ocrx_word' id='word_1_61' title='bbox 954 602 1014 631; x_wconf 85' lang='lat' dir='ltr'>filiis</span> <span class='ocrx_word' id='word_1_62' title='bbox 1030 601 1149 631; x_wconf 89' lang='lat' dir='ltr'>Abbati-</span> 
     </span>
     <span class='ocr_line' id='line_1_20' title="bbox 92 638 1150 683; baseline -0.005 -10"><span class='ocrx_word' id='word_1_63' title='bbox 92 643 143 673; x_wconf 86' lang='lat' dir='ltr'>bus</span> <span class='ocrx_word' id='word_1_64' title='bbox 178 641 336 680; x_wconf 81' lang='lat' dir='ltr'>Prioribus,</span> <span class='ocrx_word' id='word_1_65' title='bbox 354 641 495 678; x_wconf 90' lang='lat' dir='ltr'>Decanis,</span> <span class='ocrx_word' id='word_1_66' title='bbox 507 639 735 676; x_wconf 78' lang='lat' dir='ltr'>Archidiaconis,</span> <span class='ocrx_word' id='word_1_67' title='bbox 751 640 784 669; x_wconf 88' lang='lat'>&amp;</span> <span class='ocrx_word' id='word_1_68' title='bbox 797 638 854 669; x_wconf 90' lang='lat' dir='ltr'>aliis</span> <span class='ocrx_word' id='word_1_69' title='bbox 869 639 1057 683; x_wconf 77' lang='lat' dir='ltr'>Ecclesiarurn</span> <span class='ocrx_word' id='word_1_70' title='bbox 1073 639 1150 669; x_wconf 79' lang='lat' dir='ltr'>Prae-</span> 
     </span>
     <span class='ocr_line' id='line_1_21' title="bbox 91 667 1148 719; baseline -0.003 -8"><span class='ocrx_word' id='word_1_71' title='bbox 91 667 167 719; x_wconf 80' lang='lat' dir='ltr'>latis&#39;,</span> <span class='ocrx_word' id='word_1_72' title='bbox 185 680 220 710; x_wconf 91' lang='lat' dir='ltr'>ad</span> <span class='ocrx_word' id='word_1_73' title='bbox 233 690 304 719; x_wconf 90' lang='lat' dir='ltr'>quos</span> <span class='ocrx_word' id='word_1_74' title='bbox 317 681 415 710; x_wconf 85' lang='lat' dir='ltr'>litterae</span> <span class='ocrx_word' id='word_1_75' title='bbox 428 678 487 709; x_wconf 83' lang='lat' dir='ltr'>istae</span> <span class='ocrx_word' id='word_1_76' title='bbox 501 679 693 716; x_wconf 85' lang='lat' dir='ltr'><strong>pervenerint,</strong></span> <span class='ocrx_word' id='word_1_77' title='bbox 711 677 825 709; x_wconf 90' lang='lat' dir='ltr'>salutem</span> <span class='ocrx_word' id='word_1_78' title='bbox 839 678 871 709; x_wconf 89' lang='lat'>&amp;</span> <span class='ocrx_word' id='word_1_79' title='bbox 887 677 1084 716; x_wconf 85' lang='lat' dir='ltr'>Apostolicam</span> <span class='ocrx_word' id='word_1_80' title='bbox 1098 678 1148 708; x_wconf 90' lang='lat' dir='ltr'>be-</span> 
     </span>
     <span class='ocr_line' id='line_1_22' title="bbox 90 718 1134 761; baseline -0.004 2"><span class='ocrx_word' id='word_1_81' title='bbox 90 718 295 750; x_wconf 65' lang='lat' dir='ltr'>nedifflonem·</span> <span class='ocrx_word' id='word_1_82' title='bbox 454 755 459 761; x_wconf 68' lang='grc' dir='ltr'><strong><em>ο</em></strong></span> <span class='ocrx_word' id='word_1_83' title='bbox 520 755 525 760; x_wconf 79' lang='grc' dir='ltr'>ι</span> <span class='ocrx_word' id='word_1_84' title='bbox 571 755 586 760; x_wconf 79' lang='grc' dir='ltr'>ιι</span> <span class='ocrx_word' id='word_1_85' title='bbox 751 755 755 759; x_wconf 89' lang='grc'><strong>-</strong></span> <span class='ocrx_word' id='word_1_86' title='bbox 770 755 775 760; x_wconf 79' lang='grc' dir='ltr'>ι</span> <span class='ocrx_word' id='word_1_87' title='bbox 792 754 796 759; x_wconf 89' lang='grc' dir='ltr'>ι</span> <span class='ocrx_word' id='word_1_88' title='bbox 946 755 951 761; x_wconf 65' lang='lat'>0</span> <span class='ocrx_word' id='word_1_89' title='bbox 1128 753 1134 759; x_wconf 64' lang='lat' dir='ltr'><em>u</em></span> 
     </span>
    </p>

    <p class='ocr_par' dir='ltr' id='par_1_13' title="bbox 90 753 1149 914">
     <span class='ocr_line' id='line_1_23' title="bbox 129 753 1149 798; baseline -0.006 -9"><span class='ocrx_word' id='word_1_90' title='bbox 129 757 323 798; x_wconf 87' lang='lat' dir='ltr'>Significarunt</span> <span class='ocrx_word' id='word_1_91' title='bbox 336 754 418 786; x_wconf 88' lang='lat' dir='ltr'>nobis</span> <span class='ocrx_word' id='word_1_92' title='bbox 433 753 527 784; x_wconf 66' lang='lat' dir='ltr'>dilecti</span> <span class='ocrx_word' id='word_1_93' title='bbox 540 753 588 784; x_wconf 81' lang='lat' dir='ltr'>filii</span> <span class='ocrx_word' id='word_1_94' title='bbox 603 754 695 784; x_wconf 73' lang='lat' dir='ltr'>fratres</span> <span class='ocrx_word' id='word_1_95' title='bbox 710 753 825 798; x_wconf 66' lang='lat' dir='ltr'>Mlhtlae.</span> <span class='ocrx_word' id='word_1_96' title='bbox 835 753 970 793; x_wconf 87' lang='lat' dir='ltr'>Templi,</span> <span class='ocrx_word' id='word_1_97' title='bbox 1011 753 1069 797; x_wconf 84' lang='lat' dir='ltr'>uod</span> <span class='ocrx_word' id='word_1_98' title='bbox 1087 763 1149 791; x_wconf 90' lang='lat' dir='ltr'>qui-</span> 
     </span>
     <span class='ocr_line' id='line_1_24' title="bbox 91 792 1148 834; baseline -0.006 -7"><span class='ocrx_word' id='word_1_99' title='bbox 91 796 158 827; x_wconf 85' lang='lat' dir='ltr'>dam</span> <span class='ocrx_word' id='word_1_100' title='bbox 171 805 287 834; x_wconf 89' lang='lat' dir='ltr'>eorum,</span> <span class='ocrx_word' id='word_1_101' title='bbox 304 794 441 825; x_wconf 86' lang='lat' dir='ltr'>verberati</span> <span class='ocrx_word' id='word_1_102' title='bbox 453 792 603 829; x_wconf 88' lang='lat' dir='ltr'>aliquando</span> <span class='ocrx_word' id='word_1_103' title='bbox 616 794 649 823; x_wconf 90' lang='lat'>&amp;</span> <span class='ocrx_word' id='word_1_104' title='bbox 661 792 795 822; x_wconf 88' lang='lat' dir='ltr'>vulnerati</span> <span class='ocrx_word' id='word_1_105' title='bbox 818 792 976 831; x_wconf 85' lang='lat' dir='ltr'>interdum,</span> <span class='ocrx_word' id='word_1_106' title='bbox 1013 793 1148 822; x_wconf 85' lang='lat' dir='ltr'>estituun-</span> 
     </span>
     <span class='ocr_line' id='line_1_25' title="bbox 90 829 1149 871; baseline -0.005 -6"><span class='ocrx_word' id='word_1_107' title='bbox 90 844 135 866; x_wconf 93' lang='lat' dir='ltr'>tur</span> <span class='ocrx_word' id='word_1_108' title='bbox 147 833 278 871; x_wconf 71' lang='lat' dir='ltr'>testibus,</span> <span class='ocrx_word' id='word_1_109' title='bbox 296 834 330 864; x_wconf 90' lang='lat'>&amp;</span> <span class='ocrx_word' id='word_1_110' title='bbox 344 832 461 870; x_wconf 89' lang='lat' dir='ltr'>probare</span> <span class='ocrx_word' id='word_1_111' title='bbox 475 831 637 861; x_wconf 87' lang='lat' dir='ltr'>violentiam</span> <span class='ocrx_word' id='word_1_112' title='bbox 649 841 710 861; x_wconf 93' lang='lat' dir='ltr'>non</span> <span class='ocrx_word' id='word_1_113' title='bbox 723 830 859 869; x_wconf 71' lang='lat' dir='ltr'>valentes,</span> <span class='ocrx_word' id='word_1_114' title='bbox 878 830 982 861; x_wconf 87' lang='lat' dir='ltr'>nullam</span> <span class='ocrx_word' id='word_1_115' title='bbox 1003 829 1039 860; x_wconf 90' lang='lat' dir='ltr'>de</span> <span class='ocrx_word' id='word_1_116' title='bbox 1062 829 1149 860; x_wconf 88' lang='lat' dir='ltr'>male-</span> 
     </span>
     <span class='ocr_line' id='line_1_26' title="bbox 92 869 983 914; baseline -0.009 -11"><span class='ocrx_word' id='word_1_117' title='bbox 92 872 245 903; x_wconf 72' lang='lat' dir='ltr'>factoribus</span> <span class='ocrx_word' id='word_1_118' title='bbox 254 870 388 910; x_wconf 86' lang='lat' dir='ltr'>justitiam</span> <span class='ocrx_word' id='word_1_119' title='bbox 399 869 622 913; x_wconf 79' lang='lat' dir='ltr'>consequuntur:</span> <span class='ocrx_word' id='word_1_120' title='bbox 890 907 895 914; x_wconf 29' lang='lat'><strong><em>⁵</em></strong></span> <span class='ocrx_word' id='word_1_121' title='bbox 917 908 922 914; x_wconf 85' lang='lat'><strong>.</strong></span> <span class='ocrx_word' id='word_1_122' title='bbox 978 908 983 913; x_wconf 39' lang='grc' dir='ltr'>Ι</span> 
     </span>
    </p>

    <p class='ocr_par' dir='ltr' id='par_1_14' title="bbox 91 906 1153 1257">
     <span class='ocr_line' id='line_1_27' title="bbox 130 906 1150 951; baseline -0.006 -10"><span class='ocrx_word' id='word_1_123' title='bbox 130 910 266 941; x_wconf 71' lang='lat' dir='ltr'>Volentes</span> <span class='ocrx_word' id='word_1_124' title='bbox 279 911 362 949; x_wconf 86' lang='lat' dir='ltr'>igitur</span> <span class='ocrx_word' id='word_1_125' title='bbox 375 908 510 938; x_wconf 81' lang='lat' dir='ltr'>securitati</span> <span class='ocrx_word' id='word_1_126' title='bbox 526 907 692 938; x_wconf 90' lang='lat' dir='ltr'>eorumdem</span> <span class='ocrx_word' id='word_1_127' title='bbox 706 907 822 938; x_wconf 83' lang='lat' dir='ltr'>fratrum</span> <span class='ocrx_word' id='word_1_128' title='bbox 837 906 1021 951; x_wconf 74' lang='lat' dir='ltr'>sollicitudine</span> <span class='ocrx_word' id='word_1_129' title='bbox 1038 913 1150 944; x_wconf 90' lang='lat' dir='ltr'>paterna</span> 
     </span>
     <span class='ocr_line' id='line_1_28' title="bbox 92 943 1151 990; baseline -0.005 -11"><span class='ocrx_word' id='word_1_130' title='bbox 92 948 266 988; x_wconf 83' lang='lat' dir='ltr'><strong>prospicere,</strong></span> <span class='ocrx_word' id='word_1_131' title='bbox 284 947 318 977; x_wconf 92' lang='lat' dir='ltr'>ad</span> <span class='ocrx_word' id='word_1_132' title='bbox 340 946 424 977; x_wconf 87' lang='lat' dir='ltr'>instar</span> <span class='ocrx_word' id='word_1_133' title='bbox 443 945 540 976; x_wconf 74' lang='lat' dir='ltr'>saelicis</span> <span class='ocrx_word' id='word_1_134' title='bbox 557 945 755 977; x_wconf 85' lang='lat' dir='ltr'>recordationis</span> <span class='ocrx_word' id='word_1_135' title='bbox 776 945 908 990; x_wconf 43' lang='lat' dir='ltr'>Honoru&#39;</span> <span class='ocrx_word' id='word_1_136' title='bbox 923 945 1023 988; x_wconf 74' lang='lat' dir='ltr'>Papae,</span> <span class='ocrx_word' id='word_1_137' title='bbox 1042 943 1151 982; x_wconf 78' lang='lat' dir='ltr'>praede-</span> 
     </span>
     <span class='ocr_line' id='line_1_29' title="bbox 92 983 1150 1031; baseline -0.008 -12"><span class='ocrx_word' id='word_1_138' title='bbox 92 987 207 1019; x_wconf 88' lang='lat' dir='ltr'>cefforis</span> <span class='ocrx_word' id='word_1_139' title='bbox 228 986 334 1024; x_wconf 89' lang='lat' dir='ltr'>nostri,</span> <span class='ocrx_word' id='word_1_140' title='bbox 357 984 524 1015; x_wconf 87' lang='lat' dir='ltr'>universitati</span> <span class='ocrx_word' id='word_1_141' title='bbox 545 985 565 1004; x_wconf 69' lang='lat'>³*</span> <span class='ocrx_word' id='word_1_142' title='bbox 586 984 687 1015; x_wconf 89' lang='lat' dir='ltr'>vestrae</span> <span class='ocrx_word' id='word_1_143' title='bbox 711 994 759 1022; x_wconf 88' lang='lat' dir='ltr'>per</span> <span class='ocrx_word' id='word_1_144' title='bbox 777 983 943 1031; x_wconf 67' lang='lat' dir='ltr'>Apostplica</span> <span class='ocrx_word' id='word_1_145' title='bbox 958 983 1150 1026; x_wconf 73' lang='lat' dir='ltr'>scriptaman-</span> 
     </span>
     <span class='ocr_line' id='line_1_30' title="bbox 92 1019 1150 1064; baseline -0.007 -8"><span class='ocrx_word' id='word_1_146' title='bbox 92 1026 190 1056; x_wconf 87' lang='lat' dir='ltr'>damus</span> <span class='ocrx_word' id='word_1_147' title='bbox 211 1033 294 1062; x_wconf 88' lang='lat' dir='ltr'>atque</span> <span class='ocrx_word' id='word_1_148' title='bbox 314 1024 492 1062; x_wconf 80' lang='lat' dir='ltr'>praecipimus</span> <span class='ocrx_word' id='word_1_149' title='bbox 514 1024 640 1060; x_wconf 79' lang='lat' dir='ltr'><strong>quatinus</strong></span> <span class='ocrx_word' id='word_1_150' title='bbox 664 1022 779 1060; x_wconf 89' lang='lat' dir='ltr'>quisque</span> <span class='ocrx_word' id='word_1_151' title='bbox 791 1021 920 1053; x_wconf 87' lang='lat' dir='ltr'>vestrum</span> <span class='ocrx_word' id='word_1_152' title='bbox 954 1019 1150 1064; x_wconf 26' lang='lat' dir='ltr'>‘trochianum</span> 
     </span>
     <span class='ocr_line' id='line_1_31' title="bbox 93 1059 1151 1105; baseline -0.008 -9"><span class='ocrx_word' id='word_1_153' title='bbox 93 1065 192 1101; x_wconf 90' lang='lat' dir='ltr'>suum,</span> <span class='ocrx_word' id='word_1_154' title='bbox 209 1063 258 1101; x_wconf 90' lang='lat' dir='ltr'>qui</span> <span class='ocrx_word' id='word_1_155' title='bbox 273 1062 309 1093; x_wconf 90' lang='lat' dir='ltr'>de</span> <span class='ocrx_word' id='word_1_156' title='bbox 322 1063 380 1093; x_wconf 85' lang='lat' dir='ltr'>hoc</span> <span class='ocrx_word' id='word_1_157' title='bbox 393 1062 530 1099; x_wconf 67' lang='lat' dir='ltr'>suspe&amp;us</span> <span class='ocrx_word' id='word_1_158' title='bbox 543 1062 706 1099; x_wconf 82' lang='lat' dir='ltr'>habebitur,</span> <span class='ocrx_word' id='word_1_159' title='bbox 722 1062 757 1105; x_wconf 67' lang='grc' dir='ltr'>ὃς</span> <span class='ocrx_word' id='word_1_160' title='bbox 769 1060 842 1104; x_wconf 81' lang='lat' dir='ltr'>fama</span> <span class='ocrx_word' id='word_1_161' title='bbox 862 1069 930 1090; x_wconf 86' lang='lat' dir='ltr'>vexa</span> <span class='ocrx_word' id='word_1_162' title='bbox 952 1067 1020 1097; x_wconf 82' lang='lat' dir='ltr'>itur,</span> <span class='ocrx_word' id='word_1_163' title='bbox 1038 1059 1058 1087; x_wconf 90' lang='lat' dir='ltr'>fi</span> <span class='ocrx_word' id='word_1_164' title='bbox 1079 1068 1151 1103; x_wconf 79' lang='lat' dir='ltr'>con-</span> 
     </span>
     <span class='ocr_line' id='line_1_32' title="bbox 92 1096 1152 1140; baseline -0.008 -5"><span class='ocrx_word' id='word_1_165' title='bbox 92 1103 171 1135; x_wconf 87' lang='lat' dir='ltr'>vinci</span> <span class='ocrx_word' id='word_1_166' title='bbox 189 1102 364 1140; x_wconf 80' lang='lat' dir='ltr'>nequiverit,</span> <span class='ocrx_word' id='word_1_167' title='bbox 381 1107 413 1130; x_wconf 91' lang='lat' dir='ltr'>ut</span> <span class='ocrx_word' id='word_1_168' title='bbox 434 1100 460 1130; x_wconf 90' lang='lat' dir='ltr'>se</span> <span class='ocrx_word' id='word_1_169' title='bbox 477 1108 577 1139; x_wconf 82' lang='lat' dir='ltr'>purget</span> <span class='ocrx_word' id='word_1_170' title='bbox 596 1109 645 1138; x_wconf 87' lang='lat' dir='ltr'>per</span> <span class='ocrx_word' id='word_1_171' title='bbox 665 1108 810 1137; x_wconf 88' lang='lat' dir='ltr'>proprium</span> <span class='ocrx_word' id='word_1_172' title='bbox 826 1105 1015 1137; x_wconf 76' lang='lat' dir='ltr'>juramentum</span> <span class='ocrx_word' id='word_1_173' title='bbox 1028 1096 1152 1128; x_wconf 65' lang='lat' dir='ltr'>distnCte</span> 
     </span>
     <span class='ocr_line' id='line_1_33' title="bbox 91 1140 1153 1216; baseline -0.006 -7"><span class='ocrx_word' id='word_1_174' title='bbox 91 1140 245 1216; x_wconf 48' lang='lat' dir='ltr'>comffiiii}</span> <span class='ocrx_word' id='word_1_175' title='bbox 263 1177 283 1208; x_wconf 87' lang='lat' dir='ltr'>si</span> <span class='ocrx_word' id='word_1_176' title='bbox 297 1177 371 1208; x_wconf 88' lang='lat' dir='ltr'>forte</span> <span class='ocrx_word' id='word_1_177' title='bbox 384 1176 477 1207; x_wconf 89' lang='lat' dir='ltr'>facere</span> <span class='ocrx_word' id='word_1_178' title='bbox 488 1176 627 1214; x_wconf 90' lang='lat' dir='ltr'>noluerit,</span> <span class='ocrx_word' id='word_1_179' title='bbox 646 1175 717 1206; x_wconf 86' lang='lat' dir='ltr'>ficut</span> <span class='ocrx_word' id='word_1_180' title='bbox 726 1175 1005 1205; x_wconf 89' lang='lat' dir='ltr'>excommunicatum</span> <span class='ocrx_word' id='word_1_181' title='bbox 1019 1173 1102 1204; x_wconf 85' lang='lat' dir='ltr'>faciat</span> <span class='ocrx_word' id='word_1_182' title='bbox 1117 1173 1153 1203; x_wconf 91' lang='lat' dir='ltr'>ab</span> 
     </span>
     <span class='ocr_line' id='line_1_34' title="bbox 93 1211 1153 1257; baseline -0.008 -8"><span class='ocrx_word' id='word_1_183' title='bbox 93 1220 176 1249; x_wconf 88' lang='lat' dir='ltr'>omni</span> <span class='ocrx_word' id='word_1_184' title='bbox 199 1227 229 1247; x_wconf 88' lang='lat' dir='ltr'>us</span> <span class='ocrx_word' id='word_1_185' title='bbox 243 1217 324 1246; x_wconf 84' lang='lat' dir='ltr'>artius</span> <span class='ocrx_word' id='word_1_186' title='bbox 339 1217 452 1255; x_wconf 85' lang='lat' dir='ltr'>evitari,</span> <span class='ocrx_word' id='word_1_187' title='bbox 469 1214 563 1245; x_wconf 90' lang='lat' dir='ltr'>donec</span> <span class='ocrx_word' id='word_1_188' title='bbox 575 1215 622 1245; x_wconf 90' lang='lat' dir='ltr'>vel</span> <span class='ocrx_word' id='word_1_189' title='bbox 635 1215 838 1257; x_wconf 37' lang='lat' dir='ltr'>purgationem·</span> <span class='ocrx_word' id='word_1_190' title='bbox 851 1213 990 1250; x_wconf 87' lang='lat' dir='ltr'>praebeat,</span> <span class='ocrx_word' id='word_1_191' title='bbox 1008 1212 1072 1250; x_wconf 92' lang='lat' dir='ltr'>vel,</span> <span class='ocrx_word' id='word_1_192' title='bbox 1091 1211 1153 1255; x_wconf 75' lang='lat' dir='ltr'>cul-</span> 
     </span>
    </p>

    <p class='ocr_par' dir='ltr' id='par_1_15' title="bbox 93 1250 1154 1371">
     <span class='ocr_line' id='line_1_35' title="bbox 115 1250 1153 1295; baseline -0.007 -9"><span class='ocrx_word' id='word_1_193' title='bbox 115 1266 163 1286; x_wconf 87' lang='lat' dir='ltr'>arn</span> <span class='ocrx_word' id='word_1_194' title='bbox 177 1256 252 1285; x_wconf 90' lang='lat' dir='ltr'>suam</span> <span class='ocrx_word' id='word_1_195' title='bbox 266 1254 410 1284; x_wconf 88' lang='lat' dir='ltr'>humiliter</span> <span class='ocrx_word' id='word_1_196' title='bbox 425 1252 630 1292; x_wconf 84' lang='lat' dir='ltr'>recognoscens</span> <span class='ocrx_word' id='word_1_197' title='bbox 664 1251 742 1288; x_wconf 76' lang='lat' dir='ltr'>passo</span> <span class='ocrx_word' id='word_1_198' title='bbox 759 1260 886 1295; x_wconf 78' lang='lat' dir='ltr'>injuriam</span> <span class='ocrx_word' id='word_1_199' title='bbox 903 1260 1030 1294; x_wconf 84' lang='lat' dir='ltr'>congrue</span> <span class='ocrx_word' id='word_1_200' title='bbox 1052 1250 1153 1294; x_wconf 78' lang='lat' dir='ltr'>satisfa-</span> 
     </span>
     <span class='ocr_line' id='line_1_36' title="bbox 93 1268 1154 1333; baseline -0.006 -8"><span class='ocrx_word' id='word_1_201' title='bbox 93 1268 167 1333; x_wconf 62' lang='grc' dir='ltr'>Ξίπ,</span> <span class='ocrx_word' id='word_1_202' title='bbox 184 1295 218 1325; x_wconf 89' lang='lat'>&amp;</span> <span class='ocrx_word' id='word_1_203' title='bbox 231 1291 434 1330; x_wconf 87' lang='lat' dir='ltr'>absolvendus,</span> <span class='ocrx_word' id='word_1_204' title='bbox 450 1301 518 1322; x_wconf 92' lang='lat' dir='ltr'>cum</span> <span class='ocrx_word' id='word_1_205' title='bbox 531 1290 626 1327; x_wconf 77' lang='lat' dir='ltr'>litteris</span> <span class='ocrx_word' id='word_1_206' title='bbox 637 1274 793 1320; x_wconf 73' lang='lat' dir='ltr'>lDiocesani</span> <span class='ocrx_word' id='word_1_207' title='bbox 814 1288 964 1327; x_wconf 86' lang='lat' dir='ltr'>Episcopi,</span> <span class='ocrx_word' id='word_1_208' title='bbox 982 1287 1154 1326; x_wconf 87' lang='lat' dir='ltr'>Apostolico</span> 
     </span>
     <span class='ocr_line' id='line_1_37' title="bbox 95 1330 1118 1371; baseline -0.016 -6"><span class='ocrx_word' id='word_1_209' title='bbox 95 1333 122 1365; x_wconf 90' lang='lat' dir='ltr'>se</span> <span class='ocrx_word' id='word_1_210' title='bbox 134 1332 298 1371; x_wconf 69' lang='lat' dir='ltr'>conspectui</span> <span class='ocrx_word' id='word_1_211' title='bbox 309 1330 482 1368; x_wconf 85' lang='lat' dir='ltr'>representet.</span> <span class='ocrx_word' id='word_1_212' title='bbox 1115 1358 1118 1361; x_wconf 30' lang='grc' dir='ltr'>Ι</span> 
     </span>
    </p>
   </div>
   <div class='ocr_carea' id='block_1_13' title="bbox 97 1402 1155 1487">
    <p class='ocr_par' dir='ltr' id='par_1_16' title="bbox 97 1402 1155 1487">
     <span class='ocr_line' id='line_1_38' title="bbox 134 1402 1155 1446; baseline -0.004 -7"><span class='ocrx_word' id='word_1_213' title='bbox 134 1407 202 1439; x_wconf 91' lang='lat' dir='ltr'>Dat.</span> <span class='ocrx_word' id='word_1_214' title='bbox 222 1406 348 1440; x_wconf 89' lang='lat' dir='ltr'>Lateran.</span> <span class='ocrx_word' id='word_1_215' title='bbox 365 1406 466 1446; x_wconf 86' lang='lat' dir='ltr'>quinto</span> <span class='ocrx_word' id='word_1_216' title='bbox 488 1402 556 1435; x_wconf 71' lang='lat' dir='ltr'>Idsis</span> <span class='ocrx_word' id='word_1_217' title='bbox 569 1403 760 1442; x_wconf 86' lang='lat' dir='ltr'>Decembris,</span> <span class='ocrx_word' id='word_1_218' title='bbox 777 1402 963 1434; x_wconf 75' lang='lat' dir='ltr'>Pontificatsis</span> <span class='ocrx_word' id='word_1_219' title='bbox 976 1402 1066 1434; x_wconf 86' lang='lat' dir='ltr'>nostri</span> <span class='ocrx_word' id='word_1_220' title='bbox 1078 1412 1155 1435; x_wconf 89' lang='lat' dir='ltr'>anno</span> 
     </span>
     <span class='ocr_line' id='line_1_39' title="bbox 97 1457 200 1487; baseline -0.01 -10"><span class='ocrx_word' id='word_1_221' title='bbox 97 1457 200 1487; x_wconf 77' lang='lat' dir='ltr'>prurio.</span> 
     </span>
    </p>
   </div>
   <div class='ocr_carea' id='block_1_14' title="bbox 381 1517 1040 1562">
    <p class='ocr_par' dir='ltr' id='par_1_17' title="bbox 381 1517 1040 1562">
     <span class='ocr_line' id='line_1_40' title="bbox 381 1517 1040 1562; baseline -0.003 -11"><span class='ocrx_word' id='word_1_222' title='bbox 381 1519 509 1552; x_wconf 76' lang='lat' dir='ltr'>Plumbeo</span> <span class='ocrx_word' id='word_1_223' title='bbox 514 1518 603 1562; x_wconf 84' lang='lat' dir='ltr'>figillo</span> <span class='ocrx_word' id='word_1_224' title='bbox 613 1531 632 1550; x_wconf 85' lang='lat' dir='ltr'>a</span> <span class='ocrx_word' id='word_1_225' title='bbox 639 1517 700 1562; x_wconf 84' lang='lat' dir='ltr'>filis</span> <span class='ocrx_word' id='word_1_226' title='bbox 715 1522 794 1549; x_wconf 81' lang='lat' dir='ltr'>crocei</span> <span class='ocrx_word' id='word_1_227' title='bbox 808 1518 931 1561; x_wconf 82' lang='lat' dir='ltr'>rubeique</span> <span class='ocrx_word' id='word_1_228' title='bbox 942 1518 1040 1550; x_wconf 83' lang='lat' dir='ltr'>coloris.</span> 
     </span>
    </p>
   </div>
   <div class='ocr_carea' id='block_1_15' title="bbox 251 1653 986 1702">
    <p class='ocr_par' dir='ltr' id='par_1_18' title="bbox 251 1653 986 1702">
     <span class='ocr_line' id='line_1_41' title="bbox 251 1653 986 1702; baseline -0.004 -11"><span class='ocrx_word' id='word_1_229' title='bbox 251 1658 301 1691; x_wconf 78' lang='lat' dir='ltr'>De</span> <span class='ocrx_word' id='word_1_230' title='bbox 316 1658 442 1702; x_wconf 73' lang='lat' dir='ltr'>pecunia</span> <span class='ocrx_word' id='word_1_231' title='bbox 457 1654 549 1702; x_wconf 76' lang='lat' dir='ltr'>fitper</span> <span class='ocrx_word' id='word_1_232' title='bbox 569 1658 681 1701; x_wconf 85' lang='lat' dir='ltr'>negotio</span> <span class='ocrx_word' id='word_1_233' title='bbox 705 1654 810 1688; x_wconf 81' lang='lat' dir='ltr'>Siciliae</span> <span class='ocrx_word' id='word_1_234' title='bbox 828 1653 986 1700; x_wconf 70' lang='lat' dir='ltr'>sblvenda.</span> 
     </span>
    </p>
   </div>
   <div class='ocr_carea' id='block_1_16' title="bbox 97 1738 1170 2927">
    <p class='ocr_par' dir='ltr' id='par_1_19' title="bbox 152 1738 1016 1784">
     <span class='ocr_line' id='line_1_42' title="bbox 152 1738 1016 1784; baseline -0.002 -11"><span class='ocrx_word' id='word_1_235' title='bbox 152 1740 213 1774; x_wconf 83' lang='lat' dir='ltr'>EX</span> <span class='ocrx_word' id='word_1_236' title='bbox 226 1740 318 1772; x_wconf 90' lang='lat' dir='ltr'>Priori</span> <span class='ocrx_word' id='word_1_237' title='bbox 333 1741 368 1772; x_wconf 69' lang='grc' dir='ltr'>ὃς</span> <span class='ocrx_word' id='word_1_238' title='bbox 383 1739 550 1771; x_wconf 86' lang='lat' dir='ltr'>Conventui</span> <span class='ocrx_word' id='word_1_239' title='bbox 561 1738 856 1770; x_wconf 84' lang='lat' dir='ltr'>Westmonasteriensi</span> <span class='ocrx_word' id='word_1_240' title='bbox 865 1763 874 1778; x_wconf 95' lang='lat'>,</span> <span class='ocrx_word' id='word_1_241' title='bbox 892 1739 1016 1784; x_wconf 83' lang='lat' dir='ltr'>salutem.</span> 
     </span>
    </p>

    <p class='ocr_par' dir='ltr' id='par_1_20' title="bbox 97 1745 1164 2408">
     <span class='ocr_line' id='line_1_43' title="bbox 97 1745 1157 1822; baseline -0.001 -12"><span class='ocrx_word' id='word_1_242' title='bbox 97 1745 154 1801; x_wconf 84' lang='lat' dir='ltr'>R</span> <span class='ocrx_word' id='word_1_243' title='bbox 191 1779 270 1811; x_wconf 88' lang='lat' dir='ltr'>Cum</span> <span class='ocrx_word' id='word_1_244' title='bbox 282 1778 320 1810; x_wconf 92' lang='lat' dir='ltr'>de</span> <span class='ocrx_word' id='word_1_245' title='bbox 333 1780 452 1817; x_wconf 87' lang='lat' dir='ltr'>pecunia</span> <span class='ocrx_word' id='word_1_246' title='bbox 463 1778 584 1817; x_wconf 83' lang='lat' dir='ltr'>Crucis,</span> <span class='ocrx_word' id='word_1_247' title='bbox 602 1779 685 1808; x_wconf 91' lang='lat' dir='ltr'>nobis</span> <span class='ocrx_word' id='word_1_248' title='bbox 698 1787 714 1807; x_wconf 89' lang='lat' dir='ltr'>a</span> <span class='ocrx_word' id='word_1_249' title='bbox 732 1778 796 1822; x_wconf 87' lang='lat' dir='ltr'>sede</span> <span class='ocrx_word' id='word_1_250' title='bbox 817 1778 984 1822; x_wconf 74' lang='lat' dir='ltr'>Apostolica</span> <span class='ocrx_word' id='word_1_251' title='bbox 1005 1777 1157 1817; x_wconf 69' lang='lat' dir='ltr'>concessa,</span> 
     </span>
     <span class='ocr_line' id='line_1_44' title="bbox 98 1816 1157 1857; baseline 0 -9"><span class='ocrx_word' id='word_1_252' title='bbox 98 1826 242 1849; x_wconf 72' lang='lat' dir='ltr'>teneamur</span> <span class='ocrx_word' id='word_1_253' title='bbox 262 1816 406 1855; x_wconf 86' lang='lat' dir='ltr'>Episcopo</span> <span class='ocrx_word' id='word_1_254' title='bbox 426 1816 597 1847; x_wconf 79' lang='lat' dir='ltr'>Bononiensi</span> <span class='ocrx_word' id='word_1_255' title='bbox 618 1818 648 1846; x_wconf 88' lang='lat' dir='ltr'>in</span> <span class='ocrx_word' id='word_1_256' title='bbox 663 1825 744 1854; x_wconf 91' lang='lat'><em>4000</em></span> <span class='ocrx_word' id='word_1_257' title='bbox 762 1816 836 1846; x_wconf 87' lang='lat' dir='ltr'>libris</span> <span class='ocrx_word' id='word_1_258' title='bbox 848 1817 1063 1848; x_wconf 89' lang='lat' dir='ltr'>Turonensibus</span> <span class='ocrx_word' id='word_1_259' title='bbox 1078 1819 1157 1857; x_wconf 86' lang='lat' dir='ltr'>(quas</span> 
     </span>
     <span class='ocr_line' id='line_1_45' title="bbox 97 1854 1158 1900; baseline 0.001 -14"><span class='ocrx_word' id='word_1_260' title='bbox 97 1855 175 1887; x_wconf 91' lang='lat' dir='ltr'>idern</span> <span class='ocrx_word' id='word_1_261' title='bbox 192 1854 348 1894; x_wconf 86' lang='lat' dir='ltr'>Episcopus</span> <span class='ocrx_word' id='word_1_262' title='bbox 365 1855 455 1894; x_wconf 85' lang='lat' dir='ltr'>posuit</span> <span class='ocrx_word' id='word_1_263' title='bbox 472 1865 525 1893; x_wconf 90' lang='lat' dir='ltr'>pro</span> <span class='ocrx_word' id='word_1_264' title='bbox 542 1855 619 1885; x_wconf 68' lang='lat' dir='ltr'>faeto</span> <span class='ocrx_word' id='word_1_265' title='bbox 637 1854 733 1894; x_wconf 83' lang='lat' dir='ltr'>Regni</span> <span class='ocrx_word' id='word_1_266' title='bbox 749 1854 869 1894; x_wconf 62' lang='lat' dir='ltr'>Siciliae,</span> <span class='ocrx_word' id='word_1_267' title='bbox 885 1855 1010 1900; x_wconf 75' lang='lat' dir='ltr'>concessi</span> <span class='ocrx_word' id='word_1_268' title='bbox 1026 1855 1158 1887; x_wconf 88' lang='lat' dir='ltr'>Edmun-</span> 
     </span>
     <span class='ocr_line' id='line_1_46' title="bbox 99 1892 1157 1933; baseline 0.002 -9"><span class='ocrx_word' id='word_1_269' title='bbox 99 1894 139 1925; x_wconf 91' lang='lat' dir='ltr'>do</span> <span class='ocrx_word' id='word_1_270' title='bbox 156 1894 215 1925; x_wconf 87' lang='lat' dir='ltr'>filio</span> <span class='ocrx_word' id='word_1_271' title='bbox 232 1893 343 1931; x_wconf 90' lang='lat' dir='ltr'>nostro)</span> <span class='ocrx_word' id='word_1_272' title='bbox 362 1896 395 1925; x_wconf 91' lang='lat'>&amp;</span> <span class='ocrx_word' id='word_1_273' title='bbox 413 1893 450 1924; x_wconf 91' lang='lat' dir='ltr'>de</span> <span class='ocrx_word' id='word_1_274' title='bbox 468 1894 588 1932; x_wconf 80' lang='lat' dir='ltr'>quibuS,</span> <span class='ocrx_word' id='word_1_275' title='bbox 606 1892 699 1923; x_wconf 87' lang='lat' dir='ltr'>eidem</span> <span class='ocrx_word' id='word_1_276' title='bbox 718 1892 821 1930; x_wconf 88' lang='lat' dir='ltr'>Episco</span> <span class='ocrx_word' id='word_1_277' title='bbox 842 1903 861 1923; x_wconf 93' lang='lat' dir='ltr'>o</span> <span class='ocrx_word' id='word_1_278' title='bbox 879 1894 1017 1925; x_wconf 90' lang='lat' dir='ltr'>solvendis</span> <span class='ocrx_word' id='word_1_279' title='bbox 1032 1895 1067 1925; x_wconf 91' lang='lat' dir='ltr'>de</span> <span class='ocrx_word' id='word_1_280' title='bbox 1084 1906 1157 1933; x_wconf 84' lang='lat' dir='ltr'>prae-</span> 
     </span>
     <span class='ocr_line' id='line_1_47' title="bbox 100 1903 1158 1973; baseline 0.002 -10"><span class='ocrx_word' id='word_1_281' title='bbox 100 1932 176 1964; x_wconf 59' lang='lat' dir='ltr'>dista</span> <span class='ocrx_word' id='word_1_282' title='bbox 200 1931 320 1971; x_wconf 73' lang='lat' dir='ltr'>pecunia</span> <span class='ocrx_word' id='word_1_283' title='bbox 337 1930 438 1963; x_wconf 86' lang='lat' dir='ltr'>Crucis</span> <span class='ocrx_word' id='word_1_284' title='bbox 451 1955 462 1970; x_wconf 92' lang='lat'>,</span> <span class='ocrx_word' id='word_1_285' title='bbox 492 1932 609 1970; x_wconf 87' lang='lat' dir='ltr'>speciale</span> <span class='ocrx_word' id='word_1_286' title='bbox 625 1931 790 1963; x_wconf 90' lang='lat' dir='ltr'>mandatum</span> <span class='ocrx_word' id='word_1_287' title='bbox 806 1903 931 1963; x_wconf 48' lang='lat' dir='ltr'>&amp;omini</span> <span class='ocrx_word' id='word_1_288' title='bbox 946 1932 1032 1971; x_wconf 87' lang='lat' dir='ltr'>Papae</span> <span class='ocrx_word' id='word_1_289' title='bbox 1050 1934 1158 1973; x_wconf 87' lang='lat' dir='ltr'>recepi-</span> 
     </span>
     <span class='ocr_line' id='line_1_48' title="bbox 100 1982 1159 2056; baseline 0.001 -15"><span class='ocrx_word' id='word_1_290' title='bbox 100 1982 179 2041; x_wconf 51' lang='lat' dir='ltr'>mi&amp;</span> <span class='ocrx_word' id='word_1_291' title='bbox 190 2020 260 2049; x_wconf 90' lang='lat' dir='ltr'>nos,</span> <span class='ocrx_word' id='word_1_292' title='bbox 278 2018 414 2048; x_wconf 81' lang='lat' dir='ltr'>praetextu</span> <span class='ocrx_word' id='word_1_293' title='bbox 427 2008 550 2048; x_wconf 87' lang='lat' dir='ltr'>ejusdem</span> <span class='ocrx_word' id='word_1_294' title='bbox 565 2008 705 2054; x_wconf 78' lang='lat' dir='ltr'>mandati,</span> <span class='ocrx_word' id='word_1_295' title='bbox 725 2008 947 2054; x_wconf 69' lang='lat' dir='ltr'>mandaverimus</span> <span class='ocrx_word' id='word_1_296' title='bbox 962 2009 1104 2056; x_wconf 80' lang='lat' dir='ltr'>Magistro</span> <span class='ocrx_word' id='word_1_297' title='bbox 1119 2010 1159 2056; x_wconf 92' lang='lat' dir='ltr'>R.</span> 
     </span>
     <span class='ocr_line' id='line_1_49' title="bbox 98 2047 1161 2091; baseline 0.001 -11"><span class='ocrx_word' id='word_1_298' title='bbox 98 2050 245 2080; x_wconf 83' lang='lat' dir='ltr'>executori</span> <span class='ocrx_word' id='word_1_299' title='bbox 256 2050 364 2088; x_wconf 79' lang='lat' dir='ltr'>negotii</span> <span class='ocrx_word' id='word_1_300' title='bbox 377 2047 497 2087; x_wconf 85' lang='lat' dir='ltr'>Crucis,</span> <span class='ocrx_word' id='word_1_301' title='bbox 515 2048 594 2086; x_wconf 91' lang='lat' dir='ltr'>quod</span> <span class='ocrx_word' id='word_1_302' title='bbox 609 2048 702 2078; x_wconf 85' lang='lat' dir='ltr'>eidem</span> <span class='ocrx_word' id='word_1_303' title='bbox 718 2047 913 2091; x_wconf 25' lang='lat' dir='ltr'>Episcopo‘de</span> <span class='ocrx_word' id='word_1_304' title='bbox 926 2058 1045 2086; x_wconf 88' lang='lat' dir='ltr'>pecunia</span> <span class='ocrx_word' id='word_1_305' title='bbox 1058 2049 1161 2081; x_wconf 79' lang='lat' dir='ltr'>Crucrs</span> 
     </span>
     <span class='ocr_line' id='line_1_50' title="bbox 97 2085 1161 2126; baseline 0.003 -8"><span class='ocrx_word' id='word_1_306' title='bbox 97 2088 203 2119; x_wconf 91' lang='lat' dir='ltr'>habere</span> <span class='ocrx_word' id='word_1_307' title='bbox 215 2087 319 2118; x_wconf 90' lang='lat' dir='ltr'>faceret</span> <span class='ocrx_word' id='word_1_308' title='bbox 332 2087 418 2126; x_wconf 89' lang='lat' dir='ltr'>usque</span> <span class='ocrx_word' id='word_1_309' title='bbox 431 2086 466 2117; x_wconf 89' lang='lat' dir='ltr'>ad</span> <span class='ocrx_word' id='word_1_310' title='bbox 480 2085 612 2125; x_wconf 67' lang='lat' dir='ltr'>praedicta</span> <span class='ocrx_word' id='word_1_311' title='bbox 627 2094 747 2125; x_wconf 88' lang='lat' dir='ltr'>quatuor</span> <span class='ocrx_word' id='word_1_312' title='bbox 759 2087 845 2117; x_wconf 89' lang='lat' dir='ltr'>millia</span> <span class='ocrx_word' id='word_1_313' title='bbox 857 2086 992 2118; x_wconf 86' lang='lat' dir='ltr'>librarum</span> <span class='ocrx_word' id='word_1_314' title='bbox 1005 2088 1161 2121; x_wconf 89' lang='lat' dir='ltr'>Turonen-</span> 
     </span>
     <span class='ocr_line' id='line_1_51' title="bbox 98 2127 1164 2205; baseline 0.002 -9"><span class='ocrx_word' id='word_1_315' title='bbox 98 2127 275 2203; x_wconf 57' lang='lat' dir='ltr'>siuffigmque</span> <span class='ocrx_word' id='word_1_316' title='bbox 299 2163 438 2205; x_wconf 81' lang='lat' dir='ltr'>Magister</span> <span class='ocrx_word' id='word_1_317' title='bbox 455 2163 495 2194; x_wconf 92' lang='lat' dir='ltr'>R.</span> <span class='ocrx_word' id='word_1_318' title='bbox 541 2166 671 2195; x_wconf 89' lang='lat' dir='ltr'>ecuniam</span> <span class='ocrx_word' id='word_1_319' title='bbox 688 2164 766 2194; x_wconf 89' lang='lat' dir='ltr'>illam</span> <span class='ocrx_word' id='word_1_320' title='bbox 783 2164 876 2195; x_wconf 90' lang='lat' dir='ltr'>eidem</span> <span class='ocrx_word' id='word_1_321' title='bbox 892 2164 1036 2204; x_wconf 84' lang='lat' dir='ltr'>Episcopo</span> <span class='ocrx_word' id='word_1_322' title='bbox 1054 2166 1164 2199; x_wconf 89' lang='lat' dir='ltr'>solvere</span> 
     </span>
     <span class='ocr_line' id='line_1_52' title="bbox 98 2203 1164 2243; baseline 0.002 -7"><span class='ocrx_word' id='word_1_323' title='bbox 98 2204 238 2236; x_wconf 80' lang='lat' dir='ltr'>haesitavit</span> <span class='ocrx_word' id='word_1_324' title='bbox 252 2227 263 2243; x_wconf 90' lang='lat'>,</span> <span class='ocrx_word' id='word_1_325' title='bbox 288 2212 324 2234; x_wconf 88' lang='lat' dir='ltr'>eo</span> <span class='ocrx_word' id='word_1_326' title='bbox 343 2203 422 2242; x_wconf 88' lang='lat' dir='ltr'>quod</span> <span class='ocrx_word' id='word_1_327' title='bbox 438 2212 505 2233; x_wconf 89' lang='lat' dir='ltr'>man</span> <span class='ocrx_word' id='word_1_328' title='bbox 540 2211 601 2234; x_wconf 88' lang='lat' dir='ltr'>tum</span> <span class='ocrx_word' id='word_1_329' title='bbox 619 2203 820 2242; x_wconf 88' lang='lat' dir='ltr'>Apostolicum</span> <span class='ocrx_word' id='word_1_330' title='bbox 835 2203 915 2242; x_wconf 89' lang='lat' dir='ltr'>super</span> <span class='ocrx_word' id='word_1_331' title='bbox 932 2204 992 2236; x_wconf 91' lang='lat' dir='ltr'>hoc</span> <span class='ocrx_word' id='word_1_332' title='bbox 1009 2215 1071 2236; x_wconf 90' lang='lat' dir='ltr'>non</span> <span class='ocrx_word' id='word_1_333' title='bbox 1084 2216 1164 2238; x_wconf 90' lang='lat' dir='ltr'>rece-</span> 
     </span>
     <span class='ocr_line' id='line_1_53' title="bbox 97 2251 1163 2331; baseline 0.004 -20"><span class='ocrx_word' id='word_1_334' title='bbox 97 2251 177 2311; x_wconf 63' lang='lat' dir='ltr'>peEi</span> <span class='ocrx_word' id='word_1_335' title='bbox 184 2265 242 2311; x_wconf 69' lang='lat' dir='ltr'>2nos</span> <span class='ocrx_word' id='word_1_336' title='bbox 257 2281 397 2320; x_wconf 79' lang='lat' dir='ltr'>rogaverit</span> <span class='ocrx_word' id='word_1_337' title='bbox 408 2280 505 2320; x_wconf 89' lang='lat' dir='ltr'>quod,</span> <span class='ocrx_word' id='word_1_338' title='bbox 523 2290 573 2319; x_wconf 90' lang='lat' dir='ltr'>per</span> <span class='ocrx_word' id='word_1_339' title='bbox 588 2281 697 2326; x_wconf 83' lang='lat' dir='ltr'>aliquos</span> <span class='ocrx_word' id='word_1_340' title='bbox 710 2282 787 2312; x_wconf 89' lang='lat' dir='ltr'>viros</span> <span class='ocrx_word' id='word_1_341' title='bbox 799 2281 940 2320; x_wconf 76' lang='lat' dir='ltr'>religiosos</span> <span class='ocrx_word' id='word_1_342' title='bbox 952 2282 1000 2313; x_wconf 88' lang='lat' dir='ltr'>Re</span> <span class='ocrx_word' id='word_1_343' title='bbox 1019 2321 1029 2331; x_wconf 42' lang='grc' dir='ltr'>Α</span> <span class='ocrx_word' id='word_1_344' title='bbox 1040 2283 1050 2313; x_wconf 90' lang='lat' dir='ltr'>i</span> <span class='ocrx_word' id='word_1_345' title='bbox 1060 2283 1163 2329; x_wconf 79' lang='lat' dir='ltr'>nostri,</span> 
     </span>
     <span class='ocr_line' id='line_1_54' title="bbox 99 2319 1164 2361; baseline 0.004 -11"><span class='ocrx_word' id='word_1_346' title='bbox 99 2319 277 2350; x_wconf 86' lang='lat' dir='ltr'>securitatem</span> <span class='ocrx_word' id='word_1_347' title='bbox 290 2320 327 2349; x_wconf 88' lang='lat' dir='ltr'>de</span> <span class='ocrx_word' id='word_1_348' title='bbox 340 2319 541 2358; x_wconf 86' lang='lat' dir='ltr'>indempnitate</span> <span class='ocrx_word' id='word_1_349' title='bbox 553 2319 618 2360; x_wconf 89' lang='lat' dir='ltr'>sua,</span> <span class='ocrx_word' id='word_1_350' title='bbox 633 2328 664 2350; x_wconf 91' lang='lat' dir='ltr'>in</span> <span class='ocrx_word' id='word_1_351' title='bbox 675 2320 729 2351; x_wconf 88' lang='lat' dir='ltr'>hac</span> <span class='ocrx_word' id='word_1_352' title='bbox 741 2328 819 2361; x_wconf 88' lang='lat' dir='ltr'>parte</span> <span class='ocrx_word' id='word_1_353' title='bbox 841 2319 996 2353; x_wconf 91' lang='lat' dir='ltr'>conservari</span> <span class='ocrx_word' id='word_1_354' title='bbox 1016 2331 1032 2353; x_wconf 86' lang='lat' dir='ltr'>a</span> <span class='ocrx_word' id='word_1_355' title='bbox 1052 2323 1103 2354; x_wconf 81' lang='lat' dir='ltr'>libi</span> <span class='ocrx_word' id='word_1_356' title='bbox 1123 2324 1164 2354; x_wconf 82' lang='lat' dir='ltr'>sa-</span> 
     </span>
     <span class='ocr_line' id='line_1_55' title="bbox 102 2358 1151 2408; baseline 0.002 -20"><span class='ocrx_word' id='word_1_357' title='bbox 102 2368 231 2388; x_wconf 89' lang='lat' dir='ltr'>ceremus</span> <span class='ocrx_word' id='word_1_358' title='bbox 247 2358 387 2396; x_wconf 83' lang='lat' dir='ltr'>exhiberi,</span> <span class='ocrx_word' id='word_1_359' title='bbox 703 2398 708 2403; x_wconf 39' lang='lat'><em>¹</em></span> <span class='ocrx_word' id='word_1_360' title='bbox 947 2399 954 2405; x_wconf 35' lang='lat'>¹</span> <span class='ocrx_word' id='word_1_361' title='bbox 1077 2401 1082 2407; x_wconf 32' lang='grc' dir='ltr'><strong><em>ι</em></strong></span> <span class='ocrx_word' id='word_1_362' title='bbox 1145 2401 1151 2408; x_wconf 43' lang='grc'><strong>.</strong></span> 
     </span>
    </p>

    <p class='ocr_par' dir='ltr' id='par_1_21' title="bbox 101 2395 1168 2632">
     <span class='ocr_line' id='line_1_56' title="bbox 140 2395 1166 2445; baseline 0.005 -19"><span class='ocrx_word' id='word_1_363' title='bbox 140 2397 264 2435; x_wconf 85' lang='lat' dir='ltr'>Nosque</span> <span class='ocrx_word' id='word_1_364' title='bbox 277 2395 451 2434; x_wconf 84' lang='lat' dir='ltr'>dispendium</span> <span class='ocrx_word' id='word_1_365' title='bbox 463 2406 524 2427; x_wconf 88' lang='lat' dir='ltr'>non</span> <span class='ocrx_word' id='word_1_366' title='bbox 535 2395 686 2427; x_wconf 89' lang='lat' dir='ltr'>modicum</span> <span class='ocrx_word' id='word_1_367' title='bbox 701 2407 842 2429; x_wconf 84' lang='lat' dir='ltr'>incurrere</span> <span class='ocrx_word' id='word_1_368' title='bbox 862 2406 1020 2443; x_wconf 73' lang='lat' dir='ltr'>poterimus</span> <span class='ocrx_word' id='word_1_369' title='bbox 1054 2399 1104 2430; x_wconf 90' lang='lat' dir='ltr'>nifi</span> <span class='ocrx_word' id='word_1_370' title='bbox 1126 2411 1166 2445; x_wconf 74' lang='lat' dir='ltr'>ei-</span> 
     </span>
     <span class='ocr_line' id='line_1_57' title="bbox 101 2421 1166 2483; baseline 0.005 -19"><span class='ocrx_word' id='word_1_371' title='bbox 101 2434 170 2465; x_wconf 89' lang='lat' dir='ltr'>dem</span> <span class='ocrx_word' id='word_1_372' title='bbox 191 2434 334 2473; x_wconf 86' lang='lat' dir='ltr'>Episcopo</span> <span class='ocrx_word' id='word_1_373' title='bbox 355 2434 472 2464; x_wconf 76' lang='lat' dir='ltr'>celerius</span> <span class='ocrx_word' id='word_1_374' title='bbox 493 2434 600 2465; x_wconf 90' lang='lat' dir='ltr'>satisfiat</span> <span class='ocrx_word' id='word_1_375' title='bbox 615 2434 651 2464; x_wconf 92' lang='lat' dir='ltr'>de</span> <span class='ocrx_word' id='word_1_376' title='bbox 664 2436 805 2472; x_wconf 69' lang='lat' dir='ltr'>praediffls</span> <span class='ocrx_word' id='word_1_377' title='bbox 820 2445 939 2480; x_wconf 74' lang='lat' dir='ltr'>quatuor</span> <span class='ocrx_word' id='word_1_378' title='bbox 953 2421 1076 2482; x_wconf 71' lang='lat' dir='ltr'>millibus</span> <span class='ocrx_word' id='word_1_379' title='bbox 1090 2439 1166 2483; x_wconf 81' lang='lat' dir='ltr'>libris</span> 
     </span>
     <span class='ocr_line' id='line_1_58' title="bbox 103 2472 1167 2514; baseline 0.006 -12"><span class='ocrx_word' id='word_1_380' title='bbox 103 2473 337 2510; x_wconf 71' lang='lat' dir='ltr'>Turonenfibus,</span> <span class='ocrx_word' id='word_1_381' title='bbox 355 2472 505 2510; x_wconf 82' lang='lat' dir='ltr'>praeseitim</span> <span class='ocrx_word' id='word_1_382' title='bbox 518 2482 587 2502; x_wconf 90' lang='lat' dir='ltr'>cum</span> <span class='ocrx_word' id='word_1_383' title='bbox 599 2472 690 2504; x_wconf 69' lang='lat' dir='ltr'>dietus</span> <span class='ocrx_word' id='word_1_384' title='bbox 705 2473 861 2513; x_wconf 85' lang='lat' dir='ltr'>Episcopus</span> <span class='ocrx_word' id='word_1_385' title='bbox 877 2485 936 2514; x_wconf 79' lang='lat' dir='ltr'>jam</span> <span class='ocrx_word' id='word_1_386' title='bbox 958 2475 990 2506; x_wconf 84' lang='lat' dir='ltr'>sit</span> <span class='ocrx_word' id='word_1_387' title='bbox 1009 2486 1039 2506; x_wconf 89' lang='lat' dir='ltr'>in</span> <span class='ocrx_word' id='word_1_388' title='bbox 1052 2486 1167 2514; x_wconf 89' lang='lat' dir='ltr'>procin-</span> 
     </span>
     <span class='ocr_line' id='line_1_59' title="bbox 104 2510 1168 2556; baseline 0.006 -15"><span class='ocrx_word' id='word_1_389' title='bbox 104 2511 155 2541; x_wconf 67' lang='grc' dir='ltr'>ἂι]</span> <span class='ocrx_word' id='word_1_390' title='bbox 176 2511 280 2542; x_wconf 63' lang='lat' dir='ltr'>itineris</span> <span class='ocrx_word' id='word_1_391' title='bbox 296 2510 491 2549; x_wconf 86' lang='lat' dir='ltr'>proficiscendi</span> <span class='ocrx_word' id='word_1_392' title='bbox 502 2510 538 2541; x_wconf 89' lang='lat' dir='ltr'>ad</span> <span class='ocrx_word' id='word_1_393' title='bbox 552 2510 670 2542; x_wconf 85' lang='lat' dir='ltr'>Curiam</span> <span class='ocrx_word' id='word_1_394' title='bbox 685 2511 867 2552; x_wconf 82' lang='lat' dir='ltr'>Romanam,</span> <span class='ocrx_word' id='word_1_395' title='bbox 883 2523 935 2552; x_wconf 85' lang='lat' dir='ltr'>pro</span> <span class='ocrx_word' id='word_1_396' title='bbox 946 2513 1037 2545; x_wconf 82' lang='lat' dir='ltr'>arduis</span> <span class='ocrx_word' id='word_1_397' title='bbox 1049 2517 1168 2556; x_wconf 83' lang='lat' dir='ltr'>negotiis</span> 
     </span>
     <span class='ocr_line' id='line_1_60' title="bbox 104 2549 1168 2632; baseline 0.008 -15"><span class='ocrx_word' id='word_1_398' title='bbox 104 2549 208 2617; x_wconf 50' lang='grc' dir='ltr'>ΠΟῙΙΞἜΞ</span> <span class='ocrx_word' id='word_1_399' title='bbox 217 2573 372 2619; x_wconf 81' lang='lat' dir='ltr'>devotione</span> <span class='ocrx_word' id='word_1_400' title='bbox 388 2585 480 2618; x_wconf 89' lang='lat' dir='ltr'>vestra</span> <span class='ocrx_word' id='word_1_401' title='bbox 492 2609 503 2626; x_wconf 87' lang='lat'>,</span> <span class='ocrx_word' id='word_1_402' title='bbox 534 2596 594 2625; x_wconf 77' lang='lat' dir='ltr'>prae</span> <span class='ocrx_word' id='word_1_403' title='bbox 613 2590 718 2620; x_wconf 85' lang='lat' dir='ltr'>caeteris</span> <span class='ocrx_word' id='word_1_404' title='bbox 733 2590 799 2620; x_wconf 89' lang='lat' dir='ltr'>viris</span> <span class='ocrx_word' id='word_1_405' title='bbox 816 2590 863 2620; x_wconf 88' lang='lat' dir='ltr'>rel&#39;</span> <span class='ocrx_word' id='word_1_406' title='bbox 885 2589 947 2621; x_wconf 83' lang='lat' dir='ltr'>iofis</span> <span class='ocrx_word' id='word_1_407' title='bbox 965 2591 1062 2632; x_wconf 82' lang='lat' dir='ltr'>Regni</span> <span class='ocrx_word' id='word_1_408' title='bbox 1078 2593 1168 2625; x_wconf 89' lang='lat' dir='ltr'>nostri</span> 
     </span>
    </p>

    <p class='ocr_par' dir='ltr' id='par_1_22' title="bbox 104 2600 1170 2927">
     <span class='ocr_line' id='line_1_61' title="bbox 126 2600 1169 2676; baseline 0.007 -20"><span class='ocrx_word' id='word_1_409' title='bbox 126 2626 266 2657; x_wconf 89' lang='lat' dir='ltr'>leniorem</span> <span class='ocrx_word' id='word_1_410' title='bbox 283 2625 417 2656; x_wconf 87' lang='lat' dir='ltr'>fiduciam</span> <span class='ocrx_word' id='word_1_411' title='bbox 435 2633 625 2665; x_wconf 84' lang='lat' dir='ltr'>reportantes,</span> <span class='ocrx_word' id='word_1_412' title='bbox 642 2627 725 2658; x_wconf 88' lang='lat' dir='ltr'>vobis</span> <span class='ocrx_word' id='word_1_413' title='bbox 739 2629 769 2658; x_wconf 88' lang='lat' dir='ltr'>in</span> <span class='ocrx_word' id='word_1_414' title='bbox 786 2627 842 2658; x_wconf 87' lang='lat' dir='ltr'>fide</span> <span class='ocrx_word' id='word_1_415' title='bbox 856 2600 893 2660; x_wconf 52' lang='grc' dir='ltr'>ξε</span> <span class='ocrx_word' id='word_1_416' title='bbox 910 2628 1081 2675; x_wconf 72' lang='lat' dir='ltr'>dilectione,</span> <span class='ocrx_word' id='word_1_417' title='bbox 1102 2634 1169 2676; x_wconf 31' lang='lat' dir='ltr'>‘qui-</span> 
     </span>
     <span class='ocr_line' id='line_1_62' title="bbox 105 2636 1167 2710; baseline 0.005 -14"><span class='ocrx_word' id='word_1_418' title='bbox 105 2636 158 2696; x_wconf 56' lang='grc' dir='ltr'>ἕως</span> <span class='ocrx_word' id='word_1_419' title='bbox 174 2665 257 2695; x_wconf 90' lang='lat' dir='ltr'>nobis</span> <span class='ocrx_word' id='word_1_420' title='bbox 273 2665 407 2695; x_wconf 86' lang='lat' dir='ltr'>tenemini</span> <span class='ocrx_word' id='word_1_421' title='bbox 424 2686 434 2702; x_wconf 92' lang='lat'>,</span> <span class='ocrx_word' id='word_1_422' title='bbox 460 2665 495 2694; x_wconf 88' lang='lat'>&amp;</span> <span class='ocrx_word' id='word_1_423' title='bbox 513 2664 582 2693; x_wconf 90' lang='lat' dir='ltr'>sicut</span> <span class='ocrx_word' id='word_1_424' title='bbox 597 2675 650 2694; x_wconf 88' lang='lat' dir='ltr'>nos</span> <span class='ocrx_word' id='word_1_425' title='bbox 669 2666 703 2696; x_wconf 75' lang='grc' dir='ltr'>δε</span> <span class='ocrx_word' id='word_1_426' title='bbox 721 2666 864 2697; x_wconf 90' lang='lat' dir='ltr'>honorem</span> <span class='ocrx_word' id='word_1_427' title='bbox 881 2666 1014 2698; x_wconf 87' lang='lat' dir='ltr'>nostrum</span> <span class='ocrx_word' id='word_1_428' title='bbox 1031 2669 1142 2710; x_wconf 84' lang='lat' dir='ltr'>diligitis</span> <span class='ocrx_word' id='word_1_429' title='bbox 1156 2695 1167 2710; x_wconf 93' lang='lat'>,</span> 
     </span>
     <span class='ocr_line' id='line_1_63' title="bbox 105 2702 1168 2745; baseline 0.007 -12"><span class='ocrx_word' id='word_1_430' title='bbox 105 2703 289 2741; x_wconf 84' lang='lat' dir='ltr'>mandamus,</span> <span class='ocrx_word' id='word_1_431' title='bbox 311 2710 439 2741; x_wconf 84' lang='lat' dir='ltr'>rogantes</span> <span class='ocrx_word' id='word_1_432' title='bbox 458 2709 593 2739; x_wconf 91' lang='lat' dir='ltr'>quatenus</span> <span class='ocrx_word' id='word_1_433' title='bbox 608 2702 715 2733; x_wconf 58' lang='lat' dir='ltr'>diffitam</span> <span class='ocrx_word' id='word_1_434' title='bbox 734 2706 896 2736; x_wconf 84' lang='lat' dir='ltr'>cautionem</span> <span class='ocrx_word' id='word_1_435' title='bbox 910 2729 920 2745; x_wconf 87' lang='lat'>,</span> <span class='ocrx_word' id='word_1_436' title='bbox 944 2707 1000 2737; x_wconf 74' lang='lat' dir='ltr'>un&#39;a</span> <span class='ocrx_word' id='word_1_437' title='bbox 1018 2717 1087 2739; x_wconf 90' lang='lat' dir='ltr'>cum</span> <span class='ocrx_word' id='word_1_438' title='bbox 1104 2709 1168 2740; x_wconf 90' lang='lat' dir='ltr'>Ab-</span> 
     </span>
     <span class='ocr_line' id='line_1_64' title="bbox 106 2738 1168 2784; baseline 0.008 -13"><span class='ocrx_word' id='word_1_439' title='bbox 106 2743 172 2772; x_wconf 91' lang='lat' dir='ltr'>bate</span> <span class='ocrx_word' id='word_1_440' title='bbox 189 2741 285 2772; x_wconf 87' lang='lat' dir='ltr'>vestro</span> <span class='ocrx_word' id='word_1_441' title='bbox 326 2741 372 2771; x_wconf 89' lang='lat' dir='ltr'>cui</span> <span class='ocrx_word' id='word_1_442' title='bbox 390 2739 418 2770; x_wconf 94' lang='lat' dir='ltr'>id</span> <span class='ocrx_word' id='word_1_443' title='bbox 437 2738 648 2784; x_wconf 73' lang='lat' dir='ltr'>mandavimus,</span> <span class='ocrx_word' id='word_1_444' title='bbox 670 2751 721 2779; x_wconf 90' lang='lat' dir='ltr'>per</span> <span class='ocrx_word' id='word_1_445' title='bbox 737 2743 961 2784; x_wconf 83' lang='lat' dir='ltr'>obligationem,</span> <span class='ocrx_word' id='word_1_446' title='bbox 988 2755 1073 2784; x_wconf 90' lang='lat' dir='ltr'>quam</span> <span class='ocrx_word' id='word_1_447' title='bbox 1090 2747 1168 2779; x_wconf 89' lang='lat' dir='ltr'>idem</span> 
     </span>
     <span class='ocr_line' id='line_1_65' title="bbox 107 2764 1117 2855; baseline 0.003 -43"><span class='ocrx_word' id='word_1_448' title='bbox 107 2780 246 2849; x_wconf 43' lang='lat' dir='ltr'>Mzgjster</span> <span class='ocrx_word' id='word_1_449' title='bbox 258 2764 302 2809; x_wconf 63' lang='lat' dir='ltr'>R?</span> <span class='ocrx_word' id='word_1_450' title='bbox 313 2789 329 2809; x_wconf 84' lang='lat' dir='ltr'>a</span> <span class='ocrx_word' id='word_1_451' title='bbox 342 2778 426 2847; x_wconf 62' lang='lat' dir='ltr'>vlpbis</span> <span class='ocrx_word' id='word_1_452' title='bbox 439 2778 609 2819; x_wconf 85' lang='lat' dir='ltr'>requisierit,</span> <span class='ocrx_word' id='word_1_453' title='bbox 624 2781 751 2850; x_wconf 68' lang='lat' dir='ltr'>sinleailiilla</span> <span class='ocrx_word' id='word_1_454' title='bbox 764 2780 896 2851; x_wconf 68' lang='lat' dir='ltr'>dssadione</span> <span class='ocrx_word' id='word_1_455' title='bbox 907 2783 1057 2824; x_wconf 81' lang='lat' dir='ltr'>praestetis3</span> <span class='ocrx_word' id='word_1_456' title='bbox 1092 2824 1117 2855; x_wconf 28' lang='lat' dir='ltr'>‘d</span> 
     </span>
     <span class='ocr_line' id='line_1_66' title="bbox 104 2824 1170 2900; baseline 0.002 -13"><span class='ocrx_word' id='word_1_457' title='bbox 104 2826 187 2887; x_wconf 56' lang='lat' dir='ltr'>dum*</span> <span class='ocrx_word' id='word_1_458' title='bbox 200 2827 355 2893; x_wconf 45' lang='lat' dir='ltr'>&amp;iiie-12,</span> <span class='ocrx_word' id='word_1_459' title='bbox 378 2824 706 2896; x_wconf 46' lang='grc' dir='ltr'>ῗὲἒῗωῗὲῗὲωνζῗὶη</span> <span class='ocrx_word' id='word_1_460' title='bbox 721 2830 812 2897; x_wconf 52' lang='lat' dir='ltr'>ruffe?</span> <span class='ocrx_word' id='word_1_461' title='bbox 832 2831 994 2898; x_wconf 51' lang='lat' dir='ltr'>‘griffi‘</span> <span class='ocrx_word' id='word_1_462' title='bbox 1005 2834 1170 2900; x_wconf 54' lang='lat' dir='ltr'>pprffvvissieffi</span> 
     </span>
     <span class='ocr_line' id='line_1_67' title="bbox 106 2905 180 2927; baseline 0 -1"><span class='ocrx_word' id='word_1_463' title='bbox 106 2905 180 2927; x_wconf 89' lang='lat' dir='ltr'>mus.</span> 
     </span>
    </p>
   </div>
   <div class='ocr_carea' id='block_1_17' title="bbox 143 2970 1117 3014">
    <p class='ocr_par' dir='ltr' id='par_1_23' title="bbox 143 2970 1117 3014">
     <span class='ocr_line' id='line_1_68' title="bbox 143 2970 1117 3014; baseline 0.006 -11"><span class='ocrx_word' id='word_1_464' title='bbox 143 2970 235 3004; x_wconf 88' lang='lat' dir='ltr'>Teste</span> <span class='ocrx_word' id='word_1_465' title='bbox 249 2971 333 3011; x_wconf 83' lang='lat' dir='ltr'>Rege</span> <span class='ocrx_word' id='word_1_466' title='bbox 346 2970 421 3009; x_wconf 88' lang='lat' dir='ltr'>apud</span> <span class='ocrx_word' id='word_1_467' title='bbox 434 2971 614 3014; x_wconf 87' lang='lat' dir='ltr'>Clarendon,</span> <span class='ocrx_word' id='word_1_468' title='bbox 631 2974 770 3006; x_wconf 86' lang='lat' dir='ltr'>vicesimo</span> <span class='ocrx_word' id='word_1_469' title='bbox 783 2984 865 3007; x_wconf 91' lang='lat' dir='ltr'>nono</span> <span class='ocrx_word' id='word_1_470' title='bbox 877 2974 924 3007; x_wconf 88' lang='lat' dir='ltr'>die</span> <span class='ocrx_word' id='word_1_471' title='bbox 936 2975 1117 3011; x_wconf 87' lang='lat' dir='ltr'>Decembris.</span> 
     </span>
    </p>
   </div>
   <div class='ocr_carea' id='block_1_18' title="bbox 146 3047 970 3095">
    <p class='ocr_par' dir='ltr' id='par_1_24' title="bbox 146 3047 970 3095">
     <span class='ocr_line' id='line_1_69' title="bbox 146 3047 970 3095; baseline 0.008 -17"><span class='ocrx_word' id='word_1_472' title='bbox 146 3047 250 3078; x_wconf 79' lang='lat' dir='ltr'>Eodem</span> <span class='ocrx_word' id='word_1_473' title='bbox 265 3048 338 3077; x_wconf 84' lang='lat' dir='ltr'>modo</span> <span class='ocrx_word' id='word_1_474' title='bbox 350 3048 510 3078; x_wconf 83' lang='lat' dir='ltr'>mandatum</span> <span class='ocrx_word' id='word_1_475' title='bbox 522 3049 559 3089; x_wconf 69' lang='lat' dir='ltr'>eft</span> <span class='ocrx_word' id='word_1_476' title='bbox 572 3050 684 3082; x_wconf 82' lang='lat' dir='ltr'>Abbati</span> <span class='ocrx_word' id='word_1_477' title='bbox 696 3052 970 3095; x_wconf 79' lang='lat' dir='ltr'>Wstmonasterienfi.</span> 
     </span>
    </p>
   </div>
   <div class='ocr_carea' id='block_1_19' title="bbox 111 3122 1172 3250">
    <p class='ocr_par' dir='ltr' id='par_1_25' title="bbox 111 3122 1172 3250">
     <span class='ocr_line' id='line_1_70' title="bbox 148 3122 1171 3173; baseline 0.01 -19"><span class='ocrx_word' id='word_1_478' title='bbox 148 3126 191 3154; x_wconf 78' lang='lat' dir='ltr'>Et</span> <span class='ocrx_word' id='word_1_479' title='bbox 204 3124 365 3154; x_wconf 85' lang='lat' dir='ltr'>mandatum</span> <span class='ocrx_word' id='word_1_480' title='bbox 377 3122 413 3164; x_wconf 73' lang='lat' dir='ltr'>est</span> <span class='ocrx_word' id='word_1_481' title='bbox 428 3124 561 3165; x_wconf 75' lang='lat' dir='ltr'>Magistro</span> <span class='ocrx_word' id='word_1_482' title='bbox 571 3126 704 3166; x_wconf 74' lang='lat' dir='ltr'>Rostando</span> <span class='ocrx_word' id='word_1_483' title='bbox 718 3130 803 3169; x_wconf 83' lang='lat' dir='ltr'>quod,</span> <span class='ocrx_word' id='word_1_484' title='bbox 808 3128 894 3170; x_wconf 62' lang='lat' dir='ltr'>fiilia</span> <span class='ocrx_word' id='word_1_485' title='bbox 899 3130 1031 3170; x_wconf 77' lang='lat' dir='ltr'>sblutt&#39;one</span> <span class='ocrx_word' id='word_1_486' title='bbox 1040 3134 1171 3173; x_wconf 58' lang='lat' dir='ltr'>praedidio</span> 
     </span>
     <span class='ocr_line' id='line_1_71' title="bbox 111 3160 1172 3214; baseline 0.012 -24"><span class='ocrx_word' id='word_1_487' title='bbox 111 3160 205 3202; x_wconf 79' lang='lat' dir='ltr'>Epifio</span> <span class='ocrx_word' id='word_1_488' title='bbox 223 3173 238 3192; x_wconf 87' lang='lat' dir='ltr'><em>o</em></span> <span class='ocrx_word' id='word_1_489' title='bbox 258 3163 289 3193; x_wconf 85' lang='lat' dir='ltr'>de</span> <span class='ocrx_word' id='word_1_490' title='bbox 339 3163 443 3192; x_wconf 70' lang='lat' dir='ltr'>aediclis</span> <span class='ocrx_word' id='word_1_491' title='bbox 481 3171 579 3194; x_wconf 81' lang='lat' dir='ltr'>uatuor</span> <span class='ocrx_word' id='word_1_492' title='bbox 600 3165 715 3196; x_wconf 80' lang='lat' dir='ltr'>millibus</span> <span class='ocrx_word' id='word_1_493' title='bbox 730 3167 806 3198; x_wconf 82' lang='lat' dir='ltr'>libris</span> <span class='ocrx_word' id='word_1_494' title='bbox 819 3170 1029 3214; x_wconf 68' lang='lat' dir='ltr'>Turonenfibus,</span> <span class='ocrx_word' id='word_1_495' title='bbox 1045 3175 1172 3202; x_wconf 83' lang='lat' dir='ltr'>Literam</span> 
     </span>
     <span class='ocr_line' id='line_1_72' title="bbox 111 3170 1172 3250; baseline 0.012 -22"><span class='ocrx_word' id='word_1_496' title='bbox 111 3203 155 3231; x_wconf 83' lang='lat' dir='ltr'>Pa</span> <span class='ocrx_word' id='word_1_497' title='bbox 172 3211 190 3229; x_wconf 90' lang='lat' dir='ltr'>a</span> <span class='ocrx_word' id='word_1_498' title='bbox 201 3211 242 3230; x_wconf 84' lang='lat' dir='ltr'>em</span> <span class='ocrx_word' id='word_1_499' title='bbox 256 3201 288 3230; x_wconf 85' lang='lat' dir='ltr'>de</span> <span class='ocrx_word' id='word_1_500' title='bbox 294 3170 426 3239; x_wconf 55' lang='lat' dir='ltr'>ffiutione</span> <span class='ocrx_word' id='word_1_501' title='bbox 441 3201 464 3231; x_wconf 75' lang='lat' dir='ltr'>il</span> <span class='ocrx_word' id='word_1_502' title='bbox 473 3213 509 3240; x_wconf 83' lang='lat' dir='ltr'>a,</span> <span class='ocrx_word' id='word_1_503' title='bbox 523 3205 590 3239; x_wconf 75' lang='lat' dir='ltr'>Regi</span> <span class='ocrx_word' id='word_1_504' title='bbox 603 3203 750 3244; x_wconf 64' lang='lat' dir='ltr'>direezam,</span> <span class='ocrx_word' id='word_1_505' title='bbox 765 3218 846 3247; x_wconf 84' lang='lat' dir='ltr'>quam</span> <span class='ocrx_word' id='word_1_506' title='bbox 860 3209 929 3237; x_wconf 82' lang='lat' dir='ltr'>idem</span> <span class='ocrx_word' id='word_1_507' title='bbox 943 3211 998 3247; x_wconf 80' lang='lat' dir='ltr'>Epi</span> <span class='ocrx_word' id='word_1_508' title='bbox 1010 3218 1084 3249; x_wconf 83' lang='lat' dir='ltr'>copus</span> <span class='ocrx_word' id='word_1_509' title='bbox 1092 3219 1172 3250; x_wconf 79' lang='lat' dir='ltr'>penes</span> 
     </span>
    </p>
   </div>
   <div class='ocr_carea' id='block_1_20' title="bbox 103 3237 1172 3308">
    <p class='ocr_par' dir='ltr' id='par_1_26' title="bbox 103 3237 1172 3308">
     <span class='ocr_line' id='line_1_73' title="bbox 103 3237 1172 3288; baseline 0.014 -22"><span class='ocrx_word' id='word_1_510' title='bbox 103 3237 137 3278; x_wconf 76' lang='lat' dir='ltr'>se</span> <span class='ocrx_word' id='word_1_511' title='bbox 170 3238 253 3277; x_wconf 78' lang='lat' dir='ltr'>abet,</span> <span class='ocrx_word' id='word_1_512' title='bbox 269 3243 358 3277; x_wconf 84' lang='lat' dir='ltr'>capiat</span> <span class='ocrx_word' id='word_1_513' title='bbox 372 3239 409 3269; x_wconf 87' lang='lat' dir='ltr'>ab</span> <span class='ocrx_word' id='word_1_514' title='bbox 421 3241 508 3271; x_wconf 83' lang='lat' dir='ltr'>eodem</span> <span class='ocrx_word' id='word_1_515' title='bbox 523 3239 664 3281; x_wconf 81' lang='lat' dir='ltr'>Episcopo,</span> <span class='ocrx_word' id='word_1_516' title='bbox 682 3250 715 3273; x_wconf 85' lang='lat' dir='ltr'>ut</span> <span class='ocrx_word' id='word_1_517' title='bbox 729 3246 763 3274; x_wconf 85' lang='lat' dir='ltr'>R.</span> <span class='ocrx_word' id='word_1_518' title='bbox 782 3246 843 3276; x_wconf 76' lang='lat' dir='ltr'>inde</span> <span class='ocrx_word' id='word_1_519' title='bbox 851 3246 929 3287; x_wconf 86' lang='lat' dir='ltr'>poffit</span> <span class='ocrx_word' id='word_1_520' title='bbox 943 3257 972 3277; x_wconf 86' lang='lat' dir='ltr'>re</span> <span class='ocrx_word' id='word_1_521' title='bbox 979 3249 1112 3288; x_wconf 78' lang='lat' dir='ltr'>pondere5</span> <span class='ocrx_word' id='word_1_522' title='bbox 1132 3250 1172 3286; x_wconf 79' lang='lat'><em>&amp;</em></span> 
     </span>
     <span class='ocr_line' id='line_1_74' title="bbox 111 3277 419 3308; baseline 0.006 -1"><span class='ocrx_word' id='word_1_523' title='bbox 111 3277 160 3308; x_wconf 86' lang='lat' dir='ltr'>hoc</span> <span class='ocrx_word' id='word_1_524' title='bbox 174 3288 227 3307; x_wconf 83' lang='lat' dir='ltr'>non</span> <span class='ocrx_word' id='word_1_525' title='bbox 241 3280 361 3308; x_wconf 83' lang='lat' dir='ltr'>omittat.</span> <span class='ocrx_word' id='word_1_526' title='bbox 415 3295 419 3298; x_wconf 92' lang='lat'><em>-</em></span> 
     </span>
    </p>
   </div>
   <div class='ocr_carea' id='block_1_21' title="bbox 149 3353 387 3393">
    <p class='ocr_par' dir='ltr' id='par_1_27' title="bbox 149 3353 387 3393">
     <span class='ocr_line' id='line_1_75' title="bbox 149 3353 387 3393; baseline -0.008 -8"><span class='ocrx_word' id='word_1_527' title='bbox 149 3353 241 3385; x_wconf 89' lang='lat' dir='ltr'>Teste</span> <span class='ocrx_word' id='word_1_528' title='bbox 253 3362 284 3386; x_wconf 90' lang='lat' dir='ltr'>ut</span> <span class='ocrx_word' id='word_1_529' title='bbox 299 3353 387 3393; x_wconf 89' lang='lat' dir='ltr'>supra.</span> 
     </span>
    </p>
   </div>
   <div class='ocr_carea' id='block_1_22' title="bbox 125 3440 1164 3460">
    <p class='ocr_par' dir='ltr' id='par_1_28' title="bbox 125 3440 1164 3460">
     <span class='ocr_line' id='line_1_76' title="bbox 125 3440 1164 3460; baseline 0 801"><span class='ocrx_word' id='word_1_530' title='bbox 125 3440 1164 3460; x_wconf 95' lang='lat' dir='ltr'> </span> 
     </span>
    </p>
   </div>
   <div class='ocr_carea' id='block_1_23' title="bbox 115 3486 1171 3548">
    <p class='ocr_par' dir='ltr' id='par_1_29' title="bbox 115 3486 1171 3548">
     <span class='ocr_line' id='line_1_77' title="bbox 115 3486 1171 3548; baseline 0.014 -29"><span class='ocrx_word' id='word_1_531' title='bbox 115 3488 168 3521; x_wconf 83' lang='lat' dir='ltr'>Ne</span> <span class='ocrx_word' id='word_1_532' title='bbox 203 3486 378 3532; x_wconf 79' lang='lat' dir='ltr'>Confratriae</span> <span class='ocrx_word' id='word_1_533' title='bbox 406 3488 538 3522; x_wconf 84' lang='lat' dir='ltr'>aliorum</span> <span class='ocrx_word' id='word_1_534' title='bbox 566 3501 771 3537; x_wconf 59' lang='lat' dir='ltr'>praeponantur</span> <span class='ocrx_word' id='word_1_535' title='bbox 806 3497 987 3542; x_wconf 83' lang='lat' dir='ltr'>Confratriis</span> <span class='ocrx_word' id='word_1_536' title='bbox 1021 3502 1171 3548; x_wconf 84' lang='lat' dir='ltr'>Templi,</span> 
     </span>
    </p>
   </div>
   <div class='ocr_carea' id='block_1_24' title="bbox 614 3543 678 3578">
    <p class='ocr_par' dir='ltr' id='par_1_30' title="bbox 614 3543 678 3578">
     <span class='ocr_line' id='line_1_78' title="bbox 614 3543 678 3578; baseline 0.047 -7"><span class='ocrx_word' id='word_1_537' title='bbox 614 3543 678 3578; x_wconf 64' lang='lat' dir='ltr'>&amp;a</span> 
     </span>
    </p>
   </div>
   <div class='ocr_carea' id='block_1_25' title="bbox 118 3621 1172 4011">
    <p class='ocr_par' dir='ltr' id='par_1_31' title="bbox 118 3621 1171 3816">
     <span class='ocr_line' id='line_1_79' title="bbox 118 3621 1170 3683; baseline 0.014 -32"><span class='ocrx_word' id='word_1_538' title='bbox 118 3621 323 3683; x_wconf 81' lang='lat' dir='ltr'>ALeirander</span> <span class='ocrx_word' id='word_1_539' title='bbox 342 3621 445 3660; x_wconf 87' lang='lat' dir='ltr'>Episco</span> <span class='ocrx_word' id='word_1_540' title='bbox 465 3634 513 3664; x_wconf 88' lang='lat' dir='ltr'>us,</span> <span class='ocrx_word' id='word_1_541' title='bbox 531 3624 624 3656; x_wconf 80' lang='lat' dir='ltr'>servus</span> <span class='ocrx_word' id='word_1_542' title='bbox 645 3625 791 3659; x_wconf 84' lang='lat' dir='ltr'>servorum</span> <span class='ocrx_word' id='word_1_543' title='bbox 807 3628 883 3669; x_wconf 88' lang='lat' dir='ltr'>Dei,</span> <span class='ocrx_word' id='word_1_544' title='bbox 901 3633 1104 3665; x_wconf 87' lang='lat' dir='ltr'>venerabilibus</span> <span class='ocrx_word' id='word_1_545' title='bbox 1117 3634 1170 3665; x_wconf 91' lang='lat' dir='ltr'>fra-</span> 
     </span>
     <span class='ocr_line' id='line_1_80' title="bbox 191 3634 1171 3710; baseline 0.015 -20"><span class='ocrx_word' id='word_1_546' title='bbox 191 3662 278 3692; x_wconf 91' lang='lat' dir='ltr'>tribus</span> <span class='ocrx_word' id='word_1_547' title='bbox 298 3661 402 3692; x_wconf 84' lang='lat' dir='ltr'>Archie</span> <span class='ocrx_word' id='word_1_548' title='bbox 422 3634 538 3708; x_wconf 57' lang='lat' dir='ltr'>isgopis,</span> <span class='ocrx_word' id='word_1_549' title='bbox 555 3665 589 3695; x_wconf 70' lang='grc' dir='ltr'>ὃς</span> <span class='ocrx_word' id='word_1_550' title='bbox 610 3663 772 3710; x_wconf 57' lang='lat' dir='ltr'>Episcopisj</span> <span class='ocrx_word' id='word_1_551' title='bbox 797 3668 830 3698; x_wconf 66' lang='grc' dir='ltr'>ὃς</span> <span class='ocrx_word' id='word_1_552' title='bbox 848 3669 956 3701; x_wconf 73' lang='lat' dir='ltr'>dileffis</span> <span class='ocrx_word' id='word_1_553' title='bbox 973 3669 1033 3703; x_wconf 80' lang='lat' dir='ltr'>filiis</span> <span class='ocrx_word' id='word_1_554' title='bbox 1051 3672 1171 3704; x_wconf 85' lang='lat' dir='ltr'>Abbati-</span> 
     </span>
     <span class='ocr_line' id='line_1_81' title="bbox 118 3672 1171 3749; baseline 0.014 -21"><span class='ocrx_word' id='word_1_555' title='bbox 118 3698 186 3737; x_wconf 88' lang='lat' dir='ltr'>bus,</span> <span class='ocrx_word' id='word_1_556' title='bbox 211 3699 371 3739; x_wconf 80' lang='lat' dir='ltr'>PrioribuS,</span> <span class='ocrx_word' id='word_1_557' title='bbox 397 3672 538 3741; x_wconf 54' lang='lat' dir='ltr'>flecams,</span> <span class='ocrx_word' id='word_1_558' title='bbox 562 3702 789 3747; x_wconf 76' lang='lat' dir='ltr'>Archidiaconis,</span> <span class='ocrx_word' id='word_1_559' title='bbox 811 3704 985 3749; x_wconf 85' lang='lat' dir='ltr'>Praepositis,</span> <span class='ocrx_word' id='word_1_560' title='bbox 1004 3710 1171 3749; x_wconf 70' lang='lat' dir='ltr'>Archipres-</span> 
     </span>
     <span class='ocr_line' id='line_1_82' title="bbox 118 3736 1171 3791; baseline 0.015 -25"><span class='ocrx_word' id='word_1_561' title='bbox 118 3736 239 3777; x_wconf 89' lang='lat' dir='ltr'>byteris,</span> <span class='ocrx_word' id='word_1_562' title='bbox 255 3739 289 3770; x_wconf 92' lang='lat'>&amp;</span> <span class='ocrx_word' id='word_1_563' title='bbox 303 3739 359 3769; x_wconf 86' lang='lat' dir='ltr'>aliis</span> <span class='ocrx_word' id='word_1_564' title='bbox 379 3737 565 3771; x_wconf 86' lang='lat' dir='ltr'>Ecclesiarum</span> <span class='ocrx_word' id='word_1_565' title='bbox 578 3741 701 3771; x_wconf 80' lang='lat' dir='ltr'>Praelatis</span> <span class='ocrx_word' id='word_1_566' title='bbox 735 3742 769 3773; x_wconf 89' lang='lat' dir='ltr'>ad</span> <span class='ocrx_word' id='word_1_567' title='bbox 783 3753 854 3782; x_wconf 91' lang='lat' dir='ltr'>quos</span> <span class='ocrx_word' id='word_1_568' title='bbox 869 3746 966 3778; x_wconf 80' lang='lat' dir='ltr'>litterae</span> <span class='ocrx_word' id='word_1_569' title='bbox 989 3748 1049 3779; x_wconf 70' lang='lat' dir='ltr'>istae</span> <span class='ocrx_word' id='word_1_570' title='bbox 1070 3760 1171 3791; x_wconf 85' lang='lat' dir='ltr'>perve-</span> 
     </span>
     <span class='ocr_line' id='line_1_83' title="bbox 119 3766 869 3816; baseline 0.011 -13"><span class='ocrx_word' id='word_1_571' title='bbox 119 3776 227 3813; x_wconf 82' lang='lat' dir='ltr'>nerint,</span> <span class='ocrx_word' id='word_1_572' title='bbox 244 3776 359 3807; x_wconf 89' lang='lat' dir='ltr'>salutern</span> <span class='ocrx_word' id='word_1_573' title='bbox 375 3778 408 3808; x_wconf 66' lang='grc' dir='ltr'>ὃ(</span> <span class='ocrx_word' id='word_1_574' title='bbox 422 3777 616 3816; x_wconf 85' lang='lat' dir='ltr'>Apostolicam</span> <span class='ocrx_word' id='word_1_575' title='bbox 629 3766 869 3812; x_wconf 67' lang='lat' dir='ltr'>benedictionem.</span> 
     </span>
    </p>

    <p class='ocr_par' dir='ltr' id='par_1_32' title="bbox 118 3812 1172 4011">
     <span class='ocr_line' id='line_1_84' title="bbox 156 3812 1171 3863; baseline 0.015 -20"><span class='ocrx_word' id='word_1_576' title='bbox 156 3812 235 3843; x_wconf 89' lang='lat' dir='ltr'>Cum</span> <span class='ocrx_word' id='word_1_577' title='bbox 249 3814 356 3846; x_wconf 65' lang='lat' dir='ltr'>dilectis</span> <span class='ocrx_word' id='word_1_578' title='bbox 367 3815 443 3854; x_wconf 84' lang='lat' dir='ltr'>filiis,</span> <span class='ocrx_word' id='word_1_579' title='bbox 462 3817 588 3848; x_wconf 87' lang='lat' dir='ltr'>fratribus</span> <span class='ocrx_word' id='word_1_580' title='bbox 603 3817 720 3848; x_wconf 72' lang='lat' dir='ltr'>Domsis</span> <span class='ocrx_word' id='word_1_581' title='bbox 734 3819 849 3850; x_wconf 89' lang='lat' dir='ltr'>Militiae</span> <span class='ocrx_word' id='word_1_582' title='bbox 859 3821 977 3861; x_wconf 84' lang='lat' dir='ltr'>Templi</span> <span class='ocrx_word' id='word_1_583' title='bbox 995 3825 1171 3863; x_wconf 89' lang='lat' dir='ltr'>Jerosolimi-</span> 
     </span>
     <span class='ocr_line' id='line_1_85' title="bbox 119 3851 1171 3902; baseline 0.015 -22"><span class='ocrx_word' id='word_1_584' title='bbox 119 3851 176 3880; x_wconf 85' lang='lat' dir='ltr'>tani·</span> <span class='ocrx_word' id='word_1_585' title='bbox 193 3851 274 3882; x_wconf 87' lang='lat' dir='ltr'>fuerit</span> <span class='ocrx_word' id='word_1_586' title='bbox 295 3864 310 3883; x_wconf 90' lang='lat' dir='ltr'>a</span> <span class='ocrx_word' id='word_1_587' title='bbox 323 3854 569 3892; x_wconf 68' lang='lat' dir='ltr'>praedecessoribus</span> <span class='ocrx_word' id='word_1_588' title='bbox 582 3856 683 3886; x_wconf 88' lang='lat' dir='ltr'>nostris</span> <span class='ocrx_word' id='word_1_589' title='bbox 698 3857 854 3897; x_wconf 90' lang='lat' dir='ltr'>indultum,</span> <span class='ocrx_word' id='word_1_590' title='bbox 871 3860 904 3890; x_wconf 73' lang='grc' dir='ltr'>δε</span> <span class='ocrx_word' id='word_1_591' title='bbox 918 3872 934 3891; x_wconf 91' lang='lat' dir='ltr'>a</span> <span class='ocrx_word' id='word_1_592' title='bbox 945 3862 1027 3893; x_wconf 90' lang='lat' dir='ltr'>nobis</span> <span class='ocrx_word' id='word_1_593' title='bbox 1040 3864 1171 3902; x_wconf 87' lang='lat' dir='ltr'>postmo-</span> 
     </span>
     <span class='ocr_line' id='line_1_86' title="bbox 118 3887 1172 3935; baseline 0.018 -19"><span class='ocrx_word' id='word_1_594' title='bbox 118 3887 189 3917; x_wconf 90' lang='lat' dir='ltr'>dum</span> <span class='ocrx_word' id='word_1_595' title='bbox 203 3890 402 3922; x_wconf 88' lang='lat' dir='ltr'>confirmatum</span> <span class='ocrx_word' id='word_1_596' title='bbox 424 3902 471 3933; x_wconf 91' lang='lat' dir='ltr'>ut,</span> <span class='ocrx_word' id='word_1_597' title='bbox 490 3894 574 3925; x_wconf 89' lang='lat' dir='ltr'>semel</span> <span class='ocrx_word' id='word_1_598' title='bbox 594 3896 623 3924; x_wconf 88' lang='lat' dir='ltr'>in</span> <span class='ocrx_word' id='word_1_599' title='bbox 642 3904 736 3935; x_wconf 86' lang='lat' dir='ltr'>anno,</span> <span class='ocrx_word' id='word_1_600' title='bbox 751 3898 917 3934; x_wconf 86' lang='lat' dir='ltr'>recipiantur</span> <span class='ocrx_word' id='word_1_601' title='bbox 937 3901 967 3929; x_wconf 89' lang='lat' dir='ltr'>in</span> <span class='ocrx_word' id='word_1_602' title='bbox 984 3901 1115 3933; x_wconf 86' lang='lat' dir='ltr'>Ecclesiis</span> <span class='ocrx_word' id='word_1_603' title='bbox 1136 3904 1172 3935; x_wconf 88' lang='lat' dir='ltr'>ad</span> 
     </span>
     <span class='ocr_line' id='line_1_87' title="bbox 120 3926 1170 3982; baseline 0.016 -27"><span class='ocrx_word' id='word_1_604' title='bbox 120 3926 282 3957; x_wconf 79' lang='lat' dir='ltr'>elemosinas</span> <span class='ocrx_word' id='word_1_605' title='bbox 296 3930 480 3971; x_wconf 70' lang='lat' dir='ltr'>colligendas3</span> <span class='ocrx_word' id='word_1_606' title='bbox 499 3933 612 3971; x_wconf 89' lang='lat' dir='ltr'>quidam</span> <span class='ocrx_word' id='word_1_607' title='bbox 628 3933 770 3973; x_wconf 90' lang='lat' dir='ltr'>vestrum,</span> <span class='ocrx_word' id='word_1_608' title='bbox 788 3936 907 3966; x_wconf 84' lang='lat' dir='ltr'>avaritiae</span> <span class='ocrx_word' id='word_1_609' title='bbox 919 3938 1017 3970; x_wconf 89' lang='lat' dir='ltr'>ardore</span> <span class='ocrx_word' id='word_1_610' title='bbox 1028 3940 1170 3982; x_wconf 82' lang='lat' dir='ltr'>succensi,</span> 
     </span>
     <span class='ocr_line' id='line_1_88' title="bbox 120 3964 1172 4011; baseline 0.017 -18"><span class='ocrx_word' id='word_1_611' title='bbox 120 3964 282 3995; x_wconf 74' lang='lat' dir='ltr'>confratrias</span> <span class='ocrx_word' id='word_1_612' title='bbox 292 3966 348 3998; x_wconf 87' lang='lat' dir='ltr'>suas</span> <span class='ocrx_word' id='word_1_613' title='bbox 361 3970 517 4001; x_wconf 88' lang='lat' dir='ltr'>confratriis</span> <span class='ocrx_word' id='word_1_614' title='bbox 527 3972 666 4010; x_wconf 89' lang='lat' dir='ltr'>ipsorum,</span> <span class='ocrx_word' id='word_1_615' title='bbox 684 3973 783 4004; x_wconf 88' lang='lat' dir='ltr'>eadem</span> <span class='ocrx_word' id='word_1_616' title='bbox 797 3973 858 4011; x_wconf 82' lang='lat' dir='ltr'>die,</span> <span class='ocrx_word' id='word_1_617' title='bbox 875 3975 906 4004; x_wconf 89' lang='lat' dir='ltr'>in</span> <span class='ocrx_word' id='word_1_618' title='bbox 925 3976 934 4005; x_wconf 88' lang='lat' dir='ltr'>i</span> <span class='ocrx_word' id='word_1_619' title='bbox 983 3988 1046 4009; x_wconf 92' lang='lat' dir='ltr'>rum</span> <span class='ocrx_word' id='word_1_620' title='bbox 1065 3979 1172 4011; x_wconf 88' lang='lat' dir='ltr'>adven-</span> 
     </span>
    </p>
   </div>
   <div class='ocr_carea' id='block_1_26' title="bbox 121 4009 1170 4083">
    <p class='ocr_par' dir='ltr' id='par_1_33' title="bbox 121 4009 1170 4083">
     <span class='ocr_line' id='line_1_89' title="bbox 122 4009 1170 4069; baseline 0.02 -39"><span class='ocrx_word' id='word_1_621' title='bbox 122 4010 370 4069; x_wconf 74' lang='lat' dir='ltr'>tu,dpraeponunt,</span> <span class='ocrx_word' id='word_1_622' title='bbox 386 4009 420 4039; x_wconf 92' lang='lat'>&amp;</span> <span class='ocrx_word' id='word_1_623' title='bbox 440 4009 478 4040; x_wconf 88' lang='lat' dir='ltr'>fic</span> <span class='ocrx_word' id='word_1_624' title='bbox 497 4010 592 4042; x_wconf 86' lang='lat' dir='ltr'>fratres</span> <span class='ocrx_word' id='word_1_625' title='bbox 612 4011 662 4049; x_wconf 86' lang='lat' dir='ltr'>ipfi</span> <span class='ocrx_word' id='word_1_626' title='bbox 681 4011 808 4051; x_wconf 80' lang='lat' dir='ltr'>confusi,</span> <span class='ocrx_word' id='word_1_627' title='bbox 825 4020 874 4046; x_wconf 85' lang='lat' dir='ltr'>aut</span> <span class='ocrx_word' id='word_1_628' title='bbox 892 4013 938 4046; x_wconf 89' lang='lat' dir='ltr'>nic</span> <span class='ocrx_word' id='word_1_629' title='bbox 961 4016 966 4021; x_wconf 82' lang='lat'>&#39;</span> <span class='ocrx_word' id='word_1_630' title='bbox 989 4017 1104 4056; x_wconf 78' lang='lat' dir='ltr'>exinde,</span> <span class='ocrx_word' id='word_1_631' title='bbox 1123 4028 1170 4051; x_wconf 89' lang='lat' dir='ltr'>aut</span> 
     </span>
     <span class='ocr_line' id='line_1_90' title="bbox 121 4043 492 4083; baseline 0.032 -15"><span class='ocrx_word' id='word_1_632' title='bbox 121 4050 172 4070; x_wconf 87' lang='lat' dir='ltr'>mo</span> <span class='ocrx_word' id='word_1_633' title='bbox 194 4050 269 4070; x_wconf 89' lang='lat' dir='ltr'>icum</span> <span class='ocrx_word' id='word_1_634' title='bbox 279 4043 492 4083; x_wconf 86' lang='lat' dir='ltr'>consequuntur.</span> 
     </span>
    </p>
   </div>
   <div class='ocr_carea' id='block_1_27' title="bbox 159 4080 1104 4122">
    <p class='ocr_par' dir='ltr' id='par_1_34' title="bbox 159 4080 1104 4122">
     <span class='ocr_line' id='line_1_91' title="bbox 159 4080 1104 4122; baseline 0.014 -13"><span class='ocrx_word' id='word_1_635' title='bbox 159 4080 230 4110; x_wconf 75' lang='lat' dir='ltr'>Tam.</span> <span class='ocrx_word' id='word_1_636' title='bbox 248 4082 274 4110; x_wconf 87' lang='lat'>1.</span> <span class='ocrx_word' id='word_1_637' title='bbox 292 4082 325 4111; x_wconf 85' lang='lat' dir='ltr'>P.</span> <span class='ocrx_word' id='word_1_638' title='bbox 343 4084 385 4122; x_wconf 68' lang='lat' dir='ltr'>n2</span> <span class='ocrx_word' id='word_1_639' title='bbox 1102 4087 1104 4089; x_wconf 80' lang='grc'><strong>’</strong></span> 
     </span>
    </p>
   </div>
   <div class='ocr_carea' id='block_1_28' title="bbox 1200 159 2237 225">
    <p class='ocr_par' dir='ltr' id='par_1_35' title="bbox 1200 159 2237 225">
     <span class='ocr_line' id='line_1_92' title="bbox 1200 159 2237 225; baseline 0.023 -24"><span class='ocrx_word' id='word_1_640' title='bbox 1200 159 1676 212; x_wconf 79' lang='lat' dir='ltr'>PUBLICA:</span> <span class='ocrx_word' id='word_1_641' title='bbox 2209 191 2237 225; x_wconf 86' lang='lat'><em>9</em></span> 
     </span>
    </p>
   </div>
   <div class='ocr_carea' id='block_1_29' title="bbox 1220 246 2382 297">
    <p class='ocr_par' dir='ltr' id='par_1_36' title="bbox 1220 246 2382 297">
     <span class='ocr_line' id='line_1_93' title="bbox 1220 246 2382 297; baseline 0.011 -20"><span class='ocrx_word' id='word_1_642' title='bbox 1220 246 1240 266; x_wconf 66' lang='lat'>²¹*</span> <span class='ocrx_word' id='word_1_643' title='bbox 1260 249 1339 284; x_wconf 89' lang='lat' dir='ltr'>Quia</span> <span class='ocrx_word' id='word_1_644' title='bbox 1359 250 1440 288; x_wconf 67' lang='lat' dir='ltr'>igitur</span> <span class='ocrx_word' id='word_1_645' title='bbox 1462 251 1519 283; x_wconf 88' lang='lat' dir='ltr'>hoc</span> <span class='ocrx_word' id='word_1_646' title='bbox 1542 253 1673 286; x_wconf 83' lang='lat' dir='ltr'>indecens</span> <span class='ocrx_word' id='word_1_647' title='bbox 1686 255 1745 295; x_wconf 85' lang='lat' dir='ltr'>est,</span> <span class='ocrx_word' id='word_1_648' title='bbox 1763 256 1796 289; x_wconf 88' lang='lat'>&amp;</span> <span class='ocrx_word' id='word_1_649' title='bbox 1811 256 1839 288; x_wconf 91' lang='lat' dir='ltr'>in</span> <span class='ocrx_word' id='word_1_650' title='bbox 1852 265 2051 297; x_wconf 87' lang='lat' dir='ltr'>contemptum</span> <span class='ocrx_word' id='word_1_651' title='bbox 2063 259 2167 292; x_wconf 87' lang='lat' dir='ltr'>Dei&amp;</span> <span class='ocrx_word' id='word_1_652' title='bbox 2180 259 2239 292; x_wconf 88' lang='lat' dir='ltr'>Ec·</span> <span class='ocrx_word' id='word_1_653' title='bbox 2252 258 2382 292; x_wconf 66' lang='lat' dir='ltr'>AniiDs»</span> 
     </span>
    </p>
   </div>
   <div class='ocr_carea' id='block_1_30' title="bbox 1185 285 1581 322">
    <p class='ocr_par' dir='ltr' id='par_1_37' title="bbox 1185 285 1581 322">
     <span class='ocr_line' id='line_1_94' title="bbox 1185 285 1581 322; baseline 0.02 -8"><span class='ocrx_word' id='word_1_654' title='bbox 1185 285 1275 315; x_wconf 79' lang='lat' dir='ltr'>clesiae</span> <span class='ocrx_word' id='word_1_655' title='bbox 1289 286 1433 318; x_wconf 72' lang='lat' dir='ltr'>Romanae</span> <span class='ocrx_word' id='word_1_656' title='bbox 1448 290 1581 322; x_wconf 82' lang='lat' dir='ltr'>redundat</span> 
     </span>
    </p>
   </div>
   <div class='ocr_carea' id='block_1_31' title="bbox 1588 294 2365 343">
    <p class='ocr_par' dir='ltr' id='par_1_38' title="bbox 1588 294 2365 343">
     <span class='ocr_line' id='line_1_95' title="bbox 1588 294 2365 343; baseline 0.005 -20"><span class='ocrx_word' id='word_1_657' title='bbox 1588 316 1598 330; x_wconf 90' lang='lat'>,</span> <span class='ocrx_word' id='word_1_658' title='bbox 1616 294 1854 332; x_wconf 71' lang='lat' dir='ltr'>praedecessorum</span> <span class='ocrx_word' id='word_1_659' title='bbox 1874 297 2037 328; x_wconf 88' lang='lat' dir='ltr'>nostrorum</span> <span class='ocrx_word' id='word_1_660' title='bbox 2057 298 2177 343; x_wconf 75' lang='lat' dir='ltr'>vestigiis</span> <span class='ocrx_word' id='word_1_661' title='bbox 2196 300 2239 329; x_wconf 90' lang='lat' dir='ltr'>in-</span> <span class='ocrx_word' id='word_1_662' title='bbox 2280 299 2365 338; x_wconf 87' lang='lat'><em>1256.</em></span> 
     </span>
    </p>
   </div>
   <div class='ocr_carea' id='block_1_32' title="bbox 1184 323 2388 413">
    <p class='ocr_par' dir='ltr' id='par_1_39' title="bbox 1184 323 2388 413">
     <span class='ocr_line' id='line_1_96' title="bbox 1184 323 2363 377; baseline 0.012 -25"><span class='ocrx_word' id='word_1_663' title='bbox 1184 323 1336 364; x_wconf 87' lang='lat' dir='ltr'>haerentes,</span> <span class='ocrx_word' id='word_1_664' title='bbox 1354 328 1521 358; x_wconf 77' lang='lat' dir='ltr'>universitati</span> <span class='ocrx_word' id='word_1_665' title='bbox 1533 330 1650 369; x_wconf 84' lang='lat' dir='ltr'>vestrae,</span> <span class='ocrx_word' id='word_1_666' title='bbox 1668 343 1716 369; x_wconf 88' lang='lat' dir='ltr'>per</span> <span class='ocrx_word' id='word_1_667' title='bbox 1731 334 1895 371; x_wconf 81' lang='lat' dir='ltr'>Apostolica</span> <span class='ocrx_word' id='word_1_668' title='bbox 1914 335 2012 373; x_wconf 84' lang='lat' dir='ltr'>scripta</span> <span class='ocrx_word' id='word_1_669' title='bbox 2033 337 2239 377; x_wconf 64' lang='lat' dir='ltr'>praecipiendo,</span> <span class='ocrx_word' id='word_1_670' title='bbox 2253 343 2317 366; x_wconf 71' lang='grc' dir='ltr'><em>Ηενι.</em></span> <span class='ocrx_word' id='word_1_671' title='bbox 2336 347 2363 374; x_wconf 84' lang='lat'>3.</span> 
     </span>
     <span class='ocr_line' id='line_1_97' title="bbox 1185 363 2388 413; baseline 0.017 -22"><span class='ocrx_word' id='word_1_672' title='bbox 1185 363 1351 394; x_wconf 87' lang='lat' dir='ltr'>mandamus</span> <span class='ocrx_word' id='word_1_673' title='bbox 1366 365 1508 404; x_wconf 80' lang='lat' dir='ltr'>quatinus,</span> <span class='ocrx_word' id='word_1_674' title='bbox 1527 376 1595 397; x_wconf 87' lang='lat' dir='ltr'>cum</span> <span class='ocrx_word' id='word_1_675' title='bbox 1608 366 1702 400; x_wconf 82' lang='lat' dir='ltr'>fratres</span> <span class='ocrx_word' id='word_1_676' title='bbox 1712 372 1759 408; x_wconf 76' lang='lat' dir='ltr'>ipsi</span> <span class='ocrx_word' id='word_1_677' title='bbox 1774 373 1807 402; x_wconf 92' lang='lat' dir='ltr'>ad</span> <span class='ocrx_word' id='word_1_678' title='bbox 1822 373 1885 404; x_wconf 88' lang='lat' dir='ltr'>loca</span> <span class='ocrx_word' id='word_1_679' title='bbox 1900 375 1990 405; x_wconf 85' lang='lat' dir='ltr'>vestra</span> <span class='ocrx_word' id='word_1_680' title='bbox 2012 386 2064 413; x_wconf 85' lang='lat' dir='ltr'>pro</span> <span class='ocrx_word' id='word_1_681' title='bbox 2083 376 2241 407; x_wconf 66' lang='lat' dir='ltr'>elenzofinis</span> <span class='ocrx_word' id='word_1_682' title='bbox 2255 379 2270 393; x_wconf 45' lang='grc' dir='ltr'>ἢ</span> <span class='ocrx_word' id='word_1_683' title='bbox 2282 379 2306 405; x_wconf 85' lang='lat'>1·</span> <span class='ocrx_word' id='word_1_684' title='bbox 2320 384 2336 411; x_wconf 83' lang='lat'>5</span> <span class='ocrx_word' id='word_1_685' title='bbox 2340 375 2388 410; x_wconf 68' lang='lat'>78¹</span> 
     </span>
    </p>
   </div>
   <div class='ocr_carea' id='block_1_33' title="bbox 1185 401 2242 490">
    <p class='ocr_par' dir='ltr' id='par_1_40' title="bbox 1185 401 2242 490">
     <span class='ocr_line' id='line_1_98' title="bbox 1185 401 2242 472; baseline 0.016 -42"><span class='ocrx_word' id='word_1_686' title='bbox 1185 401 1350 432; x_wconf 77' lang='lat' dir='ltr'>accesserint</span> <span class='ocrx_word' id='word_1_687' title='bbox 1363 404 1548 472; x_wconf 51' lang='grc' dir='ltr'>ςοΠιῗηόίε,ἱ</span> <span class='ocrx_word' id='word_1_688' title='bbox 1562 406 1625 435; x_wconf 83' lang='lat' dir='ltr'>ben&#39;</span> <span class='ocrx_word' id='word_1_689' title='bbox 1667 410 1683 438; x_wconf 76' lang='grc' dir='ltr'>ὲ</span> <span class='ocrx_word' id='word_1_690' title='bbox 1696 408 1874 450; x_wconf 71' lang='lat' dir='ltr'>recipientes,</span> <span class='ocrx_word' id='word_1_691' title='bbox 1890 414 1923 443; x_wconf 61' lang='grc' dir='ltr'>ὃς</span> <span class='ocrx_word' id='word_1_692' title='bbox 1940 413 2062 444; x_wconf 50' lang='lat' dir='ltr'>honusti:</span> <span class='ocrx_word' id='word_1_693' title='bbox 2075 419 2242 453; x_wconf 52' lang='lat' dir='ltr'>tractantes,</span> 
     </span>
     <span class='ocr_line' id='line_1_99' title="bbox 1186 439 2241 490; baseline 0.016 -22"><span class='ocrx_word' id='word_1_694' title='bbox 1186 439 1301 470; x_wconf 91' lang='lat' dir='ltr'>eosdem</span> <span class='ocrx_word' id='word_1_695' title='bbox 1314 441 1386 478; x_wconf 86' lang='lat' dir='ltr'>ipsos</span> <span class='ocrx_word' id='word_1_696' title='bbox 1399 443 1428 471; x_wconf 93' lang='lat' dir='ltr'>in</span> <span class='ocrx_word' id='word_1_697' title='bbox 1455 442 1573 473; x_wconf 54' lang='lat' dir='ltr'>‘celenis</span> <span class='ocrx_word' id='word_1_698' title='bbox 1585 454 1621 475; x_wconf 90' lang='lat' dir='ltr'>ve</span> <span class='ocrx_word' id='word_1_699' title='bbox 1647 446 1681 475; x_wconf 88' lang='lat' dir='ltr'>ris</span> <span class='ocrx_word' id='word_1_700' title='bbox 1702 458 1866 479; x_wconf 79' lang='lat' dir='ltr'>ammonere</span> <span class='ocrx_word' id='word_1_701' title='bbox 1886 452 2039 490; x_wconf 72' lang='lat' dir='ltr'>populum,</span> <span class='ocrx_word' id='word_1_702' title='bbox 2058 454 2092 484; x_wconf 90' lang='lat'>&amp;</span> <span class='ocrx_word' id='word_1_703' title='bbox 2110 453 2241 484; x_wconf 82' lang='lat' dir='ltr'>elemosi-</span> 
     </span>
    </p>
   </div>
   <div class='ocr_carea' id='block_1_34' title="bbox 1186 478 2256 1259">
    <p class='ocr_par' dir='ltr' id='par_1_41' title="bbox 1186 478 2244 638">
     <span class='ocr_line' id='line_1_100' title="bbox 1187 478 2242 530; baseline 0.016 -23"><span class='ocrx_word' id='word_1_704' title='bbox 1187 486 1234 507; x_wconf 88' lang='lat' dir='ltr'>nas</span> <span class='ocrx_word' id='word_1_705' title='bbox 1251 478 1338 509; x_wconf 76' lang='lat' dir='ltr'>libere</span> <span class='ocrx_word' id='word_1_706' title='bbox 1352 490 1477 526; x_wconf 77' lang='lat' dir='ltr'>quaerere</span> <span class='ocrx_word' id='word_1_707' title='bbox 1492 483 1672 522; x_wconf 70' lang='lat' dir='ltr'>permittatis,</span> <span class='ocrx_word' id='word_1_708' title='bbox 1689 486 1850 517; x_wconf 76' lang='lat' dir='ltr'>confrati-ias</span> <span class='ocrx_word' id='word_1_709' title='bbox 1862 488 1983 526; x_wconf 81' lang='lat' dir='ltr'>vestras,</span> <span class='ocrx_word' id='word_1_710' title='bbox 2002 500 2068 528; x_wconf 86' lang='lat' dir='ltr'>quas</span> <span class='ocrx_word' id='word_1_711' title='bbox 2083 491 2175 522; x_wconf 82' lang='lat' dir='ltr'>facere</span> <span class='ocrx_word' id='word_1_712' title='bbox 2188 502 2242 530; x_wconf 89' lang='lat' dir='ltr'>po-</span> 
     </span>
     <span class='ocr_line' id='line_1_101' title="bbox 1186 515 2242 569; baseline 0.016 -24"><span class='ocrx_word' id='word_1_713' title='bbox 1186 515 1264 545; x_wconf 85' lang='lat' dir='ltr'>testis</span> <span class='ocrx_word' id='word_1_714' title='bbox 1275 517 1396 556; x_wconf 86' lang='lat' dir='ltr'>cotidie,</span> <span class='ocrx_word' id='word_1_715' title='bbox 1414 519 1538 557; x_wconf 85' lang='lat' dir='ltr'>ipsorum</span> <span class='ocrx_word' id='word_1_716' title='bbox 1551 521 1721 559; x_wconf 84' lang='lat' dir='ltr'>confratriis,</span> <span class='ocrx_word' id='word_1_717' title='bbox 1742 534 1805 561; x_wconf 87' lang='lat' dir='ltr'>quae</span> <span class='ocrx_word' id='word_1_718' title='bbox 1819 525 1903 556; x_wconf 88' lang='lat' dir='ltr'>semel</span> <span class='ocrx_word' id='word_1_719' title='bbox 1917 528 1946 556; x_wconf 89' lang='lat' dir='ltr'>in</span> <span class='ocrx_word' id='word_1_720' title='bbox 1961 538 2036 558; x_wconf 86' lang='lat' dir='ltr'>anno</span> <span class='ocrx_word' id='word_1_721' title='bbox 2051 528 2137 569; x_wconf 87' lang='lat' dir='ltr'>fiunt,</span> <span class='ocrx_word' id='word_1_722' title='bbox 2154 531 2242 562; x_wconf 87' lang='lat' dir='ltr'>nulla-</span> 
     </span>
     <span class='ocr_line' id='line_1_102' title="bbox 1186 559 2244 609; baseline 0.016 -26"><span class='ocrx_word' id='word_1_723' title='bbox 1186 560 1268 584; x_wconf 90' lang='lat' dir='ltr'>tenus</span> <span class='ocrx_word' id='word_1_724' title='bbox 1288 565 1498 595; x_wconf 78' lang='lat' dir='ltr'>praeponemes,</span> <span class='ocrx_word' id='word_1_725' title='bbox 1515 559 1569 596; x_wconf 75' lang='lat' dir='ltr'>ne,</span> <span class='ocrx_word' id='word_1_726' title='bbox 1588 560 1739 591; x_wconf 86' lang='lat' dir='ltr'>occasione</span> <span class='ocrx_word' id='word_1_727' title='bbox 1757 562 1885 601; x_wconf 87' lang='lat' dir='ltr'>illarum,</span> <span class='ocrx_word' id='word_1_728' title='bbox 1909 564 2068 597; x_wconf 81' lang='lat' dir='ltr'>elemosinae</span> <span class='ocrx_word' id='word_1_729' title='bbox 2087 579 2244 609; x_wconf 88' lang='lat' dir='ltr'>pauperum</span> 
     </span>
     <span class='ocr_line' id='line_1_103' title="bbox 1189 591 1952 638; baseline 0.013 -16"><span class='ocrx_word' id='word_1_730' title='bbox 1189 591 1296 623; x_wconf 87' lang='lat' dir='ltr'>Christi</span> <span class='ocrx_word' id='word_1_731' title='bbox 1308 593 1472 635; x_wconf 86' lang='lat' dir='ltr'>depereant,</span> <span class='ocrx_word' id='word_1_732' title='bbox 1487 597 1521 627; x_wconf 91' lang='lat'>&amp;</span> <span class='ocrx_word' id='word_1_733' title='bbox 1538 597 1725 637; x_wconf 87' lang='lat' dir='ltr'>impediantur</span> <span class='ocrx_word' id='word_1_734' title='bbox 1736 610 1823 638; x_wconf 87' lang='lat' dir='ltr'>opera</span> <span class='ocrx_word' id='word_1_735' title='bbox 1837 601 1952 638; x_wconf 83' lang='lat' dir='ltr'>pietatis.</span> 
     </span>
    </p>

    <p class='ocr_par' dir='ltr' id='par_1_42' title="bbox 1187 631 2246 829">
     <span class='ocr_line' id='line_1_104' title="bbox 1225 631 2243 682; baseline 0.016 -21"><span class='ocrx_word' id='word_1_736' title='bbox 1225 631 1317 670; x_wconf 79' lang='lat' dir='ltr'>Sane,</span> <span class='ocrx_word' id='word_1_737' title='bbox 1333 634 1469 671; x_wconf 90' lang='lat' dir='ltr'>quoniam</span> <span class='ocrx_word' id='word_1_738' title='bbox 1484 645 1500 665; x_wconf 88' lang='lat' dir='ltr'>a</span> <span class='ocrx_word' id='word_1_739' title='bbox 1513 635 1614 665; x_wconf 83' lang='lat' dir='ltr'>nostris</span> <span class='ocrx_word' id='word_1_740' title='bbox 1626 637 1873 673; x_wconf 76' lang='lat' dir='ltr'>praedecessoribus</span> <span class='ocrx_word' id='word_1_741' title='bbox 1885 640 1926 670; x_wconf 86' lang='lat' dir='ltr'>est</span> <span class='ocrx_word' id='word_1_742' title='bbox 1940 639 2089 682; x_wconf 88' lang='lat' dir='ltr'>statutum,</span> <span class='ocrx_word' id='word_1_743' title='bbox 2106 646 2140 676; x_wconf 87' lang='lat'>&amp;</span> <span class='ocrx_word' id='word_1_744' title='bbox 2160 646 2243 677; x_wconf 88' lang='lat' dir='ltr'>inno-</span> 
     </span>
     <span class='ocr_line' id='line_1_105' title="bbox 1187 671 2244 724; baseline 0.015 -25"><span class='ocrx_word' id='word_1_745' title='bbox 1187 677 1284 700; x_wconf 89' lang='lat' dir='ltr'>vatum</span> <span class='ocrx_word' id='word_1_746' title='bbox 1301 671 1316 700; x_wconf 75' lang='lat' dir='ltr'>a</span> <span class='ocrx_word' id='word_1_747' title='bbox 1330 672 1428 710; x_wconf 87' lang='lat' dir='ltr'>nobis,</span> <span class='ocrx_word' id='word_1_748' title='bbox 1447 680 1477 703; x_wconf 87' lang='lat' dir='ltr'>ut</span> <span class='ocrx_word' id='word_1_749' title='bbox 1488 682 1576 704; x_wconf 90' lang='lat' dir='ltr'>nemo</span> <span class='ocrx_word' id='word_1_750' title='bbox 1590 678 1820 708; x_wconf 78' lang='lat' dir='ltr'>excommunicet</span> <span class='ocrx_word' id='word_1_751' title='bbox 1834 677 1929 709; x_wconf 85' lang='lat' dir='ltr'>fratres</span> <span class='ocrx_word' id='word_1_752' title='bbox 1950 680 2038 719; x_wconf 83' lang='lat' dir='ltr'>ipsos,</span> <span class='ocrx_word' id='word_1_753' title='bbox 2055 683 2101 713; x_wconf 91' lang='lat' dir='ltr'>vel</span> <span class='ocrx_word' id='word_1_754' title='bbox 2119 683 2244 724; x_wconf 88' lang='lat' dir='ltr'>ipsorum</span> 
     </span>
     <span class='ocr_line' id='line_1_106' title="bbox 1188 707 2246 761; baseline 0.015 -24"><span class='ocrx_word' id='word_1_755' title='bbox 1188 707 1319 739; x_wconf 88' lang='lat' dir='ltr'>Oratoria</span> <span class='ocrx_word' id='word_1_756' title='bbox 1333 710 1495 749; x_wconf 77' lang='lat' dir='ltr'>interdicat„</span> <span class='ocrx_word' id='word_1_757' title='bbox 1513 711 1570 742; x_wconf 88' lang='lat' dir='ltr'>fine</span> <span class='ocrx_word' id='word_1_758' title='bbox 1583 713 1716 744; x_wconf 88' lang='lat' dir='ltr'>mandato</span> <span class='ocrx_word' id='word_1_759' title='bbox 1731 715 1798 746; x_wconf 89' lang='lat' dir='ltr'>sedis</span> <span class='ocrx_word' id='word_1_760' title='bbox 1809 715 1972 761; x_wconf 75' lang='lat' dir='ltr'>apostolicae</span> <span class='ocrx_word' id='word_1_761' title='bbox 1985 719 2109 758; x_wconf 88' lang='lat' dir='ltr'>speciali,</span> <span class='ocrx_word' id='word_1_762' title='bbox 2128 722 2246 759; x_wconf 79' lang='lat' dir='ltr'>praesen-</span> 
     </span>
     <span class='ocr_line' id='line_1_107' title="bbox 1188 746 2246 800; baseline 0.016 -25"><span class='ocrx_word' id='word_1_763' title='bbox 1188 746 1260 776; x_wconf 86' lang='lat' dir='ltr'>tium</span> <span class='ocrx_word' id='word_1_764' title='bbox 1282 748 1364 777; x_wconf 89' lang='lat' dir='ltr'>vobis</span> <span class='ocrx_word' id='word_1_765' title='bbox 1385 750 1550 780; x_wconf 66' lang='lat' dir='ltr'>auctoritate</span> <span class='ocrx_word' id='word_1_766' title='bbox 1570 753 1748 789; x_wconf 69' lang='lat' dir='ltr'>praecipimus</span> <span class='ocrx_word' id='word_1_767' title='bbox 1770 762 1802 784; x_wconf 90' lang='lat' dir='ltr'>ut</span> <span class='ocrx_word' id='word_1_768' title='bbox 1821 755 1893 792; x_wconf 87' lang='lat' dir='ltr'>ipsos</span> <span class='ocrx_word' id='word_1_769' title='bbox 1915 759 2180 800; x_wconf 85' lang='lat' dir='ltr'>excommunicare,</span> <span class='ocrx_word' id='word_1_770' title='bbox 2197 770 2246 794; x_wconf 88' lang='lat' dir='ltr'>aut</span> 
     </span>
     <span class='ocr_line' id='line_1_108' title="bbox 1188 784 1971 829; baseline 0.017 -16"><span class='ocrx_word' id='word_1_771' title='bbox 1188 793 1290 814; x_wconf 88' lang='lat' dir='ltr'>eorum</span> <span class='ocrx_word' id='word_1_772' title='bbox 1302 784 1439 816; x_wconf 77' lang='lat' dir='ltr'>Ecclesias</span> <span class='ocrx_word' id='word_1_773' title='bbox 1452 788 1615 819; x_wconf 88' lang='lat' dir='ltr'>interdicere</span> <span class='ocrx_word' id='word_1_774' title='bbox 1629 790 1783 821; x_wconf 81' lang='lat' dir='ltr'>nullatenus</span> <span class='ocrx_word' id='word_1_775' title='bbox 1796 794 1971 829; x_wconf 76' lang='lat' dir='ltr'>praesumatis.</span> 
     </span>
    </p>

    <p class='ocr_par' dir='ltr' id='par_1_43' title="bbox 1188 821 2253 1168">
     <span class='ocr_line' id='line_1_109' title="bbox 1227 821 2248 871; baseline 0.017 -20"><span class='ocrx_word' id='word_1_776' title='bbox 1227 821 1276 852; x_wconf 89' lang='lat' dir='ltr'>De</span> <span class='ocrx_word' id='word_1_777' title='bbox 1294 822 1472 855; x_wconf 86' lang='lat' dir='ltr'>Parochianis</span> <span class='ocrx_word' id='word_1_778' title='bbox 1493 836 1588 857; x_wconf 89' lang='lat' dir='ltr'>autem</span> <span class='ocrx_word' id='word_1_779' title='bbox 1604 828 1713 867; x_wconf 80' lang='lat' dir='ltr'>vestris,</span> <span class='ocrx_word' id='word_1_780' title='bbox 1732 832 1780 868; x_wconf 86' lang='lat' dir='ltr'>qui</span> <span class='ocrx_word' id='word_1_781' title='bbox 1794 831 1911 863; x_wconf 92' lang='lat' dir='ltr'>Domos</span> <span class='ocrx_word' id='word_1_782' title='bbox 1924 833 2047 871; x_wconf 84' lang='lat' dir='ltr'>ipsorum</span> <span class='ocrx_word' id='word_1_783' title='bbox 2062 832 2190 868; x_wconf 85' lang='lat' dir='ltr'>Fratrum</span> <span class='ocrx_word' id='word_1_784' title='bbox 2203 838 2248 868; x_wconf 80' lang='lat' dir='ltr'>in-</span> 
     </span>
     <span class='ocr_line' id='line_1_110' title="bbox 1189 858 2250 918; baseline 0.017 -29"><span class='ocrx_word' id='word_1_785' title='bbox 1189 858 1297 903; x_wconf 84' lang='lat' dir='ltr'>vadunt</span> <span class='ocrx_word' id='word_1_786' title='bbox 1310 871 1360 898; x_wconf 88' lang='lat' dir='ltr'>per</span> <span class='ocrx_word' id='word_1_787' title='bbox 1371 863 1551 903; x_wconf 78' lang='lat' dir='ltr'>violentiam,</span> <span class='ocrx_word' id='word_1_788' title='bbox 1570 866 1615 896; x_wconf 92' lang='lat' dir='ltr'>vel</span> <span class='ocrx_word' id='word_1_789' title='bbox 1636 867 1807 908; x_wconf 85' lang='lat' dir='ltr'>infringunt,</span> <span class='ocrx_word' id='word_1_790' title='bbox 1824 879 1871 901; x_wconf 84' lang='lat' dir='ltr'>aut</span> <span class='ocrx_word' id='word_1_791' title='bbox 1891 872 2019 902; x_wconf 86' lang='lat' dir='ltr'>indebitis</span> <span class='ocrx_word' id='word_1_792' title='bbox 2039 874 2174 907; x_wconf 86' lang='lat' dir='ltr'>molestiis</span> <span class='ocrx_word' id='word_1_793' title='bbox 2194 887 2250 918; x_wconf 86' lang='lat' dir='ltr'>op-</span> 
     </span>
     <span class='ocr_line' id='line_1_111' title="bbox 1189 899 2249 948; baseline 0.017 -21"><span class='ocrx_word' id='word_1_794' title='bbox 1189 906 1314 935; x_wconf 87' lang='lat' dir='ltr'>primunt</span> <span class='ocrx_word' id='word_1_795' title='bbox 1329 899 1353 928; x_wconf 94' lang='lat' dir='ltr'>F</span> <span class='ocrx_word' id='word_1_796' title='bbox 1354 909 1436 931; x_wconf 70' lang='lat' dir='ltr'>ratres</span> <span class='ocrx_word' id='word_1_797' title='bbox 1448 903 1536 941; x_wconf 90' lang='lat' dir='ltr'>ipsos,</span> <span class='ocrx_word' id='word_1_798' title='bbox 1553 904 1587 934; x_wconf 90' lang='lat'>&amp;</span> <span class='ocrx_word' id='word_1_799' title='bbox 1599 904 1660 934; x_wconf 73' lang='lat' dir='ltr'>tam</span> <span class='ocrx_word' id='word_1_800' title='bbox 1672 905 1812 945; x_wconf 87' lang='lat' dir='ltr'>deposita,</span> <span class='ocrx_word' id='word_1_801' title='bbox 1832 909 1918 946; x_wconf 78' lang='lat' dir='ltr'>quarn</span> <span class='ocrx_word' id='word_1_802' title='bbox 1931 921 1973 940; x_wconf 90' lang='lat' dir='ltr'>res</span> <span class='ocrx_word' id='word_1_803' title='bbox 1991 910 2123 948; x_wconf 85' lang='lat' dir='ltr'>diripiunt</span> <span class='ocrx_word' id='word_1_804' title='bbox 2145 924 2249 945; x_wconf 85' lang='lat' dir='ltr'>eorun-</span> 
     </span>
     <span class='ocr_line' id='line_1_112' title="bbox 1188 935 2247 989; baseline 0.018 -25"><span class='ocrx_word' id='word_1_805' title='bbox 1188 935 1275 979; x_wconf 80' lang='lat' dir='ltr'>dem,</span> <span class='ocrx_word' id='word_1_806' title='bbox 1299 946 1368 967; x_wconf 90' lang='lat' dir='ltr'>cum</span> <span class='ocrx_word' id='word_1_807' title='bbox 1390 940 1489 981; x_wconf 80' lang='lat' dir='ltr'>exinde</span> <span class='ocrx_word' id='word_1_808' title='bbox 1511 944 1723 978; x_wconf 88' lang='lat' dir='ltr'>queremoniam</span> <span class='ocrx_word' id='word_1_809' title='bbox 1741 945 1917 981; x_wconf 79' lang='lat' dir='ltr'>deposuerint</span> <span class='ocrx_word' id='word_1_810' title='bbox 1938 958 2036 978; x_wconf 80' lang='lat' dir='ltr'>coram</span> <span class='ocrx_word' id='word_1_811' title='bbox 2055 951 2160 989; x_wconf 83' lang='lat' dir='ltr'>vobis,</span> <span class='ocrx_word' id='word_1_812' title='bbox 2186 960 2247 983; x_wconf 88' lang='lat' dir='ltr'>tam</span> 
     </span>
     <span class='ocr_line' id='line_1_113' title="bbox 1188 972 2249 1022; baseline 0.018 -20"><span class='ocrx_word' id='word_1_813' title='bbox 1188 972 1344 1005; x_wconf 62' lang='lat' dir='ltr'>districtam</span> <span class='ocrx_word' id='word_1_814' title='bbox 1357 977 1394 1005; x_wconf 90' lang='lat' dir='ltr'>eis</span> <span class='ocrx_word' id='word_1_815' title='bbox 1401 977 1538 1014; x_wconf 78' lang='lat' dir='ltr'>justitiam</span> <span class='ocrx_word' id='word_1_816' title='bbox 1551 979 1670 1018; x_wconf 65' lang='lat' dir='ltr'>faciatis,</span> <span class='ocrx_word' id='word_1_817' title='bbox 1686 983 1719 1012; x_wconf 75' lang='grc' dir='ltr'>δε</span> <span class='ocrx_word' id='word_1_818' title='bbox 1734 983 1771 1012; x_wconf 85' lang='lat' dir='ltr'>ita</span> <span class='ocrx_word' id='word_1_819' title='bbox 1779 984 1840 1020; x_wconf 86' lang='lat' dir='ltr'>jura</span> <span class='ocrx_word' id='word_1_820' title='bbox 1855 995 1955 1015; x_wconf 86' lang='lat' dir='ltr'>eorum</span> <span class='ocrx_word' id='word_1_821' title='bbox 1970 987 2121 1018; x_wconf 84' lang='lat' dir='ltr'>defendere</span> <span class='ocrx_word' id='word_1_822' title='bbox 2132 999 2165 1020; x_wconf 86' lang='lat' dir='ltr'>ac</span> <span class='ocrx_word' id='word_1_823' title='bbox 2186 1000 2249 1022; x_wconf 87' lang='lat' dir='ltr'>ma-</span> 
     </span>
     <span class='ocr_line' id='line_1_114' title="bbox 1192 1015 2252 1065; baseline 0.019 -25"><span class='ocrx_word' id='word_1_824' title='bbox 1192 1019 1327 1042; x_wconf 92' lang='lat' dir='ltr'>nutenere</span> <span class='ocrx_word' id='word_1_825' title='bbox 1341 1015 1455 1052; x_wconf 88' lang='lat' dir='ltr'>curetis,</span> <span class='ocrx_word' id='word_1_826' title='bbox 1477 1016 1555 1053; x_wconf 89' lang='lat' dir='ltr'>quod</span> <span class='ocrx_word' id='word_1_827' title='bbox 1568 1018 1617 1054; x_wconf 80' lang='lat' dir='ltr'>ipsi</span> <span class='ocrx_word' id='word_1_828' title='bbox 1631 1018 1664 1047; x_wconf 83' lang='lat' dir='ltr'>ad</span> <span class='ocrx_word' id='word_1_829' title='bbox 1678 1028 1807 1057; x_wconf 85' lang='lat' dir='ltr'>nOS,pr0</span> <span class='ocrx_word' id='word_1_830' title='bbox 1821 1021 1933 1053; x_wconf 58' lang='lat' dir='ltr'>defectu</span> <span class='ocrx_word' id='word_1_831' title='bbox 1943 1024 2144 1065; x_wconf 69' lang='lat' dir='ltr'>justitiae,saepe</span> <span class='ocrx_word' id='word_1_832' title='bbox 2156 1038 2252 1059; x_wconf 86' lang='lat' dir='ltr'>recur-</span> 
     </span>
     <span class='ocr_line' id='line_1_115' title="bbox 1191 1053 2253 1098; baseline 0.019 -20"><span class='ocrx_word' id='word_1_833' title='bbox 1191 1059 1252 1079; x_wconf 90' lang='lat' dir='ltr'>rere</span> <span class='ocrx_word' id='word_1_834' title='bbox 1263 1060 1324 1080; x_wconf 92' lang='lat' dir='ltr'>non</span> <span class='ocrx_word' id='word_1_835' title='bbox 1338 1060 1493 1092; x_wconf 74' lang='lat' dir='ltr'>cogantur,</span> <span class='ocrx_word' id='word_1_836' title='bbox 1511 1053 1557 1083; x_wconf 92' lang='lat' dir='ltr'>sed</span> <span class='ocrx_word' id='word_1_837' title='bbox 1570 1064 1622 1085; x_wconf 94' lang='lat' dir='ltr'>nos</span> <span class='ocrx_word' id='word_1_838' title='bbox 1636 1056 1851 1088; x_wconf 88' lang='lat' dir='ltr'>sollicitudinem</span> <span class='ocrx_word' id='word_1_839' title='bbox 1867 1062 1899 1091; x_wconf 85' lang='lat'>&amp;</span> <span class='ocrx_word' id='word_1_840' title='bbox 1915 1062 2105 1094; x_wconf 88' lang='lat' dir='ltr'>obedientiam</span> <span class='ocrx_word' id='word_1_841' title='bbox 2127 1065 2253 1098; x_wconf 88' lang='lat' dir='ltr'>vestram</span> 
     </span>
     <span class='ocr_line' id='line_1_116' title="bbox 1192 1087 2253 1140; baseline 0.018 -23"><span class='ocrx_word' id='word_1_842' title='bbox 1192 1087 1345 1119; x_wconf 89' lang='lat' dir='ltr'>debeamus</span> <span class='ocrx_word' id='word_1_843' title='bbox 1358 1091 1461 1120; x_wconf 86' lang='lat' dir='ltr'>merito</span> <span class='ocrx_word' id='word_1_844' title='bbox 1473 1093 1694 1132; x_wconf 85' lang='lat' dir='ltr'>commendare,</span> <span class='ocrx_word' id='word_1_845' title='bbox 1710 1095 1818 1134; x_wconf 89' lang='lat' dir='ltr'>vosque</span> <span class='ocrx_word' id='word_1_846' title='bbox 1829 1097 2050 1139; x_wconf 83' lang='lat' dir='ltr'>beneficiorum,</span> <span class='ocrx_word' id='word_1_847' title='bbox 2069 1112 2132 1140; x_wconf 71' lang='lat' dir='ltr'>quae</span> <span class='ocrx_word' id='word_1_848' title='bbox 2146 1106 2175 1134; x_wconf 93' lang='lat' dir='ltr'>in</span> <span class='ocrx_word' id='word_1_849' title='bbox 2192 1105 2253 1136; x_wconf 77' lang='lat' dir='ltr'>san-</span> 
     </span>
     <span class='ocr_line' id='line_1_117' title="bbox 1194 1125 1808 1168; baseline 0.011 -12"><span class='ocrx_word' id='word_1_850' title='bbox 1194 1125 1241 1156; x_wconf 68' lang='lat' dir='ltr'>&amp;a</span> <span class='ocrx_word' id='word_1_851' title='bbox 1252 1126 1344 1158; x_wconf 90' lang='lat' dir='ltr'>domo</span> <span class='ocrx_word' id='word_1_852' title='bbox 1358 1127 1403 1158; x_wconf 70' lang='lat' dir='ltr'>illa</span> <span class='ocrx_word' id='word_1_853' title='bbox 1417 1127 1500 1168; x_wconf 88' lang='lat' dir='ltr'>fiunt,</span> <span class='ocrx_word' id='word_1_854' title='bbox 1520 1131 1666 1168; x_wconf 83' lang='lat' dir='ltr'>participes</span> <span class='ocrx_word' id='word_1_855' title='bbox 1681 1132 1808 1163; x_wconf 87' lang='lat' dir='ltr'>existatis.</span> 
     </span>
    </p>

    <p class='ocr_par' dir='ltr' id='par_1_44' title="bbox 1193 1163 2256 1259">
     <span class='ocr_line' id='line_1_118' title="bbox 1232 1163 2255 1212; baseline 0.019 -19"><span class='ocrx_word' id='word_1_856' title='bbox 1232 1163 1370 1196; x_wconf 73' lang='lat' dir='ltr'>Praeterea</span> <span class='ocrx_word' id='word_1_857' title='bbox 1381 1166 1478 1206; x_wconf 83' lang='lat' dir='ltr'>liberas</span> <span class='ocrx_word' id='word_1_858' title='bbox 1493 1169 1526 1198; x_wconf 65' lang='grc' dir='ltr'>ὃς</span> <span class='ocrx_word' id='word_1_859' title='bbox 1540 1168 1677 1200; x_wconf 88' lang='lat' dir='ltr'>absolutas</span> <span class='ocrx_word' id='word_1_860' title='bbox 1691 1170 1843 1211; x_wconf 87' lang='lat' dir='ltr'>Personas,</span> <span class='ocrx_word' id='word_1_861' title='bbox 1861 1183 1924 1212; x_wconf 88' lang='lat' dir='ltr'>quae</span> <span class='ocrx_word' id='word_1_862' title='bbox 1937 1173 1965 1204; x_wconf 91' lang='lat' dir='ltr'>se</span> <span class='ocrx_word' id='word_1_863' title='bbox 1984 1175 2083 1207; x_wconf 86' lang='lat' dir='ltr'>domui</span> <span class='ocrx_word' id='word_1_864' title='bbox 2104 1188 2204 1212; x_wconf 87' lang='lat' dir='ltr'>eorum</span> <span class='ocrx_word' id='word_1_865' title='bbox 2224 1184 2255 1212; x_wconf 89' lang='lat' dir='ltr'>in</span> 
     </span>
     <span class='ocr_line' id='line_1_119' title="bbox 1193 1201 2256 1259; baseline 0.016 -27"><span class='ocrx_word' id='word_1_866' title='bbox 1193 1201 1306 1233; x_wconf 89' lang='lat' dir='ltr'>sanitate</span> <span class='ocrx_word' id='word_1_867' title='bbox 1324 1204 1369 1234; x_wconf 89' lang='lat' dir='ltr'>vel</span> <span class='ocrx_word' id='word_1_868' title='bbox 1387 1203 1547 1236; x_wconf 82' lang='lat' dir='ltr'>infirmitate</span> <span class='ocrx_word' id='word_1_869' title='bbox 1568 1207 1753 1247; x_wconf 85' lang='lat' dir='ltr'>reddiderint,</span> <span class='ocrx_word' id='word_1_870' title='bbox 1781 1210 1868 1241; x_wconf 90' lang='lat' dir='ltr'>libere</span> <span class='ocrx_word' id='word_1_871' title='bbox 1886 1222 1919 1242; x_wconf 86' lang='lat' dir='ltr'>ac</span> <span class='ocrx_word' id='word_1_872' title='bbox 1943 1213 2000 1244; x_wconf 86' lang='lat' dir='ltr'>fine</span> <span class='ocrx_word' id='word_1_873' title='bbox 2020 1215 2148 1247; x_wconf 79' lang='lat' dir='ltr'>molestia</span> <span class='ocrx_word' id='word_1_874' title='bbox 2169 1221 2256 1259; x_wconf 85' lang='lat' dir='ltr'>recipi</span> 
     </span>
    </p>
   </div>
   <div class='ocr_carea' id='block_1_35' title="bbox 1194 1242 2278 3911">
    <p class='ocr_par' dir='ltr' id='par_1_45' title="bbox 1194 1242 2258 1310">
     <span class='ocr_line' id='line_1_120' title="bbox 1194 1242 2258 1310; baseline 0.017 -40"><span class='ocrx_word' id='word_1_875' title='bbox 1194 1242 1358 1310; x_wconf 51' lang='lat' dir='ltr'>{firmittatis</span> <span class='ocrx_word' id='word_1_876' title='bbox 1378 1243 1414 1273; x_wconf 90' lang='lat' dir='ltr'>ab</span> <span class='ocrx_word' id='word_1_877' title='bbox 1435 1245 1490 1282; x_wconf 87' lang='lat' dir='ltr'>eis,</span> <span class='ocrx_word' id='word_1_878' title='bbox 1507 1255 1562 1276; x_wconf 88' lang='lat' dir='ltr'>nec</span> <span class='ocrx_word' id='word_1_879' title='bbox 1580 1245 1653 1284; x_wconf 88' lang='lat' dir='ltr'>ipsos</span> <span class='ocrx_word' id='word_1_880' title='bbox 1666 1249 1807 1285; x_wconf 86' lang='lat' dir='ltr'>temptetis</span> <span class='ocrx_word' id='word_1_881' title='bbox 1819 1249 1898 1288; x_wconf 87' lang='lat' dir='ltr'>super</span> <span class='ocrx_word' id='word_1_882' title='bbox 1912 1251 1971 1282; x_wconf 91' lang='lat' dir='ltr'>hoc</span> <span class='ocrx_word' id='word_1_883' title='bbox 1984 1251 2153 1291; x_wconf 85' lang='lat' dir='ltr'>aliquatenus</span> <span class='ocrx_word' id='word_1_884' title='bbox 2166 1258 2258 1295; x_wconf 78' lang='lat' dir='ltr'>impe-</span> 
     </span>
     <span class='ocr_line' id='line_1_121' title="bbox 1238 1289 2073 1310; baseline 0.011 0"><span class='ocrx_word' id='word_1_885' title='bbox 1238 1289 1262 1310; x_wconf 87' lang='lat' dir='ltr'>e.</span> <span class='ocrx_word' id='word_1_886' title='bbox 2071 1300 2073 1303; x_wconf 93' lang='lat'>·</span> 
     </span>
    </p>

    <p class='ocr_par' dir='ltr' id='par_1_46' title="bbox 1196 1317 2260 1600">
     <span class='ocr_line' id='line_1_122' title="bbox 1234 1317 2258 1367; baseline 0.016 -19"><span class='ocrx_word' id='word_1_887' title='bbox 1234 1317 1305 1349; x_wconf 88' lang='lat' dir='ltr'>Illud</span> <span class='ocrx_word' id='word_1_888' title='bbox 1323 1328 1419 1350; x_wconf 91' lang='lat' dir='ltr'>autem</span> <span class='ocrx_word' id='word_1_889' title='bbox 1438 1330 1498 1352; x_wconf 90' lang='lat' dir='ltr'>non</span> <span class='ocrx_word' id='word_1_890' title='bbox 1518 1322 1700 1355; x_wconf 88' lang='lat' dir='ltr'>mediocriter</span> <span class='ocrx_word' id='word_1_891' title='bbox 1720 1334 1820 1357; x_wconf 91' lang='lat' dir='ltr'>movet</span> <span class='ocrx_word' id='word_1_892' title='bbox 1841 1336 1911 1367; x_wconf 90' lang='lat' dir='ltr'>nos,</span> <span class='ocrx_word' id='word_1_893' title='bbox 1929 1338 1984 1360; x_wconf 93' lang='lat' dir='ltr'>nec</span> <span class='ocrx_word' id='word_1_894' title='bbox 2000 1330 2150 1362; x_wconf 87' lang='lat' dir='ltr'>modicum</span> <span class='ocrx_word' id='word_1_895' title='bbox 2165 1333 2258 1364; x_wconf 89' lang='lat' dir='ltr'>eccle-</span> 
     </span>
     <span class='ocr_line' id='line_1_123' title="bbox 1197 1356 2257 1403; baseline 0.016 -17"><span class='ocrx_word' id='word_1_896' title='bbox 1197 1356 1313 1388; x_wconf 86' lang='lat' dir='ltr'>fiasticae</span> <span class='ocrx_word' id='word_1_897' title='bbox 1332 1357 1450 1399; x_wconf 88' lang='lat' dir='ltr'>derogat</span> <span class='ocrx_word' id='word_1_898' title='bbox 1467 1361 1623 1400; x_wconf 85' lang='lat' dir='ltr'>honestati,</span> <span class='ocrx_word' id='word_1_899' title='bbox 1639 1363 1717 1402; x_wconf 90' lang='lat' dir='ltr'>quod</span> <span class='ocrx_word' id='word_1_900' title='bbox 1739 1365 1853 1403; x_wconf 90' lang='lat' dir='ltr'>quidam</span> <span class='ocrx_word' id='word_1_901' title='bbox 1874 1366 1999 1398; x_wconf 89' lang='lat' dir='ltr'>vestrum</span> <span class='ocrx_word' id='word_1_902' title='bbox 2037 1378 2137 1401; x_wconf 84' lang='lat' dir='ltr'>contra</span> <span class='ocrx_word' id='word_1_903' title='bbox 2150 1371 2257 1402; x_wconf 79' lang='lat' dir='ltr'>consti-</span> 
     </span>
     <span class='ocr_line' id='line_1_124' title="bbox 1198 1394 2257 1448; baseline 0.015 -23"><span class='ocrx_word' id='word_1_904' title='bbox 1198 1397 1341 1426; x_wconf 91' lang='lat' dir='ltr'>tutionem</span> <span class='ocrx_word' id='word_1_905' title='bbox 1351 1397 1523 1429; x_wconf 67' lang='lat' dir='ltr'>Sandtorum</span> <span class='ocrx_word' id='word_1_906' title='bbox 1537 1399 1669 1439; x_wconf 89' lang='lat' dir='ltr'>Patrum,</span> <span class='ocrx_word' id='word_1_907' title='bbox 1689 1403 1717 1432; x_wconf 90' lang='lat' dir='ltr'>in</span> <span class='ocrx_word' id='word_1_908' title='bbox 1732 1403 1894 1435; x_wconf 81' lang='lat' dir='ltr'>Turonensi</span> <span class='ocrx_word' id='word_1_909' title='bbox 1908 1394 2044 1437; x_wconf 79' lang='lat' dir='ltr'>Concilio</span> <span class='ocrx_word' id='word_1_910' title='bbox 2065 1408 2184 1448; x_wconf 88' lang='lat' dir='ltr'>editam,</span> <span class='ocrx_word' id='word_1_911' title='bbox 2202 1410 2257 1442; x_wconf 90' lang='lat' dir='ltr'>fra-</span> 
     </span>
     <span class='ocr_line' id='line_1_125' title="bbox 1197 1435 2260 1489; baseline 0.016 -26"><span class='ocrx_word' id='word_1_912' title='bbox 1197 1441 1275 1464; x_wconf 88' lang='lat' dir='ltr'>trum</span> <span class='ocrx_word' id='word_1_913' title='bbox 1287 1435 1412 1473; x_wconf 88' lang='lat' dir='ltr'>ipsorum</span> <span class='ocrx_word' id='word_1_914' title='bbox 1427 1447 1565 1478; x_wconf 86' lang='lat' dir='ltr'>corpora,</span> <span class='ocrx_word' id='word_1_915' title='bbox 1583 1448 1651 1470; x_wconf 89' lang='lat' dir='ltr'>cum</span> <span class='ocrx_word' id='word_1_916' title='bbox 1667 1438 1823 1481; x_wconf 88' lang='lat' dir='ltr'>decedunt,</span> <span class='ocrx_word' id='word_1_917' title='bbox 1841 1443 1942 1475; x_wconf 91' lang='lat' dir='ltr'>nolunt</span> <span class='ocrx_word' id='word_1_918' title='bbox 1956 1446 2013 1476; x_wconf 91' lang='lat' dir='ltr'>sine</span> <span class='ocrx_word' id='word_1_919' title='bbox 2024 1449 2115 1484; x_wconf 87' lang='lat' dir='ltr'>pretio</span> <span class='ocrx_word' id='word_1_920' title='bbox 2129 1447 2260 1489; x_wconf 84' lang='lat' dir='ltr'>sepelire;</span> 
     </span>
     <span class='ocr_line' id='line_1_126' title="bbox 1196 1473 2259 1523; baseline 0.016 -21"><span class='ocrx_word' id='word_1_921' title='bbox 1196 1473 1290 1512; x_wconf 87' lang='lat' dir='ltr'>unde,</span> <span class='ocrx_word' id='word_1_922' title='bbox 1309 1476 1372 1512; x_wconf 92' lang='lat' dir='ltr'>quia</span> <span class='ocrx_word' id='word_1_923' title='bbox 1391 1482 1451 1505; x_wconf 89' lang='lat' dir='ltr'>tarn</span> <span class='ocrx_word' id='word_1_924' title='bbox 1469 1486 1554 1513; x_wconf 86' lang='lat' dir='ltr'>prava</span> <span class='ocrx_word' id='word_1_925' title='bbox 1576 1479 1685 1509; x_wconf 68' lang='lat' dir='ltr'>exastio</span> <span class='ocrx_word' id='word_1_926' title='bbox 1705 1481 1739 1511; x_wconf 88' lang='lat'>&amp;</span> <span class='ocrx_word' id='word_1_927' title='bbox 1760 1481 1854 1518; x_wconf 86' lang='lat' dir='ltr'>iniqua</span> <span class='ocrx_word' id='word_1_928' title='bbox 1876 1491 1935 1513; x_wconf 91' lang='lat' dir='ltr'>non</span> <span class='ocrx_word' id='word_1_929' title='bbox 1948 1483 1990 1514; x_wconf 89' lang='lat' dir='ltr'>est</span> <span class='ocrx_word' id='word_1_930' title='bbox 2002 1485 2172 1523; x_wconf 88' lang='lat' dir='ltr'>aliquatenus</span> <span class='ocrx_word' id='word_1_931' title='bbox 2184 1487 2259 1519; x_wconf 87' lang='lat' dir='ltr'>tole—</span> 
     </span>
     <span class='ocr_line' id='line_1_127' title="bbox 1197 1511 2260 1561; baseline 0.015 -20"><span class='ocrx_word' id='word_1_932' title='bbox 1197 1511 1298 1550; x_wconf 87' lang='lat' dir='ltr'>randa,</span> <span class='ocrx_word' id='word_1_933' title='bbox 1317 1513 1346 1542; x_wconf 92' lang='lat' dir='ltr'>in</span> <span class='ocrx_word' id='word_1_934' title='bbox 1359 1513 1527 1544; x_wconf 73' lang='lat' dir='ltr'>obedientiae</span> <span class='ocrx_word' id='word_1_935' title='bbox 1542 1516 1624 1546; x_wconf 90' lang='lat' dir='ltr'>vobis</span> <span class='ocrx_word' id='word_1_936' title='bbox 1644 1518 1748 1548; x_wconf 87' lang='lat' dir='ltr'>virtute</span> <span class='ocrx_word' id='word_1_937' title='bbox 1766 1521 1945 1558; x_wconf 64' lang='lat' dir='ltr'>praecipimus</span> <span class='ocrx_word' id='word_1_938' title='bbox 1967 1531 2014 1561; x_wconf 93' lang='lat' dir='ltr'>ut,</span> <span class='ocrx_word' id='word_1_939' title='bbox 2031 1524 2111 1555; x_wconf 90' lang='lat' dir='ltr'>nullo</span> <span class='ocrx_word' id='word_1_940' title='bbox 2128 1525 2219 1556; x_wconf 90' lang='lat' dir='ltr'>modo</span> <span class='ocrx_word' id='word_1_941' title='bbox 2242 1528 2260 1558; x_wconf 78' lang='grc' dir='ltr'>ὲ</span> 
     </span>
     <span class='ocr_line' id='line_1_128' title="bbox 1198 1549 2260 1600; baseline 0.015 -21"><span class='ocrx_word' id='word_1_942' title='bbox 1198 1549 1324 1581; x_wconf 85' lang='lat' dir='ltr'>fratribus</span> <span class='ocrx_word' id='word_1_943' title='bbox 1340 1551 1420 1590; x_wconf 80' lang='lat' dir='ltr'>ipsis,</span> <span class='ocrx_word' id='word_1_944' title='bbox 1434 1553 1480 1583; x_wconf 92' lang='lat' dir='ltr'>vel</span> <span class='ocrx_word' id='word_1_945' title='bbox 1494 1553 1567 1592; x_wconf 88' lang='lat' dir='ltr'>aliis,</span> <span class='ocrx_word' id='word_1_946' title='bbox 1585 1565 1638 1595; x_wconf 92' lang='lat' dir='ltr'>pro</span> <span class='ocrx_word' id='word_1_947' title='bbox 1652 1556 1805 1596; x_wconf 75' lang='lat' dir='ltr'>sepultura,</span> <span class='ocrx_word' id='word_1_948' title='bbox 1823 1560 1975 1598; x_wconf 88' lang='lat' dir='ltr'>quicquam</span> <span class='ocrx_word' id='word_1_949' title='bbox 1989 1563 2117 1600; x_wconf 88' lang='lat' dir='ltr'>accipere</span> <span class='ocrx_word' id='word_1_950' title='bbox 2138 1564 2184 1594; x_wconf 92' lang='lat' dir='ltr'>vel</span> <span class='ocrx_word' id='word_1_951' title='bbox 2201 1566 2260 1595; x_wconf 87' lang='lat' dir='ltr'>exi-</span> 
     </span>
    </p>

    <p class='ocr_par' dir='ltr' id='par_1_47' title="bbox 1198 1590 2262 1773">
     <span class='ocr_line' id='line_1_129' title="bbox 1218 1590 2259 1639; baseline 0.016 -22"><span class='ocrx_word' id='word_1_952' title='bbox 1218 1598 1282 1627; x_wconf 88' lang='lat' dir='ltr'>ere,</span> <span class='ocrx_word' id='word_1_953' title='bbox 1306 1590 1355 1619; x_wconf 83' lang='lat' dir='ltr'>nifi</span> <span class='ocrx_word' id='word_1_954' title='bbox 1377 1591 1454 1628; x_wconf 91' lang='lat' dir='ltr'>quod</span> <span class='ocrx_word' id='word_1_955' title='bbox 1474 1591 1623 1629; x_wconf 88' lang='lat' dir='ltr'>spontanea</span> <span class='ocrx_word' id='word_1_956' title='bbox 1642 1594 1841 1627; x_wconf 88' lang='lat' dir='ltr'>decedentium</span> <span class='ocrx_word' id='word_1_957' title='bbox 1860 1597 2019 1638; x_wconf 82' lang='lat' dir='ltr'>liberalitas,</span> <span class='ocrx_word' id='word_1_958' title='bbox 2043 1601 2089 1631; x_wconf 90' lang='lat' dir='ltr'>vel</span> <span class='ocrx_word' id='word_1_959' title='bbox 2108 1610 2259 1639; x_wconf 87' lang='lat' dir='ltr'>parentum</span> 
     </span>
     <span class='ocr_line' id='line_1_130' title="bbox 1219 1627 2259 1679; baseline 0.015 -23"><span class='ocrx_word' id='word_1_960' title='bbox 1219 1627 1316 1658; x_wconf 90' lang='lat' dir='ltr'>evotio</span> <span class='ocrx_word' id='word_1_961' title='bbox 1330 1628 1413 1659; x_wconf 90' lang='lat' dir='ltr'>vobis</span> <span class='ocrx_word' id='word_1_962' title='bbox 1434 1630 1602 1671; x_wconf 89' lang='lat' dir='ltr'>contulerit,</span> <span class='ocrx_word' id='word_1_963' title='bbox 1619 1635 1804 1675; x_wconf 71' lang='lat' dir='ltr'>attempteti33</span> <span class='ocrx_word' id='word_1_964' title='bbox 1822 1635 1868 1666; x_wconf 85' lang='lat' dir='ltr'>sed</span> <span class='ocrx_word' id='word_1_965' title='bbox 1882 1637 1987 1676; x_wconf 88' lang='lat' dir='ltr'>absque</span> <span class='ocrx_word' id='word_1_966' title='bbox 2000 1638 2060 1669; x_wconf 92' lang='lat' dir='ltr'>ullo</span> <span class='ocrx_word' id='word_1_967' title='bbox 2073 1641 2164 1677; x_wconf 85' lang='lat' dir='ltr'>pretio</span> <span class='ocrx_word' id='word_1_968' title='bbox 2179 1641 2259 1679; x_wconf 86' lang='lat' dir='ltr'>sepe-</span> 
     </span>
     <span class='ocr_line' id='line_1_131' title="bbox 1198 1665 2260 1720; baseline 0.015 -26"><span class='ocrx_word' id='word_1_969' title='bbox 1198 1665 1267 1696; x_wconf 86' lang='lat' dir='ltr'>liatis</span> <span class='ocrx_word' id='word_1_970' title='bbox 1286 1675 1407 1705; x_wconf 88' lang='lat' dir='ltr'>corpora</span> <span class='ocrx_word' id='word_1_971' title='bbox 1429 1676 1631 1701; x_wconf 88' lang='lat' dir='ltr'>mortuorum:</span> <span class='ocrx_word' id='word_1_972' title='bbox 1657 1670 1713 1711; x_wconf 90' lang='lat' dir='ltr'>Et,</span> <span class='ocrx_word' id='word_1_973' title='bbox 1738 1672 1758 1703; x_wconf 90' lang='lat' dir='ltr'>si</span> <span class='ocrx_word' id='word_1_974' title='bbox 1782 1674 1843 1711; x_wconf 82' lang='lat' dir='ltr'>quis</span> <span class='ocrx_word' id='word_1_975' title='bbox 1863 1674 1921 1705; x_wconf 91' lang='lat' dir='ltr'>hoc</span> <span class='ocrx_word' id='word_1_976' title='bbox 1944 1676 2056 1707; x_wconf 78' lang='lat' dir='ltr'>ulterius</span> <span class='ocrx_word' id='word_1_977' title='bbox 2074 1686 2260 1720; x_wconf 77' lang='lat' dir='ltr'>attemptave-</span> 
     </span>
     <span class='ocr_line' id='line_1_132' title="bbox 1198 1704 2262 1756; baseline 0.016 -23"><span class='ocrx_word' id='word_1_978' title='bbox 1198 1705 1248 1742; x_wconf 89' lang='lat' dir='ltr'>rit,</span> <span class='ocrx_word' id='word_1_979' title='bbox 1267 1704 1355 1735; x_wconf 81' lang='lat' dir='ltr'>taliter</span> <span class='ocrx_word' id='word_1_980' title='bbox 1375 1707 1596 1740; x_wconf 88' lang='lat' dir='ltr'>animadvertatis</span> <span class='ocrx_word' id='word_1_981' title='bbox 1617 1710 1646 1741; x_wconf 92' lang='lat' dir='ltr'>in</span> <span class='ocrx_word' id='word_1_982' title='bbox 1668 1720 1735 1741; x_wconf 86' lang='lat' dir='ltr'>eum</span> <span class='ocrx_word' id='word_1_983' title='bbox 1750 1712 1830 1750; x_wconf 78' lang='lat' dir='ltr'>quod</span> <span class='ocrx_word' id='word_1_984' title='bbox 1842 1714 1960 1752; x_wconf 76' lang='lat' dir='ltr'>amplius</span> <span class='ocrx_word' id='word_1_985' title='bbox 1973 1715 2067 1747; x_wconf 85' lang='lat' dir='ltr'>similia</span> <span class='ocrx_word' id='word_1_986' title='bbox 2079 1726 2139 1748; x_wconf 91' lang='lat' dir='ltr'>non</span> <span class='ocrx_word' id='word_1_987' title='bbox 2159 1719 2262 1756; x_wconf 86' lang='lat' dir='ltr'>praesu-</span> 
     </span>
     <span class='ocr_line' id='line_1_133' title="bbox 1198 1752 1265 1773; baseline 0 -1"><span class='ocrx_word' id='word_1_988' title='bbox 1198 1752 1265 1773; x_wconf 78' lang='lat' dir='ltr'>mat⁴</span> 
     </span>
    </p>

    <p class='ocr_par' dir='ltr' id='par_1_48' title="bbox 1197 1781 2263 1928">
     <span class='ocr_line' id='line_1_134' title="bbox 1236 1781 2262 1834; baseline 0.016 -23"><span class='ocrx_word' id='word_1_989' title='bbox 1236 1781 1282 1812; x_wconf 92' lang='lat' dir='ltr'>Ad</span> <span class='ocrx_word' id='word_1_990' title='bbox 1297 1782 1359 1813; x_wconf 89' lang='lat' dir='ltr'>haec</span> <span class='ocrx_word' id='word_1_991' title='bbox 1375 1784 1553 1824; x_wconf 65' lang='lat' dir='ltr'>praesentium</span> <span class='ocrx_word' id='word_1_992' title='bbox 1565 1786 1648 1818; x_wconf 90' lang='lat' dir='ltr'>vobis</span> <span class='ocrx_word' id='word_1_993' title='bbox 1661 1788 1824 1821; x_wconf 68' lang='lat' dir='ltr'>auctoritate</span> <span class='ocrx_word' id='word_1_994' title='bbox 1855 1792 2014 1829; x_wconf 87' lang='lat' dir='ltr'>raecipimus</span> <span class='ocrx_word' id='word_1_995' title='bbox 2028 1804 2064 1824; x_wconf 91' lang='lat' dir='ltr'>ne</span> <span class='ocrx_word' id='word_1_996' title='bbox 2078 1794 2113 1825; x_wconf 93' lang='lat' dir='ltr'>ab</span> <span class='ocrx_word' id='word_1_997' title='bbox 2127 1796 2262 1834; x_wconf 87' lang='lat' dir='ltr'>eis,con-</span> 
     </span>
     <span class='ocr_line' id='line_1_135' title="bbox 1197 1800 2262 1865; baseline 0.014 -15"><span class='ocrx_word' id='word_1_998' title='bbox 1197 1827 1237 1850; x_wconf 87' lang='lat' dir='ltr'>tra</span> <span class='ocrx_word' id='word_1_999' title='bbox 1259 1829 1389 1852; x_wconf 89' lang='lat' dir='ltr'>tenorem</span> <span class='ocrx_word' id='word_1_1000' title='bbox 1408 1823 1619 1864; x_wconf 80' lang='lat' dir='ltr'>privilegiorum</span> <span class='ocrx_word' id='word_1_1001' title='bbox 1641 1826 1805 1864; x_wconf 81' lang='lat' dir='ltr'>apostolicae</span> <span class='ocrx_word' id='word_1_1002' title='bbox 1823 1800 1891 1861; x_wconf 55' lang='lat' dir='ltr'>(gdis</span> <span class='ocrx_word' id='word_1_1003' title='bbox 1912 1832 1948 1861; x_wconf 91' lang='lat' dir='ltr'>de</span> <span class='ocrx_word' id='word_1_1004' title='bbox 1968 1834 2143 1863; x_wconf 89' lang='lat' dir='ltr'>nutrimentis</span> <span class='ocrx_word' id='word_1_1005' title='bbox 2155 1835 2262 1865; x_wconf 84' lang='lat' dir='ltr'>anima-</span> 
     </span>
     <span class='ocr_line' id='line_1_136' title="bbox 1197 1858 2263 1912; baseline 0.016 -24"><span class='ocrx_word' id='word_1_1006' title='bbox 1197 1858 1268 1902; x_wconf 78' lang='lat' dir='ltr'>lium</span> <span class='ocrx_word' id='word_1_1007' title='bbox 1290 1859 1423 1900; x_wconf 84' lang='lat' dir='ltr'>suorum,</span> <span class='ocrx_word' id='word_1_1008' title='bbox 1447 1861 1493 1894; x_wconf 90' lang='lat' dir='ltr'>seu</span> <span class='ocrx_word' id='word_1_1009' title='bbox 1515 1862 1552 1894; x_wconf 93' lang='lat' dir='ltr'>de</span> <span class='ocrx_word' id='word_1_1010' title='bbox 1570 1864 1633 1902; x_wconf 86' lang='lat' dir='ltr'>ipsis</span> <span class='ocrx_word' id='word_1_1011' title='bbox 1654 1866 1819 1899; x_wconf 84' lang='lat' dir='ltr'>animalibus</span> <span class='ocrx_word' id='word_1_1012' title='bbox 1845 1868 1969 1900; x_wconf 88' lang='lat' dir='ltr'>decimas</span> <span class='ocrx_word' id='word_1_1013' title='bbox 1989 1872 2099 1911; x_wconf 83' lang='lat' dir='ltr'>exigere</span> <span class='ocrx_word' id='word_1_1014' title='bbox 2115 1872 2263 1912; x_wconf 76' lang='lat' dir='ltr'>praesuma-</span> 
     </span>
     <span class='ocr_line' id='line_1_137' title="bbox 1197 1905 1240 1928; baseline -0.023 0"><span class='ocrx_word' id='word_1_1015' title='bbox 1197 1905 1240 1928; x_wconf 82' lang='lat' dir='ltr'>tls.</span> 
     </span>
    </p>

    <p class='ocr_par' dir='ltr' id='par_1_49' title="bbox 1201 1936 2271 2174">
     <span class='ocr_line' id='line_1_138' title="bbox 1237 1936 2264 1987; baseline 0.014 -19"><span class='ocrx_word' id='word_1_1016' title='bbox 1237 1936 1317 1968; x_wconf 88' lang='lat' dir='ltr'>Cum</span> <span class='ocrx_word' id='word_1_1017' title='bbox 1337 1947 1431 1971; x_wconf 89' lang='lat' dir='ltr'>autem</span> <span class='ocrx_word' id='word_1_1018' title='bbox 1451 1939 1583 1972; x_wconf 88' lang='lat' dir='ltr'>Oratoria</span> <span class='ocrx_word' id='word_1_1019' title='bbox 1603 1942 1650 1973; x_wconf 90' lang='lat' dir='ltr'>vel</span> <span class='ocrx_word' id='word_1_1020' title='bbox 1665 1941 1826 1983; x_wconf 87' lang='lat' dir='ltr'>Cimiteria,</span> <span class='ocrx_word' id='word_1_1021' title='bbox 1844 1943 1999 1978; x_wconf 88' lang='lat' dir='ltr'>secundum</span> <span class='ocrx_word' id='word_1_1022' title='bbox 2012 1946 2090 1987; x_wconf 89' lang='lat' dir='ltr'>quod</span> <span class='ocrx_word' id='word_1_1023' title='bbox 2107 1949 2144 1980; x_wconf 89' lang='lat' dir='ltr'>eis</span> <span class='ocrx_word' id='word_1_1024' title='bbox 2158 1949 2199 1980; x_wconf 88' lang='lat' dir='ltr'>est</span> <span class='ocrx_word' id='word_1_1025' title='bbox 2211 1951 2264 1981; x_wconf 90' lang='lat' dir='ltr'>be-</span> 
     </span>
     <span class='ocr_line' id='line_1_139' title="bbox 1201 1974 2264 2024; baseline 0.014 -19"><span class='ocrx_word' id='word_1_1026' title='bbox 1201 1974 1306 2007; x_wconf 81' lang='lat' dir='ltr'>neficio</span> <span class='ocrx_word' id='word_1_1027' title='bbox 1323 1979 1535 2019; x_wconf 83' lang='lat' dir='ltr'>privilegiorum</span> <span class='ocrx_word' id='word_1_1028' title='bbox 1548 1981 1673 2011; x_wconf 84' lang='lat' dir='ltr'>ecclefiae</span> <span class='ocrx_word' id='word_1_1029' title='bbox 1686 1981 1830 2013; x_wconf 84' lang='lat' dir='ltr'>Romanae</span> <span class='ocrx_word' id='word_1_1030' title='bbox 1844 1986 2028 2024; x_wconf 87' lang='lat' dir='ltr'>conceffum,</span> <span class='ocrx_word' id='word_1_1031' title='bbox 2044 1986 2175 2019; x_wconf 89' lang='lat' dir='ltr'>duxerint</span> <span class='ocrx_word' id='word_1_1032' title='bbox 2190 1999 2264 2019; x_wconf 90' lang='lat' dir='ltr'>con-</span> 
     </span>
     <span class='ocr_line' id='line_1_140' title="bbox 1203 2014 2265 2066; baseline 0.013 -22"><span class='ocrx_word' id='word_1_1033' title='bbox 1203 2014 1349 2054; x_wconf 86' lang='lat' dir='ltr'>struenda,</span> <span class='ocrx_word' id='word_1_1034' title='bbox 1367 2028 1437 2056; x_wconf 89' lang='lat' dir='ltr'>vos,</span> <span class='ocrx_word' id='word_1_1035' title='bbox 1454 2018 1548 2048; x_wconf 88' lang='lat' dir='ltr'>fratres</span> <span class='ocrx_word' id='word_1_1036' title='bbox 1569 2018 1752 2058; x_wconf 90' lang='lat' dir='ltr'>Archiepisco</span> <span class='ocrx_word' id='word_1_1037' title='bbox 1773 2023 1781 2051; x_wconf 90' lang='lat' dir='ltr'>i</span> <span class='ocrx_word' id='word_1_1038' title='bbox 1800 2023 1834 2053; x_wconf 92' lang='lat'>&amp;</span> <span class='ocrx_word' id='word_1_1039' title='bbox 1854 2023 2002 2065; x_wconf 88' lang='lat' dir='ltr'>Episcopi,</span> <span class='ocrx_word' id='word_1_1040' title='bbox 2019 2026 2076 2064; x_wconf 89' lang='lat' dir='ltr'>eis,</span> <span class='ocrx_word' id='word_1_1041' title='bbox 2094 2036 2147 2064; x_wconf 92' lang='lat' dir='ltr'>pro</span> <span class='ocrx_word' id='word_1_1042' title='bbox 2167 2027 2211 2066; x_wconf 82' lang='lat' dir='ltr'>se,</span> <span class='ocrx_word' id='word_1_1043' title='bbox 2230 2037 2265 2058; x_wconf 88' lang='lat' dir='ltr'>ac</span> 
     </span>
     <span class='ocr_line' id='line_1_141' title="bbox 1203 2052 2268 2099; baseline 0.014 -17"><span class='ocrx_word' id='word_1_1044' title='bbox 1203 2052 1319 2084; x_wconf 70' lang='lat' dir='ltr'>Familia</span> <span class='ocrx_word' id='word_1_1045' title='bbox 1336 2055 1382 2086; x_wconf 68' lang='lat' dir='ltr'>sua</span> <span class='ocrx_word' id='word_1_1046' title='bbox 1400 2064 1512 2086; x_wconf 84' lang='lat' dir='ltr'>tantum</span> <span class='ocrx_word' id='word_1_1047' title='bbox 1524 2080 1534 2094; x_wconf 88' lang='lat'>,</span> <span class='ocrx_word' id='word_1_1048' title='bbox 1556 2056 1689 2088; x_wconf 87' lang='lat' dir='ltr'>Oratoria</span> <span class='ocrx_word' id='word_1_1049' title='bbox 1706 2059 1742 2090; x_wconf 92' lang='lat' dir='ltr'>de</span> <span class='ocrx_word' id='word_1_1050' title='bbox 1764 2061 1850 2099; x_wconf 86' lang='lat' dir='ltr'>icare,</span> <span class='ocrx_word' id='word_1_1051' title='bbox 1876 2072 1910 2093; x_wconf 88' lang='lat' dir='ltr'>ac</span> <span class='ocrx_word' id='word_1_1052' title='bbox 1929 2063 2078 2094; x_wconf 82' lang='lat' dir='ltr'>Cimiteria</span> <span class='ocrx_word' id='word_1_1053' title='bbox 2097 2065 2268 2097; x_wconf 85' lang='lat' dir='ltr'>benedicere</span> 
     </span>
     <span class='ocr_line' id='line_1_142' title="bbox 1203 2094 2271 2147; baseline 0.014 -26"><span class='ocrx_word' id='word_1_1054' title='bbox 1203 2094 1374 2132; x_wconf 76' lang='lat' dir='ltr'>procuretis,</span> <span class='ocrx_word' id='word_1_1055' title='bbox 1395 2104 1449 2125; x_wconf 92' lang='lat' dir='ltr'>nec</span> <span class='ocrx_word' id='word_1_1056' title='bbox 1463 2095 1559 2134; x_wconf 87' lang='lat' dir='ltr'>aliquis</span> <span class='ocrx_word' id='word_1_1057' title='bbox 1573 2095 1719 2136; x_wconf 70' lang='lat' dir='ltr'>vestrum,</span> <span class='ocrx_word' id='word_1_1058' title='bbox 1739 2107 1839 2131; x_wconf 86' lang='lat' dir='ltr'>contra</span> <span class='ocrx_word' id='word_1_1059' title='bbox 1852 2108 1984 2133; x_wconf 88' lang='lat' dir='ltr'>tenorem</span> <span class='ocrx_word' id='word_1_1060' title='bbox 1995 2103 2208 2144; x_wconf 80' lang='lat' dir='ltr'>privilegiorum</span> <span class='ocrx_word' id='word_1_1061' title='bbox 2224 2105 2271 2147; x_wconf 49' lang='lat' dir='ltr'>ipq</span> 
     </span>
     <span class='ocr_line' id='line_1_143' title="bbox 1205 2131 1995 2174; baseline 0.013 -14"><span class='ocrx_word' id='word_1_1062' title='bbox 1205 2131 1316 2169; x_wconf 88' lang='lat' dir='ltr'>sorum,</span> <span class='ocrx_word' id='word_1_1063' title='bbox 1334 2132 1362 2162; x_wconf 91' lang='lat' dir='ltr'>id</span> <span class='ocrx_word' id='word_1_1064' title='bbox 1374 2132 1512 2170; x_wconf 88' lang='lat' dir='ltr'>impedire</span> <span class='ocrx_word' id='word_1_1065' title='bbox 1521 2133 1620 2165; x_wconf 89' lang='lat' dir='ltr'>audeat</span> <span class='ocrx_word' id='word_1_1066' title='bbox 1631 2136 1801 2174; x_wconf 87' lang='lat' dir='ltr'>aliquatenus</span> <span class='ocrx_word' id='word_1_1067' title='bbox 1816 2138 1862 2169; x_wconf 92' lang='lat' dir='ltr'>vel</span> <span class='ocrx_word' id='word_1_1068' title='bbox 1876 2141 1995 2172; x_wconf 87' lang='lat' dir='ltr'>turbare.</span> 
     </span>
    </p>

    <p class='ocr_par' dir='ltr' id='par_1_50' title="bbox 1205 2168 2275 2510">
     <span class='ocr_line' id='line_1_144' title="bbox 1243 2168 2275 2220; baseline 0.015 -21"><span class='ocrx_word' id='word_1_1069' title='bbox 1243 2168 1293 2200; x_wconf 92' lang='lat' dir='ltr'>De</span> <span class='ocrx_word' id='word_1_1070' title='bbox 1305 2179 1409 2202; x_wconf 62' lang='lat' dir='ltr'>caetero</span> <span class='ocrx_word' id='word_1_1071' title='bbox 1425 2182 1541 2211; x_wconf 89' lang='lat' dir='ltr'>quoque</span> <span class='ocrx_word' id='word_1_1072' title='bbox 1552 2173 1646 2204; x_wconf 85' lang='lat' dir='ltr'>fratres</span> <span class='ocrx_word' id='word_1_1073' title='bbox 1659 2175 1766 2206; x_wconf 78' lang='lat' dir='ltr'>militiae</span> <span class='ocrx_word' id='word_1_1074' title='bbox 1776 2177 1855 2207; x_wconf 90' lang='lat' dir='ltr'>Tem</span> <span class='ocrx_word' id='word_1_1075' title='bbox 1876 2178 1910 2217; x_wconf 91' lang='lat' dir='ltr'>li,</span> <span class='ocrx_word' id='word_1_1076' title='bbox 1928 2180 1956 2209; x_wconf 93' lang='lat' dir='ltr'>in</span> <span class='ocrx_word' id='word_1_1077' title='bbox 1976 2179 2073 2211; x_wconf 87' lang='lat' dir='ltr'>vestris</span> <span class='ocrx_word' id='word_1_1078' title='bbox 2094 2179 2275 2220; x_wconf 62' lang='lat' dir='ltr'>EpiscopatiJ</span> 
     </span>
     <span class='ocr_line' id='line_1_145' title="bbox 1205 2186 2273 2259; baseline 0.014 -22"><span class='ocrx_word' id='word_1_1079' title='bbox 1205 2209 1256 2238; x_wconf 89' lang='lat' dir='ltr'>bus</span> <span class='ocrx_word' id='word_1_1080' title='bbox 1278 2209 1463 2249; x_wconf 87' lang='lat' dir='ltr'>constitutos,</span> <span class='ocrx_word' id='word_1_1081' title='bbox 1489 2212 1551 2249; x_wconf 91' lang='lat' dir='ltr'>qui,</span> <span class='ocrx_word' id='word_1_1082' title='bbox 1568 2222 1686 2243; x_wconf 90' lang='lat' dir='ltr'>crucem</span> <span class='ocrx_word' id='word_1_1083' title='bbox 1707 2215 1740 2245; x_wconf 88' lang='lat'>&amp;</span> <span class='ocrx_word' id='word_1_1084' title='bbox 1761 2215 1842 2245; x_wconf 91' lang='lat' dir='ltr'>suum</span> <span class='ocrx_word' id='word_1_1085' title='bbox 1857 2186 1988 2249; x_wconf 46' lang='lat' dir='ltr'>liabitum</span> <span class='ocrx_word' id='word_1_1086' title='bbox 2008 2219 2200 2258; x_wconf 87' lang='lat' dir='ltr'>deponentes,</span> <span class='ocrx_word' id='word_1_1087' title='bbox 2217 2230 2273 2259; x_wconf 86' lang='lat' dir='ltr'>per</span> 
     </span>
     <span class='ocr_line' id='line_1_146' title="bbox 1205 2247 2272 2298; baseline 0.012 -20"><span class='ocrx_word' id='word_1_1088' title='bbox 1205 2247 1348 2278; x_wconf 87' lang='lat' dir='ltr'>illecebras</span> <span class='ocrx_word' id='word_1_1089' title='bbox 1367 2249 1452 2279; x_wconf 91' lang='lat' dir='ltr'>seculi</span> <span class='ocrx_word' id='word_1_1090' title='bbox 1471 2251 1505 2280; x_wconf 72' lang='grc' dir='ltr'>ὃ(</span> <span class='ocrx_word' id='word_1_1091' title='bbox 1527 2251 1663 2282; x_wconf 82' lang='lat' dir='ltr'>vitiorum</span> <span class='ocrx_word' id='word_1_1092' title='bbox 1676 2252 1794 2291; x_wconf 89' lang='lat' dir='ltr'>abrupta</span> <span class='ocrx_word' id='word_1_1093' title='bbox 1807 2264 1956 2295; x_wconf 70' lang='lat' dir='ltr'>vagantur,</span> <span class='ocrx_word' id='word_1_1094' title='bbox 1972 2259 2006 2288; x_wconf 90' lang='lat'>&amp;</span> <span class='ocrx_word' id='word_1_1095' title='bbox 2019 2257 2080 2287; x_wconf 87' lang='lat' dir='ltr'>illos</span> <span class='ocrx_word' id='word_1_1096' title='bbox 2096 2260 2198 2298; x_wconf 87' lang='lat' dir='ltr'>etiam,</span> <span class='ocrx_word' id='word_1_1097' title='bbox 2218 2260 2272 2297; x_wconf 79' lang='lat' dir='ltr'>qui</span> 
     </span>
     <span class='ocr_line' id='line_1_147' title="bbox 1205 2286 2270 2333; baseline 0.014 -18"><span class='ocrx_word' id='word_1_1098' title='bbox 1205 2286 1345 2324; x_wconf 87' lang='lat' dir='ltr'>prioribus</span> <span class='ocrx_word' id='word_1_1099' title='bbox 1366 2287 1418 2318; x_wconf 92' lang='lat' dir='ltr'>suis</span> <span class='ocrx_word' id='word_1_1100' title='bbox 1437 2297 1620 2320; x_wconf 88' lang='lat' dir='ltr'>contumaces</span> <span class='ocrx_word' id='word_1_1101' title='bbox 1641 2291 1675 2321; x_wconf 74' lang='grc' dir='ltr'>δε</span> <span class='ocrx_word' id='word_1_1102' title='bbox 1694 2292 1810 2323; x_wconf 75' lang='lat' dir='ltr'>rebelles</span> <span class='ocrx_word' id='word_1_1103' title='bbox 1822 2291 1960 2333; x_wconf 88' lang='lat' dir='ltr'>existunt,</span> <span class='ocrx_word' id='word_1_1104' title='bbox 1977 2297 2011 2327; x_wconf 91' lang='lat'>&amp;</span> <span class='ocrx_word' id='word_1_1105' title='bbox 2026 2295 2131 2328; x_wconf 88' lang='lat' dir='ltr'>Balivas</span> <span class='ocrx_word' id='word_1_1106' title='bbox 2141 2297 2270 2330; x_wconf 85' lang='lat' dir='ltr'>detinent</span> 
     </span>
     <span class='ocr_line' id='line_1_148' title="bbox 1206 2325 2270 2376; baseline 0.012 -20"><span class='ocrx_word' id='word_1_1107' title='bbox 1206 2333 1306 2356; x_wconf 89' lang='lat' dir='ltr'>contra</span> <span class='ocrx_word' id='word_1_1108' title='bbox 1325 2325 1502 2357; x_wconf 87' lang='lat' dir='ltr'>voluntatem</span> <span class='ocrx_word' id='word_1_1109' title='bbox 1524 2327 1648 2365; x_wconf 88' lang='lat' dir='ltr'>ipsorum</span> <span class='ocrx_word' id='word_1_1110' title='bbox 1663 2354 1673 2367; x_wconf 93' lang='lat'>,</span> <span class='ocrx_word' id='word_1_1111' title='bbox 1701 2332 1838 2362; x_wconf 86' lang='lat' dir='ltr'>moneatis</span> <span class='ocrx_word' id='word_1_1112' title='bbox 1857 2331 2010 2372; x_wconf 90' lang='lat' dir='ltr'>instanter,</span> <span class='ocrx_word' id='word_1_1113' title='bbox 2034 2335 2068 2366; x_wconf 90' lang='lat'>&amp;</span> <span class='ocrx_word' id='word_1_1114' title='bbox 2108 2345 2163 2376; x_wconf 90' lang='lat' dir='ltr'>pro</span> <span class='ocrx_word' id='word_1_1115' title='bbox 2182 2336 2270 2369; x_wconf 79' lang='lat' dir='ltr'>vestri</span> 
     </span>
     <span class='ocr_line' id='line_1_149' title="bbox 1206 2363 2272 2414; baseline 0.012 -21"><span class='ocrx_word' id='word_1_1116' title='bbox 1206 2363 1295 2394; x_wconf 89' lang='lat' dir='ltr'>officii</span> <span class='ocrx_word' id='word_1_1117' title='bbox 1316 2364 1430 2404; x_wconf 82' lang='lat' dir='ltr'>debito,</span> <span class='ocrx_word' id='word_1_1118' title='bbox 1450 2366 1622 2403; x_wconf 84' lang='lat' dir='ltr'>compellatis</span> <span class='ocrx_word' id='word_1_1119' title='bbox 1645 2376 1692 2406; x_wconf 91' lang='lat' dir='ltr'>ut,</span> <span class='ocrx_word' id='word_1_1120' title='bbox 1707 2369 1834 2400; x_wconf 89' lang='lat' dir='ltr'>habitum</span> <span class='ocrx_word' id='word_1_1121' title='bbox 1854 2371 2014 2409; x_wconf 88' lang='lat' dir='ltr'>depositum</span> <span class='ocrx_word' id='word_1_1122' title='bbox 2033 2382 2063 2403; x_wconf 88' lang='lat' dir='ltr'>re</span> <span class='ocrx_word' id='word_1_1123' title='bbox 2075 2383 2218 2414; x_wconf 73' lang='lat' dir='ltr'>umentes,</span> <span class='ocrx_word' id='word_1_1124' title='bbox 2239 2376 2272 2407; x_wconf 89' lang='lat' dir='ltr'>in</span> 
     </span>
     <span class='ocr_line' id='line_1_150' title="bbox 1206 2401 2272 2453; baseline 0.013 -22"><span class='ocrx_word' id='word_1_1125' title='bbox 1206 2401 1367 2433; x_wconf 86' lang='lat' dir='ltr'>obedientia</span> <span class='ocrx_word' id='word_1_1126' title='bbox 1380 2403 1567 2434; x_wconf 89' lang='lat' dir='ltr'>Praelatorum</span> <span class='ocrx_word' id='word_1_1127' title='bbox 1580 2405 1695 2436; x_wconf 85' lang='lat' dir='ltr'>suorum</span> <span class='ocrx_word' id='word_1_1128' title='bbox 1710 2407 1816 2439; x_wconf 81' lang='lat' dir='ltr'>devote</span> <span class='ocrx_word' id='word_1_1129' title='bbox 1831 2418 1864 2440; x_wconf 92' lang='lat' dir='ltr'>ac</span> <span class='ocrx_word' id='word_1_1130' title='bbox 1876 2410 2019 2441; x_wconf 90' lang='lat' dir='ltr'>humiliter</span> <span class='ocrx_word' id='word_1_1131' title='bbox 2030 2411 2222 2453; x_wconf 85' lang='lat' dir='ltr'>perseverent,</span> <span class='ocrx_word' id='word_1_1132' title='bbox 2236 2416 2272 2447; x_wconf 89' lang='lat'>&amp;</span> 
     </span>
     <span class='ocr_line' id='line_1_151' title="bbox 1207 2440 2274 2510; baseline 0.013 -39"><span class='ocrx_word' id='word_1_1133' title='bbox 1207 2440 1313 2510; x_wconf 66' lang='lat' dir='ltr'>Balixslas</span> <span class='ocrx_word' id='word_1_1134' title='bbox 1328 2466 1338 2481; x_wconf 90' lang='lat'>,</span> <span class='ocrx_word' id='word_1_1135' title='bbox 1365 2441 1423 2474; x_wconf 84' lang='lat' dir='ltr'>five</span> <span class='ocrx_word' id='word_1_1136' title='bbox 1439 2442 1490 2474; x_wconf 89' lang='lat' dir='ltr'>alia</span> <span class='ocrx_word' id='word_1_1137' title='bbox 1512 2442 1608 2475; x_wconf 86' lang='lat' dir='ltr'>officia</span> <span class='ocrx_word' id='word_1_1138' title='bbox 1623 2467 1633 2483; x_wconf 93' lang='lat'>,</span> <span class='ocrx_word' id='word_1_1139' title='bbox 1657 2455 1707 2483; x_wconf 86' lang='lat' dir='ltr'>per</span> <span class='ocrx_word' id='word_1_1140' title='bbox 1727 2446 1907 2487; x_wconf 86' lang='lat' dir='ltr'>violentiam,</span> <span class='ocrx_word' id='word_1_1141' title='bbox 1930 2449 2010 2480; x_wconf 89' lang='lat' dir='ltr'>nullo</span> <span class='ocrx_word' id='word_1_1142' title='bbox 2035 2450 2126 2482; x_wconf 88' lang='lat' dir='ltr'>modo</span> <span class='ocrx_word' id='word_1_1143' title='bbox 2146 2452 2274 2485; x_wconf 83' lang='lat' dir='ltr'>detinere</span> 
     </span>
    </p>

    <p class='ocr_par' dir='ltr' id='par_1_51' title="bbox 1228 2489 1383 2512">
     <span class='ocr_line' id='line_1_152' title="bbox 1228 2489 1383 2512; baseline 0.006 -2"><span class='ocrx_word' id='word_1_1144' title='bbox 1228 2490 1265 2510; x_wconf 86' lang='lat' dir='ltr'>rae</span> <span class='ocrx_word' id='word_1_1145' title='bbox 1277 2489 1383 2512; x_wconf 90' lang='lat' dir='ltr'>umant.</span> 
     </span>
    </p>

    <p class='ocr_par' dir='ltr' id='par_1_52' title="bbox 1207 2490 2274 2640">
     <span class='ocr_line' id='line_1_153' title="bbox 1207 2490 2274 2568; baseline 0.012 -20"><span class='ocrx_word' id='word_1_1146' title='bbox 1207 2490 1227 2518; x_wconf 75' lang='lat' dir='ltr'>P</span> <span class='ocrx_word' id='word_1_1147' title='bbox 1246 2519 1424 2559; x_wconf 82' lang='lat' dir='ltr'>Qiicunque</span> <span class='ocrx_word' id='word_1_1148' title='bbox 1436 2529 1530 2552; x_wconf 89' lang='lat' dir='ltr'>autem</span> <span class='ocrx_word' id='word_1_1149' title='bbox 1543 2522 1740 2555; x_wconf 89' lang='lat' dir='ltr'>mandatorum</span> <span class='ocrx_word' id='word_1_1150' title='bbox 1754 2524 1918 2556; x_wconf 85' lang='lat' dir='ltr'>nostrorum</span> <span class='ocrx_word' id='word_1_1151' title='bbox 1933 2527 2075 2559; x_wconf 78' lang='lat' dir='ltr'>extiterint</span> <span class='ocrx_word' id='word_1_1152' title='bbox 2088 2533 2274 2568; x_wconf 53' lang='lat' dir='ltr'>contemptod</span> 
     </span>
     <span class='ocr_line' id='line_1_154' title="bbox 1208 2561 2271 2604; baseline 0.013 -18"><span class='ocrx_word' id='word_1_1153' title='bbox 1208 2567 1268 2596; x_wconf 88' lang='lat' dir='ltr'>res,</span> <span class='ocrx_word' id='word_1_1154' title='bbox 1289 2561 1588 2591; x_wconf 77' lang='lat' dir='ltr'>excommunicationis</span> <span class='ocrx_word' id='word_1_1155' title='bbox 1604 2571 1652 2592; x_wconf 88' lang='lat' dir='ltr'>eos</span> <span class='ocrx_word' id='word_1_1156' title='bbox 1668 2563 1802 2594; x_wconf 88' lang='lat' dir='ltr'>sententia</span> <span class='ocrx_word' id='word_1_1157' title='bbox 1815 2565 1985 2604; x_wconf 78' lang='lat' dir='ltr'>percellatis,</span> <span class='ocrx_word' id='word_1_1158' title='bbox 2004 2576 2090 2604; x_wconf 89' lang='lat' dir='ltr'>quam</span> <span class='ocrx_word' id='word_1_1159' title='bbox 2104 2568 2207 2599; x_wconf 88' lang='lat' dir='ltr'>faciatis</span> <span class='ocrx_word' id='word_1_1160' title='bbox 2225 2579 2271 2600; x_wconf 83' lang='lat' dir='ltr'>us-</span> 
     </span>
     <span class='ocr_line' id='line_1_155' title="bbox 1209 2595 2098 2640; baseline 0.01 -15"><span class='ocrx_word' id='word_1_1161' title='bbox 1209 2606 1266 2635; x_wconf 91' lang='lat' dir='ltr'>que</span> <span class='ocrx_word' id='word_1_1162' title='bbox 1277 2595 1311 2626; x_wconf 90' lang='lat' dir='ltr'>ad</span> <span class='ocrx_word' id='word_1_1163' title='bbox 1326 2596 1542 2629; x_wconf 66' lang='lat' dir='ltr'>satisfactionem</span> <span class='ocrx_word' id='word_1_1164' title='bbox 1556 2600 1730 2640; x_wconf 79' lang='lat' dir='ltr'>condignam</span> <span class='ocrx_word' id='word_1_1165' title='bbox 1743 2603 1938 2634; x_wconf 90' lang='lat' dir='ltr'>inviolabiliter</span> <span class='ocrx_word' id='word_1_1166' title='bbox 1951 2604 2098 2636; x_wconf 87' lang='lat' dir='ltr'>observari.</span> 
     </span>
    </p>

    <p class='ocr_par' dir='ltr' id='par_1_53' title="bbox 1209 2634 2276 2789">
     <span class='ocr_line' id='line_1_156' title="bbox 1246 2634 2275 2682; baseline 0.013 -18"><span class='ocrx_word' id='word_1_1167' title='bbox 1246 2634 1386 2666; x_wconf 87' lang='lat' dir='ltr'>Praeterea</span> <span class='ocrx_word' id='word_1_1168' title='bbox 1400 2637 1564 2675; x_wconf 88' lang='lat' dir='ltr'>quicunque</span> <span class='ocrx_word' id='word_1_1169' title='bbox 1577 2638 1614 2668; x_wconf 91' lang='lat' dir='ltr'>de</span> <span class='ocrx_word' id='word_1_1170' title='bbox 1626 2639 1823 2680; x_wconf 83' lang='lat' dir='ltr'>facultatibus,</span> <span class='ocrx_word' id='word_1_1171' title='bbox 1840 2641 1890 2671; x_wconf 86' lang='lat' dir='ltr'>sibi</span> <span class='ocrx_word' id='word_1_1172' title='bbox 1909 2642 2035 2682; x_wconf 84' lang='lat' dir='ltr'>collatis,</span> <span class='ocrx_word' id='word_1_1173' title='bbox 2051 2643 2122 2674; x_wconf 87' lang='lat' dir='ltr'>adeo</span> <span class='ocrx_word' id='word_1_1174' title='bbox 2143 2645 2275 2677; x_wconf 82' lang='lat' dir='ltr'>fratribus</span> 
     </span>
     <span class='ocr_line' id='line_1_157' title="bbox 1209 2673 2274 2716; baseline 0.011 -13"><span class='ocrx_word' id='word_1_1175' title='bbox 1209 2673 1388 2704; x_wconf 89' lang='lat' dir='ltr'>subvenerint</span> <span class='ocrx_word' id='word_1_1176' title='bbox 1409 2675 1584 2715; x_wconf 67' lang='lat' dir='ltr'>supradictis,</span> <span class='ocrx_word' id='word_1_1177' title='bbox 1603 2677 1636 2708; x_wconf 89' lang='lat'>&amp;</span> <span class='ocrx_word' id='word_1_1178' title='bbox 1654 2678 1684 2708; x_wconf 87' lang='lat' dir='ltr'>in</span> <span class='ocrx_word' id='word_1_1179' title='bbox 1703 2687 1762 2709; x_wconf 91' lang='lat' dir='ltr'>tam</span> <span class='ocrx_word' id='word_1_1180' title='bbox 1782 2679 1874 2710; x_wconf 61' lang='lat' dir='ltr'>saneta</span> <span class='ocrx_word' id='word_1_1181' title='bbox 1896 2680 2063 2713; x_wconf 80' lang='lat' dir='ltr'>fraternitate</span> <span class='ocrx_word' id='word_1_1182' title='bbox 2083 2682 2227 2715; x_wconf 84' lang='lat' dir='ltr'>statuerint</span> <span class='ocrx_word' id='word_1_1183' title='bbox 2245 2685 2274 2716; x_wconf 89' lang='lat' dir='ltr'>se</span> 
     </span>
     <span class='ocr_line' id='line_1_158' title="bbox 1211 2711 2276 2762; baseline 0.012 -20"><span class='ocrx_word' id='word_1_1184' title='bbox 1211 2711 1359 2752; x_wconf 78' lang='lat' dir='ltr'>Cossegas,</span> <span class='ocrx_word' id='word_1_1185' title='bbox 1378 2712 1471 2752; x_wconf 87' lang='lat' dir='ltr'>eisque</span> <span class='ocrx_word' id='word_1_1186' title='bbox 1482 2713 1619 2745; x_wconf 87' lang='lat' dir='ltr'>beneficia</span> <span class='ocrx_word' id='word_1_1187' title='bbox 1632 2716 1815 2756; x_wconf 87' lang='lat' dir='ltr'>persolverint</span> <span class='ocrx_word' id='word_1_1188' title='bbox 1825 2721 1986 2759; x_wconf 79' lang='lat' dir='ltr'>annuatim,</span> <span class='ocrx_word' id='word_1_1189' title='bbox 2004 2719 2150 2758; x_wconf 78' lang='lat' dir='ltr'>septimam</span> <span class='ocrx_word' id='word_1_1190' title='bbox 2164 2732 2276 2762; x_wconf 85' lang='lat' dir='ltr'>partem</span> 
     </span>
     <span class='ocr_line' id='line_1_159' title="bbox 1211 2751 1705 2789; baseline 0.008 -8"><span class='ocrx_word' id='word_1_1191' title='bbox 1211 2751 1346 2789; x_wconf 61' lang='lat' dir='ltr'>injuntfftae</span> <span class='ocrx_word' id='word_1_1192' title='bbox 1358 2754 1532 2789; x_wconf 64' lang='lat' dir='ltr'>poenitenti-ae</span> <span class='ocrx_word' id='word_1_1193' title='bbox 1544 2753 1705 2785; x_wconf 82' lang='lat' dir='ltr'>relaxamus.</span> 
     </span>
    </p>

    <p class='ocr_par' dir='ltr' id='par_1_54' title="bbox 1210 2789 2278 3024">
     <span class='ocr_line' id='line_1_160' title="bbox 1248 2789 2278 2836; baseline 0.01 -17"><span class='ocrx_word' id='word_1_1194' title='bbox 1248 2789 1413 2828; x_wconf 89' lang='lat' dir='ltr'>Apostolica</span> <span class='ocrx_word' id='word_1_1195' title='bbox 1435 2801 1552 2830; x_wconf 86' lang='lat' dir='ltr'>quoque</span> <span class='ocrx_word' id='word_1_1196' title='bbox 1569 2793 1749 2833; x_wconf 65' lang='lat' dir='ltr'>auctoritate,</span> <span class='ocrx_word' id='word_1_1197' title='bbox 1766 2796 1807 2826; x_wconf 95' lang='lat' dir='ltr'>ob</span> <span class='ocrx_word' id='word_1_1198' title='bbox 1819 2798 2002 2827; x_wconf 74' lang='lat' dir='ltr'>reverentiam</span> <span class='ocrx_word' id='word_1_1199' title='bbox 2016 2798 2098 2836; x_wconf 86' lang='lat' dir='ltr'>ipfius</span> <span class='ocrx_word' id='word_1_1200' title='bbox 2110 2799 2278 2830; x_wconf 79' lang='lat' dir='ltr'>venerabilis</span> 
     </span>
     <span class='ocr_line' id='line_1_161' title="bbox 1210 2827 2277 2875; baseline 0.01 -18"><span class='ocrx_word' id='word_1_1201' title='bbox 1210 2827 1317 2859; x_wconf 74' lang='lat' dir='ltr'>domus</span> <span class='ocrx_word' id='word_1_1202' title='bbox 1352 2828 1496 2860; x_wconf 90' lang='lat' dir='ltr'>statuimus</span> <span class='ocrx_word' id='word_1_1203' title='bbox 1509 2839 1540 2861; x_wconf 86' lang='lat' dir='ltr'>ut</span> <span class='ocrx_word' id='word_1_1204' title='bbox 1553 2829 1620 2870; x_wconf 83' lang='lat' dir='ltr'>hiis,</span> <span class='ocrx_word' id='word_1_1205' title='bbox 1638 2833 1687 2870; x_wconf 89' lang='lat' dir='ltr'>qui</span> <span class='ocrx_word' id='word_1_1206' title='bbox 1701 2843 1802 2864; x_wconf 89' lang='lat' dir='ltr'>eorum</span> <span class='ocrx_word' id='word_1_1207' title='bbox 1816 2835 2017 2865; x_wconf 86' lang='lat' dir='ltr'>fraternitatem</span> <span class='ocrx_word' id='word_1_1208' title='bbox 2029 2836 2236 2875; x_wconf 85' lang='lat' dir='ltr'>assumpserint,</span> <span class='ocrx_word' id='word_1_1209' title='bbox 2255 2837 2277 2868; x_wconf 84' lang='lat' dir='ltr'><strong>fi</strong></span> 
     </span>
     <span class='ocr_line' id='line_1_162' title="bbox 1210 2852 2276 2910; baseline 0.009 -13"><span class='ocrx_word' id='word_1_1210' title='bbox 1210 2867 1304 2898; x_wconf 85' lang='lat' dir='ltr'>forsan</span> <span class='ocrx_word' id='word_1_1211' title='bbox 1323 2852 1475 2907; x_wconf 76' lang='lat' dir='ltr'>Ecclesiae,</span> <span class='ocrx_word' id='word_1_1212' title='bbox 1491 2868 1525 2899; x_wconf 91' lang='lat' dir='ltr'>ad</span> <span class='ocrx_word' id='word_1_1213' title='bbox 1549 2879 1615 2907; x_wconf 88' lang='lat' dir='ltr'>quas</span> <span class='ocrx_word' id='word_1_1214' title='bbox 1631 2872 1786 2910; x_wconf 81' lang='lat' dir='ltr'>pertinent,</span> <span class='ocrx_word' id='word_1_1215' title='bbox 1805 2883 1821 2903; x_wconf 89' lang='lat' dir='ltr'>a</span> <span class='ocrx_word' id='word_1_1216' title='bbox 1840 2872 1940 2903; x_wconf 90' lang='lat' dir='ltr'>divinis</span> <span class='ocrx_word' id='word_1_1217' title='bbox 1953 2873 2057 2905; x_wconf 81' lang='lat' dir='ltr'>flierint</span> <span class='ocrx_word' id='word_1_1218' title='bbox 2070 2875 2174 2906; x_wconf 85' lang='lat' dir='ltr'>officiis</span> <span class='ocrx_word' id='word_1_1219' title='bbox 2187 2877 2276 2907; x_wconf 89' lang='lat' dir='ltr'>inter-</span> 
     </span>
     <span class='ocr_line' id='line_1_163' title="bbox 1212 2906 2276 2949; baseline 0.009 -14"><span class='ocrx_word' id='word_1_1220' title='bbox 1212 2906 1313 2944; x_wconf 71' lang='lat' dir='ltr'>dietae,</span> <span class='ocrx_word' id='word_1_1221' title='bbox 1331 2906 1457 2945; x_wconf 87' lang='lat' dir='ltr'>ipsosque</span> <span class='ocrx_word' id='word_1_1222' title='bbox 1476 2909 1551 2937; x_wconf 88' lang='lat' dir='ltr'>mori</span> <span class='ocrx_word' id='word_1_1223' title='bbox 1571 2910 1739 2949; x_wconf 84' lang='lat' dir='ltr'>contigerit,</span> <span class='ocrx_word' id='word_1_1224' title='bbox 1757 2910 1807 2941; x_wconf 91' lang='lat' dir='ltr'>nisi</span> <span class='ocrx_word' id='word_1_1225' title='bbox 1826 2914 2066 2943; x_wconf 87' lang='lat' dir='ltr'>excommunicati</span> <span class='ocrx_word' id='word_1_1226' title='bbox 2088 2915 2133 2944; x_wconf 95' lang='lat' dir='ltr'>vel</span> <span class='ocrx_word' id='word_1_1227' title='bbox 2144 2915 2276 2945; x_wconf 85' lang='lat' dir='ltr'>nomina-</span> 
     </span>
     <span class='ocr_line' id='line_1_164' title="bbox 1211 2945 2278 2990; baseline 0.009 -16"><span class='ocrx_word' id='word_1_1228' title='bbox 1211 2945 1264 2975; x_wconf 90' lang='lat' dir='ltr'>tim</span> <span class='ocrx_word' id='word_1_1229' title='bbox 1284 2945 1388 2976; x_wconf 84' lang='lat' dir='ltr'>fuerint</span> <span class='ocrx_word' id='word_1_1230' title='bbox 1408 2945 1565 2985; x_wconf 65' lang='lat' dir='ltr'>interdisti,</span> <span class='ocrx_word' id='word_1_1231' title='bbox 1579 2955 1625 2978; x_wconf 88' lang='lat' dir='ltr'>aut</span> <span class='ocrx_word' id='word_1_1232' title='bbox 1647 2949 1731 2979; x_wconf 86' lang='lat' dir='ltr'>etiam</span> <span class='ocrx_word' id='word_1_1233' title='bbox 1752 2950 1868 2987; x_wconf 80' lang='lat' dir='ltr'>publice</span> <span class='ocrx_word' id='word_1_1234' title='bbox 1888 2949 2017 2989; x_wconf 88' lang='lat' dir='ltr'>usurarii,</span> <span class='ocrx_word' id='word_1_1235' title='bbox 2034 2950 2171 2990; x_wconf 86' lang='lat' dir='ltr'>sepultura</span> <span class='ocrx_word' id='word_1_1236' title='bbox 2184 2952 2278 2984; x_wconf 84' lang='lat' dir='ltr'>eccle-</span> 
     </span>
     <span class='ocr_line' id='line_1_165' title="bbox 1212 2982 1530 3024; baseline 0.006 -11"><span class='ocrx_word' id='word_1_1237' title='bbox 1212 2982 1317 3014; x_wconf 82' lang='lat' dir='ltr'>siastica</span> <span class='ocrx_word' id='word_1_1238' title='bbox 1331 2994 1391 3015; x_wconf 92' lang='lat' dir='ltr'>non</span> <span class='ocrx_word' id='word_1_1239' title='bbox 1405 2993 1530 3024; x_wconf 86' lang='lat' dir='ltr'>negetur.</span> 
     </span>
    </p>

    <p class='ocr_par' dir='ltr' id='par_1_55' title="bbox 1212 3021 2278 3379">
     <span class='ocr_line' id='line_1_166' title="bbox 1250 3021 2278 3067; baseline 0.011 -16"><span class='ocrx_word' id='word_1_1240' title='bbox 1250 3021 1392 3053; x_wconf 84' lang='lat' dir='ltr'>Volumus</span> <span class='ocrx_word' id='word_1_1241' title='bbox 1408 3031 1502 3053; x_wconf 91' lang='lat' dir='ltr'>autem</span> <span class='ocrx_word' id='word_1_1242' title='bbox 1523 3031 1555 3054; x_wconf 92' lang='lat' dir='ltr'>ut</span> <span class='ocrx_word' id='word_1_1243' title='bbox 1571 3023 1652 3055; x_wconf 68' lang='lat' dir='ltr'>liceat</span> <span class='ocrx_word' id='word_1_1244' title='bbox 1670 3026 1708 3056; x_wconf 89' lang='lat' dir='ltr'>eis</span> <span class='ocrx_word' id='word_1_1245' title='bbox 1726 3023 1880 3057; x_wconf 84' lang='lat' dir='ltr'>confratres</span> <span class='ocrx_word' id='word_1_1246' title='bbox 1898 3024 1960 3058; x_wconf 88' lang='lat' dir='ltr'>suos</span> <span class='ocrx_word' id='word_1_1247' title='bbox 1974 3050 1983 3066; x_wconf 90' lang='lat'>‚</span> <span class='ocrx_word' id='word_1_1248' title='bbox 2007 3038 2079 3067; x_wconf 89' lang='lat' dir='ltr'>quos</span> <span class='ocrx_word' id='word_1_1249' title='bbox 2097 3029 2278 3062; x_wconf 85' lang='lat' dir='ltr'>ecclesiarum</span> 
     </span>
     <span class='ocr_line' id='line_1_167' title="bbox 1212 3060 2277 3134; baseline 0.009 -43"><span class='ocrx_word' id='word_1_1250' title='bbox 1212 3060 1323 3091; x_wconf 85' lang='lat' dir='ltr'>Praelati</span> <span class='ocrx_word' id='word_1_1251' title='bbox 1339 3061 1412 3099; x_wconf 90' lang='lat' dir='ltr'>apud</span> <span class='ocrx_word' id='word_1_1252' title='bbox 1431 3062 1557 3092; x_wconf 89' lang='lat' dir='ltr'>ecclesias</span> <span class='ocrx_word' id='word_1_1253' title='bbox 1574 3063 1632 3094; x_wconf 87' lang='lat' dir='ltr'>suas</span> <span class='ocrx_word' id='word_1_1254' title='bbox 1649 3065 1788 3095; x_wconf 73' lang='lat' dir='ltr'>malitiose</span> <span class='ocrx_word' id='word_1_1255' title='bbox 1806 3075 1867 3096; x_wconf 90' lang='lat' dir='ltr'>non</span> <span class='ocrx_word' id='word_1_1256' title='bbox 1878 3066 2057 3134; x_wconf 55' lang='lat' dir='ltr'>permiserint</span> <span class='ocrx_word' id='word_1_1257' title='bbox 2072 3068 2177 3107; x_wconf 88' lang='lat' dir='ltr'>sepeliri</span> <span class='ocrx_word' id='word_1_1258' title='bbox 2191 3094 2201 3108; x_wconf 89' lang='lat'>,</span> <span class='ocrx_word' id='word_1_1259' title='bbox 2224 3069 2277 3100; x_wconf 82' lang='lat' dir='ltr'>nifi</span> 
     </span>
     <span class='ocr_line' id='line_1_168' title="bbox 1214 3100 2277 3146; baseline 0.01 -18"><span class='ocrx_word' id='word_1_1260' title='bbox 1214 3100 1453 3130; x_wconf 83' lang='lat' dir='ltr'>excommunicati</span> <span class='ocrx_word' id='word_1_1261' title='bbox 1468 3100 1512 3131; x_wconf 89' lang='lat' dir='ltr'>vel</span> <span class='ocrx_word' id='word_1_1262' title='bbox 1531 3102 1669 3133; x_wconf 86' lang='lat' dir='ltr'>nominati</span> <span class='ocrx_word' id='word_1_1263' title='bbox 1686 3103 1790 3134; x_wconf 88' lang='lat' dir='ltr'>fuerint</span> <span class='ocrx_word' id='word_1_1264' title='bbox 1807 3103 1878 3134; x_wconf 87' lang='lat' dir='ltr'>inter</span> <span class='ocrx_word' id='word_1_1265' title='bbox 1899 3105 1946 3134; x_wconf 68' lang='lat' dir='ltr'>icti</span> <span class='ocrx_word' id='word_1_1266' title='bbox 1959 3129 1968 3143; x_wconf 94' lang='lat'>,</span> <span class='ocrx_word' id='word_1_1267' title='bbox 1995 3114 2042 3137; x_wconf 90' lang='lat' dir='ltr'>aut</span> <span class='ocrx_word' id='word_1_1268' title='bbox 2057 3108 2141 3138; x_wconf 88' lang='lat' dir='ltr'>etiam</span> <span class='ocrx_word' id='word_1_1269' title='bbox 2162 3108 2277 3146; x_wconf 78' lang='lat' dir='ltr'>publice</span> 
     </span>
     <span class='ocr_line' id='line_1_169' title="bbox 1213 3137 2276 3185; baseline 0.01 -19"><span class='ocrx_word' id='word_1_1270' title='bbox 1213 3137 1341 3176; x_wconf 83' lang='lat' dir='ltr'>usurarii,</span> <span class='ocrx_word' id='word_1_1271' title='bbox 1360 3138 1537 3169; x_wconf 87' lang='lat' dir='ltr'>tumulandos</span> <span class='ocrx_word' id='word_1_1272' title='bbox 1551 3138 1661 3170; x_wconf 91' lang='lat' dir='ltr'>deferre</span> <span class='ocrx_word' id='word_1_1273' title='bbox 1674 3141 1708 3171; x_wconf 90' lang='lat' dir='ltr'>ad</span> <span class='ocrx_word' id='word_1_1274' title='bbox 1722 3141 1848 3185; x_wconf 70' lang='lat' dir='ltr'>ecclesias</span> <span class='ocrx_word' id='word_1_1275' title='bbox 1862 3139 1969 3173; x_wconf 68' lang='lat' dir='ltr'>domus</span> <span class='ocrx_word' id='word_1_1276' title='bbox 1989 3144 2125 3184; x_wconf 71' lang='lat' dir='ltr'>Templi,</span> <span class='ocrx_word' id='word_1_1277' title='bbox 2142 3147 2177 3177; x_wconf 63' lang='grc' dir='ltr'>ὃς</span> <span class='ocrx_word' id='word_1_1278' title='bbox 2196 3147 2276 3177; x_wconf 87' lang='lat' dir='ltr'>obla-</span> 
     </span>
     <span class='ocr_line' id='line_1_170' title="bbox 1213 3177 2276 3245; baseline 0.008 -38"><span class='ocrx_word' id='word_1_1279' title='bbox 1213 3177 1304 3207; x_wconf 70' lang='lat' dir='ltr'>tiones</span> <span class='ocrx_word' id='word_1_1280' title='bbox 1320 3185 1378 3207; x_wconf 89' lang='lat' dir='ltr'>tam</span> <span class='ocrx_word' id='word_1_1281' title='bbox 1392 3187 1445 3216; x_wconf 92' lang='lat' dir='ltr'>pro</span> <span class='ocrx_word' id='word_1_1282' title='bbox 1461 3178 1514 3216; x_wconf 84' lang='lat' dir='ltr'>eis,</span> <span class='ocrx_word' id='word_1_1283' title='bbox 1529 3187 1613 3245; x_wconf 45' lang='grc' dir='ltr'>(ἕψῃ</span> <span class='ocrx_word' id='word_1_1284' title='bbox 1629 3187 1682 3223; x_wconf 86' lang='lat' dir='ltr'>pro</span> <span class='ocrx_word' id='word_1_1285' title='bbox 1693 3179 1821 3224; x_wconf 80' lang='lat' dir='ltr'>aliis,qui</span> <span class='ocrx_word' id='word_1_1286' title='bbox 1831 3181 1860 3225; x_wconf 76' lang='lat' dir='ltr'>in</span> <span class='ocrx_word' id='word_1_1287' title='bbox 1873 3190 1974 3225; x_wconf 74' lang='lat' dir='ltr'>eorum</span> <span class='ocrx_word' id='word_1_1288' title='bbox 1987 3182 2141 3215; x_wconf 88' lang='lat' dir='ltr'>Cimiteriis</span> <span class='ocrx_word' id='word_1_1289' title='bbox 2152 3186 2276 3223; x_wconf 82' lang='lat' dir='ltr'>requies-</span> 
     </span>
     <span class='ocr_line' id='line_1_171' title="bbox 1214 3215 2274 3297; baseline 0.008 -15"><span class='ocrx_word' id='word_1_1290' title='bbox 1214 3223 1283 3273; x_wconf 55' lang='lat'><strong>‘³⁰¹3</strong></span> <span class='ocrx_word' id='word_1_1291' title='bbox 1288 3215 1456 3284; x_wconf 49' lang='lat' dir='ltr'>1213?ssssssss</span> <span class='ocrx_word' id='word_1_1292' title='bbox 1465 3216 1568 3284; x_wconf 46' lang='lat'>{3315</span> <span class='ocrx_word' id='word_1_1293' title='bbox 1570 3226 1615 3285; x_wconf 59' lang='lat'>{1¹2¹</span> <span class='ocrx_word' id='word_1_1294' title='bbox 1621 3225 1787 3296; x_wconf 60' lang='grc' dir='ltr'>ἐξὲξρῗὲῗὲ</span> <span class='ocrx_word' id='word_1_1295' title='bbox 1788 3218 2176 3297; x_wconf 42' lang='grc' dir='ltr'>(ἕέῗιέἓὲἓέὲῗξὲῐωωεωπειι</span> <span class='ocrx_word' id='word_1_1296' title='bbox 2189 3261 2274 3290; x_wconf 63' lang='lat' dir='ltr'>etam</span> 
     </span>
     <span class='ocr_line' id='line_1_172' title="bbox 1214 3292 2276 3335; baseline 0.008 -12"><span class='ocrx_word' id='word_1_1297' title='bbox 1214 3292 1415 3331; x_wconf 64' lang='lat' dir='ltr'>collefflirum,</span> <span class='ocrx_word' id='word_1_1298' title='bbox 1432 3292 1507 3323; x_wconf 92' lang='lat' dir='ltr'>salvo</span> <span class='ocrx_word' id='word_1_1299' title='bbox 1522 3294 1585 3331; x_wconf 88' lang='lat' dir='ltr'>jure</span> <span class='ocrx_word' id='word_1_1300' title='bbox 1606 3292 1794 3326; x_wconf 82' lang='lat' dir='ltr'>dominorum</span> <span class='ocrx_word' id='word_1_1301' title='bbox 1815 3295 1930 3327; x_wconf 88' lang='lat' dir='ltr'>suorum</span> <span class='ocrx_word' id='word_1_1302' title='bbox 1945 3321 1954 3335; x_wconf 90' lang='lat'>,</span> <span class='ocrx_word' id='word_1_1303' title='bbox 1981 3298 2031 3328; x_wconf 89' lang='lat' dir='ltr'>sub</span> <span class='ocrx_word' id='word_1_1304' title='bbox 2050 3299 2124 3329; x_wconf 78' lang='lat' dir='ltr'>beati</span> <span class='ocrx_word' id='word_1_1305' title='bbox 2143 3297 2221 3328; x_wconf 90' lang='lat' dir='ltr'>Petri</span> <span class='ocrx_word' id='word_1_1306' title='bbox 2240 3300 2276 3331; x_wconf 87' lang='lat'>&amp;</span> 
     </span>
     <span class='ocr_line' id='line_1_173' title="bbox 1213 3330 2104 3379; baseline 0.007 -18"><span class='ocrx_word' id='word_1_1307' title='bbox 1213 3330 1310 3361; x_wconf 91' lang='lat' dir='ltr'>nostra</span> <span class='ocrx_word' id='word_1_1308' title='bbox 1320 3331 1496 3369; x_wconf 65' lang='lat' dir='ltr'>protedtione</span> <span class='ocrx_word' id='word_1_1309' title='bbox 1507 3330 1668 3362; x_wconf 87' lang='lat' dir='ltr'>consistant.</span> <span class='ocrx_word' id='word_1_1310' title='bbox 2098 3374 2104 3379; x_wconf 95' lang='lat'><strong>.</strong></span> 
     </span>
    </p>

    <p class='ocr_par' dir='ltr' id='par_1_56' title="bbox 1213 3369 2276 3648">
     <span class='ocr_line' id='line_1_174' title="bbox 1253 3369 2275 3417; baseline 0.006 -18"><span class='ocrx_word' id='word_1_1311' title='bbox 1253 3369 1400 3400; x_wconf 87' lang='lat' dir='ltr'>Adicimus</span> <span class='ocrx_word' id='word_1_1312' title='bbox 1418 3369 1476 3399; x_wconf 91' lang='lat' dir='ltr'>insu</span> <span class='ocrx_word' id='word_1_1313' title='bbox 1497 3377 1526 3399; x_wconf 90' lang='lat' dir='ltr'>er</span> <span class='ocrx_word' id='word_1_1314' title='bbox 1546 3378 1592 3407; x_wconf 92' lang='lat' dir='ltr'>ut,</span> <span class='ocrx_word' id='word_1_1315' title='bbox 1612 3370 1632 3400; x_wconf 90' lang='lat' dir='ltr'>si</span> <span class='ocrx_word' id='word_1_1316' title='bbox 1653 3373 1701 3409; x_wconf 88' lang='lat' dir='ltr'>qui</span> <span class='ocrx_word' id='word_1_1317' title='bbox 1722 3373 1879 3403; x_wconf 85' lang='lat' dir='ltr'>eorundem</span> <span class='ocrx_word' id='word_1_1318' title='bbox 1894 3373 2040 3411; x_wconf 86' lang='lat' dir='ltr'>Fratrum,</span> <span class='ocrx_word' id='word_1_1319' title='bbox 2056 3383 2104 3411; x_wconf 88' lang='lat' dir='ltr'>qui</span> <span class='ocrx_word' id='word_1_1320' title='bbox 2117 3373 2150 3403; x_wconf 92' lang='lat' dir='ltr'>ad</span> <span class='ocrx_word' id='word_1_1321' title='bbox 2162 3373 2275 3417; x_wconf 69' lang='lat' dir='ltr'>easdem</span> 
     </span>
     <span class='ocr_line' id='line_1_175' title="bbox 1215 3407 2274 3456; baseline 0.005 -19"><span class='ocrx_word' id='word_1_1322' title='bbox 1215 3407 1407 3439; x_wconf 89' lang='lat' dir='ltr'>Fraternitates</span> <span class='ocrx_word' id='word_1_1323' title='bbox 1421 3409 1459 3437; x_wconf 93' lang='lat' dir='ltr'>mi</span> <span class='ocrx_word' id='word_1_1324' title='bbox 1484 3407 1625 3446; x_wconf 87' lang='lat' dir='ltr'>ifuerint,</span> <span class='ocrx_word' id='word_1_1325' title='bbox 1642 3410 1688 3439; x_wconf 85' lang='lat' dir='ltr'>vel</span> <span class='ocrx_word' id='word_1_1326' title='bbox 1711 3411 1861 3449; x_wconf 61' lang='lat' dir='ltr'>collectas,</span> <span class='ocrx_word' id='word_1_1327' title='bbox 1880 3412 1909 3440; x_wconf 91' lang='lat' dir='ltr'>in</span> <span class='ocrx_word' id='word_1_1328' title='bbox 1928 3412 2082 3450; x_wconf 87' lang='lat' dir='ltr'>quamlibet</span> <span class='ocrx_word' id='word_1_1329' title='bbox 2101 3411 2274 3456; x_wconf 69' lang='lat' dir='ltr'>Civitatem,</span> 
     </span>
     <span class='ocr_line' id='line_1_176' title="bbox 1214 3445 2274 3495; baseline 0.006 -19"><span class='ocrx_word' id='word_1_1330' title='bbox 1214 3446 1388 3485; x_wconf 88' lang='lat' dir='ltr'>Castellum,</span> <span class='ocrx_word' id='word_1_1331' title='bbox 1406 3446 1452 3476; x_wconf 92' lang='lat' dir='ltr'>vel</span> <span class='ocrx_word' id='word_1_1332' title='bbox 1465 3445 1571 3476; x_wconf 89' lang='lat' dir='ltr'>Vicum</span> <span class='ocrx_word' id='word_1_1333' title='bbox 1584 3447 1765 3487; x_wconf 89' lang='lat' dir='ltr'>advenerint,</span> <span class='ocrx_word' id='word_1_1334' title='bbox 1785 3450 1804 3479; x_wconf 90' lang='lat' dir='ltr'>si</span> <span class='ocrx_word' id='word_1_1335' title='bbox 1817 3450 1893 3480; x_wconf 81' lang='lat' dir='ltr'>forte</span> <span class='ocrx_word' id='word_1_1336' title='bbox 1907 3449 1986 3479; x_wconf 89' lang='lat' dir='ltr'>locus</span> <span class='ocrx_word' id='word_1_1337' title='bbox 2000 3450 2045 3492; x_wconf 81' lang='lat' dir='ltr'>ille</span> <span class='ocrx_word' id='word_1_1338' title='bbox 2061 3451 2076 3478; x_wconf 77' lang='lat' dir='ltr'>a</span> <span class='ocrx_word' id='word_1_1339' title='bbox 2088 3449 2192 3495; x_wconf 44' lang='lat' dir='ltr'>divmis&#39;</span> <span class='ocrx_word' id='word_1_1340' title='bbox 2211 3452 2274 3482; x_wconf 88' lang='lat' dir='ltr'>fue-</span> 
     </span>
     <span class='ocr_line' id='line_1_177' title="bbox 1215 3483 2276 3531; baseline 0.005 -16"><span class='ocrx_word' id='word_1_1341' title='bbox 1215 3486 1250 3515; x_wconf 91' lang='lat' dir='ltr'>rit</span> <span class='ocrx_word' id='word_1_1342' title='bbox 1266 3484 1368 3516; x_wconf 79' lang='lat' dir='ltr'>officiis</span> <span class='ocrx_word' id='word_1_1343' title='bbox 1384 3483 1562 3523; x_wconf 72' lang='lat' dir='ltr'>interdictus,</span> <span class='ocrx_word' id='word_1_1344' title='bbox 1575 3486 1603 3515; x_wconf 90' lang='lat' dir='ltr'>in</span> <span class='ocrx_word' id='word_1_1345' title='bbox 1616 3496 1717 3517; x_wconf 88' lang='lat' dir='ltr'>eorum</span> <span class='ocrx_word' id='word_1_1346' title='bbox 1730 3488 1860 3525; x_wconf 85' lang='lat' dir='ltr'>jocundo</span> <span class='ocrx_word' id='word_1_1347' title='bbox 1873 3487 1994 3518; x_wconf 80' lang='lat' dir='ltr'>adventu</span> <span class='ocrx_word' id='word_1_1348' title='bbox 2005 3488 2088 3531; x_wconf 80' lang='lat' dir='ltr'>semel</span> <span class='ocrx_word' id='word_1_1349' title='bbox 2100 3497 2276 3526; x_wconf 86' lang='lat' dir='ltr'>apperiantur</span> 
     </span>
     <span class='ocr_line' id='line_1_178' title="bbox 1215 3523 2275 3572; baseline 0.003 -18"><span class='ocrx_word' id='word_1_1350' title='bbox 1215 3524 1340 3554; x_wconf 65' lang='lat' dir='ltr'>ecclesiae</span> <span class='ocrx_word' id='word_1_1351' title='bbox 1360 3523 1526 3560; x_wconf 72' lang='lat' dir='ltr'>annuatim,</span> <span class='ocrx_word' id='word_1_1352' title='bbox 1552 3523 1585 3554; x_wconf 70' lang='grc' dir='ltr'>ὃς</span> <span class='ocrx_word' id='word_1_1353' title='bbox 1604 3526 1853 3556; x_wconf 86' lang='lat' dir='ltr'>excommunicatis</span> <span class='ocrx_word' id='word_1_1354' title='bbox 1875 3527 1909 3556; x_wconf 67' lang='grc' dir='ltr'>ὅ(</span> <span class='ocrx_word' id='word_1_1355' title='bbox 1931 3527 2102 3570; x_wconf 66' lang='lat' dir='ltr'>nominatim</span> <span class='ocrx_word' id='word_1_1356' title='bbox 2121 3527 2275 3572; x_wconf 56' lang='lat' dir='ltr'>interdicitis</span> 
     </span>
     <span class='ocr_line' id='line_1_179' title="bbox 1214 3560 2273 3605; baseline 0.006 -13"><span class='ocrx_word' id='word_1_1357' title='bbox 1214 3563 1326 3600; x_wconf 72' lang='lat' dir='ltr'>ejeffls,</span> <span class='ocrx_word' id='word_1_1358' title='bbox 1344 3561 1438 3593; x_wconf 89' lang='lat' dir='ltr'>divina</span> <span class='ocrx_word' id='word_1_1359' title='bbox 1452 3561 1491 3591; x_wconf 90' lang='lat' dir='ltr'>ibi</span> <span class='ocrx_word' id='word_1_1360' title='bbox 1505 3560 1601 3605; x_wconf 83' lang='lat' dir='ltr'>officia</span> <span class='ocrx_word' id='word_1_1361' title='bbox 1613 3563 1806 3602; x_wconf 72' lang='lat' dir='ltr'>celebrentur,</span> <span class='ocrx_word' id='word_1_1362' title='bbox 1825 3563 1894 3594; x_wconf 89' lang='lat' dir='ltr'>salva</span> <span class='ocrx_word' id='word_1_1363' title='bbox 1912 3564 1941 3594; x_wconf 88' lang='lat' dir='ltr'>in</span> <span class='ocrx_word' id='word_1_1364' title='bbox 1961 3565 2094 3596; x_wconf 86' lang='lat' dir='ltr'>omnibus</span> <span class='ocrx_word' id='word_1_1365' title='bbox 2113 3564 2273 3603; x_wconf 69' lang='lat' dir='ltr'>supradictis</span> 
     </span>
     <span class='ocr_line' id='line_1_180' title="bbox 1213 3599 2218 3648; baseline 0.001 -17"><span class='ocrx_word' id='word_1_1366' title='bbox 1213 3600 1401 3631; x_wconf 85' lang='lat' dir='ltr'>declaratione</span> <span class='ocrx_word' id='word_1_1367' title='bbox 1414 3599 1539 3630; x_wconf 89' lang='lat' dir='ltr'>Concilii</span> <span class='ocrx_word' id='word_1_1368' title='bbox 1554 3599 1710 3631; x_wconf 87' lang='lat' dir='ltr'>Generalis.</span> <span class='ocrx_word' id='word_1_1369' title='bbox 2094 3642 2100 3647; x_wconf 40' lang='lat'>¹</span> <span class='ocrx_word' id='word_1_1370' title='bbox 2141 3642 2146 3647; x_wconf 32' lang='grc' dir='ltr'>ι</span> <span class='ocrx_word' id='word_1_1371' title='bbox 2211 3642 2218 3648; x_wconf 35' lang='lat'>¹</span> 
     </span>
    </p>

    <p class='ocr_par' dir='ltr' id='par_1_57' title="bbox 1212 3639 2273 3757">
     <span class='ocr_line' id='line_1_181' title="bbox 1251 3639 2273 3686; baseline 0.002 -16"><span class='ocrx_word' id='word_1_1372' title='bbox 1251 3639 1298 3670; x_wconf 89' lang='lat' dir='ltr'>Ad</span> <span class='ocrx_word' id='word_1_1373' title='bbox 1320 3640 1457 3677; x_wconf 84' lang='lat' dir='ltr'>majorem</span> <span class='ocrx_word' id='word_1_1374' title='bbox 1477 3648 1591 3676; x_wconf 88' lang='lat' dir='ltr'>quoque</span> <span class='ocrx_word' id='word_1_1375' title='bbox 1611 3639 1714 3670; x_wconf 82' lang='lat' dir='ltr'>vestrae</span> <span class='ocrx_word' id='word_1_1376' title='bbox 1733 3640 1870 3672; x_wconf 88' lang='lat' dir='ltr'>mercedis</span> <span class='ocrx_word' id='word_1_1377' title='bbox 1887 3639 2037 3671; x_wconf 87' lang='lat' dir='ltr'>cumulum</span> <span class='ocrx_word' id='word_1_1378' title='bbox 2073 3641 2273 3686; x_wconf 66' lang='lat' dir='ltr'>nichilominus</span> 
     </span>
     <span class='ocr_line' id='line_1_182' title="bbox 1213 3665 2271 3723; baseline 0.004 -15"><span class='ocrx_word' id='word_1_1379' title='bbox 1213 3679 1295 3709; x_wconf 89' lang='lat' dir='ltr'>vobis</span> <span class='ocrx_word' id='word_1_1380' title='bbox 1308 3676 1448 3707; x_wconf 88' lang='lat' dir='ltr'>mandado</span> <span class='ocrx_word' id='word_1_1381' title='bbox 1462 3678 1641 3715; x_wconf 68' lang='lat' dir='ltr'>praecipimus</span> <span class='ocrx_word' id='word_1_1382' title='bbox 1653 3679 1779 3716; x_wconf 85' lang='lat' dir='ltr'>quatinus</span> <span class='ocrx_word' id='word_1_1383' title='bbox 1792 3678 1864 3709; x_wconf 88' lang='lat' dir='ltr'>hanc</span> <span class='ocrx_word' id='word_1_1384' title='bbox 1882 3677 2006 3722; x_wconf 81' lang='lat' dir='ltr'>nostram</span> <span class='ocrx_word' id='word_1_1385' title='bbox 2020 3665 2271 3723; x_wconf 59' lang='lat' dir='ltr'>Constitutionem</span> 
     </span>
     <span class='ocr_line' id='line_1_183' title="bbox 1212 3713 2048 3757; baseline 0.001 -11"><span class='ocrx_word' id='word_1_1386' title='bbox 1212 3727 1261 3755; x_wconf 87' lang='lat' dir='ltr'>per</span> <span class='ocrx_word' id='word_1_1387' title='bbox 1273 3716 1434 3746; x_wconf 80' lang='lat' dir='ltr'>parrochias</span> <span class='ocrx_word' id='word_1_1388' title='bbox 1445 3713 1547 3744; x_wconf 85' lang='lat' dir='ltr'>vestras</span> <span class='ocrx_word' id='word_1_1389' title='bbox 1561 3718 1680 3746; x_wconf 83' lang='lat' dir='ltr'>nuntiari</span> <span class='ocrx_word' id='word_1_1390' title='bbox 1694 3719 1812 3757; x_wconf 85' lang='lat' dir='ltr'>propriis</span> <span class='ocrx_word' id='word_1_1391' title='bbox 1828 3718 1923 3747; x_wconf 84' lang='lat' dir='ltr'>litteris</span> <span class='ocrx_word' id='word_1_1392' title='bbox 1936 3716 2048 3748; x_wconf 76' lang='lat' dir='ltr'>faciatis.</span> 
     </span>
    </p>

    <p class='ocr_par' dir='ltr' id='par_1_58' title="bbox 1213 3754 2271 3911">
     <span class='ocr_line' id='line_1_184' title="bbox 1250 3754 2268 3799; baseline 0.004 -15"><span class='ocrx_word' id='word_1_1393' title='bbox 1250 3755 1419 3785; x_wconf 80' lang='lat' dir='ltr'>Mandamus</span> <span class='ocrx_word' id='word_1_1394' title='bbox 1430 3754 1513 3783; x_wconf 84' lang='lat' dir='ltr'>etiarn</span> <span class='ocrx_word' id='word_1_1395' title='bbox 1526 3762 1573 3791; x_wconf 84' lang='lat' dir='ltr'>ut,</span> <span class='ocrx_word' id='word_1_1396' title='bbox 1587 3754 1655 3792; x_wconf 87' lang='lat' dir='ltr'>siqui</span> <span class='ocrx_word' id='word_1_1397' title='bbox 1669 3754 1705 3784; x_wconf 92' lang='lat' dir='ltr'>de</span> <span class='ocrx_word' id='word_1_1398' title='bbox 1719 3756 1824 3785; x_wconf 89' lang='lat' dir='ltr'>clericis</span> <span class='ocrx_word' id='word_1_1399' title='bbox 1837 3755 2012 3799; x_wconf 78' lang='lat' dir='ltr'>ecclesiarum</span> <span class='ocrx_word' id='word_1_1400' title='bbox 2027 3754 2183 3789; x_wconf 88' lang='lat' dir='ltr'>vestrarum</span> <span class='ocrx_word' id='word_1_1401' title='bbox 2194 3767 2268 3798; x_wconf 79' lang='lat' dir='ltr'>prae-</span> 
     </span>
     <span class='ocr_line' id='line_1_185' title="bbox 1214 3791 2270 3836; baseline 0.003 -12"><span class='ocrx_word' id='word_1_1402' title='bbox 1214 3794 1274 3824; x_wconf 86' lang='lat' dir='ltr'>fatis</span> <span class='ocrx_word' id='word_1_1403' title='bbox 1290 3793 1434 3830; x_wconf 80' lang='lat' dir='ltr'>fratribus,</span> <span class='ocrx_word' id='word_1_1404' title='bbox 1453 3800 1519 3822; x_wconf 91' lang='lat' dir='ltr'>cum</span> <span class='ocrx_word' id='word_1_1405' title='bbox 1538 3791 1648 3822; x_wconf 83' lang='lat' dir='ltr'>licentia</span> <span class='ocrx_word' id='word_1_1406' title='bbox 1660 3792 1771 3824; x_wconf 80' lang='lat' dir='ltr'>Praelati</span> <span class='ocrx_word' id='word_1_1407' title='bbox 1786 3795 1819 3824; x_wconf 90' lang='lat'>&amp;</span> <span class='ocrx_word' id='word_1_1408' title='bbox 1832 3793 1956 3835; x_wconf 83' lang='lat' dir='ltr'>Capituli</span> <span class='ocrx_word' id='word_1_1409' title='bbox 1972 3793 2027 3832; x_wconf 90' lang='lat' dir='ltr'>sul,</span> <span class='ocrx_word' id='word_1_1410' title='bbox 2045 3795 2143 3834; x_wconf 88' lang='lat' dir='ltr'>sponte</span> <span class='ocrx_word' id='word_1_1411' title='bbox 2154 3806 2188 3828; x_wconf 81' lang='lat' dir='ltr'>ac</span> <span class='ocrx_word' id='word_1_1412' title='bbox 2206 3806 2270 3836; x_wconf 88' lang='lat' dir='ltr'>gra-</span> 
     </span>
     <span class='ocr_line' id='line_1_186' title="bbox 1214 3829 2271 3875; baseline 0.002 -13"><span class='ocrx_word' id='word_1_1413' title='bbox 1214 3833 1247 3862; x_wconf 85' lang='lat' dir='ltr'>tis</span> <span class='ocrx_word' id='word_1_1414' title='bbox 1268 3841 1316 3870; x_wconf 89' lang='lat' dir='ltr'>per</span> <span class='ocrx_word' id='word_1_1415' title='bbox 1335 3840 1440 3861; x_wconf 88' lang='lat' dir='ltr'>annum</span> <span class='ocrx_word' id='word_1_1416' title='bbox 1456 3854 1465 3868; x_wconf 90' lang='lat'>,</span> <span class='ocrx_word' id='word_1_1417' title='bbox 1491 3829 1536 3860; x_wconf 89' lang='lat' dir='ltr'>vel</span> <span class='ocrx_word' id='word_1_1418' title='bbox 1554 3830 1700 3861; x_wconf 88' lang='lat' dir='ltr'>biennium</span> <span class='ocrx_word' id='word_1_1419' title='bbox 1721 3831 1896 3863; x_wconf 90' lang='lat' dir='ltr'>decreverint</span> <span class='ocrx_word' id='word_1_1420' title='bbox 1916 3832 2068 3872; x_wconf 87' lang='lat' dir='ltr'>deservire,</span> <span class='ocrx_word' id='word_1_1421' title='bbox 2092 3844 2271 3875; x_wconf 78' lang='lat' dir='ltr'>nequaquam</span> 
     </span>
     <span class='ocr_line' id='line_1_187' title="bbox 1213 3868 2021 3911; baseline 0 -11"><span class='ocrx_word' id='word_1_1422' title='bbox 1213 3870 1414 3911; x_wconf 87' lang='lat' dir='ltr'>impediantur,</span> <span class='ocrx_word' id='word_1_1423' title='bbox 1432 3869 1465 3899; x_wconf 61' lang='grc' dir='ltr'>ὃς</span> <span class='ocrx_word' id='word_1_1424' title='bbox 1478 3869 1590 3898; x_wconf 88' lang='lat' dir='ltr'>interim</span> <span class='ocrx_word' id='word_1_1425' title='bbox 1604 3868 1649 3899; x_wconf 87' lang='lat' dir='ltr'>sua</span> <span class='ocrx_word' id='word_1_1426' title='bbox 1662 3869 1800 3901; x_wconf 89' lang='lat' dir='ltr'>Beneficia</span> <span class='ocrx_word' id='word_1_1427' title='bbox 1815 3880 1875 3900; x_wconf 91' lang='lat' dir='ltr'>non</span> <span class='ocrx_word' id='word_1_1428' title='bbox 1886 3872 2021 3902; x_wconf 80' lang='lat' dir='ltr'>amittant.</span> 
     </span>
    </p>
   </div>
   <div class='ocr_carea' id='block_1_36' title="bbox 1254 3943 2184 4067">
    <p class='ocr_par' dir='ltr' id='par_1_59' title="bbox 1254 3943 2184 4067">
     <span class='ocr_line' id='line_1_188' title="bbox 1254 3943 2091 3985; baseline 0.002 -6"><span class='ocrx_word' id='word_1_1429' title='bbox 1254 3945 1321 3979; x_wconf 84' lang='lat' dir='ltr'>Dat.</span> <span class='ocrx_word' id='word_1_1430' title='bbox 1338 3945 1430 3978; x_wconf 88' lang='lat' dir='ltr'>Later.</span> <span class='ocrx_word' id='word_1_1431' title='bbox 1446 3954 1460 3985; x_wconf 87' lang='lat'><em>3</em></span> <span class='ocrx_word' id='word_1_1432' title='bbox 1481 3943 1565 3975; x_wconf 93' lang='lat' dir='ltr'>Non.</span> <span class='ocrx_word' id='word_1_1433' title='bbox 1574 3944 1639 3984; x_wconf 84' lang='lat' dir='ltr'>Jan.</span> <span class='ocrx_word' id='word_1_1434' title='bbox 1652 3944 1758 3977; x_wconf 85' lang='lat' dir='ltr'>Pontis.</span> <span class='ocrx_word' id='word_1_1435' title='bbox 1769 3946 1858 3978; x_wconf 89' lang='lat' dir='ltr'>nostri</span> <span class='ocrx_word' id='word_1_1436' title='bbox 1868 3956 1944 3979; x_wconf 88' lang='lat' dir='ltr'>anno</span> <span class='ocrx_word' id='word_1_1437' title='bbox 1957 3949 2091 3981; x_wconf 87' lang='lat' dir='ltr'>secundo.</span> 
     </span>
     <span class='ocr_line' id='line_1_189' title="bbox 1427 4019 2184 4067; baseline 0.005 -16"><span class='ocrx_word' id='word_1_1438' title='bbox 1427 4019 1551 4052; x_wconf 81' lang='lat' dir='ltr'>Plumheo</span> <span class='ocrx_word' id='word_1_1439' title='bbox 1555 4020 1646 4062; x_wconf 81' lang='lat' dir='ltr'>sigillo</span> <span class='ocrx_word' id='word_1_1440' title='bbox 1661 4033 1681 4053; x_wconf 88' lang='lat' dir='ltr'>a</span> <span class='ocrx_word' id='word_1_1441' title='bbox 1687 4022 1750 4065; x_wconf 84' lang='lat' dir='ltr'>filis</span> <span class='ocrx_word' id='word_1_1442' title='bbox 1756 4023 1850 4063; x_wconf 72' lang='lat' dir='ltr'>sericis</span> <span class='ocrx_word' id='word_1_1443' title='bbox 1854 4025 1935 4065; x_wconf 74' lang='lat' dir='ltr'>flavi</span> <span class='ocrx_word' id='word_1_1444' title='bbox 1947 4026 2072 4067; x_wconf 81' lang='lat' dir='ltr'>rubeique</span> <span class='ocrx_word' id='word_1_1445' title='bbox 2085 4024 2184 4057; x_wconf 78' lang='lat' dir='ltr'>coloris.</span> 
     </span>
    </p>
   </div>
   <div class='ocr_carea' id='block_1_37' title="bbox 1698 4099 2270 4133">
    <p class='ocr_par' dir='ltr' id='par_1_60' title="bbox 1698 4099 2270 4133">
     <span class='ocr_line' id='line_1_190' title="bbox 1698 4099 2270 4133; baseline 0.01 -8"><span class='ocrx_word' id='word_1_1446' title='bbox 1698 4099 1721 4133; x_wconf 75' lang='grc' dir='ltr'><em>Β</em></span> <span class='ocrx_word' id='word_1_1447' title='bbox 2224 4102 2270 4132; x_wconf 72' lang='grc' dir='ltr'>,σε’</span> 
     </span>
    </p>
   </div>
   <div class='ocr_carea' id='block_1_38' title="bbox 2294 3279 2427 3317">
    <p class='ocr_par' dir='ltr' id='par_1_61' title="bbox 2294 3279 2427 3317">
     <span class='ocr_line' id='line_1_191' title="bbox 2294 3279 2427 3317; baseline 0.015 -10"><span class='ocrx_word' id='word_1_1448' title='bbox 2294 3279 2344 3308; x_wconf 59' lang='grc'>*1.</span> <span class='ocrx_word' id='word_1_1449' title='bbox 2358 3282 2427 3317; x_wconf 74' lang='grc' dir='ltr'>ς79ῑ</span> 
     </span>
    </p>
   </div>
  </div>
 </body>
</html>
