2570 4261
683 173 792 214 ET
876 175 1142 221 ACTA

0 258 59 289 knn.
68 255 111 286 D.

3 299 89 334 '1297'-

0 338 50 365 ων.
71 339 95 360 i.

285 344 334 376 De
348 340 542 386 sitbventione
555 354 609 389 pro
625 341 791 376 hominibus
807 348 838 377 in
855 346 1008 390 Vasionia.

0 424 37 449 (n.
51 422 97 454 ¹25.

38 467 46 484 ι
179 426 238 457 EX
262 426 394 456 universis
415 428 449 457 &
470 426 596 465 singulis,
620 434 678 457 tam
701 427 843 467 Anglicis‚
868 430 954 467 quam
975 429 1127 469 Vasconis,
1144 431 1173 461 in

0 480 15 487 ..
54 477 61 483 ·
198 464 339 495 vasconia
354 465 613 503 commorantibus,
629 465 752 496 salutem.

0 502 40 524 tot.
56 494 112 530 Vas·
168 503 294 533 Affiduas
308 503 468 533 vexationes
482 503 515 533 &
529 512 647 541 amaras,
666 514 698 534 ac
717 504 912 535 iiirollerabiles
934 505 1090 545 angustias,
1107 516 1176 537 nec-

0 544 38 562 θη·
58 541 102 572 25ae
127 550 187 571 non
198 541 358 580 gravamina
369 541 589 578 quamplurima,
608 551 671 578 quae
685 552 752 579 vos,
771 550 903 580 tanquam
916 543 1031 574 honoris
1045 545 1078 575 &
1093 555 1176 575 com-

0 577 17 600 3.
41 579 65 597 ¹·
81 579 209 610 ²⁷²·m0di
226 578 315 608 nostri
335 577 428 608 fideles
448 579 482 609 &
504 578 603 609 fervidi
616 579 767 617 zelatores,
786 591 837 617 pro
853 581 951 619 nobis,
969 582 1002 612 ὅ(
1017 582 1178 614 defensione

0 619 34 638 >2·
122 618 186 654 juris
208 615 296 646 nostri
317 616 495 654 haereditarii,
511 617 576 653 passi
597 616 676 652 estis,
691 617 801 655 semper
823 618 934 649 strenue
954 620 986 650 δε
1008 619 1177 651 laudabiliter

125 665 178 687 vos
193 654 318 694 gerendo
327 679 336 692 ,
356 655 538 685 intelleximus
552 655 715 685 manifeste:

167 693 255 730 Super
267 693 385 732 quibus,
403 693 460 723 huc
474 693 559 730 usque
573 702 623 729 per
636 704 688 724 vos
700 695 727 723 in
744 694 818 724 tanta
833 695 962 732 patientia
975 695 1109 734 toleratis,
1123 707 1178 728 vo-

128 732 171 762 bis
187 732 300 770 (quibus
315 731 375 769 plus
387 732 473 769 quarn
486 730 542 759 aliis
556 731 780 770 quibuscumque
793 734 1018 772 recognoscimus
1033 745 1085 765 nos
1100 744 1180 765 tene-

127 770 162 807 ri)
177 779 265 809 grates
280 770 425 799 referimus
438 776 501 798 toto
515 768 610 798 corde.

168 809 254 846 Nos,
272 809 358 844 vero,
375 804 504 845 angustiis
520 808 553 838 &
568 807 770 838 necessitatibus
785 808 880 838 vestris
894 810 994 839 intime
1008 812 1184 851 compatien-

129 847 235 914 tes,sad
248 855 300 877 vos
315 846 469 884 mittimus,
484 846 514 875 in
528 844 612 876 vestri
624 846 824 885 subsidium,id
840 847 918 885 quod
931 848 1077 885 poffumus
1089 850 1184 888 quoad

150 896 189 915 rae
200 894 255 915 ens.

129 896 149 925 p
168 922 299 953 Vestram
319 920 452 951 devotam
472 922 506 952 ὃς
526 922 638 953 fidelem
657 923 843 954 constantiam
863 923 1063 963 deprecantes,
1089 934 1185 963 quate-

136 971 207 999 nus,
224 961 253 989 in
274 960 390 997 inceptis
409 960 545 990 fidelitatis
564 960 717 991 devotione
730 963 763 992 ὃς
779 962 939 992 strenuitatis
954 973 1041 1000 opere
1054 963 1185 993 constan-

135 1009 181 1068 te}
196 1000 229 1030 δε
251 996 370 1042 fideliter
392 998 580 1037 persistentes,
598 1000 680 1030 vobis
692 1000 887 1030 consolationis
900 1001 933 1031 &
946 1001 1048 1031 laetitiae
1060 1002 1185 1039 spiritum

133 1048 150 1070 a
176 1045 282 1067 umatis.

173 1074 220 1106 Ad
246 1084 299 1105 vos
323 1075 400 1104 enim
426 1075 586 1106 uberiorem
603 1075 819 1106 subventionem
838 1076 876 1107 de
895 1084 1000 1108 caetero
1017 1076 1164 1109 transmitti
1176 1100 1188 1117 ,

134 1123 222 1153 prout
235 1113 388 1151 poterimus
396 1136 406 1152 ,
425 1114 567 1145 faciemus.

173 1189 264 1221 Teste
278 1190 365 1227 Rege
376 1190 449 1227 apud
464 1189 618 1230 Plympton
633 1199 658 1229 3.
677 1190 723 1220 die
736 1190 816 1221 Maii.

284 1315 333 1348 De
344 1313 481 1359 spoliatis
499 1317 529 1346 in
547 1316 665 1350 Gnerra
684 1315 825 1359 Vaseoniae
833 1314 1040 1361 fhblevanciis.

4 1408 80 1439 Ann.
91 1406 132 1437 D.
142 1400 254 1458 REX
270 1399 374 1429 dilecto
390 1398 424 1429 &
439 1397 513 1427 fideli
525 1397 591 1436 suo,
609 1397 739 1429 Henrico
750 1399 786 1429 de
803 1399 880 1443 Lacy
894 1399 1005 1429 Comiti
1021 1399 1191 1439 Lincolniae,

30 1454 115 1483 1297,
214 1438 321 1481 tenenti
332 1437 434 1481 locum
447 1435 527 1466 suum
543 1438 572 1466 in
586 1435 702 1467 Ducatu
714 1436 887 1484 Aquitaniae,
904 1438 1027 1482 salutem.

2 1489 56 1514 An.
72 1493 117 1522 25.
180 1477 353 1514 SupplicaVit
367 1475 449 1504 nobis
462 1474 649 1513 Reymundus
662 1475 698 1505 de
711 1474 866 1519 Campania
879 1476 982 1520 Miles,
1002 1475 1093 1520 quod,
1114 1486 1193 1514 cum,

2 1528 34 1552 13.
54 1533 79 1551 ι,
143 1525 257 1553 propter
277 1513 442 1553 praesentem
462 1522 592 1550 guerram
606 1536 615 1550 ,
639 1514 773 1544 omnibus
794 1514 878 1544 bonis
898 1515 962 1552 suis,
988 1515 1140 1545 mobilibus
1159 1517 1193 1546 &

2 1566 58 1590 Rot.
76 1552 341 1590 Va,.inm0bilibus,
360 1552 478 1589 privatus
492 1552 592 1598 fuerit?
608 1551 653 1581 seu
668 1553 751 1582 enam
762 1551 907 1590 spoliatus,
925 1553 990 1589 sibi,
1009 1554 1089 1583 uxori
1110 1555 1142 1584 &
1156 1554 1196 1583 fa-

2 1610 54 1628 con.
72 1609 85 1626 2
90 1608 116 1634 5.
142 1592 228 1621 miliae
242 1590 313 1629 suae,
330 1590 445 1620 durante
457 1589 592 1628 praediCta
605 1589 720 1629 guerra,
740 1591 769 1620 in
784 1590 834 1621 suis
847 1590 1051 1622 neceffitatibus
1064 1591 1196 1629 provide-

144 1639 247 1660 remus.

4 1642 116 1703 {sam
183 1668 260 1707 Qia
272 1676 343 1697 vero
357 1666 448 1697 didius
463 1666 668 1707 Reymundus,
685 1677 734 1705 per
748 1677 814 1705 nos,
832 1667 878 1697 vel
899 1667 1026 1706 nostros,
1044 1668 1073 1697 in
1095 1677 1199 1706 manu,

143 1705 189 1737 seu
201 1705 312 1744 prisona
325 1705 416 1742 Regis
432 1705 557 1735 Franciae
573 1705 674 1741 positus
689 1706 795 1743 eittitit,
814 1706 950 1743 nobisque
968 1706 1139 1736 laudabiliter
1150 1706 1200 1736 de-

145 1745 257 1812 servivit
269 1744 445 1784 temporibus
456 1744 619 1782 retroactis,
636 1743 764 1774 volentes
778 1743 872 1774 eidem
892 1745 1009 1782 gratiam
1030 1745 1122 1775 facere
1141 1745 1200 1782 spe-

144 1792 187 1814 cia
198 1792 245 1813 ern

183 1806 275 1851 Vobis
288 1818 452 1850 mandamus
474 1819 568 1857 quod,
587 1819 623 1850 de
644 1820 740 1859 terris,
756 1820 803 1850 vel
825 1819 991 1859 redditibus,
1011 1820 1030 1850 si
1051 1822 1099 1859 qui
1123 1831 1200 1852 nunc

146 1859 199 1889 sint
212 1860 241 1889 in
253 1868 338 1888 manu
352 1858 465 1896 nostra,
483 1858 528 1888 vel
542 1858 728 1898 imposterum
742 1857 776 1888 ad
789 1868 886 1888 manus
899 1858 1004 1889 nostras
1019 1859 1201 1898 devenerint,

142 1898 172 1927 in
194 1898 316 1934 partibus
336 1896 402 1934 illis,
420 1896 456 1926 de
477 1897 577 1934 quibus
596 1896 687 1927 diffins
706 1896 907 1937 Reymundus,
934 1897 1021 1928 Uxor
1043 1898 1075 1927 ὃς
1097 1898 1202 1928 familia

148 1935 230 1973 ipsius
251 1934 419 1965 sufficienter
439 1942 573 1972 poterunt
594 1934 735 1965 sustentari
751 1958 761 1973 ,
785 1936 891 1965 vocatis
910 1935 946 1965 de
967 1936 1085 1966 consilio
1104 1935 1202 1966 nostro

9 1975 200 2021 ⁹11.766.qui
223 1974 242 1993 ²¹²
265 1974 368 2003 fuerint
392 1972 548 2011 evocandi,
566 1973 723 2010 hujusmodi
745 1982 847 2003 terram
871 1973 916 2004 vel
930 1974 1069 2004 redditum
1083 1973 1203 2004 liberetis

151 2012 260 2048 eidem,
276 2019 331 2041 ›W'O
345 2010 542 2041 sustentatione
555 2011 705 2049 praedidffi,
723 2011 860 2050 tenenda,
878 2012 923 2043 vel
937 2012 1133 2051 percipienda,
1150 2011 1204 2043 do-

148 2061 204 2081 nec
219 2050 271 2080 aliu
306 2049 372 2079 inde
387 2049 545 2080 duxerimus
559 2048 758 2080 ordinandum.

187 2126 262 2157 Data
274 2126 348 2164 apud
362 2126 519 2165 Plympton
531 2126 559 2156 6.
577 2125 624 2156 die
642 2125 722 2156 Maii.

188 2203 358 2234 Consimiles
371 2202 458 2233 literae
471 2202 626 2242 diriguntur
639 2202 733 2233 eidem
748 2202 861 2234 Comiti
877 2213 929 2241 pro
937 2203 1064 2234 Berando
1076 2203 1113 2234 de
1119 2202 1208 2234 Pam-

153 2243 205 2272 sars
230 2241 341 2279 Milite,
360 2250 476 2279 propter
496 2240 659 2278 praesentem
674 2250 801 2280 guerram
814 2243 948 2274 omnibus
963 2244 1046 2273 bonis
1058 2242 1125 2281 suis,
1143 2253 1210 2273 mo-

152 2280 252 2311 bilibus
266 2281 299 2311 &
313 2279 524 2317 immobilibus,
542 2279 654 2317 privato
665 2301 675 2317 ‚
692 2279 752 2315 &c.
771 2287 801 2309 ut
811 2280 906 2319 [apra.

192 2355 259 2387 Dat.
279 2364 308 2387 ut
321 2357 408 2395 supra.

352 2481 410 2515 Ad
426 2484 569 2514 Comitem
586 2482 732 2516 Flandriae
749 2482 785 2516 de
798 2485 933 2530 Negotiis
938 2485 1015 2528 fitis.

16 2560 94 2596 Ann.
105 2562 147 2593 D.
161 2564 295 2621 ROY,
313 2575 347 2596 au
360 2565 447 2596 noble
459 2565 594 2603 homme,
613 2576 628 2596 e
646 2566 713 2596 soen
736 2567 814 2598 chier
834 2568 908 2605 ami,
926 2567 1055 2597 Monfire
1075 2567 1116 2598 G.
1135 2567 1216 2598 Con-

38 2610 122 2640 1297.
233 2613 261 2634 te
273 2604 310 2634 de
326 2603 472 2642 Flandres,
491 2605 523 2635 &
542 2604 675 2635 Marchiz
688 2605 724 2635 de
739 2605 873 2644 Namur,
888 2605 960 2636 saluz
981 2616 996 2636 e
1016 2606 1112 2637 cheres
1132 2608 1216 2637 amis-

17 2645 69 2670 An.
85 2651 131 2676 25.
161 2648 216 2671 tez.

18 2684 47 2707 Ε.
70 2689 93 2706 1-
200 2680 287 2711 Nous
307 2690 406 2711 avoms
428 2681 494 2710 bien
512 2680 634 2711 entendu
658 2691 693 2711 ce
707 2690 763 2719 que
776 2681 905 2712 Monfire
912 2681 1006 2720 Johan
1019 2682 1055 2714 de
1068 2682 1183 2721 Gaure,
1201 2693 1217 2713 e

15 2722 71 2747 Rot-
87 2717 148 2743 Ale·
166 2718 293 2749 Monsire
314 2719 426 2750 Gerard
446 2719 483 2749 de
507 2719 645 2757 Verbois,
663 2728 715 2750 vos
734 2719 897 2750 Chevaliers
912 2722 979 2759 (que
990 2731 1061 2751 nous
1074 2729 1218 2759 porterent

16 2765 87 2785 man.
106 2756 258 2790 25.vosti·e
274 2757 354 2788 lettre
374 2757 410 2787 de
431 2758 578 2793 creaunce)
598 2767 669 2788 nous
691 2765 763 2788 ount
783 2757 823 2788 dit
842 2758 878 2788 de
899 2769 947 2796 par
961 2770 1031 2789 vous
1043 2769 1091 2798 par
1111 2760 1218 2790 mesme

17 2798 47 2821 E·
66 2803 89 2820 ¹·
111 2803 149 2821 m-
162 2795 223 2825 cele
241 2805 397 2833 creaunce,
415 2795 525 2826 endroit
545 2795 593 2825 des
608 2796 753 2840 besoigiies
774 2806 810 2834 qe
835 2807 906 2827 vous
921 2797 1056 2836 tuchent,
1073 2798 1111 2828 les
1124 2798 1219 2836 queles

21 2841 65 2868 ¹4·
79 2831 106 2859 l·
160 2843 232 2864 nous
244 2842 356 2864 tenoms
370 2844 423 2864 nos
436 2843 569 2872 propreS,
587 2834 625 2864 les
641 2835 736 2872 queles
746 2833 766 2864 il
779 2844 850 2865 nous
865 2835 1034 2867 mustrerent
1044 2836 1185 2876 iagement
1203 2847 1219 2867 e

162 2872 323 2903 avisement.

199 2909 225 2940 E
239 2910 281 2941 sur
295 2921 351 2941 ceo
364 2920 452 2940 avons
465 2910 506 2941 dit
520 2920 535 2940 a
551 2920 602 2941 eux
617 2921 666 2949 ce,
685 2920 722 2949 qe
736 2921 808 2941 nous
822 2921 926 2949 pounis
947 2912 1013 2943 faire
1035 2922 1069 2943 en
1091 2913 1129 2943 les
1149 2912 1220 2944 dites

163 2949 327 3017 ἓεῑὲἰςῐὲεε,
342 2957 429 2987 quant
442 2959 457 2978 a
470 2959 536 2987 ore,
553 2949 641 2980 sicom
655 2960 670 2979 a
683 2960 754 2981 vous
769 2958 888 2988 porrunt
903 2950 961 2981 dire
973 2951 1033 2991 plus
1048 2951 1220 2989 pleinement

184 2998 200 3017 e
237 2997 273 3017 uc
294 2997 318 3016 e.

203 3024 228 3054 E
242 3025 315 3055 molt
327 3034 399 3055 nous
412 3025 484 3061 peise
497 3024 533 3055 de
547 3036 601 3056 ceo
611 3049 620 3065 ,
639 3035 675 3064 qe
690 3036 762 3057 nous
776 3036 812 3056 ne
827 3035 943 3065 poems,
958 3036 974 3057 a
987 3036 1056 3066 ore,
1064 3027 1125 3066 plus
1140 3036 1222 3060 avant

154 3062 226 3094 ·fere
242 3071 277 3093 en
292 3062 380 3093 cestes
392 3063 496 3092 choses.

205 3101 230 3131 E
246 3101 306 3138 plus
317 3100 440 3132 euffoms
462 3100 539 3131 ceste
560 3101 644 3132 chose
665 3101 769 3141 hastes,
788 3102 808 3133 fi
830 3112 902 3134 nous
919 3103 1063 3141 peussoms
1085 3114 1122 3135 en
1144 3105 1223 3135 bone

167 3149 289 3170 manere.

206 3215 323 3247 Donees
336 3226 351 3246 a
367 3216 461 3256 Lym,
479 3215 504 3247 le
523 3225 559 3255 14
569 3216 635 3255 jour
648 3216 683 3247 de
697 3216 776 3258 May.

324 3350 382 3384 Ad
395 3351 576 3396 Comitiffiem
596 3351 742 3384 Flandriae
756 3354 861 3386 Litera
875 3355 1052 3401 responfizlis.

27 3435 153 3468 Ann.D.
172 3434 306 3489 ROY,
324 3445 339 3464 a
352 3434 376 3464 la
390 3433 529 3465 Contesse
541 3434 577 3464 de
592 3435 737 3474 Flandres,
756 3436 836 3467 saluz.

53 3484 137 3514 1297.
265 3472 378 3510 Dame,
396 3482 466 3502 nous
481 3482 625 3515 receumes
638 3484 690 3504 vos
704 3474 811 3513 lettres,
830 3476 867 3506 les
880 3476 973 3514 queles
993 3477 1122 3507 Monfire
1130 3477 1225 3516 Johan

26 3518 79 3543 An.
94 3522 139 3552 ²5·
177 3511 212 3542 de
234 3511 346 3548 Gaure,
366 3521 382 3540 e
404 3510 535 3540 Moniire
554 3510 665 3542 Gerard
678 3512 715 3542 de
728 3512 873 3553 VerboyS‚
893 3514 1045 3546 Chevalers
1059 3516 1153 3547 vostre
1167 3514 1227 3546 Sei-

17 3552 59 3581 jz.
84 3563 107 3580 ι.
162 3559 279 3590 -gneur,
296 3559 367 3579 nous
381 3557 527 3588 porterent
539 3548 575 3578 de
589 3559 636 3586 par
650 3560 736 3580 vous:

26 3590 83 3618 [tot.
98 3590 157 3618 Ale-
214 3587 267 3618 Par
287 3588 325 3617 les
347 3587 441 3625 queles
462 3597 533 3617 nous
546 3597 644 3617 avonis
659 3588 797 3628 entendu,
814 3597 893 3620 entre
907 3590 945 3621 les
957 3600 1046 3622 autres
1060 3592 1174 3630 choses,
1190 3601 1226 3622 en

28 3637 98 3656 man.
114 3637 160 3664 ²5-
176 3627 249 3657 celes
266 3627 357 3656 lettres
378 3634 549 3663 contenueS,
576 3635 630 3663 que
650 3637 722 3656 vous
741 3636 811 3657 avez
830 3636 910 3664 grant
929 3629 999 3660 delir
1014 3630 1050 3660 de
1072 3631 1115 3661 oir
1138 3631 1227 3661 bones

27 3669 59 3693 Ε.
73 3675 96 3693 ι.
108 3676 145 3694 m.
176 3665 302 3696 noveles:
324 3663 372 3694 De
387 3664 453 3701 quoi
467 3673 537 3693 nous
550 3674 621 3693 vous
635 3666 788 3695 mercioms
798 3666 958 3697 cherment:

32 3711 77 3739 ¹4·
95 3704 122 3732 d.
216 3703 241 3733 E
262 3712 333 3734 vous
353 3702 455 3732 fesoms
476 3712 491 3731 a
511 3702 617 3740 samir,
635 3712 690 3739 que
708 3713 780 3732 nous
795 3703 930 3735 estoioms
944 3716 979 3735 en
995 3706 1070 3736 bone
1092 3706 1227 3746 Sauntee,

20 3741 22 3743 ’
177 3750 265 3779 quant
284 3739 360 3771 ceste
378 3740 458 3770 lettre
477 3739 519 3770 fut
532 3740 613 3778 faite,
631 3740 709 3770 Dieu
723 3743 827 3780 merci,
845 3742 869 3772 la
884 3743 965 3781 quele
977 3744 1061 3775 chose
1074 3755 1145 3775 nous
1159 3745 1230 3776 desi-

177 3789 255 3809 roms
271 3779 343 3810 mult
356 3779 430 3809 saver
444 3778 480 3808 de
493 3788 581 3808 vous:

217 3817 243 3847 E
256 3827 327 3848 vous
342 3819 464 3855 prioms,
474 3826 508 3854 qe
523 3816 618 3847 vostre
631 3817 692 3847 bon
707 3816 775 3846 estat
787 3827 858 3848 nous
873 3818 978 3849 voillez
988 3820 1054 3851 faire
1068 3821 1143 3852 saver
1156 3830 1229 3852 totes

178 3854 218 3886 les
231 3855 308 3894 foiz,
327 3866 363 3894 qe
377 3865 447 3885 vous
462 3865 562 3885 averez
574 3865 588 3884 a
601 3865 656 3885 ceo
669 3856 862 3886 covenablete.

217 3892 260 3930 E,
277 3893 384 3923 endrelt
397 3893 432 3923 de
445 3903 515 3930 ceo,
536 3904 590 3931 que
606 3903 676 3923 vous
692 3903 763 3923 nous
777 3902 847 3924 avez
865 3895 939 3933 prie,
953 3905 989 3934 qe
1011 3906 1079 3927 neus
1097 3897 1229 3934 pensoms

178 3929 223 3960 del
238 3930 305 3961 estat
317 3932 365 3962 des
380 3932 527 3971 bosoignes
541 3931 636 3961 vostre
649 3932 799 3969 Seigneur,
808 3932 844 3962 les
860 3933 952 3971 queles
965 3944 1036 3964 nous
1047 3944 1160 3965 tenoms
1172 3945 1230 3966 iioz

177 3977 310 4035 prppres,
329 3979 345 3999 e
363 3970 401 4000 les
422 3970 516 4008 queles
534 3970 572 4000 les
595 3969 740 4000 Chivalers
752 3971 886 4001 avantdits
900 3980 950 4002 nus
963 3981 1015 4004 unt
1028 3973 1153 4004 munstre
1165 3975 1230 4004 bien

180 4015 198 4035 e
219 4015 363 4045 agement,

218 4044 349 4114 Sazchez}
361 4045 478 4116 {amsi}
487 4057 524 4086 qe
537 4057 608 4078 nous
623 4048 764 4078 mittroms
776 4046 799 4076 la
816 4047 916 4086 peine,
933 4057 971 4087 qe
989 4058 1062 4080 nous
1080 4060 1230 4089 porromS,

263 4092 312 4113 om.
349 4105 356 4113 .
400 4107 407 4115 .
477 4107 484 4115 .

1225 173 1704 222 PUBLICA.
2188 196 2268 238 179

1211 258 1247 288 de
1266 259 1338 290 celes
1359 260 1505 301 bosoignes
1526 264 1672 302 avancier3
1690 273 1706 295 e
1725 263 1764 296 du
1779 263 1840 303 plus
1854 266 1910 303 pris
1921 273 1993 297 nous
2004 264 2183 306 prendro'ms,
2202 276 2256 306 pur
2273 268 2348 299 Ann.
2361 264 2407 302 Di

1209 304 1268 327 tant
1282 307 1318 335 qe
1331 308 1402 328 vous
1415 309 1483 329 nous
1498 310 1534 330 en
1546 311 1616 332 avez
1631 304 1700 340 prie.
2297 312 2379 343 1297-

1205 334 1304 402 ore'Car
1326 337 1422 373 piecea
1441 337 1587 369 n‘estemes
1607 341 1666 377 prie
1684 339 1720 370 de
1738 340 1833 372 Datne
1852 351 1905 380 pur
1925 342 1992 373 nule
2008 342 2147 381 bosoigne
2169 350 2254 376 avant
2273 347 2341 373 de.
2362 350 2390 373 ι.

1245 447 1383 479 Doniiees
1397 459 1412 479 a
1426 449 1502 489 Lym
1513 450 1539 481 le
1554 461 1599 492 14.
1615 453 1681 491 jour
1694 452 1730 484 de
1745 453 1835 494 Maii,
1852 456 1912 488 &c.

1390 572 1439 603 De
1456 575 1686 606 Summonitione
1697 584 1752 620 pro
1761 574 1888 619 servitio
1909 578 2065 611 Militari.

1275 653 1333 684 EX
1347 653 1518 686 Vicecomiti
1532 656 1662 687 Eborum
1676 657 1798 689 salutem.

1306 692 1390 735 'Qiia
1407 718 1416 726 ,
1461 704 1493 724 ro
1515 694 1662 725 salvatione
1683 696 1716 726 &
1738 697 1888 740 communi
1907 697 2022 728 utilitate
2040 699 2133 739 Regni
2152 700 2257 740 nostri,

1211 728 1363 796 {effigium
1389 741 1427 761 no
1454 742 1517 762 rum
1544 732 1579 762 ad
1601 741 1689 771 partes
1707 735 1894 766 transmarinas
1908 736 1968 773 jam
1987 736 2116 768 duximus
2137 738 2258 770 statuen-

1250 791 1321 834 Ti’bi
1334 808 1524 846 praecipimus,
1542 809 1570 839 in
1585 808 1656 846 fide,
1673 809 1729 847 qua
1741 810 1825 840 nobis
1842 812 1944 841 teneris
1978 810 2096 842 firmiter
2115 814 2262 853 injungen-

1214 849 1271 886 tes',
1289 843 1365 881 quod
1379 844 1551 889 summoneri
1568 847 1648 877 facias
1668 847 1773 878 Archie
1793 848 1915 888 iscopos‚
1933 833 2106 888 ffpffcopos,
2124 851 2264 891 Abbates‚
2286 881 2296 891 ,

1241 888 1342 924 riores,
1359 881 1393 912 &
1412 882 1473 913 alias
1486 884 1621 927 ‚personas
1639 884 1762 929 Ecclesia
1790 887 1854 929 icas:
1875 887 1911 918 Et
1933 889 2018 931 etiam
2033 888 2127 931 viduas
2148 889 2181 920 &
2200 890 2259 920 alias
2286 881 2330 907 ‘5'
2390 909 2407 936 Α

1217 918 1346 963 mulieres
1361 919 1403 963 ¹de
1425 919 1530 952 Balliva
1548 922 1613 960 tua,
1631 932 1679 961 qui
1697 923 1732 953 de
1752 924 1833 953 nobis
1847 933 1943 955 tenent
1954 935 1982 955 in
1996 925 2098 963 Capite
2110 936 2159 964 per
2178 927 2262 958 servi·
2280 920 2315 937 m.
2339 918 2380 944 '4'
2410 927 2419 936 ’

1214 963 1286 1024 uitia
1300 956 1492 1025 Migrarestel
1505 969 1553 999 per
1567 960 1814 999 Serjeantiam‚vel
1826 961 1861 992 de
1877 962 2005 1002 Wardis,
2023 965 2052 994 in
2066 975 2152 995 manu
2167 964 2263 997 nostra
2283 948 2392 977 σῶά*

1219 1004 1235 1024 e
1254 1005 1261 1024 i
1287 1004 1343 1025 enti
1365 1005 1396 1025 us

1259 1033 1350 1072 Qiod
1365 1018 1484 1065 habeant
1519 1035 1553 1066 ad
1567 1045 1635 1074 nos,
1655 1036 1789 1067 London.
1808 1036 1854 1067 die
1868 1037 2042 1078 Dominicfi‚
2060 1041 2191 1078 proxima
2205 1041 2270 1079 post

1220 1070 1344 1102 oetabas
1364 1070 1460 1102 Sanffi
1498 1073 1615 1104 ohannis
1634 1074 1778 1112 Baptistae,
1796 1077 1929 1113 proximo
1945 1077 2062 1116 futuras,
2080 1086 2173 1110 totum
2186 1079 2270 1111 servi-

1219 1109 1292 1140 tium
1305 1109 1401 1148 suum,
1418 1110 1501 1140 nobis
1512 1110 1657 1150 debitum,
1675 1114 1751 1151 equis
1765 1114 1798 1144 &
1813 1114 1895 1143 armis
1908 1113 1982 1144 bene
1995 1117 2135 1147 munitum
2145 1140 2154 1156 ,
2171 1118 2204 1149 &
2223 1127 2272 1155 pa-

1219 1155 1312 1178 ratum
1324 1146 1358 1192 ad
1371 1148 1603 1192 transfretandum
1617 1158 1684 1180 cum
1698 1160 1820 1188 corpore
1833 1150 1932 1182 nostro
1951 1152 1986 1181 ad
2004 1161 2091 1189 patres
2132 1155 2274 1194 medietas,-

1221 1185 1256 1253 sui
1272 1182 1357 1254 ¹3516}
1359 1185 1475 1253 ἒοίὶτι,
1492 1188 1525 1218 &
1542 1188 1666 1226 ipsorum
1685 1188 1845 1227 honorem,
1863 1199 1917 1227 pro
1936 1188 2085 1221 salvatione
2159 1193 2273 1224 utilitate

1285 1271 1296 1292 t
1309 1263 1344 1293 ita
1356 1271 1384 1292 te
1398 1262 1496 1293 habeas
1512 1265 1539 1293 in
1553 1264 1610 1296 hoc
1625 1264 1758 1295 mandato
1773 1265 1872 1296 nostro
1886 1265 2011 1297 celeriter
2027 1267 2208 1306 exequendo,
2225 1279 2274 1308 ne,

1223 1299 1243 1330 fi
1265 1300 1283 1319 ³⁸
1301 1301 1447 1344 Cpntinffat
1463 1302 1551 1339 (quod
1569 1302 1647 1340 absit)
1665 1303 1913 1334 transfretationem
1927 1303 2054 1335 nostram
2065 1316 2115 1344 per
2129 1305 2275 1339 derectum
2297 1326 2314 1343 0

1223 1346 1305 1369 tuum
1317 1325 1463 1378 impediri,
1481 1340 1515 1370 ad
1529 1349 1556 1371 te
1567 1342 1686 1381 graviter
1700 1351 1800 1380 capere
1813 1341 1973 1373 debeamus.
2323 1324 2427 1361 11457‘*

2283 680 2410 721 AnnD

2308 726 2391 757 1297.

2278 762 2331 786 Aa.
2348 767 2393 794 ²5-

2282 800 2311 823 Ε,
2334 805 2356 824 i.

2282 833 2369 870 Cleus-

2347 876 2376 899 Ε.
2392 879 2415 898 Ι.

1261 1412 1351 1444 Teste
1363 1414 1446 1454 Rege
1457 1416 1530 1454 apud
1546 1417 1654 1448 Lodrec
1671 1425 1714 1456 15.
1732 1418 1777 1448 die
1790 1416 1872 1449 Maii.

1265 1489 1433 1521 Consimiles
1444 1491 1530 1523 literae
1542 1493 1695 1534 diriguntur
1709 1493 1817 1534 singulis
1827 1493 2053 1527 vicecomitibus
2067 1491 2185 1537 Angliae.

1267 1564 1341 1596 Item
1354 1566 1516 1605 Reginaldo
1527 1568 1563 1600 de
1577 1569 1666 1611 Grey.

1310 1689 1369 1724 Ad
1381 1691 1556 1738 Epiftopum
1575 1692 1822 1738 Lincolnienftm,
1842 1704 1898 1740 pro
1915 1695 2058 1729 Militari
2067 1695 2206 1741 ftrvitio.

1298 1773 1358 1805 EX
1377 1772 1536 1819 Venerabili
1556 1777 1584 1806 in
1607 1776 1724 1808 Christo
1747 1777 1840 1816 Patri,
1863 1777 1903 1808 O.
1922 1777 2023 1809 eadem
2043 1779 2146 1819 gratia,
2164 1779 2286 1811 Lincol·
2307 1789 2435 1827 Anna

1317 1813 1403 1857 niensi
1417 1813 1576 1853 Episcopo,
1591 1814 1713 1846 salutem.
2327 1839 2362 1860 12
2404 1852 2411 1858 ,

1273 1851 1351 1890 Qua
1363 1852 1515 1895 passagium
1528 1852 1658 1883 nostrum
1672 1854 1808 1898 ad'partes
1819 1854 2076 1899 transmarinasaad
2092 1855 2168 1894 Dei,
2187 1855 2285 1900 nostri,
2305 1838 2421 1903 Aa.⁹2⁷‚-.

1236 1888 1369 1934 &Dve‘stri
1385 1890 1545 1935 honorem,
1559 1902 1613 1928 pro
1624 1892 1773 1923 salvatione
1788 1894 1821 1924 &
1834 1902 1983 1923 commum
1997 1893 2113 1926 utilitate
2123 1894 2219 1934 Regni
2232 1904 2285 1924 no-
2303 1912 2332 1934 E.
2355 1917 2378 1935 ι,

1235 1925 1282 1956 stri
1314 1938 1373 1966 jam
1386 1928 1515 1959 duximus
1533 1929 1726 1968 statuendum,
2305 1945 2441 1981 Claufi2sg

1270 1951 1361 1997 Vobis
1373 1967 1536 1997 mandamus
1551 1968 1628 2005 quod
1642 1977 1735 1999 toturn
1742 1968 1899 2007 servitium,
1918 1968 1995 2008 quod
2007 1970 2090 2001 nobis
2102 1969 2225 2008 debetis,
2239 1970 2289 2001 ha-
2310 1987 2340 2010 E.
2359 1992 2381 2011 ι,
2396 1992 2431 2010 m,

1236 2003 1338 2042 beatis,
1361 2004 1395 2034 ad
1417 2015 1487 2044 nos,
1514 2005 1646 2036 London.
1671 2005 1717 2037 die
1735 2007 1907 2046 Dominica,
1931 2008 2059 2045 proxima
2080 2008 2145 2046 post
2164 2008 2290 2039 oetabas
2315 2031 2356 2056 ¹4-
2370 2021 2394 2049 Δ,

1236 2041 1331 2072 Sanffl
1347 2042 1483 2080 Johannis
1505 2043 1650 2082 Baptistae,
1666 2046 1798 2082 proximo
1819 2045 1938 2083 futuras,
1964 2048 2040 2084 equis
2062 2047 2095 2077 &
2115 2048 2196 2078 armis
2216 2047 2291 2079 bene
2310 2058 2416 2087 edula,

1241 2081 1402 2119 munitum,
1417 2082 1451 2112 δε
1465 2091 1591 2120 paratum
1605 2083 1639 2113 ad
1658 2082 1890 2113 transfretandum
1910 2094 1978 2114 cum
1997 2095 2118 2122 corpore
2138 2084 2238 2116 nostro
2255 2085 2291 2116 ad
2413 2091 2415 2093 ’

1242 2127 1331 2156 partes
1346 2119 1509 2158 praedidias,
1527 2130 1582 2158 pro
1594 2120 1742 2151 salvatione
1753 2122 1786 2152 &
1802 2121 1919 2152 utilitate
1932 2123 2097 2161 supradicsstis.

1275 2156 1313 2187 Et
1325 2158 1399 2195 hoc,
1417 2157 1485 2188 sicut
1499 2159 1604 2197 nostri,
1623 2160 1656 2190 &
1671 2159 1773 2198 vestri,
1792 2160 1826 2190 &
1839 2161 1924 2190 totius
1938 2159 2031 2200 Regni
2042 2160 2132 2191 nostri
2152 2161 2294 2192 honorem

1241 2196 1275 2227 &
1289 2195 1469 2227 salvationem
1482 2196 1608 2237 diligitis,
1626 2197 1704 2228 nullo
1719 2197 1810 2228 modo
1822 2199 1964 2228 omittatis.

1280 2270 1370 2302 Teste
1383 2272 1465 2312 Rege
1478 2273 1551 2312 apud
1563 2272 1675 2317 ¹Lodres
1693 2281 1735 2312 15.
1754 2273 1800 2304 die
1813 2271 1896 2305 Maii.

1347 2346 1518 2380 Consimiles
1531 2350 1618 2381 literae
1629 2350 1785 2389 diriguntur
1796 2349 1941 2388 Episcopis
1952 2349 2105 2389 subscriptis
2113 2374 2123 2389 ,
2136 2351 2193 2382 vir.

1792 2428 1827 2456 G.
1846 2425 1995 2466 Cicestrenfi
2004 2450 2014 2465 ‚

1793 2467 1828 2495 R.
1844 2465 2023 2505 Londonienfi
2030 2488 2041 2503 ‚

1792 2506 1827 2533 R.
1846 2502 2050 2544 Herefhrdenfi,

1793 2541 1843 2571 Th.
1862 2542 2008 2581 Exonienst
2014 2566 2023 2579 ,

1795 2583 1832 2609 L.
1852 2579 1998 2619 Aſj‘avenfi
2006 2602 2016 2618 ,

1794 2616 1831 2655 J.
1851 2617 2033 2658 Wintonienfi
2043 2616 2183 2657 Epistopo,

1286 2691 1341 2723 Vel
1358 2693 1416 2731 ejus
1431 2693 1507 2724 vices
1521 2693 1645 2733 gerenti,
1662 2692 1723 2731 ipso
1735 2701 1837 2731 agente
1850 2694 1879 2724 in
1892 2693 2012 2732 partibus
2023 2694 2222 2731 transmarinis,

1288 2771 1332 2800 W.
1351 2769 1524 2810 Coventrenst
1537 2768 1575 2804 ὠ·
1589 2768 1776 2810 Lychftldenfi
1783 2792 1793 2809 ,
1811 2770 1949 2810 Epfiopo,

1246 2429 1281 2456 G.
1302 2426 1497 2467 PVygornienfi,

1246 2465 1289 2494 W
1309 2464 1410 2505 Elienfi
1418 2489 1426 2501 ,

1248 2503 1291 2532 W
1310 2502 1462 2532 Bathonien
1474 2513 1483 2529 1
1495 2500 1533 2538 ᾤ’
1548 2501 1671 2545 Wllenfi
1679 2527 1690 2542 ,

1247 2542 1279 2569 R.
1297 2542 1443 2570 Norwicen
1454 2553 1463 2569 1
1472 2564 1482 2579 ,

1246 2577 1282 2615 J.
1302 2578 1426 2616 Karliol,

1247 2617 1289 2646 N.
1306 2619 1402 2646 Sarum
1414 2639 1425 2655 ,

1286 2844 1342 2876 Vel
1357 2846 1413 2884 ejus
1425 2846 1502 2877 vices
1517 2846 1642 2883 gerenti,
1660 2845 1719 2883 ipso
1732 2853 1832 2885 agente
1843 2847 1874 2876 in
1889 2847 2009 2885 partibus
2024 2843 2214 2876 transmarinis.

1272 2971 1468 3001 Summonitio
1489 2969 1639 3000 Comitum
1656 2970 1692 3006 ᾤ’
1710 2967 1861 3001 Baranam
1875 2967 1919 3001 ad
1930 2965 2190 3011 transfretandum
2208 2977 2279 3000 cum

1737 3019 1823 3063 Rege.

1315 3100 1375 3132 EX
1389 3101 1493 3131 dilersto
1507 3101 1540 3132 ὃ(
1555 3099 1775 3140 Confanguineo
1788 3102 1821 3132 &
1840 3099 1914 3131 fideli
1932 3099 1998 3138 suo,
2015 3098 2172 3131 Edmundo
2192 3098 2306 3132 Comici
2325 3102 2400 3134 Anti.
2414 3103 2456 3134 D.

1334 3140 1509 3177 Cornubiae,
1526 3139 1649 3169 salutem.
2353 3149 2439 3181 1297.

1290 3177 1388 3216 Cum,
1407 3188 1459 3216 pro
1471 3178 1598 3215 dampnis
1611 3178 1644 3208 δε
1657 3178 1803 3217 periculiS,
1822 3187 1885 3215 quae
1900 3177 1998 3215 nobis,
2012 3177 2045 3208 δε
2060 3177 2113 3207 toti
2128 3175 2236 3214 Regno
2250 3187 2306 3208 no-
2324 3183 2376 3208 An.
2392 3188 2438 3216 ²5·

1253 3214 1326 3255 stre,
1344 3227 1392 3255 per
1407 3216 1512 3247 insidias
1527 3215 1708 3245 inimicorum
1723 3215 1903 3253 nostrorum,
1921 3215 2034 3246 evenire
2053 3215 2181 3254 possent,
2199 3216 2304 3245 cautius
2324 3222 2352 3245 Ε.
2376 3227 2399 3246 i.

1250 3255 1454 3324 Rraecavendis,
1471 3263 1559 3291 nuper
1580 3255 1795 3291 praeceperimus
1814 3254 1922 3293 singulis
1942 3253 2165 3284 Vicecomitibus
2184 3253 2304 3291 ejusdem
2326 3256 2413 3292 Claus.

1256 3303 1385 3401 &ffildd
1401 3331 1469 3362 scire
1485 3329 1608 3361 facerent
1619 3329 1752 3360 omnibus
1765 3330 1817 3360 illis
1831 3329 1866 3360 de
1881 3329 1988 3361 Ballivis
2003 3329 2072 3368 suis,
2084 3329 2154 3359 infra
2171 3327 2308 3360 libertates
2326 3297 2460 3398 ἓῖέῗ..ἲ

1305 3378 1378 3399 extra
1387 3394 1396 3408 ,
2349 3380 2360 3397 e
2377 3380 2395 3397 a
2406 3379 2433 3406 ι,

1294 3408 1355 3452 Qi
1370 3406 1475 3438 habent
1487 3407 1586 3446 viginti
1602 3404 1709 3436 libratas
1723 3414 1804 3436 terrae
1815 3407 1848 3437 &
1861 3405 1980 3436 redditus
1991 3404 2187 3448 per'Annum:
2205 3403 2243 3434 Et
2257 3404 2308 3435 illis

1256 3446 1393 3485 similiter,
1412 3447 1460 3482 qui
1480 3445 1538 3483 plus
1560 3444 1679 3482 habent,
1696 3443 1842 3482 videlicet,
1859 3454 1916 3475 tam
1936 3444 1986 3474 illis
2005 3453 2053 3481 qui
2074 3453 2134 3473 non
2155 3450 2251 3474 tenent
2270 3443 2308 3474 de

1257 3485 1340 3515 nobis
1354 3486 1383 3515 in
1398 3483 1515 3521 Capite,
1534 3483 1619 3521 quam
1632 3482 1682 3512 illis
1697 3483 1744 3520 qui
1757 3491 1868 3520 tenent,
2215 3519 2220 3525 ¹
2265 3520 2270 3525 ¹

1295 3522 1342 3553 Ut
1356 3523 1392 3553 de
1406 3523 1481 3560 equis
1496 3522 1528 3552 &
1542 3520 1624 3550 arinis
1639 3521 1688 3550 sibi
1705 3520 1902 3558 providerent,
1919 3520 1951 3550 &
1964 3519 1990 3549 se
2012 3527 2193 3557 praepararent
2213 3518 2310 3550 indila-

1258 3570 1303 3599 te,
1321 3562 1356 3590 ita
1378 3560 1455 3598 quod
1472 3559 1509 3589 sic
1530 3558 1617 3588 effent
1637 3559 1781 3596 prompti,
1797 3557 1830 3589 &
1872 3559 1936 3588 arati
1958 3557 1993 3587 ad
2008 3556 2179 3600 veniendum
2193 3556 2226 3586 ad
2239 3567 2309 3596 nOS,

1259 3601 1293 3630 &
1307 3598 1449 3635 eundum,
1465 3607 1533 3629 cum
1548 3597 1659 3634 propria
1670 3597 1787 3636 persona
1802 3599 1853 3626 noi
1870 3596 1914 3634 ra,
1930 3605 1982 3633 pro
2003 3595 2148 3625 salvatione
2168 3594 2310 3634 ipsorum,

1261 3638 1295 3668 &
1309 3638 1392 3668 torius
1411 3636 1506 3676 Regni
1520 3633 1607 3665 nostri
1621 3634 1764 3673 praedicti,
1782 3634 2011 3672 quandocunque
2025 3643 2078 3671 pro
2093 3633 2154 3670 ipsis
2165 3634 2310 3664 mandare-

1262 3686 1340 3713 mus,
1356 3686 1389 3705 ac
1406 3683 1456 3704 nos
1469 3673 1621 3711 passagium
1637 3671 1765 3703 nostrum
1779 3672 1812 3703 ad
1830 3681 1917 3710 partes
1935 3671 2139 3708 transmarinas,
2153 3681 2207 3708 pro
2227 3672 2311 3703 salva-

1264 3716 1341 3745 tione
1355 3712 1529 3750 hujusmodi,
1549 3713 1606 3749 jam
1620 3710 1777 3740 duxerimus
1792 3710 1984 3747 statuendum,
2029 3747 2033 3753 Ι

1298 3751 1358 3782 Vos
1378 3749 1532 3781 affectuose
1556 3750 1720 3787 requirimus
1742 3749 1776 3780 &
1801 3757 1947 3790 rogamus·
1962 3755 2088 3785 quatinus
2101 3769 2114 3786 5
2138 3747 2310 3778 attendentes

1261 3790 1339 3829 quod
1354 3800 1405 3819 vos
1420 3795 1533 3825 oportet
1548 3788 1582 3818 &
1596 3786 1752 3824 condecet,
1772 3787 1846 3816 circa
1859 3786 2039 3816 salvationem
2060 3786 2093 3816 &
2118 3792 2308 3828 communem

1262 3829 1407 3859 utilitatem
1427 3826 1493 3856 dieti
1517 3825 1637 3864 Regni,
1662 3835 1758 3854 manus
1777 3834 1917 3862 apponere
1935 3823 2076 3858 adjutrices
2089 3846 2098 3861 ,
2127 3825 2178 3854 litis
2198 3825 2231 3855 ad
2253 3835 2307 3854 nos

1264 3866 1397 3896 London.
1423 3865 1468 3894 die
1490 3863 1646 3893 Dominica
1660 3886 1670 3901 ,
1691 3863 1818 3901 proxima
1839 3861 1901 3899 post
1922 3860 2044 3891 O-t=bas
2062 3861 2157 3892 Sancti
2173 3862 2310 3900 Johannis

1263 3904 1408 3942 Baptistae,
1427 3903 1557 3940 proximo
1569 3902 1687 3938 futuras,
1705 3911 1773 3932 curn
1786 3902 1862 3940 equis
1873 3901 1905 3930 δε
1925 3900 2006 3929 armis
2026 3901 2109 3937 parati
2125 3900 2310 3938 transfretare,

1264 3952 1331 3974 cum
1347 3950 1468 3979 corpore
1484 3939 1583 3970 nostro
1621 3939 1655 3969 ad
1668 3947 1756 3977 partes
1771 3938 1929 3977 praedietas,
1944 3938 1977 3967 ad
1993 3936 2068 3976 Dei,
2086 3935 2192 3977 nostri,
2207 3940 2240 3970 &
2263 3948 2312 3968 ve-

1264 3981 1310 4011 stri
1322 3981 1462 4010 honorem
1471 4002 1480 4016 ,
1498 3988 1552 4016 pro
1564 3963 1712 4008 salvatione·
1726 3978 1758 4007 &
1773 3977 1886 4006 utilitate
1902 3975 2076 4015 supradietis,
2089 3977 2127 4010 ita
2138 3976 2217 4016 quod
2231 3977 2314 4007 vobis

1264 4018 1363 4050 exinde
1375 4017 1408 4049 ad
1423 4025 1566 4055 perpetuas
1581 4017 1732 4055 gratiarum
1744 4015 1868 4045 actiones
1882 4022 2033 4045 teneamur.

1773 4081 1838 4113 Zz
2227 4079 2316 4113 Teste
