2570 4261
0 282 8 309 y.
23 258 65 291 D.

0 306 32 336 .4.

19 345 44 363 1.

1 2274 80 2303 ‚279.

0 3821 44 3842 nn.
56 3810 100 3842 D.

0 3850 81 3890 1284.

0 3899 21 3918 a.
40 3899 82 3917 12.

24 3937 35 3954 1

1 3949 83 4002 liis.

1 4013 39 4030 72.
58 4014 84 4031 a.

3 4051 45 4068 ines
51 4046 104 4070 Ca—

0 4088 66 4110 'Crur-

81 2806 86 2811 ·
108 2774 158 2836 F

617 181 729 222 ET
812 181 1079 224 ACTA
1160 177 1641 222 PUBLICA.

80 302 86 307 ·
117 263 189 295 Aliae
201 275 270 296 vero
283 267 394 297 fuerunt
407 267 479 298 clam
493 267 536 298 vel
549 268 639 307 palam
655 267 750 307 Regiis
762 267 868 304 juribus
881 266 1058 298 adversantes.
1093 266 1132 298 Et

77 301 152 346 istis,
170 314 238 334 cum
253 306 376 345 legitime
389 306 559 344 constiterit,
577 308 611 337 de
625 306 727 336 eisdem
741 306 847 335 nullam
862 306 917 335 effe
930 307 1070 336 credimus
1089 316 1132 336 re-

76 341 249 385 stitutionem
262 345 416 376 faciendam
426 348 525 384 ,etiam
533 348 552 377 si
560 346 634 376 bona
648 346 768 383 iptorum
782 344 883 375 fuerint
898 344 1130 375 auetoritateRe-

71 388 118 418 gia
134 382 162 411 in
178 381 306 413 Eccleliis
320 394 465 421 occupata.

117 419 193 458 Qia
207 430 319 462 propter
335 423 548 452 inimicitiarum
562 423 682 461 nephas,
697 423 741 460 jus
756 431 848 451 rerum
863 421 1035 460 huiusmodi,
1053 420 1131 458 quod

75 457 246 498 habuerant,
263 460 459 499 perdiderunt,
475 471 527 498 pro
540 462 675 491 violentia
688 470 782 490 tamen
793 460 865 489 illata
873 459 1003 491 Ecclesiae
1012 483 1021 497 ‚
1034 460 1053 490 si
1068 468 1133 499 quae

76 496 176 534 fuerit,
195 498 224 527 in
235 498 326 528 forma
340 499 433 529 debita
448 499 560 529 lati-;fiat.

115 535 238 566 Fuerunt
251 537 358 575 insuper
372 539 442 567 tertii
455 539 561 576 generis
578 536 701 578 personfe
721 547 785 575 quae
806 546 882 567 metu
901 535 1060 567 Tirannidis
1076 536 1132 573 pri-

76 572 151 603 stine
163 574 267 604 honori
283 575 375 614 Regio
392 574 547 606 restiterunt
562 598 571 611 ,
597 576 630 605 &
646 577 673 605 in
690 574 746 605 istis
761 585 828 605 cum
842 575 877 604 de
891 576 979 605 animi
994 576 1133 604 innocen-

76 612 291 680 titliwconstiterit
314 615 466 645 relevandis
482 615 580 654 Regal.
595 614 620 643 se
636 624 666 644 ut
685 624 813 653 putamus
835 613 1022 644 misericordia
1042 613 1134 643 decla-

73 659 101 680 ra
125 658 153 680 it.

115 687 150 718 ln
164 691 353 728 occupatione
366 699 457 721 autem
473 691 616 720 bonorum
630 690 672 720 seu
685 689 866 721 Clericalium
876 714 885 729 ,
902 690 946 720 seu
962 689 1133 726 Laicalium,

77 727 177 764 triplex
190 729 397 760 circumstantia
409 728 530 767 excusat,
547 729 591 758 vel
609 729 760 767 parcialiter
774 729 819 758 vel
832 730 950 759 totaliter
964 736 1134 766 occupantes

77 766 156 796 verbi
168 769 269 806 gratia,
286 769 305 797 fi
321 767 465 798 manifesta
486 767 642 798 neceffiiate
660 767 755 797 coaffi
777 777 875 798 manus
892 767 926 797 ad
945 767 1024 805 hujus
1038 775 1134 797 exten-

77 804 194 843 derunt,
212 805 268 836 five
282 807 311 836 in
325 805 453 837 Ecclesiis
469 806 523 836 sive
537 815 620 836 extra.
659 805 691 835 ln
708 807 753 836 tali
768 807 846 836 enirn
861 805 1021 835 necessitate
1035 805 1133 835 omnia

76 843 228 874 creduntur
241 845 298 874 ess'e
311 844 447 881 Principis
464 844 669 882 rempublicam
682 843 861 883 defensantis,
877 845 945 875 dum
959 852 1054 875 tamen
1069 852 1133 874 mo-

75 881 146 911 dum
161 889 252 912 teneat
267 883 443 921 occupando.

116 920 187 949 Item
204 921 223 950 si
245 930 359 958 propter
381 921 443 952 haec
464 930 640 960 occupentur
659 921 736 952 bona
755 921 916 960 hujusmodi
932 943 942 959 ,
962 929 994 951 ut
1013 920 1136 959 ipsorum

77 957 276 995 poffell‘oribus
289 961 317 988 in
334 959 427 990 validis
440 960 648 991 conserventur*

113 995 185 1026 Item
201 998 219 1027 si
234 998 342 1028 idcirco
354 1007 546 1036 occupentur,
565 1009 600 1029 ne
611 999 644 1029 ad
659 1007 756 1028 manus
768 997 894 1028 hostiurn
907 996 970 1028 casu
983 998 1077 1035 aliquo
1090 996 1139 1027 de-

78 1034 223 1065 ducantur.
261 1036 310 1066 De
325 1037 461 1067 incendiis
477 1046 572 1068 autem
592 1037 779 1067 Ecclesiarum
795 1039 828 1069 &
851 1036 999 1067 Sacrarum
1017 1036 1139 1074 aedium,

79 1073 286 1113 Religiosortim
311 1076 356 1106 vel
381 1076 554 1106 Secularium
578 1075 758 1106 Clericorum
774 1098 784 1113 ,
809 1074 854 1105 seu
872 1075 958 1105 etiam
983 1075 1136 1105 Laicorum

79 1112 155 1142 idem
171 1113 362 1153 intelligimuS,
380 1115 456 1153 quod
471 1115 506 1145 de
527 1115 606 1145 rebus
624 1114 792 1144 eorumdem
808 1113 925 1153 superius
939 1112 979 1143 est
993 1121 1139 1151 notatum,

78 1150 138 1180 hoc
152 1160 291 1191 exceptO,
307 1153 384 1192 quod
400 1153 589 1184 Ecclesiarum
603 1153 636 1183 ὃ(
657 1152 804 1182 Sacrarum
823 1152 929 1182 aedium
948 1151 1139 1189 consumptio-

79 1199 129 1218 nes
145 1191 178 1221 &
198 1191 327 1222 incendia
343 1215 352 1229 ,
378 1193 455 1222 nullo
477 1193 606 1222 obstante
628 1190 734 1220 delicto
755 1191 878 1220 hominis
893 1190 954 1220 sunt
969 1190 1143 1220 restitutione

79 1227 172 1259 debita
187 1230 307 1267 plenarie
320 1231 521 1268 conpensanda.
561 1229 748 1260 Incendiarios
759 1237 870 1266 autem,
888 1229 935 1267 qui
948 1238 982 1258 ex
996 1237 1070 1258 certa
1084 1238 1143 1258 ma-

81 1265 137 1296 litia
150 1267 287 1298 Eccleiias
302 1270 502 1306 incenderunt,
522 1269 566 1298 vel
580 1267 643 1298 ausu
660 1267 755 1296 illicito
768 1267 840 1296 aedes
854 1267 918 1296 alias
934 1276 967 1296 ex
981 1267 1081 1306 quibus
1096 1277 1143 1297 ac-

81 1306 168 1335 censis
183 1307 252 1346 ignis
263 1307 430 1337 consumens
443 1308 520 1336 haelit
531 1305 658 1336 Ecclesiis
668 1304 819 1344 postquam
835 1305 1004 1335 nominatim
1020 1314 1070 1344 per
1085 1305 1145 1335 Ec-

82 1344 190 1374 clesiam
213 1346 344 1375 sententia
364 1344 489 1375 Canonis
510 1353 608 1374 contra
627 1343 753 1382 personas
767 1352 862 1373 earum
885 1343 966 1372 fuerit
988 1344 1144 1382 publicata,

81 1382 225 1414 dumtaxat
243 1383 415 1413 absolutione
437 1382 604 1421 Apostolica
624 1381 765 1411 credimus
780 1380 931 1419 indigere3
955 1382 987 1412 &
1003 1382 1069 1412 licet
1082 1383 1145 1412 nul-

81 1420 140 1450 lum
157 1423 321 1452 noverimus
341 1422 499 1459 hujusmodi
512 1421 614 1451 scelere
628 1421 765 1450 irretitum
787 1419 897 1450 causam
916 1429 975 1449 non
992 1429 1098 1459 nocet,
1124 1421 1144 1451 fi

83 1458 248 1499 Apostolica
262 1460 415 1491 clementia
428 1460 595 1498 imploretur
610 1470 620 1497 ·,
642 1467 672 1488 ut
687 1458 757 1496 siqui
778 1458 815 1488 sic
834 1457 998 1488 denunciari
1010 1469 1146 1489 occurre-

82 1499 156 1536 rint,
172 1497 276 1538 poffint
292 1508 340 1536 per
359 1498 492 1529 locorum
513 1497 670 1528 ordinarios
690 1496 795 1527 absolvi
819 1506 853 1526 ex
870 1497 954 1536 gratia
969 1497 1092 1535 speciali:
1111 1498 1145 1528 ad

83 1536 287 1567 absolvendum
302 1547 371 1567 vero
391 1537 450 1567 illos
472 1538 520 1576 qui
543 1535 650 1566 in'casu
668 1535 765 1566 illicite
784 1534 912 1565 Clericos
931 1536 1149 1574 interfecerunt,

84 1575 128 1604 vel
145 1574 271 1605 laeserunt
285 1576 453 1613 enormiter,
474 1585 533 1606 non
552 1575 700 1605 consuevit
718 1573 883 1613 Apostoliea
896 1574 1043 1605 auctoritas
1065 1575 1149 1606 alicui

84 1612 189 1643 absenti
204 1614 365 1644 concedere
380 1614 561 1654 potestatem:
583 1613 622 1644 Et
635 1614 698 1652 quia
712 1613 751 1642 illi
767 1614 815 1650 qui
836 1613 916 1651 hujus
934 1613 1062 1643 incendia
1083 1623 1146 1653 pcr-

83 1651 226 1691 petiarunt
239 1675 248 1690 ,
273 1652 308 1683 ad
326 1654 469 1692 gremium
495 1651 607 1682 San&ae
629 1651 728 1682 Matris
746 1651 882 1681 Ecclesiae
900 1661 952 1690 pro
970 1651 1149 1682 absolutionis

84 1689 173 1728 gratia
188 1691 394 1731 confligerunt,
410 1702 470 1721 non
484 1690 566 1721 decet
573 1690 705 1720 Praelatos
718 1690 752 1720 ad
766 1691 1014 1720 denunciationem
1023 1689 1150 1720 Excom-

84 1730 282 1760 municationis
301 1730 347 1760 vel
369 1730 420 1760 alia
439 1729 598 1768 gravamina
620 1728 772 1768 procedere
788 1737 885 1759 contra
904 1738 953 1758 eos
967 1751 976 1767 ,
998 1729 1149 1768 praesertim

84 1767 148 1805 quia
163 1769 246 1806 pietas
264 1767 355 1798 vestra
370 1777 422 1806 pro
444 1768 505 1805 ipfis
521 1767 670 1798 satisfacere
692 1767 732 1797 est
759 1776 840 1797 warata
860 1767 950 1797 modo
968 1767 1087 1805 superius
1102 1777 1152 1798 an-

85 1814 184 1836 notato
197 1818 207 1845 ·,
230 1807 296 1836 licet
310 1816 403 1837 autem
419 1807 492 1839 nulla
506 1806 549 1837 lex
565 1805 667 1836 Civilis
680 1807 723 1836 vel
774 1806 893 1836 anonica
908 1816 961 1836 vos
976 1805 1085 1836 videtur
1104 1806 1153 1836 ali-

83 1845 212 1881 quatinus
225 1845 349 1884 obligare
364 1844 398 1875 ad
410 1845 629 1876 satisfaciendum
644 1855 696 1885 pro
711 1845 839 1884 dampnis
852 1843 982 1874 Ecclesiis
995 1844 1040 1875 vel
1049 1845 1153 1875 Eccle-

87 1883 198 1914 fiasticis
215 1883 352 1922 personis,
371 1893 418 1922 per
433 1883 584 1914 Leulinum
601 1883 743 1922 quondam
757 1882 922 1920 Principem
933 1882 1063 1922 Walliae,
1083 1885 1154 1913 irro-

103 1923 172 1960 πίε,
191 1923 319 1962 quamvis
333 1922 368 1953 ad
383 1922 559 1953 Dominium
578 1922 702 1952 vestrum
719 1932 778 1952 non
798 1921 987 1952 Haereditario
1001 1945 1010 1961 ‚
1036 1924 1072 1952 iet
1085 1922 1154 1960 Jure

120 1961 185 1998 egio
194 1984 202 1999 ,
222 1969 410 2001 pervenerunt
426 1962 500 1991 bona
513 1961 570 1991 sua:

129 1999 208 2037 Qia
221 2008 316 2030 tamen
331 1999 494 2040 Imperatori
507 2000 621 2030 stimmo
634 2022 644 2038 ,
673 1999 720 2037 qtii
742 1997 916 2029 essentialiter
937 1998 978 2028 est
994 1998 1156 2036 Dominus,

92 2047 194 2068 omnes
205 2038 258 2068 suae
269 2038 390 2068 serviunt
404 2047 553 2077 crearurae,
563 2038 664 2068 decere
677 2037 819 2068 credimus
828 2036 1006 2076 Majestarem
1018 2036 1158 2076 vestram,

97 2087 160 2115 quae
176 2079 190 2107 a
204 2077 327 2107 Summo
336 2077 417 2117 Rege
426 2077 470 2107 Re
490 2079 519 2107 ni
534 2078 633 2108 terreni
646 2078 755 2116 optinet
768 2077 917 2115 bajulatum
926 2099 935 2114 ,
947 2076 983 2106 de
995 2076 1078 2105 bonis
1089 2076 1163 2113 ejus,

95 2115 196 2145 vestrae
211 2115 405 2155 dispensationi
420 2126 468 2146 cre
489 2117 548 2154 itis,
567 2115 684 2146 honoris
699 2116 737 2145 sui
752 2115 879 2146 resarcire
894 2116 1020 2153 injurias,
1038 2124 1087 2151 per
1102 2114 1161 2144 dis-

117 2155 271 2185 ensatorem
285 2155 330 2185 vel
347 2156 437 2185 verius
458 2153 648 2192 dissipatorem
667 2154 817 2193 pristinum
832 2153 978 2192 inpetratas
993 2164 1003 2190 3
1023 2153 1104 2190 haec,
1124 2153 1159 2183 il-

96 2163 256 2224 llistrissime
277 2194 443 2231 Principum
459 2217 468 2232 ,
492 2194 576 2224 vobis
595 2192 744 2223 scribimus
762 2192 818 2223 sine
835 2191 999 2233 praejudicio
1017 2191 1159 2221 sententiae

100 2232 240 2271 melioris,
259 2232 351 2269 Sigilli
364 2231 453 2262 nostri
468 2232 625 2262 munimine
639 2232 778 2262 roborata.

139 2273 155 2288 ²*
176 2270 224 2301 De
236 2272 304 2302 loco
317 2279 411 2302 autem
428 2270 643 2309 Aberconewey
659 2270 703 2301 seu
718 2270 894 2301 dedicatione
909 2268 1068 2309 Episcopali
1080 2291 1089 2306 ,
1114 2267 1161 2298 seu
1190 2275 1194 2277 ⁴

99 2309 246 2345 Sepultura
259 2310 486 2341 Christianorum
501 2319 655 2347 corporum
672 2334 681 2347 ‚
706 2309 772 2339 Rei·
795 2309 854 2339 ioso
867 2308 972 2339 efl'effito
987 2331 997 2346 ,
1021 2308 1054 2338 &
1069 2307 1162 2337 consi-

88 2349 214 2381 milibus
229 2351 305 2388 juxta
326 2349 486 2380 Canonicas
507 2348 658 2379 Sanciones
674 2348 751 2378 idem
781 2349 901 2378 entimns
920 2348 997 2386 quod
1015 2346 1096 2376 vobis
1115 2355 1164 2383 per

101 2387 249 2424 prudentes
262 2388 328 2418 alios
340 2387 380 2418 est
394 2388 571 2424 consultum,
589 2387 676 2417 valeat
694 2387 726 2417 ἃ
747 2387 838 2425 vigeat
856 2386 947 2425 Regia
960 2384 1112 2422 celsitudo,
1129 2384 1164 2415 ad

99 2426 200 2457 Divini
212 2428 335 2458 nominis
345 2425 463 2466 gloriam
479 2424 613 2465 quamdiu
628 2424 708 2455 Coeli
723 2425 828 2465 Sydera
845 2427 1019 2456 rotabuntur.

142 2504 211 2535 Dat.
225 2505 374 2543 Bangoriae
389 2507 418 2535 in
441 2503 575 2535 Crastino
593 2504 758 2535 Nativitatis
775 2504 869 2535 Sanc‘ti
884 2504 1022 2545 johannis
1037 2502 1166 2541 Baptistae

103 2553 179 2574 anno
193 2543 316 2575 Domini
335 2545 428 2583 1284,
447 2543 640 2574 Ordinationis
655 2543 761 2573 nostrae
774 2544 857 2574 sexto.

153 2685 212 2720 Ad
226 2683 438 2731 inquirendum
457 2683 493 2716 de
519 2682 660 2727 damnis,
687 2686 717 2715 in
736 2685 847 2719 Wllia
865 2684 998 2727 Ecclqfiis
1015 2683 1121 2716 illatis.

168 2774 256 2804 Rater
264 2773 293 2813 J.
309 2773 488 2811 permissione
501 2773 609 2811 Divina⁴
620 2773 823 2805 Cantuariensis
830 2773 966 2804 Ecclesiae
974 2771 1107 2803 Minister
1120 2773 1174 2804 hu-

168 2814 256 2851 milis,
274 2814 357 2842 totius
371 2812 485 2849 Angliae
497 2812 624 2851 Primas,
643 2812 749 2843 dileffis
763 2814 793 2842 in
808 2811 929 2842 Christo·
937 2811 998 2841 filiis
1006 2811 1098 2842 Priori
1106 2812 1172 2843 Fra-

109 2860 186 2882 trum
211 2851 435 2882 Praedicatorum
464 2850 602 2881 Rothlan.
630 2850 777 2881 Gardiano
803 2851 931 2881 Fratrum
958 2849 1112 2880 Minorum
1137 2850 1173 2881 de

112 2890 266 2930 Lammeys
280 2913 290 2928 ,
313 2900 347 2920 ac
366 2888 507 2942 Magistro
530 2888 684 2928 Radulpho
705 2890 742 2920 de
755 2889 890 2920 BroCton.
911 2889 1028 2920 Clerico
1041 2889 1176 2928 salutem,

111 2930 244 2969 gratiam,
261 2930 294 2959 ὅ(
310 2929 545 2959 benedictionem.

150 2968 228 3006 Qiia
237 2968 315 3006 juxta
328 2966 484 2996 clamorem
520 2968 547 2997 ui
559 2967 636 3001 venit
653 2966 686 2997 ad
703 2976 755 2997 nos
767 2989 776 3004 ,
801 2965 871 2996 dum
892 2976 981 3006 nuper
998 2968 1029 2997 in
1044 2966 1174 2998 Asiaven.

113 3006 149 3037 &
162 3006 318 3049 Bangoren.
334 3004 449 3035 Dioces.
464 3006 492 3034 vi
505 3006 623 3036 trationis
642 3005 823 3045 fungeremur
842 3004 962 3043 officio,
980 3005 1059 3044 super
1074 3005 1173 3045 damp-

86 3072 93 3078 ,
113 3045 156 3074 nis
171 3045 204 3075 &
224 3044 328 3081 injuriis
345 3043 423 3073 illatis
444 3041 575 3074 Ecclesiis
592 3053 653 3074 non
673 3045 796 3075 valemus
815 3054 868 3081 pro
883 3043 1081 3083 cognoscenda
1095 3044 1174 3083 super

112 3083 171 3113 hoc
188 3083 304 3113 veritate
316 3080 493 3120 personaliter
505 3081 539 3112 ad
554 3081 618 3112 loca
632 3083 737 3119 singula
750 3082 891 3113 declinare
905 3105 914 3120 ,
934 3082 974 3113 de
994 3082 1093 3114 vestrae
1107 3082 1176 3113 fide-

111 3122 192 3152 litatis
211 3121 329 3160 puritate
348 3119 412 3149 fidei
432 3120 636 3158 plenitudinem
653 3122 812 3160 optinentes
824 3144 835 3159 ,
858 3121 941 3152 vobis
956 3122 985 3151 in
1003 3122 1058 3152 hac
1081 3130 1175 3160 parte,

113 3159 289 3197 praesentium
304 3168 403 3190 tenore
418 3179 428 3195 ,
451 3159 527 3188 vices
538 3158 644 3188 nostras
664 3161 893 3199 committimus,
919 3169 988 3190 cum
1002 3160 1176 3190 cohertionis

114 3198 273 3229 Canonicae
288 3197 441 3235 potestate,
460 3206 491 3226 ut
504 3207 554 3236 per
569 3196 633 3227 loca
647 3197 748 3236 singula
760 3198 797 3228 fic
811 3206 924 3238 gravata
934 3199 971 3228 de
983 3198 1063 3237 hujus
1075 3198 1175 3236 damp-

114 3238 156 3267 nis
169 3238 203 3268 &
218 3237 321 3274 injuriis
335 3235 453 3266 sollicite
468 3235 684 3273 perscrutantes,
701 3235 834 3267 Domino
849 3236 924 3275 Regi
943 3237 976 3268 &
992 3238 1074 3268 nobis
1087 3247 1174 3276 quam

114 3275 198 3306 citius
209 3275 267 3305 fieri
282 3275 402 3312 poterit,
418 3284 537 3304 ornnem
552 3274 696 3304 veritatem
713 3284 799 3314 quam
818 3277 878 3306 cito
897 3277 955 3306 hoc
970 3277 1129 3307 inveneritis
1143 3275 1176 3305 fi-

111 3314 208 3344 deliter
221 3314 366 3344 intimetis.

152 3352 186 3382 In
201 3353 278 3390 cujus
292 3352 332 3382 rei
345 3349 539 3381 testimonium
561 3349 708 3386 praesentes
726 3350 828 3382 litteras
847 3352 934 3392 Sigilli
956 3352 1044 3383 nostri
1057 3352 1176 3382 fecimus

113 3391 282 3431 appensione
299 3389 418 3432 muniri,
436 3389 500 3426 post
515 3388 630 3419 Festum
643 3388 789 3419 Omnium
799 3390 970 3422 Sanetorum
985 3392 1118 3431 proximo
1136 3391 1176 3421 se-

114 3440 204 3468 quens
214 3429 335 3459 minime
346 3427 485 3458 valituras.

152 3509 222 3541 Dat.
236 3509 323 3547 Bang.
339 3517 365 3546 7.
383 3507 445 3539 Kal.
455 3507 524 3548 Julii
537 3506 732 3539 ordinationis
742 3508 844 3539 nostrae
854 3518 930 3540 anno
941 3510 1026 3541 sexto.

156 3600 893 3608 2——-,-—,—--—-———-—-—--—
897 3602 956 3606 --

118 3654 225 3686 Litera
237 3650 405 3696 Constantia
419 3650 455 3684 a'e
469 3654 584 3693 Bearn,
604 3660 658 3696 per
672 3661 765 3696 qnam
775 3648 930 3696 fhbmittit
940 3651 1174 3732 ftbfhttisfailur.

162 3704 235 3748 Regi
252 3701 288 3734 de
304 3699 438 3734 omnibus
454 3698 656 3733 inobedientiis
668 3724 678 3741 ,
705 3701 742 3736 (5
760 3697 973 3746 transgrqffioni
993 3713 1047 3743 us,
1071 3704 1108 3740 &-
1119 3700 1176 3745 fa-

160 3750 214 3782 &is
232 3753 263 3782 in
277 3748 415 3798 partibus
433 3752 479 3784 Va
494 3750 588 3782 coniae.
926 3749 932 3758 ”

204 3837 327 3870 Overint
346 3838 467 3870 universi
485 3835 563 3875 quod
582 3846 634 3867 nos
648 3835 817 3866 Const'antia
829 3834 866 3865 de
879 3834 967 3867 Beam
979 3860 988 3876 ‚
1012 3837 1181 3868 Vicecomi-

205 3876 264 3906 tiffa
278 3878 434 3917 Marciani,
451 3876 643 3917 promittimus
654 3872 897 3905 Excellentiffimo
909 3873 1051 3914 Principi,
1071 3876 1180 3906 Domi-

120 3925 162 3946 no
174 3913 274 3945 nostro
287 3915 452 3956 Edward0;
465 3915 523 3945 Dei
537 3914 625 3952 gratia
639 3937 649 3952 ,
674 3913 754 3950 Regi
768 3912 902 3950 Angliae,
920 3911 1055 3944 Domino
1068 3913 1177 3944 Hiber-

121 3954 176 3984 niae
190 3976 200 3992 ,
221 3953 255 3983 &
269 3953 349 3984 Duci
364 3955 524 3994 Aquitaniae
539 3977 548 3991 ,
570 3954 603 3984 δε
622 3954 651 3982 in
669 3960 755 3982 manu
769 3950 893 3994 ejusdem
909 3950 1067 3989 firmamus,
1085 3953 1179 3993 quoad

120 3992 179 4023 hoc
201 4001 253 4021 nos
274 3992 308 4022 &
328 3993 404 4024 bona
426 3993 519 4024 nostra
537 3992 695 4029 obligantes
707 4013 717 4029 ,
740 3989 790 4019 sub
813 3998 895 4019 omni
915 3991 1126 4020 renunciatione
1144 3992 1180 4022 &

121 4029 244 4068 cautela,
261 4030 436 4069 ubicumque
447 4033 567 4067 fuerint,
581 4031 660 4070 quod
670 4029 706 4059 de
719 4028 932 4064 inobedientiis,
949 4028 982 4058 ὅ(
995 4028 1181 4068 transgressio-

124 4070 209 4140 nstsss
221 4077 270 4138 pelr
285 4069 385 4139 2021&
397 4078 495 4110 gentes
507 4069 614 4102 nostras
632 4076 732 4102 contra
742 4067 855 4100 dictum
870 4065 1037 4099 Dominum
1050 4066 1181 4098 nostrum

185 4118 233 4139 om.
265 4130 271 4137 .
313 4130 319 4138 .
366 4131 373 4139 .
414 4120 417 4125 ⁴

2145 194 2220 236 233

1166 263 1301 307 Regem,
1320 266 1352 296 &
1366 265 1445 308 suum
1459 265 1663 306 Senescallum,
1681 268 1712 299 in
1729 268 1851 308 partibus
1869 266 2018 299 Vascontce
2038 266 2129 306 siffis,
2148 269 2221 298 reci-
2237 259 2313 291 ΑΠΠ·
2327 257 2368 292 D·

1165 302 1270 370 giendo
1278 302 1440 347 Hoiiiagza,
1457 305 1632 344 juramenta,
1650 307 1682 338 δε
1695 307 1757 337 alias
1770 306 2102 344 obedientiasVi'ilsrum,
2123 308 2155 337 &
2172 305 2219 336 ha-
2254 306 2339 338 1254.

1188 349 1318 371 itatorum
1333 352 1360 371 iii
1375 342 1488 384 planitie
1501 343 1537 372 de
1544 342 1675 384 Bigorre,
1693 346 1827 376 vexillum
1842 346 2039 376 diciiDomini
2054 345 2142 384 Regis
2155 354 2222 383 pro·
2234 341 2301 368 Uv-
2325 349 2348 368 ¹·

1167 379 1316 409 sternendo
1326 403 1334 417 ‚
1350 381 1392 409 vel
1404 380 1455 411 alia
1467 382 1667 421 atemptando,
1682 384 1774 414 eidem
1782 384 1915 414 Domino
1928 384 2024 414 nostro
2033 384 2112 421 Regi
2125 394 2223 414 emen-

1168 416 1233 454 dis,
1251 419 1284 449 &
1296 419 1439 455 expensas,
1457 428 1521 457 quas
1536 420 1550 448 a
1563 421 1645 450 nobis
1660 422 1762 452 habere
1773 423 1911 461 voluerit,
1930 422 2084 453 reddemus.

1170 454 1243 523 tibia}
1256 457 1332 494 cujus
1347 458 1385 486 rei
1398 456 1595 488 testimonium
1614 459 1743 490 nostrum
1762 460 1893 498 Sigillum
1909 461 2091 501 appendimus
2106 460 2228 499 praesen-

1208 573 1318 605 Datum
1333 573 1405 614 apud
1426 574 1616 606 Kaernervam
1636 577 1681 608 die
1698 576 1780 614 Jovis
1794 578 1823 608 in
1837 577 1922 609 Festo
1936 578 2138 616 Apostolorum
2152 579 2228 612 Petri

1170 613 1203 645 &
1218 613 1297 644 Pauli
1309 624 1385 644 anno
1400 613 1524 644 Domini
1544 616 1627 653 1284.

1303 752 1351 784 De
1367 751 1494 781 Pecunia
1516 752 1553 786 ἅτ’
1574 749 1738 792 Provisz'one
1753 761 1808 796 pro
1830 752 1977 783 Exercitu
1997 753 2095 798 Regis.

1173 836 1236 899 K
1246 837 1381 869 Ariffimo
1396 838 1526 868 Domino
1540 837 1605 875 suo,
1625 837 1776 868 Baroncius
1788 861 1798 877 ,
1824 839 1978 870 Raucicius
1990 862 2000 878 ,
2022 840 2054 871 ὅ(
2069 838 2231 881 Ηουῑίωε,
2246 827 2323 858 Ann·
2339 824 2380 857 D'

1243 877 1343 914 aliique
1358 885 1457 905 eorum
1472 877 1541 906 socii
1557 876 1731 907 Mercatores
1749 877 1857 908 Lucan.
1877 878 1903 908 se
1921 886 2068 919 promptos
2086 878 2120 910 :td
2135 882 2231 911 omnia
2271 867 2355 901 ¹²84‘

1174 915 1348 952 beneplacita
1363 915 1396 944 &
1413 915 1549 944 mandata.
2248 911 2289 933 An
2321 915 2361 932 ¹²·

1213 953 1380 992 Recipimus
1395 962 1479 982 unam
1500 953 1608 982 literam
1623 975 1633 990 ,
1655 962 1741 990 quam
1758 954 1830 984 misit
1850 955 1932 984 nobis
1952 953 2091 991 Magister
2110 955 2235 987 Williel—
2250 948 2280 972 Ε·
2305 953 2329 970 ¹·

1177 1001 1240 1021 mus
1254 991 1290 1021 de
1306 990 1403 1028 Luda,
1420 990 1455 1020 de
1470 990 1577 1020 Santsto
1593 990 1735 1028 Butolplio
1754 993 1817 1032 quia
1836 1002 1969 1022 mutuum
1985 1017 1994 1031 ,
2023 993 2098 1032 quod
2112 995 2235 1025 debebat

1176 1030 1298 1069 recipere
1311 1029 1327 1058 {1
1344 1027 1566 1066 Mercatoribus,
1584 1028 1685 1058 habere
1699 1039 1758 1059 non
1775 1039 1881 1068 poterat
1896 1054 1906 1068 ,
1931 1032 1964 1062 δί
1981 1032 2044 1069 quia
2060 1041 2110 1062 vos
2125 1033 2237 1070 indige·

1177 1069 1245 1098 batis
1259 1067 1379 1098 multum
1396 1068 1515 1104 pecunia
1528 1067 1557 1095 in
1569 1068 1691 1097 exercitu
1706 1067 1815 1105 vestro,
1831 1070 1864 1098 ὅ(
1883 1070 1948 1098 ideo
1961 1078 2173 1105 procuraremus
2187 1081 2237 1108 pe-

1179 1107 1270 1145 nitus,
1285 1106 1303 1136 si
1319 1104 1477 1145 poffemus,
1493 1104 1575 1135 vobis
1591 1107 1737 1144 pecuniam
1750 1107 1873 1136 mittere:
1893 1116 2006 1145 propter
2019 1109 2093 1144 quod
2106 1118 2157 1139 nos
2171 1110 2238 1140 mit-

1178 1146 1262 1175 timus
1274 1145 1380 1213 Ῑνοὲῄε,1
1391 1153 1440 1183 per
1451 1143 1603 1174 Holiscum
1610 1143 1757 1174 Clericutn
1772 1143 1897 1174 vestrum
1911 1145 2030 1175 latorem
2044 1145 2238 1185 praesentium,

1199 1192 1259 1212 000
1287 1207 1292 1213 .
1330 1192 1370 1212 ter
1384 1206 1389 1211 .

1180 1192 1194 1222 3
1219 1221 1257 1252 Et
1273 1222 1394 1251 multum
1409 1219 1598 1250 collaudemus
1612 1230 1664 1250 nos
1686 1220 1768 1250 vobis
1787 1220 1822 1251 de
1842 1220 1972 1252 Henrico
1986 1221 2030 1251 W
2031 1221 2112 1251 aiensi
2126 1220 2238 1261 Majore

1181 1258 1307 1290 London
1317 1283 1326 1298 ,
1344 1259 1422 1299 quod
1436 1258 1612 1288 ostendendo
1635 1259 1661 1288 ei
1677 1258 1753 1296 quod
1769 1259 1932 1289 volebamus
1951 1260 1987 1289 ab
2002 1269 2037 1289 eo
2051 1259 2153 1289 habere
2168 1271 2240 1290 con-

1181 1298 1299 1328 ductum
1314 1298 1348 1328 ad
1362 1297 1585 1327 conducendum
1597 1298 1680 1327 vobis
1696 1297 1787 1327 die‘tos
1804 1297 1948 1336 denarios,
1969 1298 2050 1328 alacri
2066 1298 2145 1328 vultu
2161 1299 2240 1329 illum

1182 1337 1310 1374 promisit
1322 1336 1420 1373 nobis,
1434 1336 1467 1366 &
1475 1359 1485 1374 ,
1503 1335 1627 1365 videndo
1642 1345 1690 1374 per
1703 1336 1789 1366 verba
1804 1337 1822 1354 *²
1837 1336 1931 1366 nostra
1943 1336 2021 1375 quod
2034 1345 2084 1366 vos
2098 1336 2244 1376 indigeba-
2258 1341 2391 1372 *11‚280,

1184 1376 1218 1404 tis
1230 1376 1348 1414 pecunia
1363 1397 1372 1412 ,
1397 1384 1446 1414 per
1464 1375 1490 1404 se
1511 1374 1544 1404 ὃ(
1564 1384 1613 1411 per
1634 1375 1739 1404 amicos
1760 1374 1820 1404 suos
1841 1376 2002 1412 procuravit
2017 1375 2097 1405 vobis
2112 1376 2244 1406 mandare

1184 1422 1244 1451 400
1258 1413 1277 1444 l.
1293 1423 1356 1452 quae
1370 1413 1551 1442 continentur
1564 1414 1592 1442 in
1605 1412 1713 1442 summa
1746 1412 1873 1451 raedi<sta5
1890 1413 1964 1443 unde
1979 1414 2085 1452 placeat
2099 1414 2180 1444 vobis
2194 1415 2245 1445 fibi

1184 1453 1322 1491 regratiari
1337 1461 1386 1489 per
1399 1451 1500 1481 vestras
1513 1451 1619 1488 literas,
1638 1422 1790 1482 secundum
1805 1451 1880 1490 quod
1893 1452 1976 1481 vobis
1993 1451 2141 1482 videbitur.

1220 1491 1356 1520 Praeierea
1376 1490 1561 1520 intelleximus
1582 1499 1632 1527 per
1650 1489 1809 1520 Baudinum
1832 1490 1932 1520 Paruci
1951 1513 1961 1528 ,
1984 1490 2178 1521 Mercatorem
2199 1501 2248 1522 ve·

1186 1527 1275 1559 strum
1289 1530 1318 1559 in
1331 1528 1473 1566 Ybernia,
1491 1528 1525 1559 &
1540 1528 1658 1558 Socium
1672 1527 1802 1558 nostrum
1817 1550 1826 1565 ,
1849 1528 1925 1567 quod
1948 1539 1995 1568 per
2010 1529 2173 1560 Dominum
2187 1529 2248 1560 Eu-

1186 1566 1322 1605 stacium,
1337 1567 1446 1596 diffitum
1466 1566 1503 1596 de
1521 1566 1635 1596 Podere
1647 1590 1656 1605 ,
1681 1568 1714 1597 &
1730 1566 1895 1597 Robertum
1910 1566 2034 1598 Fratrem
2053 1568 2131 1598 suurn
2146 1592 2156 1607 ,
2181 1578 2250 1599 cum

1186 1606 1266 1643 posse
1282 1606 1331 1635 suo
1344 1605 1455 1636 dietum
1479 1605 1636 1636 Baudinum
1655 1605 1847 1635 Mercatorem
1871 1604 1993 1636 vestrum
2013 1607 2045 1637 &
2065 1605 2181 1637 Socium
2198 1616 2253 1637 no-

1186 1644 1275 1674 strum
1292 1654 1341 1682 per
1363 1644 1424 1674 vim
1443 1645 1519 1682 cepit
1533 1645 1562 1673 in
1581 1642 1705 1674 Civitate
1726 1644 1876 1674 Wateford
1891 1667 1900 1682 ,
1926 1645 1960 1675 δε
1975 1654 2040 1675 eum
2058 1645 2196 1676 duxerunt
2214 1645 2251 1676 ad

1189 1682 1336 1720 quoddam
1349 1691 1448 1713 nemus
1463 1705 1473 1721 ,
1499 1691 1623 1713 tenentes
1637 1682 1760 1712 eundem
1777 1683 1817 1712 ibi
1838 1693 1887 1720 per
1901 1682 1972 1713 duos
1991 1683 2048 1714 dies
2064 1684 2098 1714 &
2111 1684 2181 1714 duos
2196 1694 2253 1714 no-

1190 1722 1248 1751 cies
1262 1729 1362 1752 contra
1376 1721 1475 1751 Deum
1490 1721 1523 1751 &
1539 1731 1638 1758 pacem
1657 1721 1776 1751 vestram
1789 1744 1799 1759 ,
1825 1722 1858 1752 ὅ(
1874 1721 2002 1761 Sigillum
2016 1721 2096 1752 suum
2115 1723 2162 1753 sibi
2178 1722 2254 1754 astu-

1187 1759 1279 1789 lerunt
1294 1782 1303 1798 ,
1328 1761 1360 1791 &
1376 1768 1530 1798 coegerunt
1547 1759 1635 1799 ipsum
1657 1760 1792 1790 redimere
1807 1768 1890 1797 caput
1906 1761 1986 1790 lirum
2002 1761 2037 1791 de
2061 1770 2118 1790 100
2138 1761 2154 1790 l.
2170 1762 2202 1792 ὃ(
2218 1761 2254 1791 de

1191 1807 1234 1828 tot
1250 1799 1347 1836 pannis
1358 1800 1405 1837 qui
1421 1798 1564 1828 valuerunt
1583 1806 1627 1828 12.
1645 1797 1758 1828 Marcas
1773 1821 1782 1836 ,
1805 1807 1855 1836 per
1874 1799 2011 1838 quosdam
2028 1798 2185 1838 Religiosos
2204 1799 2254 1829 de-

1190 1837 1322 1874 portatis,
1338 1846 1403 1868 ante
1415 1846 1499 1876 quarn
1514 1836 1619 1867 vellent
1630 1836 1721 1874 ipsum
1734 1837 1889 1875 dimittere,
1908 1837 2003 1876 quod,
2022 1838 2041 1868 si
2057 1847 2116 1867 non
2131 1836 2255 1875 feciffet,

1192 1875 1341 1906 statuerant
1354 1876 1431 1906 suum
1445 1884 1530 1913 caput
1543 1874 1682 1904 incidere:
1702 1874 1811 1913 Unde,
1827 1875 1905 1915 super
1921 1876 1977 1906 hoc
2027 1876 2134 1916 placeat
2148 1875 2257 1906 Domi·-

1192 1914 1300 1944 nationi
1318 1914 1419 1944 vestrae
1460 1913 1589 1944 rovidere
1608 1912 1783 1944 Mercatores
1802 1913 1908 1944 vestros
1928 1916 1960 1944 ὃ(
1981 1899 2117 1945 ἐοεὶεῑιιῑὶ
2139 1915 2257 1953 vestrae,

1192 1952 1346 2020 Γεςὲράυῐη
1373 1963 1410 1991 qu
1473 1952 1555 1982 decet
1578 1951 1701 1982 vestram
1727 1951 1904 1991 Majestatem
1919 1975 1930 1991 ‚
1955 1954 1988 1985 &
2013 1953 2091 1992 quod
2113 1952 2145 1983 sit
2163 1952 2258 1983 honor

1192 2002 1232 2021 vo
1254 2001 1283 2021 is.

1233 2028 1305 2059 Item
1316 2052 1325 2067 ,
1343 2029 1432 2068 Super
1445 2030 1524 2061 fadio
1540 2028 1670 2067 pecuniae
1691 2027 1830 2058 habendae
1851 2028 1930 2068 super
1946 2030 2107 2067 provisione
2124 2030 2262 2060 exercitus

1196 2067 1279 2098 vestri
1287 2091 1298 2107 ,
1316 2068 1402 2099 sciatis
1414 2068 1492 2107 quod
1506 2078 1559 2098 nos
1570 2067 1655 2106 usque
1669 2066 1703 2096 ad
1712 2067 1826 2097 Festum
1835 2067 1980 2098 Omnium
1988 2068 2158 2098 Sanctorum
2167 2068 2262 2106 ,xDo—

1196 2108 1279 2137 mino
1293 2107 1482 2144 concedente,
1502 2106 1711 2145 providebimus
1725 2106 1823 2144 vobis,
1843 2106 1862 2136 si
1875 2106 2084 2150 provisionem,
2104 2116 2190 2146 quam
2210 2116 2263 2137 nos

1197 2145 1345 2214 facisemus,
1366 2156 1419 2184 pro
1432 2147 1513 2178 vobis
1528 2154 1622 2176 tenere
1637 2143 1779 2175 volueritis
1793 2168 1803 2182 ,
1825 2144 1859 2175 ὃς
1874 2154 1932 2175 cito
1948 2153 2092 2175 mittemus
2103 2155 2166 2175 eam
2181 2146 2264 2176 vobis

1195 2194 1226 2214 in
1250 2192 1355 2225 criptis.

1237 2265 1338 2297 Valeat
1353 2264 1523 2296 Dominatio
1543 2262 1634 2294 vestra
1652 2261 1699 2292 diu
1719 2271 1769 2302 per
1788 2270 1918 2301 tempora
1940 2261 2094 2302 longiora,
2118 2262 2199 2297 Deus
2218 2263 2267 2297 det

1199 2305 1282 2335 nobis
1295 2305 1405 2342 semper
1419 2304 1496 2334 bona
1510 2312 1586 2333 nova
1600 2301 1636 2332 de
1651 2302 1740 2332 vobis.

1343 2438 1393 2470 Dc
1407 2447 1505 2468 annuo
1524 2434 1617 2480 Cenfit
1637 2437 1717 2480 Papae
1733 2435 1849 2465 nomine
1867 2431 1958 2466 feodi
1967 2432 2120 2478 fhlvcndo.

1203 2524 1291 2579 RE
1301 2523 1332 2554 X
1347 2524 1537 2555 Thesaurariis
1553 2524 1585 2554 &
1602 2522 1768 2553 Camerariis
1781 2521 1831 2552 suis
1842 2520 1965 2552 salutem.
2282 2522 2359 2554 Arm.
2374 2521 2416 2555 D,

1297 2562 1429 2592 Liberate
1445 2563 1481 2593 de
1496 2562 1643 2592 Thesauro
1664 2561 1763 2591 nostro
1778 2583 1787 2598 ,
1811 2561 1840 2589 in
1860 2561 1984 2600 termino
2003 2558 2098 2590 Sanffi
2119 2558 2268 2591 Michaelis
2305 2563 2390 2602 1284.

1205 2603 1339 2641 proximo
1356 2601 1452 2631 futuro
1464 2624 1475 2639 ,
1499 2600 1639 2639 Magistro
1656 2599 1792 2629 Giffredo
1813 2598 1850 2628 de
1869 2598 1975 2628 saneto
1990 2598 2104 2628 Verano
2118 2621 2128 2636 ,
2152 2597 2268 2630 Clerico
2283 2604 2337 2629 An.
2360 2612 2403 2631 12.

1207 2641 1334 2672 Domini
1350 2639 1434 2680 Papae
1447 2641 1505 2669 duo
1518 2640 1603 2669 millia
1619 2638 1783 2669 Marcarum
1797 2658 1807 2673 ,
1829 2646 1893 2675 quae
1909 2637 1923 2666 {i
1938 2646 2014 2666 retro
2027 2636 2088 2666 sunt
2103 2636 2197 2667 eidem
2216 2648 2269 2675 pro
2288 2644 2315 2667 E.
2336 2648 2360 2667 i.

1206 2680 1317 2710 duobus
1332 2679 1422 2708 Annis
1438 2677 1594 2715 tranlatfi'tis,
1613 2676 1760 2714 videlicet,
1775 2676 1853 2705 annis
1868 2674 1964 2715 Regni
1978 2675 2065 2704 nostri
2083 2674 2216 2713 decimo,
2235 2677 2269 2707 &
2284 2679 2401 2707 Liberate

1208 2719 1382 2755 undecimo,
1398 2717 1434 2747 de
1445 2726 1539 2747 annuo
1553 2715 1636 2746 censu
1649 2714 1726 2744 mille
1732 2713 1896 2744 Marcarum
1930 2723 2015 2752 quem
2029 2713 2123 2744 eidem
2134 2714 2270 2745 Domino
2288 2725 2331 2745 12.
2341 2721 2368 2744 Ε.
2381 2725 2404 2745 i.

1209 2757 1294 2797 Papae
1316 2756 1452 2786 debemus
1489 2755 1522 2786 &
1545 2754 1682 2792 recipiatis
1703 2756 1719 2784 a
1740 2753 1857 2792 praefato
1873 2736 1915 2782 Ns
1945 2752 2014 2782 istro
2030 2752 2165 2784 Giffredo
2183 2753 2273 2785 literas
2288 2765 2323 2784 m.
2342 2765 2367 2793 3.

1211 2796 1268 2826 suas
1282 2795 1428 2832 Parentes,
1446 2778 1615 2824 dilutionem
1634 2791 1868 2836 didiae-pecuniae
1891 2761 2065 2835 teaffiifieantes
2080 2814 2090 2829 ,
2113 2793 2147 2823 &
2163 2791 2272 2824 Bullam

1211 2835 1282 2866 dicti
1297 2834 1422 2865 Domini
1436 2832 1539 2873 Papae,
1559 2841 1647 2869 quam
1662 2831 1744 2862 vobis
1761 2831 1839 2871 super
1853 2830 1910 2859 hoc
1924 2829 2085 2868 exhibebit,
2107 2831 2140 2861 &
2153 2831 2273 2862 eandem

1212 2873 1319 2904 Bullam
1335 2896 1344 2911 ‚
1368 2873 1423 2902 una
1445 2881 1513 2901 cum
1533 2871 1616 2900 literis
1631 2870 1787 2908 patentibus
1807 2867 1948 2908 praedietis
1963 2890 1974 2906 ,
1997 2868 2031 2898 &
2050 2869 2136 2899 etiam
2150 2868 2277 2908 Bullam,

1212 2922 1297 2949 quam
1310 2910 1402 2941 <iterus
1415 2909 1561 2940 Dominus
1574 2908 1648 2948 Papa
1663 2908 1747 2938 nobis
1762 2918 1815 2948 pro
1828 2906 1947 2946 pecunia
1966 2906 2101 2946 praediCta
2116 2907 2278 2948 transmisit,

1212 2952 1245 2983 ὃ(
1260 2960 1347 2990 quam
1358 2949 1441 2980 vobis
1452 2948 1589 2985 misimus,
1607 2956 1693 2986 penes
1705 2956 1756 2978 vos
1768 2946 1817 2977 sub
1828 2945 1899 2976 salva
1910 2944 2036 2976 custodia
2047 2944 2194 2977 reservetis.

1249 3030 1340 3062 Teste
1353 3029 1436 3070 Rege
1449 3028 1523 3067 apud
1537 3026 1701 3058 Carnarvan
1716 3035 1742 3065 7.
1757 3025 1802 3056 die
1812 3025 1892 3064 Julii.

1212 3166 1318 3198 Litera
1336 3160 1376 3196 ab
1397 3159 1577 3195 Alexandro
1595 3162 1696 3192 Scotiae
1717 3161 1794 3205 Rege
1815 3158 2004 3203 excufhtoria
2020 3181 2030 3198 ‚
2059 3169 2115 3205 pro
2134 3159 2277 3192 Alexan-

1612 3207 1665 3240 dro
1682 3206 1719 3240 de
1738 3207 1873 3242 Balliolo.

1280 3299 1511 3331 Xcellentiffimo
1525 3296 1667 3337 Principi,
1685 3295 1771 3327 Fratri
1784 3295 1833 3327 suo
1849 3295 1991 3327 kariffimo
2012 3297 2041 3326 in
2055 3294 2189 3333 ChrIsto,
2207 3293 2274 3325 Do-
2288 3293 2364 3326 Ann.
2380 3295 2422 3329 D.

1282 3340 1364 3369 mino
1385 3337 1543 3375 Edwardo,
1562 3336 1622 3366 Dei
1640 3335 1727 3374 gratia
1740 3358 1751 3374 ,
1772 3334 1848 3374 Regi
1865 3335 1975 3375 Angliae
1992 3334 2112 3372 illustri,
2137 3334 2272 3364 Domino
2316 3335 2401 3374 1284.

1212 3378 1362 3411 Hiberniae
1377 3378 1411 3408 ὃς
1431 3375 1510 3407 Duci
1532 3375 1712 3413 Aquitanniae
1727 3396 1737 3412 ,
1760 3373 1916 3404 Alexander
1929 3395 1940 3412 ,
1966 3373 2066 3404 eadem
2083 3371 2186 3411 gratifi,
2203 3371 2270 3402 Rex
2287 3377 2341 3402 An.
2360 3383 2402 3402 iz.

1213 3419 1368 3449 Scotorum
1382 3439 1393 3454 ,
1418 3415 1531 3445 salutem
1546 3415 1580 3444 ὃς
1600 3412 1694 3443 felices
1709 3412 1744 3442 ad
1764 3421 1830 3443 vota
1847 3411 1996 3443 Successus
2009 3419 2078 3442 cum
2092 3412 2270 3441 incremento
2283 3414 2313 3439 Ε.
2337 3419 2362 3442 ι,

1211 3457 1309 3497 gloriae
1323 3456 1356 3486 &
1370 3454 1492 3484 honoris.
1627 3489 1632 3494 ι
1825 3489 1831 3494 θ
1920 3489 1924 3493 ¹
2028 3488 2033 3493 θ
2231 3486 2237 3492 ἢ
2286 3449 2362 3486 Infra

1252 3494 1331 3525 Cum
1347 3491 1502 3523 Alexander
1515 3489 1552 3520 de
1566 3487 1685 3519 Balliolo
1701 3488 1737 3519 de
1758 3487 1859 3519 Canirs
1880 3487 1965 3519 Miles
1977 3512 1989 3526 2
2008 3497 2082 3518 circa
2096 3486 2272 3517 reformatio-
2286 3491 2349 3516 Tur.

1211 3544 1281 3565 nem
1293 3541 1429 3563 terrarum
1443 3532 1476 3563 &
1490 3531 1636 3559 bonorum
1645 3526 1782 3565 Johannis
1791 3528 1828 3558 de
1842 3526 1981 3567 Atholya,
1999 3524 2046 3555 filii
2057 3524 2205 3564 quondam
2212 3524 2273 3555 Da-

1213 3574 1260 3603 vid
1279 3570 1405 3601 Comitis
1417 3569 1453 3599 de
1467 3567 1582 3598 Atholia
1598 3565 1716 3607 Militis,
1732 3566 1802 3596 infra
1823 3575 1944 3604 regnum
1965 3563 2094 3594 nostrum
2108 3584 2118 3600 ,
2142 3572 2206 3607 quae
2223 3573 2275 3601 per

1212 3610 1347 3652 quosdam
1361 3609 1491 3638 inimicos
1502 3606 1562 3635 suos
1573 3604 1708 3634 malitiole
1722 3614 1755 3634 ac
1767 3605 1893 3642 nequiter
1913 3601 2089 3633 devastantur
2105 3601 2139 3631 &
2152 3602 2274 3632 alienan-

1215 3661 1260 3682 tur
1295 3658 1324 3679 ut
1344 3645 1558 3678 intellexerimus
1604 3642 1635 3672 sit
1655 3642 1848 3680 multipliciter
1863 3649 2017 3681 occupatus
2029 3663 2039 3678 ,
2063 3647 2178 3683 propter
2195 3639 2274 3680 quod

1215 3673 1399 3720 Exc'ellentiae
1412 3684 1528 3721 vestrae,
1546 3693 1561 3712 a
1596 3680 1728 3720 praesens,
1747 3680 1773 3711 se
1787 3680 1950 3719 praesentare
1968 3687 2029 3708 non
2048 3685 2151 3718 poterit
2164 3686 2195 3710 ut
2206 3678 2277 3710 desi-

1212 3729 1435 3797 dmSatirnenitatem
1454 3759 1575 3791 vestram
1595 3768 1649 3797 pro
1669 3757 1773 3788 eodem
1789 3755 1941 3786 affetfffflose
1960 3755 2125 3793 requirimus
2142 3755 2177 3786 &
2195 3765 2276 3796 roga-

1216 3815 1277 3836 mus
1312 3809 1444 3841 quatenus
1455 3808 1524 3830 cum
1535 3797 1678 3827 servitium
1690 3795 1788 3833 suum,
1806 3794 1883 3833 quod
1901 3794 1983 3825 vobis
2003 3793 2088 3824 debet
2108 3794 2138 3837 in
2151 3796 2275 3826 exercitu

1216 3827 1326 3879 vestio,
1342 3840 1425 3870 vobis
1436 3837 1470 3867 ad
1482 3835 1602 3876 praesens
1616 3835 1725 3873 mittat,
1741 3843 1772 3864 ut
1785 3833 1906 3871 dicitur,
1919 3831 1998 3873 ipfius
2012 3831 2163 3862 absentiam
2176 3833 2205 3864 in
2219 3833 2273 3864 hac

1215 3893 1291 3925 parte
1305 3881 1408 3911 habere
1420 3875 1575 3915 dignemini
1589 3873 1763 3911 excusatam,
1781 3881 1898 3910 precum
1911 3869 2071 3901 nostrarum
2083 3870 2253 3903 interventu.

1253 3961 1341 3996 Teste
1355 3956 1462 3997 meipfi)
1474 3955 1547 3997 apud
1560 3953 1674 3994 Kynros
1687 3963 1734 3985 12.
1746 3953 1793 3984 die
1801 3950 1872 3991 Julii
1886 3961 1963 3984 anno
1974 3951 2072 3992 Regni
2082 3950 2171 3983 nostri
2184 3959 2230 3990 34.

1674 4104 1678 4109 ·
1723 4093 1782 4134 Gg
2228 4091 2274 4119 De
