2570 4261
747 174 858 215 ET
922 175 1192 216 ACTA
1255 173 1736 219 PUBLICA.

2278 193 2359 234 197

34 259 113 293 Arm,
124 256 167 288 D,
1293 261 1323 290 iri
1337 261 1430 291 vestro
1442 261 1550 298 Regno
1562 262 1712 302 degentes,
1731 263 1925 295 mandaveritis
1939 272 1973 295 ac
1988 263 2107 295 feceritis
2117 263 2263 294 veritatem
2273 266 2365 303 inqui-
2382 259 2456 291 Ann-
2469 258 2514 292 D-

58 305 132 338 1311
144 318 152 326 .
1293 299 1332 341 ri,
1349 299 1382 329 &
1399 309 1446 343 per
1462 301 1470 329 i
1491 300 1550 345 sarri¹
1564 299 1721 346 inquestani
1738 303 1864 340 personas
1879 304 2052 342 receperitis,
2069 310 2099 334 ut
2113 301 2232 333 afferunt
2247 306 2295 341 qui
2310 305 2363 335 hu-
2402 306 2489 338 1511,

36 341 141 402 Εζὶὶῗ
247 347 277 375 ff*
289 349 339 381 De
358 345 504 393 praediHIs
527 348 636 379 Literis
662 349 787 380 Summo
811 347 947 392 Pontifici
962 345 1181 392 praeftntandis·
1294 336 1413 405 Ψῖῧῖοὼ
1431 347 1462 367 m
1489 338 1572 395 ⁸59¹}
1584 340 1820 409 C‘l’3mm1sesfgnt2s
1864 378 1900 409 Μ
2016 379 2044 409 .b
2110 379 2128 410 H
2214 379 2221 410 ¹
2258 380 2263 386 .
2286 390 2294 397 ,
2317 379 2334 410 s
2383 341 2453 365 EM'
2465 345 2496 366 ²⁸

52 406 54 409 ’
90 394 140 438 81...
441 432 446 437 .
461 432 465 437 .
639 431 644 436 .
814 430 834 439 i,
960 431 965 437 .
1005 432 1011 438 .
1293 421 1343 450 per
1359 384 1717 446 gsot:mn‹‘¹5{nciiiii‘sinstlriifftiissil
1730 389 1866 455 leitlspgrlie
1878 386 2112 455 Pfggiitrgiorisgpr
2119 387 2214 449 ccdeitap
2226 389 2294 450 iliiieri
2300 391 2359 449 sug-

39 423 92 480 Arl'.
104 458 131 486 5.
236 429 839 507 ΕΑξξῖἓεὲῗῖξᾚξξ’ἕῂῗῙΙι-’Ξέἓέἓξῖ
847 430 1062 509 ἒέἱέἒέἰρῖἱο
1082 430 1255 500 Ἑξῖῗῐξυᾜζ
1294 452 1379 488 quam
1398 436 1599 489 pfreditfi'torum
1618 439 1811 486 Merca'toium
1827 457 1964 493 nomine,
1979 456 2047 486 sicut
2061 446 2167 495 aflei-it,
2187 442 2365 495 reiquilierlnt’,

38 494 111 557 {a}
126 524 160 558 ὢ,
184 509 254 547 teri,
271 509 394 539 salutem.

41 570 64 595 F
139 568 160 591 E
224 547 270 577 Ad
286 545 405 577 vestram
421 545 569 576 deferimus
588 546 716 576 notitiam
737 544 832 584 quod,
851 543 923 576 cum
944 555 997 584 pro
1017 544 1183 585 quibusdam
1205 555 1255 575 ne-

61 575 85 593 r'
99 573 126 601 5⁴
147 584 170 629 ι’
185 586 286 623 gotiis,
304 594 357 614 nos
371 585 404 616 &
420 584 522 614 statum
550 584 648 621 Regni
666 583 753 614 nostri
768 584 963 623 tangentibus,
980 585 1008 615 su
1030 595 1060 615 er
1075 584 1173 624 quibus
1193 583 1259 614 Do-

43 613 71 670 2‘
80 612 116 631 m*
125 612 140 630 ²
165 623 170 628 '
187 625 280 655 minus
293 623 427 654 Summus
442 621 571 653 Pontifex
585 622 667 652 nobis
679 622 799 660 scripsit,
817 621 951 653 Nuncios
964 595 1072 654 nolzros
1086 623 1120 654 ad
1143 621 1258 660 praesens

62 651 97 670 ⁰⁷⁸
188 661 356 694 Concilium
374 660 500 698 generale
515 669 602 698 nuper
617 659 840 691 ordinaverimus
853 660 1004 691 destinare:

229 700 265 732 Et
281 700 367 730 iidem
382 699 511 737 Nuncii,
529 700 595 737 qui,
614 706 727 736 propter
741 698 944 737 impedimenta
955 700 1060 738 aliqua,
1079 710 1140 737 quae
1148 699 1259 730 dkstum

189 740 356 771 Dominum
379 739 412 769 &
432 748 483 768 vos
500 736 641 767 credimus
661 747 722 767 non
742 737 842 776 latere,
867 738 917 768 iter
940 736 1018 768 suum
1035 739 1150 776 arripere
1172 737 1261 767 versus

190 779 268 810 idern
283 776 469 814 Concilium,
486 783 549 805 ante
569 775 632 806 haec
645 783 790 814 tempora,
806 776 923 806 minime
946 784 1111 814 potuerunt,
1127 776 1210 814 parati
1230 785 1260 818 εἴ

192 825 272 854 runt,
298 825 346 854 per
366 814 424 844 Dei
446 814 580 852 gratiam,
597 813 631 844 ad
677 813 907 852 roficiscendum,
933 815 1002 844 citra
1023 814 1138 845 Festum
1164 812 1262 844 Sandh

193 855 332 892 Martini,
350 852 440 883 versus
454 851 620 890 praedietum
665 852 822 892 oncilium,
842 862 893 890 pro
906 853 1026 892 negotiis
1041 853 1217 883 memoratis:
1242 889 1248 895 ·

230 893 297 924 Nos
309 892 408 922 litteras
422 890 528 921 nostras
548 890 584 921 de
600 891 757 929 credentia,
773 900 889 929 quarum
910 890 1105 929 transcriptum
1125 890 1264 928 praesenti-

193 933 245 963 bus
259 929 300 961 est
314 929 471 968 inclusum,
488 928 568 959 dieto
589 929 719 960 Domino
735 930 856 960 Summo
870 929 1004 960 Pontifici
1025 930 1180 966 mittimus,
1198 937 1265 967 quas

195 971 247 1001 sibi
262 979 310 1007 per
323 978 373 999 vos
387 969 420 999 ὃς
428 968 495 998 alios
503 990 513 1006 ,
531 968 562 998 in
575 967 637 1006 ipsis
650 968 746 998 litteris
759 967 858 998 nostris
870 969 1028 999 nominatos
1036 968 1183 1007 ,volumus
1190 975 1264 1004 prae-

194 1009 308 1046 sentari,
325 1007 359 1038 &
374 1005 537 1045 hujusmodi
553 1005 727 1037 credentiam
741 1005 835 1036 eidem
849 1007 961 1044 exponi.

1295 489 1446 557 de·s*{3³l⁰re
1468 491 1667 529 praediCtarum
1695 494 1867 524 roberiarum
1887 492 2102 525 satisfactionem
2128 493 2186 525 sieri
2206 496 2298 527 facere
2322 506 2365 526 re-

1296 538 1345 557 nui
1373 538 1408 558 is:

1334 565 1387 603 Et,
1404 566 1470 597 licet
1481 568 1566 598 etiam
1580 576 1631 598 vos
1645 577 1696 606 per
1710 568 1819 600 easdem
1834 568 1921 600 literas
1935 569 2150 614 requisierimus,
2167 572 2286 602 utnobis
2296 569 2366 602 Ma‹

1297 603 1444 648 lefa&ores
1458 605 1529 644 ipsos
1539 606 1730 645 remitteretis,
1747 615 1828 646 prout
1838 608 1883 646 jus
1896 607 1929 639 δε
1944 617 2013 638 ratio
2026 604 2153 647 suadent,
2170 618 2224 647 pro
2243 610 2364 641 demeri-

1299 651 1333 672 tis
1344 651 1515 680 recepturos:

1335 681 1395 711 Vos
1409 681 1590 712 nihilominus
1605 681 1663 713 hoc
1680 681 1772 713 facere
1783 693 1844 714 non
1857 683 1984 715 curastis:
2209 696 2212 699 ’

1336 719 1425 756 Super
1442 721 1540 758 quibus
1576 721 1681 751 merito
1697 731 1756 751 non
1771 723 1914 759 contenti,
1933 721 2175 760 quamplurimum
2188 722 2368 756 admiramun

1339 756 1420 788 Cum
1436 759 1523 795 igitur
1539 743 1712 790 Mercatores
1727 760 1794 799 ipsi,
1813 761 1854 790 ob
1873 760 2019 791 defeStum
2028 761 2157 800 justitiae,
2176 770 2243 792 cum
2266 763 2371 793 instari·

1301 795 1340 825 tia
1354 806 1423 834 nos,
1441 797 1508 827 sicut
1524 797 1586 827 alias
1602 797 1743 836 fecerant,
1765 798 1935 836 requisierint
1956 808 1984 830 ut
2003 799 2106 830 eisdem
2124 799 2272 830 Marcham
2289 800 2373 831 velle·

1302 842 1364 863 mus
1380 836 1556 874 concedere,
1574 836 1650 873 quod
1663 836 1749 874 absit,
1768 837 1838 867 cum
1852 837 1903 866 sint
1918 837 1966 867 alia
1985 837 2061 867 circa
2083 838 2147 868 haec
2170 848 2308 876 oportuna
2328 848 2374 868 re·-

1303 872 1397 902 media
1409 873 1538 912 justitiae,
1555 883 1590 904 ex
1605 875 1705 912 quibus
1718 874 1780 912 ipsis
1791 873 1913 905 deficere
1927 886 1984 906 nori
1999 875 2151 912 pollemus·

1340 909 1399 941 Vos
1419 912 1510 942 adhuc
1529 914 1693 950 requirimus
1714 912 1850 951 (quatinus
1867 912 1972 943 eisdem
1991 899 2216 953 Mercatoribus,
2235 922 2280 945 aut
2300 912 2372 944 Pron

1304 950 1426 980 curatori
1440 951 1595 981 eorundem
1631 950 1768 989 aedicio,
1785 950 1833 981 suo
1845 951 1878 981 &
1892 952 2091 989 praedictorum
2108 953 2306 985 Mercatorum
2318 963 2373 983 no-

1306 988 1402 1025 mine,
1420 987 1592 1020 restitutione
1619 988 1682 1019 adia
1695 988 1818 1027 plenaria
1837 988 1873 1019 de
1892 989 1994 1027 ablatis)
2016 991 2096 1021 nobis
2115 991 2312 1023 Malesa&ores
2329 992 2372 1029 ip-

232 1046 367 1077 Volentes
385 1044 481 1083 quod,
499 1045 605 1074 vocatis
626 1043 661 1075 ad
680 1054 731 1075 vos
752 1045 953 1076 venerabilibus
972 1043 1114 1082 Patribus,
1132 1042 1268 1074 Dominis

195 1083 397 1126 Wyntoniensi
419 1084 452 1114 &
476 1082 641 1113 Karliolensi
663 1082 826 1121 Episcopis,
848 1093 882 1113 ac
900 1083 956 1113 aliis
973 1084 1073 1114 amicis
1094 1082 1213 1121 nostris,
1237 1083 1267 1112 in

197 1124 331 1156 Romana
349 1121 436 1153 Curia
456 1120 650 1160 existentibus,
666 1131 734 1160 nos,
758 1122 836 1159 super
857 1120 991 1152 dilatione
1010 1121 1184 1160 hujusmodi,
1200 1130 1268 1158 erga

198 1162 310 1194 dietum
332 1159 444 1191 Patrem
462 1158 605 1198 nostrum,
629 1161 728 1190 virtute
754 1160 905 1190 credentiae
924 1168 1105 1198 memoratae,
1130 1168 1164 1190 ex
1186 1159 1270 1189 causis

197 1200 328 1240 praeviis,
346 1208 380 1229 ac
394 1199 451 1228 aliis
465 1198 517 1228 viis
531 1198 564 1229 ὅ(
578 1198 671 1228 modis
709 1198 807 1236 quibus
823 1198 952 1236 expedire
965 1198 1104 1237 videritis,
1121 1197 1271 1236 excusetis,

235 1237 419 1269 Nunciantes
440 1235 532 1266 eidem
550 1236 626 1274 quod
648 1220 761 1267 N'uncii
781 1236 887 1275 nostri,
912 1236 1001 1267 versus
1023 1237 1135 1267 diCtum
1158 1235 1271 1267 Conci-

197 1279 269 1309 lium
285 1299 296 1315 ,
320 1277 389 1307 citra
408 1274 520 1306 dietum
538 1273 651 1306 Festum
671 1274 769 1306 Sanciti
792 1274 930 1314 Martini,
949 1283 979 1306 ut
1000 1276 1193 1314 praemittitur,
1210 1274 1271 1307 sunt

199 1313 322 1349 venturi:

242 1353 278 1384 Et
294 1351 371 1390 quod
385 1360 436 1382 nos
442 1374 453 1390 ,
472 1350 551 1388 super
564 1349 626 1388 ipsis
641 1351 780 1389 negotiis,
796 1351 881 1381 citius
894 1350 987 1381 eidem
1008 1349 1085 1382 Patri
1099 1350 1198 1382 nostro
1212 1362 1273 1383 cer-

202 1399 265 1422 tum
287 1390 452 1420 misissemus
470 1389 646 1427 responsum,
670 1389 721 1420 nisi
740 1388 817 1420 dieta
840 1389 1042 1427 impedimenta
1064 1388 1192 1429 fuifl'ent,
1210 1400 1273 1429 quae

197 1430 263 1469 jam
278 1428 384 1459 cessant
400 1427 543 1459 Altiffimo
554 1426 732 1474 disponente:
882 1449 885 1452 .

242 1466 387 1505 Quodque
401 1466 458 1497 suae
472 1466 581 1505 placeat
595 1465 752 1504 bandiitati,
775 1465 910 1504 praedicta
924 1466 1055 1505 negotia,
1071 1465 1156 1505 usque
1170 1466 1275 1498 adven-

205 1513 268 1538 tum
284 1505 474 1536 Nunciomm
489 1503 672 1542 eorumdem,
690 1513 793 1542 ponere
809 1505 840 1534 in
853 1503 986 1542 suspenso.

243 1543 292 1574 De
314 1543 384 1574 statu
407 1542 519 1581 vestro,
536 1542 616 1580 ipsius
636 1541 780 1581 Concilii,
800 1543 834 1574 &
858 1543 1033 1581 responsione
1056 1542 1128 1573 dieti
1151 1542 1276 1574 Domini

206 1581 323 1614 Summi
337 1579 482 1612 Pontificis
496 1582 573 1619 supet
587 1580 663 1612 dieta
681 1581 840 1619 credentia,
860 1591 972 1612 necnon
985 1582 1023 1612 de
1042 1582 1201 1612 rumoribus
1215 1592 1276 1620 par-

1304 1027 1346 1057 sos
1357 1025 1408 1057 sub
1424 1025 1477 1057 fida
1492 1026 1636 1065 custodia,
1652 1026 1687 1057 ad
1705 1027 1912 1065 requisitionem
1939 1026 2125 1059 Procuratoris
2143 1030 2286 1068 praedtffl,
2307 1032 2375 1062 mit-

1305 1073 1363 1096 tere
1377 1065 1592 1103 quomodolibet
1605 1075 1663 1096 non
1680 1065 1806 1104 tardetis,
1825 1075 1879 1103 pro
1895 1065 2035 1096 demeritis
2051 1067 2216 1104 puniendos.

1345 1103 1474 1134 Tantum
1491 1102 1568 1141 super
1586 1103 1644 1134 hoc
1665 1103 1813 1142 facientes,
1831 1104 1906 1142 quod
1925 1114 1974 1134 nos
1999 1114 2057 1134 non
2074 1114 2215 1145 oporteat,
2235 1108 2264 1136 in
2291 1106 2375 1137 vestri

1307 1141 1439 1179 defeetu,
1457 1141 1493 1172 de
1512 1142 1568 1172 alio
1586 1141 1729 1179 praedietis
1748 1141 1971 1181 Mercatoribus,
1988 1152 2069 1180 prout
2090 1143 2243 1176 neceffiirita
2262 1146 2375 1176 incum-

1308 1181 1400 1219 beret,
1417 1179 1543 1210 remedio
1556 1179 1710 1212 subvenire.

1347 1255 1454 1288 Aet-um
1472 1257 1501 1286 iri
1520 1256 1638 1288 Abbatia
1656 1256 1754 1294 Longi
1770 1255 1888 1296 Pontis,
1910 1257 1955 1288 die
1972 1256 2089 1288 decimo
2107 1259 2207 1297 quinto
2224 1258 2380 1300 octobris,

1310 1296 1378 1327 anni
1394 1295 1519 1326 Domini
1534 1295 1700 1334 millesimo,
1716 1296 1930 1334 trecentesimo,
1948 1296 2110 1328 undecimo.

1341 1421 1401 1457 Ad
1419 1425 1534 1469 Papam
1552 1433 1607 1469 pro
1630 1422 1766 1469 Epiftopo
1790 1422 1999 1466 Dunelmeqsi,
2024 1421 2061 1456 de
2082 1421 2217 1469 abfintia
2238 1425 2303 1471 ejus
2325 1437 2346 1459 a

1462 1472 1603 1504 Generali
1630 1472 1756 1504 Concilio
1778 1470 1969 1516 excusanda,
1988 1482 2107 1518 propter
2128 1476 2238 1507 scotos.

1315 1554 1472 1617 PAPAE
1492 1554 1558 1586 Rex
1572 1554 1673 1587 devota
1687 1555 1793 1594 pedum
1811 1555 1904 1587 oscula
1919 1556 2071 1588 beatorum.

2403 1551 2480 1583 Anii.
2493 1549 2534 1583 D.

1399 1593 1518 1632 Exurgit
1533 1595 1561 1624 in
1582 1604 1681 1626 munus
1697 1595 1799 1625 laetitiae
1821 1593 1936 1625 affectio
1956 1594 2057 1634 filialis,
2082 1596 2115 1627 &
2133 1595 2217 1637 Regii
2237 1597 2386 1634 regiminis
2426 1599 2510 1632 1311.

1316 1632 1418 1663 ditioni
1438 1633 1554 1671 subjeeti
1571 1633 1661 1664 nimia
1681 1632 1853 1671 jocunditate
1871 1632 2012 1673 laetantur,
2029 1634 2101 1665 dum
2125 1636 2298 1673 conspiciant
2318 1647 2385 1675 vos,
2404 1634 2446 1657 Ast
2470 1639 2499 1666 5·

1316 1671 1394 1701 circa
1407 1671 1594 1701 incommoda
1608 1671 1706 1708 Regni
1718 1671 1808 1702 nostri
1825 1670 1988 1711 auferenda,
2007 1681 2128 1711 paternae
2151 1674 2383 1714 mansuetudinis,
2405 1673 2433 1696 Ε·
2452 1677 2477 1694 2·

1313 1710 1390 1748 juxta
1408 1709 1540 1740 affueram
1565 1708 1804 1747 Benivolentiam,
1832 1711 2016 1747 cogitationes
2043 1711 2170 1751 dilatare,
2188 1713 2221 1744 &
2245 1713 2386 1752 personas,
2404 1711 2464 1735 Rom
2487 1703 2521 1739 θ’

1318 1757 1436 1785 quarum
1449 1747 1702 1785 circumspectione
1718 1748 1781 1778 haec
1795 1746 1856 1778 fieri
1878 1757 2025 1788 poterim,
2042 1750 2075 1780 &
2097 1750 2185 1782 nostri
2200 1775 2210 1790 ,
2233 1761 2266 1782 ac
2287 1752 2388 1790 praedi-
2407 1749 2445 1773 Fr.
2457 1754 2485 1780 5·
2501 1747 2540 1792 E,

1319 1787 1359 1817 Cri
1371 1786 1468 1825 Regni
1481 1786 1647 1817 honores&
1669 1786 1794 1817 utilitates
1817 1788 2007 1826 augmentari,
2023 1787 2200 1826 Apostolicae
2222 1789 2388 1822 liberalitatis
2410 1790 2540 1818 2.m.2i,

204 1623 277 1653 tium
290 1620 418 1658 illarum,
435 1620 504 1650 citra
520 1619 630 1650 dietum
649 1618 777 1658 Festum,
794 1619 895 1658 absque
916 1619 1050 1650 ulterioris
1069 1620 1209 1651 dilationis
1221 1620 1278 1650 dif-

206 1660 289 1730 fieicgciio
305 1682 316 1697 ,
339 1669 388 1698 per
406 1660 504 1690 latores
522 1657 718 1697 praesentium,
734 1658 781 1690 vel
801 1668 901 1689 eorum
922 1658 1055 1698 alterum,
1078 1660 1207 1690 certiores
1225 1668 1278 1689 nos

205 1709 220 1730 r
274 1707 333 1730 atis.

242 1777 313 1810 Dat.
329 1776 465 1809 London.
481 1777 598 1808 decimo
612 1776 657 1809 die
671 1776 817 1809 octobris.

65 2001 143 2036 Ann.
153 2000 195 2033 D.

83 2050 172 2082 1311,

65 2086 157 2117 Ans.

65 2123 97 2149 Ε.
115 2129 141 2147 2.

63 2158 134 2195 Vasc.
150 2165 178 2194 5.

66 2199 98 2225 1.
114 2205 140 2224 2.
152 2205 191 2224 m.

71 2243 114 2263 zi.

100 3107 122 3129 ἸΙ
138 3107 193 3136 111.

119 3146 184 3183 283.

87 3642 164 3676 Ann.
178 3637 220 3671 D.

182 3740 189 3746 ,
238 3710 353 3748 nostro,
370 3708 415 3740 vel
429 3710 485 3744 ejus
495 3707 593 3738 locum
609 3707 713 3736 tenenti
735 3707 765 3736 in
779 3706 889 3744 Regno
911 3706 1042 3746 Angliae,
1058 3707 1186 3746 salutem,
1205 3707 1238 3738 δε
1254 3708 1297 3738 di-

499 1903 550 1937 De
574 1898 774 1948 Friftobaldis
795 1900 968 1946 arestana'is.

275 1987 340 2021 EX
359 2005 396 2013 —-
413 1987 517 2019 tenenti
533 1986 632 2019 locum
652 1987 796 2020 senescalli
809 1985 849 2019 sui
860 1985 1028 2025 Vasconiae,
1046 1985 1168 2031 salutem.
1201 2025 1207 2031 ·

209 1994 273 2060 R
314 2028 391 2067 Qia
406 2026 553 2057 Emericus
565 2026 601 2057 de
615 2025 812 2065 FriscobaldiS‚
828 2027 861 2057 &
876 2026 991 2065 quidam
1007 2026 1071 2064 alii,
1085 2023 1225 2064 Sociisui,
1243 2024 1280 2056 de

209 2066 348 2098 Societate
369 2064 609 2096 Friscobaldorum
630 2065 661 2096 in
679 2064 784 2102 Regno
799 2064 894 2095 nostro
911 2064 1024 2101 Angliae
1039 2087 1049 2102 ,
1071 2074 1104 2095 ac
1119 2065 1150 2094 in
1166 2062 1282 2095 Ducatu

213 2104 369 2144 praedidio,
385 2104 418 2135 &
433 2103 490 2135 aliis
505 2103 600 2134 Terris
615 2102 651 2134 de
668 2103 812 2135 Dominio
826 2102 923 2133 nostro
935 2111 1152 2134 commorantes.

248 2142 296 2174 De
317 2152 439 2182 quorum
460 2140 588 2173 fidelitate
607 2141 743 2173 fiduciam
769 2142 950 2179 gerebamuS,
979 2140 1100 2180 quosque
1125 2148 1282 2184 receptores

210 2181 408 2213 constituimus
418 2179 590 2212 diversorum
603 2181 730 2211 exituum
739 2204 747 2219 ,
765 2181 800 2211 de
813 2179 947 2210 custumis
961 2179 1075 2218 nostris,
1095 2179 1132 2222 &⁴
1143 2178 1179 2214 de
1192 2179 1284 2210 diver-

212 2221 245 2252 fis
256 2221 336 2251 rebus
348 2220 406 2251 aliis
421 2220 666 2258 provenientium,
680 2221 737 2250 tam
754 2219 785 2248 iri
802 2217 912 2261 Regno
931 2217 1026 2255 nostro
1045 2217 1180 2261 Angliae,
1197 2217 1283 2256 quam

214 2260 246 2289 in
260 2258 374 2290 Ducatu
388 2257 541 2297 praedicto,
559 2258 592 2289 &
606 2257 663 2289 aliis
675 2257 772 2289 Terris
779 2256 937 2296 praedidtis,
954 2256 991 2286 de
1005 2256 1104 2294 quibus
1113 2255 1194 2286 nobis
1200 2265 1284 2287 com-

214 2306 317 2337 potum
331 2297 446 2327 reddere
458 2304 603 2332 tenentur,
1022 2332 1026 2337 ³

254 2335 292 2366 Se
311 2346 326 2364 a
342 2334 423 2364 diCto
446 2332 556 2368 Regno
576 2331 672 2361 nostro
694 2332 727 2362 &
749 2331 807 2361 aliis
827 2329 923 2362 Terris
942 2331 1057 2369 nostris,
1077 2340 1220 2369 compoto
1236 2330 1285 2362 suo

216 2384 277 2405 non
289 2372 377 2403 soluto
385 2394 395 2409 ,
414 2371 599 2409 elongatum,
615 2380 648 2400 ac
665 2370 740 2399 bona
752 2369 797 2400 sua
813 2368 908 2400 secum
917 2378 991 2400 extra
1000 2369 1175 2400 Dominium
1184 2369 1216 2400 ἃ
1226 2368 1284 2399 Ρο-

215 2411 344 2443 testatem
358 2409 481 2441 nostram
497 2408 669 2446 detulerunt,
685 2409 719 2439 &
738 2407 832 2437 adhuc
851 2407 886 2438 de
907 2408 954 2437 die
976 2408 1006 2437 in
1025 2408 1102 2438 diem
1122 2406 1224 2438 deferri
1244 2406 1286 2438 fa-

216 2451 314 2488 ciunt,
332 2449 362 2478 in
376 2447 463 2478 nostri
478 2454 675 2484 contemptum
689 2446 723 2476 &
737 2445 930 2484 praejudicium
945 2445 1136 2477 manifestum:

256 2488 302 2519 Ac
317 2496 368 2517 nos
402 2485 596 2523 indempnitati
611 2484 714 2514 nostrae
728 2485 756 2513 in
769 2484 824 2514 hac
840 2493 916 2522 parte
933 2483 1109 2522 prospicere,
1127 2484 1160 2515 &
1176 2483 1286 2514 malitiis

218 2526 347 2566 praediefi
359 2509 485 2556 Emerici
507 2524 540 2554 &
556 2523 706 2553 Sociorum
726 2521 1054 2564 suorum-praedietorum
1069 2523 1193 2554 volentes
1215 2533 1287 2554 con-

219 2575 294 2603 gruo
308 2563 436 2594 remedio
454 2563 586 2600 obviare,
603 2560 800 2599 affignavimus
819 2560 954 2592 diledium
969 2561 1121 2593 Vallettum
1141 2560 1286 2600 nostrum,

215 2604 378 2644 johannem
398 2601 487 2632 Sturel
520 2600 684 2632 servientem
707 2599 741 2630 ad
755 2609 849 2636 arma,
865 2599 899 2629 ad
939 2599 1087 2632 raedie'tum
1101 2598 1287 2638 Emericum,

218 2643 254 2674 ὅ(
274 2639 449 2675 Hueelinum
470 2624 626 2677 I-lugelini‚
643 2648 677 2668 ac
698 2647 796 2676 omnes
815 2637 883 2668 alios
897 2609 1069 2668 Niercatores
1090 2638 1128 2671 de
1148 2638 1287 2669 Societate

217 2679 372 2720 praediCta,
391 2688 440 2717 per
452 2678 575 2717 ipsorum
588 2686 727 2715 corpora,
744 2677 917 2714 ubicumque
932 2675 1003 2706 infra
1025 2676 1170 2711 Ducatum
1184 2676 1288 2721 praedi-

218 2720 300 2751 &um
319 2717 427 2749 inventi
441 2716 557 2755 fuerint,
574 2715 631 2745 unzi
650 2724 718 2746 cum
738 2715 874 2745 omnibus
888 2714 971 2745 bonis
992 2715 1025 2746 &
1045 2715 1126 2745 rebus
1147 2714 1215 2754 suis,
1231 2715 1287 2745 ibi-

220 2759 289 2790 dem
314 2757 433 2787 inventis
445 2778 455 2794 ,
478 2753 649 2792 arestandoe,
668 2754 701 2784 &
724 2754 753 2783 in
772 2752 871 2784 Castro
891 2752 987 2783 nostro
1010 2753 1220 2792 Burdegalensi,
1238 2751 1287 2784 sub

221 2795 295 2828 salvi
309 2795 342 2826 &
355 2793 449 2825 secura
464 2792 589 2824 custodia
604 2791 821 2830 custodiendos,
840 2791 981 2831 quousque
999 2792 1189 2823 rationabilem
1205 2801 1288 2823 com-

222 2842 324 2875 potum
346 2833 381 2864 de
399 2833 532 2864 omnibus
554 2831 670 2863 exitibus
690 2829 832 2870 praedietis
849 2830 930 2861 nobis
950 2830 1032 2869 plene
1052 2831 1239 2869 reddiderint,
1257 2838 1288 2862 ut

282 2884 297 2903 e
318 2880 383 2903 unt:

223 2874 350 2943 deii'obbis
370 2908 535 2941 mandamus
556 2908 633 2947 quod
652 2909 728 2939 circa
748 2906 942 2939 arestationem
963 2907 1127 2948 dieiorum,
1144 2907 1289 2946 Emer-ici,

220 2949 374 2988 Hugelini,
393 2958 426 2979 ac
438 2948 570 2979 omnium
585 2946 702 2979 aliorum
717 2946 751 2978 de
763 2947 901 2978 Societate
913 2945 1064 2986 praedidta,
1083 2957 1138 2978 una
1151 2957 1220 2978 curn
1236 2948 1290 2977 bo-

224 2991 267 3020 nis
281 2989 314 3020 &
327 2988 406 3019 rebus
419 2986 470 3017 fiiis
478 2985 645 3023 quibuscum
667 2996 701 3016 tie
708 3008 718 3024 ,
735 2986 763 3015 in
773 2994 1018 3024 quorumcumque
1029 2986 1158 3019 manibus
1165 2984 1291 3024 existant,

225 3037 294 3058 cum
306 3026 389 3057 omni
403 3024 561 3061 celeritate,
581 3024 636 3062 qua
668 3025 708 3054 eri
722 3026 841 3062 poterit,
865 3023 1041 3062 faciendam,
1058 3023 1114 3054 unii
1134 3033 1201 3055 cum
1218 3034 1290 3062 prae-

226 3065 307 3097 dieto
316 3064 444 3104 johanne
478 3062 636 3100 intendatis,
653 3064 752 3101 eique,
769 3072 799 3093 ut
811 3061 949 3101 praemiisa
970 3063 1044 3093 bene
1066 3063 1100 3093 &
1121 3062 1247 3094 celeriter
1258 3061 1292 3094 fi-

228 3113 293 3143 ant,
312 3104 366 3172 fig?
381 3085 556 3171 ςοῐᾶίῖὐεηῐεε
569 3101 589 3120 *
605 3101 639 3133 &
653 3101 825 3140 auxiliantes,
843 3110 925 3140 prout
936 3111 991 3140 pro
1005 3101 1164 3133 commodo
1175 3101 1236 3133 fore
1249 3102 1292 3133 vi-

228 3143 321 3175 deritis
361 3142 425 3173 cien
445 3149 504 3171 um.

266 3220 334 3252 Dat.
349 3218 482 3249 London.
496 3216 671 3248 duodecimo
685 3216 730 3248 die
741 3216 886 3248 Onobris.

267 3295 439 3327 Consimiles
455 3294 543 3325 literae
564 3292 723 3330 diriguntur
743 3292 890 3324 Universis
914 3292 1090 3333 Senescallis,
1116 3293 1294 3333 Castellanis,

231 3335 406 3374 Praepositis,
426 3332 580 3369 Ministris,
600 3330 771 3371 officiariis,
788 3332 821 3363 &
834 3333 967 3363 omnibus
982 3332 1089 3364 Ballivis
1106 3333 1140 3364 &
1155 3332 1294 3364 Fidelibus

233 3375 302 3412 suis,
319 3374 349 3404 in
361 3371 441 3403 disto
455 3371 571 3402 Ducatu
585 3369 749 3401 constitutis.

255 3501 363 3534 Litera
387 3499 474 3543 Regis
496 3497 627 3529 Francia
648 3492 685 3527 de
709 3491 839 3574 JtZlicJ
861 3503 988 3540 negata,
1012 3498 1049 3533 όν
1074 3493 1111 3529 de
1134 3493 1273 3529 Marcha

662 3554 745 3575 conce
766 3555 799 3575 Cn
820 3553 853 3576 a·

234 3632 425 3693 PHilippus,
443 3629 501 3676 Dei
521 3628 625 3673 gratia,
651 3627 876 3673 FranciaehRex,
900 3628 1038 3674 carissimo
1059 3628 1117 3674 filio
1138 3629 1296 3676 Edwardo,

293 3672 392 3702 eadem
415 3677 520 3707 gratia,
548 3668 624 3705 Regi
645 3667 758 3703 Angliae
783 3667 897 3706 illustri,
921 3667 999 3698 Duci
1022 3668 1196 3711 Aquitaniae,
1221 3668 1296 3700 fideli

238 3749 249 3779 1
298 3751 398 3779 ionem,

249 3750 428 3818 e<5{eruardus
439 3784 475 3815 de
489 3783 642 3814 Probolam
659 3806 668 3821 ,
691 3782 858 3813 Remundus
877 3782 913 3813 de
932 3781 1035 3814 Parolz
1050 3807 1060 3822 ,
1084 3783 1240 3815 Selebrinus
1262 3784 1298 3816 de

218 3853 224 3860 .
240 3825 431 3861 Mommone,
448 3822 622 3853 Guillermus
636 3821 757 3860 Sormz,
776 3821 870 3852 Petrus
884 3820 920 3851 de
938 3821 1086 3862 Altoforti,
1101 3821 1251 3860 Burgenses
1265 3825 1298 3854 &

244 3863 415 3894 Mercatores
430 3861 513 3892 Villae
527 3860 627 3890 nostrae
642 3867 677 3889 ue
694 3859 738 3890 Ru
761 3860 822 3890 ella:
844 3860 887 3890 Ac
902 3859 1018 3890 Pontius
1032 3860 1068 3891 de
1090 3860 1195 3891 Lermo
1217 3861 1300 3892 Soci-

244 3913 275 3933 us
288 3911 322 3932 ac
336 3900 501 3932 Procurator
517 3899 710 3937 praedictarum
750 3897 904 3928 ersonarum
913 3921 922 3936 ,
940 3899 1020 3928 nobis
1034 3899 1230 3939 exposuerunt,
1240 3909 1301 3937 gra-

244 3941 316 3972 viter
334 3938 548 3977 conquerendo,
573 3937 648 3975 quod
667 3937 735 3967 cum
750 3960 759 3975 ,
781 3936 815 3966 ad
836 3936 1042 3975 requisitionem
1062 3938 1183 3968 nostram
1195 3962 1205 3978 ,
1223 3940 1304 3969 vobis

303 4054 387 4086 rietus
400 4054 524 4094 nostros,
539 4053 629 4094 praedi
661 4053 680 4084 ‘s
700 4052 778 4085 illatis
792 4052 973 4093 Burgensibus
993 4062 1042 4093 per
1055 4062 1142 4087 certas
1163 4053 1305 4093 personas,

1320 1825 1407 1863 gratia
1422 1825 1548 1862 prosequi
1564 1825 1597 1855 ὃς
1612 1824 1717 1856 favore.

1356 1862 1447 1901 Sane,
1465 1861 1546 1893 Pater
1566 1862 1744 1893 Sancitiffime
1779 1862 1861 1893 nobis
1881 1864 1911 1893 in
1932 1863 2117 1896 Parliamento
2133 1865 2250 1905 nostro,
2270 1866 2390 1898 Londo-

1319 1902 1372 1932 niis
1387 1909 1569 1940 convocato,
1587 1901 1642 1932 una
1654 1910 1722 1931 cum
1731 1884 1853 1931 P'raeiatis
1863 1901 1896 1932 &
1914 1900 2081 1934 Proceribus
2096 1903 2193 1944 Regni
2209 1904 2314 1944 nostri,
2332 1908 2389 1937 cir-

1319 1949 1354 1984 ca
1377 1940 1510 2008 negotia,
1533 1948 1587 1970 nos
1601 1939 1635 1970 ὅτ
1652 1939 1754 1972 statum
1771 1939 1895 1978 ejusdem
1916 1940 2014 1979 Regni
2035 1944 2194 1982 tangentia,
2212 1943 2391 1976 existentibus

1321 1986 1409 2008 intra
1441 1985 1485 2009 atu

1357 2000 1504 2047 Robertus²
1515 2015 1551 2046 de
1565 2014 1647 2054 Brus,
1666 2016 1699 2047 &
1717 2015 1757 2047 sui
1771 2014 1955 2057 Complices,
1980 2016 2109 2049 Rebelles
2125 2018 2212 2051 nostri
2230 2020 2262 2051 &
2281 2021 2390 2059 publici

1322 2052 1504 2093 Proditores,
1526 2055 1601 2093 (qui,
1619 2054 1689 2086 dum
1706 2055 1782 2093 prius
1800 2055 1830 2085 in
1848 2057 1967 2093 partibus
1981 2056 2088 2087 Scotiae
2113 2057 2147 2088 ad
2165 2068 2265 2089 eorum
2286 2058 2393 2090 Rebel-

1321 2092 1431 2124 lionem
1443 2093 1615 2130 reprimendi
1631 2093 1752 2132 fuimus,
1771 2094 1800 2123 in
1817 2093 1914 2124 abditis
1933 2094 2074 2126 latitabant
2095 2095 2129 2126 ad
2150 2096 2231 2128 instar
2247 2097 2388 2136 vulpium)

1323 2131 1407 2163 nobis
1423 2130 1522 2161 exinde
1539 2130 1630 2162 versus
1654 2131 1766 2162 dietum
1792 2131 2008 2164 Parliamentum
2033 2133 2160 2164 nostrum
2180 2135 2394 2175 recedentibus,

1324 2168 1427 2200 nostras
1440 2170 1474 2200 ὃς
1487 2169 1505 2189 *
1521 2169 1646 2200 fidelium
1659 2169 1818 2201 nostrorum
1833 2171 1935 2202 Terras
1953 2171 2062 2202 ibidem
2079 2172 2269 2212 devastarunt,
2287 2175 2321 2205 &
2341 2175 2394 2205 hiis

1324 2206 1424 2238 finibus
1442 2217 1501 2237 nori
1519 2209 1660 2246 contenti,
1679 2208 1818 2246 Regnum
1832 2209 1961 2240 nostrum
1975 2210 2089 2247 Angliae
2103 2210 2272 2248 praedictum
2286 2211 2395 2243 hostili-

1323 2253 1364 2276 ter
1383 2245 1516 2284 ingressi,
1533 2247 1563 2275 in
1580 2245 1692 2277 diversis
1709 2247 1831 2285 partibus
1848 2247 1988 2278 Marchiae
2003 2249 2124 2287 ejusdem
2144 2248 2256 2289 Regni,
2274 2251 2307 2281 ὃς
2322 2261 2394 2288 prae-

1325 2285 1407 2321 cipue
1426 2285 1455 2314 iii
1473 2283 1642 2323 Episcopatu
1662 2285 1844 2316 Dunelmenfi
1862 2287 1985 2325 rapinas,
2002 2287 2236 2327 depraedationes,
2254 2289 2395 2329 incendia,

1325 2321 1358 2352 &
1376 2323 1532 2353 homicidia
1567 2322 1759 2361 erpetrarunt,
1776 2325 1865 2361 aetati,
1892 2324 1935 2354 vel
1954 2324 2028 2355 sexui
2045 2327 2207 2364 innocenti,
2225 2334 2270 2357 aut
2290 2329 2396 2360 immu-

1324 2361 1402 2390 nitati
1421 2333 1621 2391 Ecclesiaizicae
1633 2361 1781 2400 libertatis,
1800 2363 1871 2399 proh
1887 2361 1982 2393 dolor!
2000 2372 2058 2393 nori
2090 2372 2228 2394 arcentes:

1363 2397 1401 2430 Et
1414 2399 1506 2430 multo
1519 2398 1595 2436 plura
1610 2400 1643 2430 &
1659 2400 1786 2436 graviora
1798 2400 1903 2430 damna
1918 2400 2044 2439 perpetra
2068 2410 2131 2440 ent,
2149 2403 2198 2432 nili
2212 2404 2336 2441 potentia
2343 2413 2396 2434 ve-

1325 2437 1452 2467 nerabilis
1464 2436 1549 2468 Patris
1561 2436 1599 2467 R.
1615 2436 1810 2468 Dunelmensis
1825 2437 1976 2477 Episcopi,
1993 2440 2022 2470 in
2036 2440 2087 2471 illis
2101 2441 2226 2478 partibus
2240 2451 2307 2473 tunc
2322 2452 2396 2480 prae-

1325 2475 1419 2542 sengs,
1436 2476 1471 2506 ad
1486 2475 1661 2507 obviandum
1677 2476 1710 2507 ὃς
1725 2475 1907 2508 resistendum
1918 2487 2018 2509 eorum
2032 2478 2144 2510 malitiae
2159 2489 2248 2518 parata
2260 2481 2342 2512 citius
2349 2489 2398 2512 ex-

1325 2522 1367 2544 titi
1392 2523 1428 2545 et.

1364 2551 1417 2591 Et,
1436 2552 1500 2590 quia
1513 2551 1643 2590 praedisti
1659 2551 1776 2585 Inimici
1791 2552 1824 2584 &
1839 2552 1970 2585 Rebelles
1984 2554 2088 2594 nostri,
2105 2566 2120 2586 a
2134 2556 2271 2587 inchoatis
2287 2557 2398 2590 facino-

1327 2591 1402 2621 ribus
1415 2600 1474 2621 non
1493 2591 1639 2629 desistunt,
1657 2591 1694 2621 set
1711 2601 1743 2622 ea
1761 2593 1884 2623 nituntur
1900 2602 1955 2631 pro
1971 2593 2023 2624 suis
2039 2594 2190 2632 nephandis
2207 2596 2311 2626 viribus
2324 2606 2397 2627 con-

1326 2629 1431 2663 tinuare
1446 2652 1456 2667 ,
1484 2629 1517 2660 ὃ(
1535 2629 1643 2659 ibidem
1669 2630 1763 2667 pe'ora
1783 2631 1921 2668 prioribus
1939 2631 2097 2671 cumulare,
2122 2643 2217 2664 recens
2236 2634 2398 2673 hujusmodi

1324 2667 1430 2705 jati‘cura
1447 2667 1616 2711 praedictum
1635 2639 1807 2706 Episiopum
1821 2692 1832 2708 ,
1856 2679 1908 2707 pro
1925 2670 2078 2714 repulsione
2096 2671 2237 2702 diCtorum
2256 2672 2398 2704 Inimico-

1326 2715 1390 2736 rum
1410 2706 1443 2737 &
1461 2705 1621 2737 Rebellium
1635 2706 1812 2745 nostrorum,
1829 2717 1862 2738 ac
1881 2718 1933 2746 pro
1950 2709 2095 2740 talvatione
2110 2710 2143 2741 δε
2156 2710 2316 2742 defensione
2329 2711 2398 2742 San-

1328 2745 1420 2781 guinis
1436 2743 1604 2782 Christiani,
1631 2744 1664 2775 &
1682 2745 1810 2776 libertatis
1827 2745 1961 2777 Ecclesiae
1978 2746 2032 2778 suae
2053 2746 2245 2780 Dunelmensis
2261 2773 2271 2788 ‚
2297 2751 2326 2780 in
2346 2760 2398 2780 eo-

1326 2782 1393 2813 dem
1409 2781 1579 2820 Episcopatu
1592 2806 1602 2822 ,
1626 2782 1675 2813 sub
1693 2783 1791 2814 vestrae
1813 2783 2003 2816 Permiffionis
2027 2786 2060 2817 ὅς
2085 2788 2183 2825 gratiae
2209 2786 2401 2829 confidentis,

1328 2829 1440 2852 moram
1465 2822 1630 2852 continuare
1654 2823 1755 2852 excitat
1773 2823 1806 2853 &
1824 2823 1943 2854 inducit.

1365 2858 1574 2891 Considerantes
1588 2861 1673 2898 igitur
1686 2862 1871 2893 incommoda
1888 2863 1920 2893 &
1935 2862 2057 2900 dampna
2071 2864 2271 2902 irreparabilia,
2289 2874 2352 2904 quae
2365 2873 2402 2896 ex

1328 2898 1408 2935 ipsius
1421 2897 1553 2936 Episcopi
1565 2898 1687 2929 absentia
1701 2910 1716 2930 a
1731 2900 1852 2938 partibus
1872 2900 2050 2939 supradietis,
2067 2901 2104 2940 fi,
2124 2901 2199 2940 quod
2216 2904 2300 2942 abiit,
2318 2904 2401 2934 exin-

1328 2938 1380 2975 de,
1397 2936 1509 2968 durante
1524 2936 1651 2975 praesenti
1662 2945 1793 2977 tempore
1806 2938 1936 2977 hiemali,
1954 2939 1988 2970 ad
2005 2947 2091 2978 partes
2103 2940 2166 2971 alias
2181 2940 2207 2971 se
2223 2941 2400 2981 transferret,

1329 2984 1387 3006 non
1398 2974 1491 3020 solum
1504 2976 1585 3022 nobis
1598 2976 1631 3007 &
1651 2976 1818 3021 hominibus
1835 2979 1953 3015 partium
1975 2978 2100 3018 illarum,
2118 2978 2155 3010 set
2177 2979 2301 3019 undique
2322 2979 2397 3020 adja-

1330 3022 1471 3053 centium,
1489 3024 1583 3044 revera
1597 3022 1725 3052 poterunt
1738 3026 1871 3055 evenire,

1368 3051 1479 3083 Vestrae
1491 3052 1638 3083 Sandlitati
1650 3053 1791 3085 humiliter
1804 3054 2007 3093 supplicamus,
2024 3056 2168 3095 quatinus,
2184 3056 2329 3095 praemissis
2351 3067 2401 3096 pa-

1329 3090 1407 3125 temfi
1421 3090 1600 3122 meditatione
1617 3091 1747 3131 pensatis,
1763 3092 1844 3123 dieto
1865 3093 2008 3132 Episcopo
2023 3096 2071 3132 pio
2086 3104 2202 3135 paterno
2221 3096 2400 3134 compatien-

1331 3138 1372 3160 tes
1389 3129 1511 3169 affeetu,
1529 3129 1609 3168 ipsius
1622 3130 1774 3162 absentiam
1790 3132 1819 3162 in
1839 3132 1964 3170 praesenti
1978 3133 2073 3164 vestro
2096 3133 2237 3164 Concilio
2257 3133 2391 3164 Generali

1308 3206 1309 3209 Ἰ
1331 3168 1366 3199 ad
1379 3169 1474 3208 quod,
1492 3177 1520 3199 ut
1535 3169 1735 3212 intelleximus,
1753 3169 1926 3207 personaliter
1943 3171 1984 3202 est
1998 3179 2132 3211 vocatus,
2151 3171 2188 3202 de
2210 3171 2308 3202 vestrae
2322 3172 2405 3202 beni-

1333 3208 1444 3245 gnitatis
1464 3207 1620 3246 affluentia,
1639 3217 1672 3237 ex
1691 3209 1774 3238 causis
1798 3208 1957 3246 praemissis,
1983 3209 2199 3249 nostrorumque
2219 3211 2404 3248 rogaminum

1332 3247 1503 3284 interventu,
1523 3245 1624 3276 habere
1637 3246 1798 3283 dignemini
1811 3247 1954 3284 gratiosius
1966 3248 2130 3279 excusatam.

1370 3285 1517 3323 Speramus
1529 3285 1633 3314 etenim
1654 3284 1770 3315 firmiter
1790 3286 1823 3316 &
1843 3294 1985 3324 tenemus,
2003 3287 2080 3325 quod
2102 3296 2182 3317 mora
2200 3288 2349 3317 memorati
2365 3285 2405 3317 E-

1331 3322 1454 3361 piscopi,
1472 3323 1502 3352 in
1516 3321 1684 3360 Episcopatu
1696 3323 1745 3353 suo
1759 3323 1914 3363 praedicto,
1931 3325 2002 3355 utilis
2016 3335 2067 3362 pro
2080 3324 2179 3354 salubri
2194 3324 2262 3355 statu
2279 3326 2410 3368 partiumv

1332 3361 1456 3399 illarum,
1476 3361 1508 3392 &
1526 3360 1659 3392 Ecclesiae
1673 3361 1727 3393 suae
1748 3362 1961 3402 Dunelmensis,
1980 3372 2110 3400 grataque
2130 3364 2181 3393 erit
2204 3362 2349 3394 Altissimo
2366 3365 2401 3395 δε

1332 3409 1456 3441 accepta,

1371 3438 1537 3476 Conlervet,
1556 3437 1617 3470 &a

1369 3514 1435 3546 Dat.
1452 3513 1525 3553 apud
1542 3513 1713 3555 Wyndesor.
1730 3515 1846 3546 decimo
1862 3514 1983 3555 septimo
1997 3513 2042 3546 die
2058 3514 2206 3547 Cerebris.

1335 3647 1487 3693 „Queritur
1511 3646 1593 3689 Papa
1618 3641 1654 3675 de
1677 3644 1839 3687 Intrufione
1869 3652 1972 3676 contra
2002 3644 2047 3676 A.
2075 3643 2269 3678 cardinalem
2291 3647 2323 3677 in
2347 3646 2406 3679 Ca-

1380 3697 1534 3735 nonicatu,
1560 3689 1737 3735 Praebena'a,
1762 3689 2045 3735 Archidiaconatu‚
2074 3695 2111 3731 (ῥ’
2141 3692 2294 3736 Εσείςήα,
2319 3693 2416 3739 infra⁴

1380 3739 1577 3775 nominandis.

2409 1823 2464 1850 dor.

2431 2168 2450 2189 ¹*
2470 2170 2525 2199 111.

2434 2207 2500 2244 284.

1337 3825 1518 3897 Clemens
1538 3824 1708 3864 Episcopus,
1724 3823 1816 3870 servus
1828 3824 1970 3870 servorum
1981 3824 2058 3872 Dei,
2074 3825 2221 3857 carissimo
2244 3826 2275 3857 in
2288 3824 2406 3872 Christo
2422 3828 2494 3861 Ann.
2509 3827 2552 3859 D.

1418 3865 1486 3894 Filio
1498 3864 1656 3902 Edwardo,
1673 3863 1754 3902 Regi
1768 3864 1881 3902 Anghae
1893 3863 2006 3903 illustri,
2023 3864 2137 3896 salutern
2152 3866 2185 3897 &
2210 3864 2405 3906 Apostolicam
2448 3877 2530 3907 1311.

1336 3903 1577 3935 benedictionem.

2422 3911 2473 3934 Aa.
2486 3915 2514 3942 5.

1378 3941 1522 3972 Ducentes
1540 3941 1567 3970 iri
1584 3939 1808 3971 considerationis
1821 3948 1955 3980 examen,
1992 3948 2106 3973 uantum
2128 3940 2274 3975 Catholici
2297 3941 2406 3972 Princi-
2424 3949 2450 3971 ε.
2468 3953 2492 3973 2.

245 3988 305 4009 non
327 3976 425 4016 semel,
442 3977 487 4008 sed
507 3977 604 4015 pluries
624 3974 743 4013 fastam,
764 3985 812 4013 per
836 3975 939 4005 nostras
958 3985 1077 4014 patentes
1094 3977 1208 4021 litteras,
1225 3977 1303 4021 super
1340 3991 1403 4020 pes,
1423 3980 1515 4015 Reges
1525 3979 1657 4016 Anglite,
1675 3978 1871 4016 Progenitores
1885 3981 1944 4018 tui,
1987 3980 2095 4011 cclesias
2110 3981 2144 4011 δε
2160 3978 2288 4011 Personas
2303 3981 2404 4011 Eccle-
2420 3985 2459 4010 Ex
2473 3983 2533 4017 Aug*

248 4015 412 4087 ffibusdam
427 4018 506 4046 certis
519 4013 823 4084 roberiisghmaleficiis,
841 4014 874 4044 &
888 4014 1065 4053 homicidiis,
1084 4016 1112 4045 iri
1130 4025 1216 4054 mari,
1234 4015 1302 4047 infra
1342 4019 1455 4050 iiasticas
1477 4018 1620 4060 praecipue
1636 4017 1824 4060 honorarunt,
1842 4026 2029 4057 quantumque
2049 4020 2078 4048 in
2092 4018 2196 4049 eisdem
2212 4019 2403 4056 Progenitori-
2418 4027 2482 4057 ngr.

1344 4058 1413 4099 bus,
1429 4057 1461 4088 in
1482 4056 1549 4094 hiis,
1565 4055 1599 4090 ὃς
1619 4055 1676 4087 aliis
1697 4057 1822 4089 virtuoiis
1842 4056 1991 4134 (ἑριξῑίὸὴυε,
2006 4066 2035 4090 te
2057 4066 2116 4090 non
2135 4055 2228 4091 solum
2243 4065 2410 4096 coaequare,
