2570 4261
201 133 280 174 118

49 214 127 245 Aim-
144 214 186 245 D·
243 216 279 248 Et
303 218 337 249 ad
365 225 474 250 certum
498 217 574 248 diem
599 217 690 248 eidem
716 215 817 246 Matill.
862 214 1043 256 raefigendum
1057 238 1067 254 ,
1097 215 1129 246 ad
1151 225 1238 254 quem
1253 237 1264 253 ,

73 258 160 290 1271.
204 256 352 296 postquam
370 258 405 287 de
423 256 581 286 infirmitate
600 255 732 294 praedieta
754 264 847 284 conva
857 255 926 285 uerit
938 278 947 293 ,
972 264 1070 284 coram
1086 255 1169 285 nobis
1183 264 1265 285 acce-

48 296 114 320 Heu.
138 304 164 329 3-
202 295 272 363 deff³
284 295 380 370 ἱῖἒῖἐξ,
397 295 658 363 ἓςεετῑίοηηάυτη
676 304 729 324 nos
742 293 918 334 personaliter
935 295 963 323 in
980 293 1032 324 hac
1048 300 1133 332 parte.

370 356 379 371 ‚
452 355 458 360 .

235 408 324 442 Teste
337 412 419 452 Rege
431 411 505 450 apud
519 409 646 443 Westm.
658 411 774 443 decimo
789 409 834 443 die
848 408 955 443 Martii.

200 543 321 574 Littera
351 543 460 575 Karoli
492 545 581 589 Regis
615 544 720 577 Siciliae
754 542 798 575 ad
829 539 1026 575 Edwardum
1058 540 1094 574 de
1119 540 1264 582 Occifione

353 592 484 624 Henrici
508 591 574 636 filii
588 595 780 638 primogeniti
795 594 882 637 Regis
898 591 1107 625 Allemanniae.

49 676 125 710 Arm.
141 676 182 706 D.
205 677 418 738 MAgnifico
436 679 499 710 viro
519 678 661 711 Edwardo
682 680 778 720 primo
798 680 875 710 enito
898 677 1006 709 illustris
1024 678 1112 717 Regis
1134 677 1262 721 Angliae',

76 725 159 753 1271.
299 717 442 748 kariffimo
461 719 666 758 consanguineo
686 719 736 748 suo
787 719 893 756 arolus,
911 717 970 747 Dei
989 718 1075 756 gratia
1108 716 1173 746 Rex
1194 716 1265 746 Sici-

46 760 99 784 An.
115 765 162 791 55-
203 758 263 796 liae,
282 756 412 787 Ducatus
430 756 556 797 Apuliae,
575 757 608 787 &
629 756 726 787 Princi
746 765 803 787 arus
823 756 867 787 Ca
887 766 948 794 uae,
969 755 1065 785 Almae
1075 739 1166 786 Orbis
1177 754 1264 798 Sena7

46 798 81 822 H·
100 804 124 831 3-
145 798 182 820 Ex
203 804 265 835 tor,
285 795 471 835 Andegaviae,
496 795 656 826 Provinciae
675 796 709 826 δε
754 794 833 826 orch.
885 804 983 832 omes,
1001 793 1128 824 Romani
1149 792 1263 833 Imperii

47 836 96 860 MS
102 855 108 859 -
135 842 180 859 an-
203 836 231 865 in
243 833 345 865 Tuscia
358 844 406 872 per
420 833 553 864 Sanctam
567 833 723 864 Ecclesiam
739 833 905 864 Romanam
919 832 1046 863 vicarius
1060 833 1206 872 generalis,
1224 832 1263 862 sa-

44 873 94 908 tiq.
111 876 165 898 Per·
201 874 264 904 lutis
277 874 310 904 ὅ(
326 872 507 912 prosperitatis
518 881 712 911 augmentum.

42 919 116 946 gam.
130 910 156 936 1⁴⁷1
235 912 269 942 ln
291 911 391 942 dolore
411 911 544 941 animi&
560 921 697 949 maerore,
714 920 813 941 tenore
825 920 895 941 vero
908 909 1086 948 praesentium
1100 908 1182 939 vobis
1196 908 1262 938 inti-

44 947 101 974 Ribl
197 960 323 989 mamus,
339 949 415 988 quod
429 959 534 987 nuper,
547 950 630 980 nobis
642 959 710 980 cum
726 949 877 989 magnifico
891 949 986 979 Princi
1007 958 1023 978 e
1037 947 1179 978 kariffimo
1194 947 1260 977 Do-

45 986 115 1013 Bodl.
198 990 279 1020 mino
299 991 332 1020 ὃς
353 988 472 1028 Nepote
491 988 590 1018 nostro
608 988 758 1027 Philippo,
778 989 835 1018 Dei
853 987 956 1028 gratia,
1008 995 1058 1025 ege
1080 986 1257 1016 Francorum

46 1023 125 1060 ciaff.
144 1024 170 1050 6-
197 1027 292 1057 illustri
311 1028 340 1057 in
359 1025 494 1058 Romana
517 1026 604 1057 Curia
623 1027 817 1066 existentibus,
835 1026 1040 1057 maledictionis
1063 1024 1258 1068 filii,-Symon

45 1066 81 1088 A.
93 1072 117 1099 3-
137 1072 178 1098 ¹9·
198 1067 231 1097 &
250 1066 359 1105 Guydo
378 1066 413 1096 de
434 1064 622 1103 Montesorri,
640 1075 695 1096 nec
710 1065 795 1103 Deo,
814 1075 867 1096 nec
884 1063 1190 1101 RomanaeEccleliae,
1208 1072 1258 1092 ne-

197 1115 252 1142 que
273 1104 411 1145 praedic‘to
432 1102 507 1144 Regi
527 1103 722 1143 Francorum,
741 1114 833 1142 neque
853 1104 934 1134 vobis
947 1103 1115 1142 aliquatenus
1129 1102 1257 1145 deferen-

196 1152 253 1182 tes,
271 1143 399 1174 nobilem
413 1143 507 1172 virum
520 1142 697 1181 Henricum,
716 1144 936 1182 primogenitum
950 1141 1090 1181 magnifici
1104 1140 1257 1180 Principis,

47 1184 62 1200 ·
72 1184 94 1211 1.
109 1183 141 1220 87
150 1195 173 1212 ι,
199 1181 322 1212 Domini
338 1180 453 1212 Ricardi
463 1180 563 1219 ,Dei*
572 1182 673 1221 gratia,
684 1182 713 1211 iri
728 1181 931 1211 Romanorum
945 1179 1059 1219 Regem
1071 1179 1258 1217 Electi,con-

194 1221 376 1260 sanguineum
396 1218 525 1250 nostrum
548 1221 580 1252 ὃς
602 1219 747 1259 vestrum,
765 1221 907 1258 nequiter,
925 1219 998 1259 proh
1019 1217 1116 1249 dolor!
1135 1217 1256 1249 trucida-

188 1268 262 1290 runt.

233 1298 302 1329 Nos
321 1299 329 1328 i
351 1299 418 1337 itur,
435 1305 544 1329 tantum
566 1297 687 1335 facinus,
704 1306 764 1326 non
783 1295 861 1328 aliter
882 1295 969 1335 quam
989 1296 1018 1325 in
1030 1293 1176 1335 personam
1191 1304 1257 1325 nos-

195 1345 268 1368 tram
284 1348 316 1368 ac
330 1307 486 1367 {iberorum
500 1336 663 1366 nostrorum
677 1344 815 1375 patratum
829 1336 927 1373 fuerit,
945 1334 1109 1365 ascribentes
1142 1334 1175 1365 &
1188 1343 1255 1374 pro-

194 1385 330 1413 ponentes
344 1375 439 1406 ulcisci
451 1386 483 1405 ac
498 1374 624 1413 prosequi
640 1383 703 1404 toto
718 1373 812 1411 posse,
828 1373 971 1404 Nobilem
984 1373 1078 1404 virum
1127 1373 1255 1403 enricum

195 1414 347 1444 Comitem
359 1414 569 1444 Waldemontis
583 1415 615 1444 &
632 1413 733 1443 Aniani
744 1435 753 1450 ,
772 1412 909 1442 dilectum
925 1410 1122 1442 Consiliarium
1134 1411 1252 1441 familia-

194 1462 254 1483 rem
277 1454 309 1483 &
332 1452 443 1482 fidelem
465 1451 612 1490 nostrum,
631 1461 716 1490 quem
738 1449 883 1481 Vicarium
902 1449 1032 1480 nostrum
1047 1451 1075 1480 in
1087 1449 1190 1481 Tuscia
1204 1458 1252 1489 ge-

193 1491 316 1521 neralem
335 1489 479 1521 statuimus
494 1513 504 1528 ,
531 1499 629 1520 contra
648 1488 798 1530 praedi&os
820 1487 1054 1528 nephandiffimos
1067 1512 1077 1527 ,
1105 1488 1140 1520 ad
1162 1489 1253 1527 prose-

192 1530 337 1570 quendum
357 1530 390 1559 &
413 1527 580 1568 capiendum
599 1538 647 1558 eos
664 1528 837 1568 personaliter
857 1528 986 1558 duximus
1006 1528 1155 1566 specialiter
1168 1527 1253 1558 desti-

193 1568 336 1607 nandum,
351 1568 526 1598 intendentes
539 1567 653 1597 firmiter
665 1570 695 1598 in
708 1567 907 1597 eXterminium
920 1567 954 1596 &
969 1567 1077 1596 ruinam
1089 1567 1252 1607 iniquorum

193 1607 318 1646 ipsorum
336 1606 374 1636 sic
395 1605 539 1636 effundere
559 1606 592 1636 &
610 1616 749 1646 exponere
764 1605 885 1636 totaliter
904 1605 975 1635 vires
996 1604 1101 1635 nostras
1115 1628 1125 1643 ,
1157 1604 1252 1643 quod,

194 1655 330 1683 quantum
343 1644 500 1675 medullitus
512 1644 597 1674 scelus
611 1643 770 1683 hujusmodi
784 1654 834 1674 cor
846 1642 975 1674 nostrum
990 1645 1125 1683 tetigerit,
1143 1644 1252 1674 cunctis

194 1694 245 1722 per
258 1683 393 1714 effechm
405 1685 497 1722 operis
511 1683 610 1713 clareat
622 1681 777 1713 manifeste.

235 1723 332 1762 Qare
353 1721 582 1762 Magnitudinem
601 1721 721 1752 vestram
742 1731 870 1760 rogamus
889 1721 922 1752 &
937 1720 1112 1751 obsecramus
1127 1720 1253 1751 instantia

196 1771 249 1800 qua
269 1761 428 1801 possumus,
447 1769 580 1800 quatenus
600 1771 660 1791 non
673 1759 959 1791 consternamininec
972 1759 1141 1797 dejiciamini
1162 1761 1192 1790 in
1206 1760 1255 1790 ali-

195 1810 271 1839 qu0,
279 1800 298 1830 si
311 1801 417 1838 placet,
431 1799 476 1830 sed
489 1800 519 1829 in
532 1799 661 1830 consueta
674 1798 868 1838 magnitudinis
879 1797 980 1828 vestrae
991 1797 1148 1829 constantia
1162 1798 1257 1839 persis-

176 1844 179 1845 ’
197 1840 268 1876 titis,
276 1847 418 1869 manentes
432 1839 465 1869 &
480 1838 671 1869 conservantes
684 1839 712 1868 in
728 1839 804 1868 terris
819 1835 919 1867 nostris
935 1835 1095 1867 fiducialiter
1109 1845 1139 1867 ut
1153 1837 1181 1867 in
1196 1846 1258 1867 ves·

197 1878 259 1913 tris,
284 1877 317 1908 &
340 1888 355 1908 a
377 1877 492 1916 nostris,
517 1878 615 1914 vobis,
632 1875 800 1907 officialibus
818 1876 851 1906 ὃ(
873 1874 1002 1915 subditis,
1020 1877 1089 1907 sicut
1109 1876 1258 1917 placuerit,

197 1915 312 1953 obsequi
325 1916 462 1946 facientes.

235 1953 302 1984 Nos
316 1956 392 1984 enirn
405 1954 551 1985 scribimus
564 1962 594 1985 ut
609 1953 752 1992 vos,s1cut
766 1953 912 1992 personam
927 1951 1258 1991 nostram,salvenr,cus-

196 1993 303 2023 todiant
315 1994 348 2024 &
364 1993 521 2032 honorent,
535 1992 671 2031 vobisque
685 1992 752 2022 sicut
766 1991 847 2021 nobis
860 1992 889 2022 in
900 1992 1033 2022 omnibus
1046 1991 1238 2031 obsequantur.

234 2031 302 2061 Dat.
320 2031 456 2070 Viterbii,
473 2032 589 2062 decimo
603 2032 687 2063 tertio
701 2031 746 2062 die
761 2029 870 2068 Martii,

233 2069 362 2100 Decimo
383 2079 481 2108 quarto
500 2070 562 2101 Ind.

236 2107 331 2149 Regni
346 2109 433 2139 nostri
446 2119 520 2140 anno
535 2109 619 2139 sexto.

198 2244 247 2277 De
273 2244 368 2275 Cruce
376 2241 513 2288 fhftepta
525 2253 579 2289 per
597 2244 704 2288 Regem
723 2240 759 2274 de
765 2243 864 2288 gravi
881 2237 982 2273 morbo
1000 2241 1257 2286 convalefientgm.

201 2330 342 2392 HEnri
357 2341 406 2371 par
417 2331 441 2361 la
455 2340 536 2370 grace
550 2330 632 2370 Deu,
650 2329 714 2370 Rey
727 2329 934 2369 d’Engleterre,
950 2331 1068 2371 Seignur
1081 2330 1116 2361 de
1130 2329 1258 2369 Irlaund,

292 2381 307 2400 e
326 2370 394 2400 Duc
416 2370 606 2410 d’Aquitaine,
625 2380 640 2400 a
660 2367 846 2408 Ercevesqes,
863 2369 1002 2409 Evefiqes,
1015 2369 1130 2407 Abbes,
1148 2368 1257 2408 Priurs,

201 2407 327 2447 Cuntes,
346 2408 466 2447 Barons,
486 2408 654 2445 Chevalers,
669 2407 778 2438 frauncs
799 2407 916 2446 homes,
933 2417 949 2438 e
965 2416 1013 2439 tuz
1025 2408 1064 2438 ses
1077 2417 1164 2439 autres
1178 2407 1257 2446 feals,

43 2450 96 2474 An.
110 2455 155 2481 55·
201 2458 216 2478 a
236 2448 266 2478 ki
279 2447 365 2478 cestes
379 2447 468 2478 lettres
482 2447 637 2486 vendrunt,
656 2445 737 2476 saluz.

42 2489 78 2512 H·
94 2494 119 2520 3·
238 2485 304 2517 Nus
325 2486 425 2517 voluns
445 2486 479 2516 ke
500 2496 570 2516 vous
588 2494 658 2516 touz
672 2484 697 2515 le
707 2485 806 2516 sachez
819 2484 871 2522 ke,
888 2495 955 2516 curn
969 2495 1021 2516 nus
1035 2485 1174 2526 n’adgeree
1187 2484 1224 2516 de
1238 2485 1258 2515 si

42 2527 100 2550 ΡΜ·
116 2531 161 2558 55-
201 2534 284 2565 greve
303 2525 420 2556 maladie
433 2524 573 2555 esteiouns
585 2524 697 2565 suspris,
715 2523 750 2554 ke
768 2524 804 2554 de
817 2524 912 2555 nostre
926 2526 971 2555 vie
1003 2534 1040 2554 ne
1053 2524 1090 2554 de
1102 2523 1197 2555 nostre
1210 2533 1260 2564 ga-

41 2566 77 2588 H.
100 2570 112 2597 3
199 2562 276 2594 resun
291 2574 327 2594 ne
341 2563 370 2594 fu
389 2564 438 2594 nul
455 2563 564 2604 espeyr,
584 2573 668 2601 nous,
687 2563 716 2592 ki
727 2563 873 2601 gardiouns
886 2562 922 2592 ke
933 2573 966 2603 ey
986 2572 1002 2593 e
1015 2563 1050 2594 de
1064 2562 1203 2602 homme,
1222 2572 1258 2593 ne

42 2609 68 2627 ²¹-
85 2609 130 2637 ²3·
200 2603 265 2633 nule
286 2603 388 2633 teriene
407 2602 507 2641 chose,
525 2601 575 2632 foz
594 2602 632 2633 sul
646 2601 712 2632 Deu
724 2611 775 2631 nus
788 2609 857 2641 pout
874 2600 974 2631 mester
985 2612 1050 2632 aver
1063 2601 1180 2632 mesmes
1192 2611 1258 2632 nos-

200 2650 242 2672 tre
260 2642 369 2681 espeyr,
386 2650 401 2670 e
424 2649 482 2671 tote
497 2639 592 2671 nostre
607 2639 714 2671 fiaunce
728 2649 763 2670 en
777 2640 802 2670 la
816 2641 922 2677 merci,
940 2650 956 2670 e
970 2650 1006 2670 en
1019 2640 1044 2670 la
1057 2650 1175 2681 maneye
1191 2650 1258 2672 nos-

199 2686 242 2710 tre
255 2689 372 2710 creatur.

234 2718 260 2748 E
275 2718 300 2748 la
315 2718 390 2757 signe
401 2718 437 2748 de
449 2718 475 2748 la
486 2717 561 2759 seynt
574 2715 683 2758 Croys,
701 2716 736 2747 ke
747 2726 817 2747 nous
830 2716 970 2757 n’adgeres
984 2727 1000 2747 a
1012 2715 1108 2747 nostre
1122 2717 1189 2747 cher
1201 2715 1258 2747 fiuz

200 2756 319 2788 Edward
341 2756 437 2787 nostre
455 2757 546 2787 eisnez.
567 2757 683 2785 aviouns
706 2755 803 2793 baille,
820 2766 836 2786 a
857 2755 962 2793 parfere
981 2765 1032 2792 por
1047 2765 1118 2785 nous
1133 2755 1158 2785 le
1172 2764 1258 2795 veage

199 2805 236 2826 en
256 2796 281 2826 la
300 2795 446 2836 terreseynt
455 2819 465 2834 ,
480 2806 532 2836 par
545 2793 639 2825 nostre
653 2803 754 2834 propre
767 2794 898 2832 volente,
917 2803 932 2824 e
947 2804 980 2824 eri
995 2803 1064 2833 pure
1077 2793 1219 2824 devociun
1231 2804 1259 2824 a-

199 2844 290 2864 vouns
310 2835 411 2873 teptis,
429 2845 443 2864 3
465 2842 574 2872 portet,
594 2843 642 2871 par
665 2833 690 2863 la
744 2841 794 2862 ace
813 2832 880 2862 Deu
919 2842 954 2862 en
975 2833 1000 2862 la
1020 2841 1089 2863 terre
1109 2832 1202 2873 seynt,
1220 2842 1259 2863 ou

199 2871 294 2902 nostre
307 2873 409 2903 salveur
423 2872 534 2913 doygna
545 2882 598 2911 pur
610 2869 705 2902 nostre
726 2871 773 2901 ‘alu
788 2879 864 2901 mort
887 2869 973 2900 uffiir.

236 2910 261 2940 E
280 2920 317 2941 co
336 2921 441 2942 avouns
462 2912 632 2941 fermement
651 2920 741 2948 voue,
756 2919 772 2939 e
794 2910 986 2940 meintenaunt
999 2919 1075 2950 apres
1090 2908 1185 2939 nostre
1200 2919 1260 2940 vou

202 2948 243 2979 fet
262 2948 296 2978 de
317 2949 378 2986 jour
395 2959 430 2980 en
442 2949 523 2988 jour,
542 2949 567 2979 se
583 2947 698 2979 amanda
713 2947 808 2978 nostre
823 2947 909 2987 estat,
926 2947 967 2978 iffi
981 2948 1015 2978 ke
1031 2948 1056 2978 la
1072 2947 1151 2978 Mers
1165 2948 1260 2978 nostre

203 2987 354 3026 Seigneur,
369 2996 450 3018 outre
467 2996 527 3018 tote
539 2988 682 3025 humeyne
695 2986 870 3025 quidaunce,
885 2997 932 3027 par
947 2987 1104 3018 marveillus
1118 2987 1231 3019 miracle
1244 2997 1260 3017 a

203 3035 409 3056 recoveraunce
445 3026 477 3056 &
492 3036 507 3055 a
521 3026 614 3056 saunte
628 3036 678 3056 nus
692 3026 726 3056 ad
741 3024 862 3064 restore,

241 3063 266 3094 E
290 3073 341 3104 pur
359 3073 396 3094 co
417 3049 451 3093 ke
472 3074 542 3094 nous
563 3063 657 3094 nostre
671 3075 730 3095 vou
743 3064 884 3103 avantdit‚
903 3064 923 3094 fi
937 3062 994 3094 tost
1007 3073 1093 3094 corne
1107 3073 1157 3094 nus
1170 3074 1261 3104 pouns

203 3102 299 3133 nostre
318 3102 425 3141 paffage
443 3112 517 3132 araer
535 3113 550 3132 e
571 3102 706 3141 ordener,
725 3112 832 3133 veouns
845 3103 983 3140 acumplir
997 3113 1045 3140 par
1060 3102 1083 3132 la
1096 3111 1178 3141 grace
1192 3102 1260 3134 Deu

202 3141 289 3171 furnir
304 3150 311 3169 z
328 3151 344 3171 e
357 3150 463 3171 veouns
475 3141 531 3171 ben
545 3140 578 3170 ke
594 3140 688 3170 nostre
701 3142 838 3181 pelrinage
851 3152 887 3171 ne
902 3140 995 3179 peuffe
1008 3151 1042 3171 en
1057 3141 1132 3171 bone
1148 3151 1260 3172 manere

206 3190 242 3210 ne
263 3190 278 3209 a
298 3178 392 3209 nostre
411 3179 529 3210 Saunete
549 3189 585 3209 en
609 3180 726 3215 prendre
746 3180 765 3210 si
786 3190 852 3219 nus,
871 3180 973 3210 devant
991 3179 1086 3210 nostre
1144 3180 1230 3220 ffage,
1249 3191 1264 3211 a

206 3227 258 3247 nos
278 3227 421 3256 creacurs,
436 3227 451 3247 3
474 3218 502 3247 ki
516 3228 587 3248 nous
599 3218 741 3255 devounS,
758 3218 857 3248 fesiuns
872 3218 914 3248 lur
923 3218 1013 3257 ass'ez,
1031 3228 1048 3248 e
1067 3227 1102 3248 en
1113 3220 1207 3249 emerit
1227 3219 1262 3250 ke

206 3267 257 3286 nus
274 3256 403 3287 euffouns
422 3264 519 3297 graunt
542 3255 618 3286 sume
632 3256 667 3286 de
682 3257 760 3287 avoir
774 3266 809 3286 en
822 3258 926 3295 tresor,
944 3265 1080 3288 encuntre
1093 3255 1188 3287 nostre
1202 3267 1263 3298 pas-

204 3294 264 3334 sage
276 3295 513 3335 solempenement
526 3295 560 3326 &
573 3295 759 3325 honurement
774 3305 789 3324 a
799 3296 872 3333 fere,

243 3332 347 3372 Nous,
364 3342 413 3374 par
424 3333 518 3363 nostre
531 3342 632 3373 propre
644 3333 836 3364 esmovement
845 3357 854 3372 ,
871 3344 886 3363 e
900 3334 936 3364 de
951 3334 1046 3365 nostre
1060 3333 1194 3365 fraunche
1208 3346 1263 3366 vo-

207 3371 296 3409 lente,
312 3373 409 3402 aviuns
421 3381 537 3412 graunte
551 3382 565 3401 a
577 3371 671 3402 nostre
685 3371 751 3402 cher
765 3371 819 3401 frer
834 3373 860 3402 le
874 3373 960 3403 noble
974 3373 1039 3413 Rey
1053 3372 1088 3403 de
1100 3372 1264 3412 Alemayne,

209 3408 304 3439 nostre
331 3410 486 3441 honurable
511 3419 576 3448 pere
602 3410 645 3439 W
647 3418 722 3440 auter
742 3410 899 3440 Arceveske
921 3411 956 3441 de
976 3411 1135 3450 Everwykz
1155 3411 1264 3443 Primat

212 3445 405 3487 Dangleterte‚
423 3459 439 3479 e
458 3459 485 3479 as
499 3457 588 3479 autres
598 3448 633 3478 de
645 3448 740 3478 nostre
754 3448 866 3478 Conseil
880 3451 956 3487 jurez
965 3473 973 3488 ,
993 3460 1009 3479 e
1024 3460 1060 3481 en
1072 3450 1131 3479 bon
1146 3450 1183 3480 fei
1197 3461 1266 3491 pro-

211 3493 332 3527 mettuns
352 3487 386 3517 ke
406 3496 491 3518 tuttes
503 3487 540 3517 les
554 3487 635 3517 iffues
647 3486 681 3516 de
696 3486 790 3516 nostre
805 3496 891 3525 terre,
909 3498 925 3517 e
937 3488 973 3518 de
987 3499 1038 3519 nos
1050 3487 1181 3528 Cuntez,
1199 3500 1216 3519 e
1229 3489 1265 3520 de

211 3520 287 3566 Eires
305 3523 340 3553 de
356 3525 490 3565 Justices,
505 3536 521 3556 e
532 3526 568 3556 de
581 3524 676 3556 nostre
688 3525 797 3563 Juerie,
815 3536 830 3556 e
844 3536 895 3556 nos
910 3527 1059 3566 eschaetee,
1078 3536 1095 3556 e
1109 3528 1231 3566 wardes,
1250 3538 1266 3558 e

213 3568 358 3600 manages,
377 3574 392 3593 e
405 3564 513 3602 releve,
529 3565 562 3595 &
576 3572 658 3594 tuttes
671 3564 708 3593 les
723 3572 811 3594 autres
824 3564 920 3603 issues,
937 3565 970 3595 ke
1005 3577 1032 3596 ar
1047 3565 1122 3595 nulle
1137 3574 1203 3596 vote
1216 3576 1267 3596 nus

215 3605 330 3635 purrunt
347 3600 463 3640 eseban,
481 3602 654 3633 retendroms
676 3612 711 3631 en
731 3612 781 3631 nos
804 3604 893 3634 meins
914 3613 929 3633 a
944 3607 993 3634 nol
1010 3614 1038 3634 re
1052 3613 1100 3634 oen
1114 3613 1232 3644 propre,
1250 3614 1266 3635 a

214 3635 308 3665 nostre
327 3636 509 3679 Sustenance,
528 3652 543 3671 e
564 3641 599 3671 de
613 3640 707 3671 nostre
722 3640 843 3682 Royne,
862 3651 877 3671 e
889 3640 923 3671 de
938 3652 990 3672 nos
1005 3643 1144 3681 mesnees,
1160 3652 1176 3672 e
1188 3653 1204 3673 a
1216 3652 1269 3672 nus

218 3672 254 3702 de
265 3683 317 3702 nos
329 3674 413 3706 dettes
425 3679 521 3717 alleger
536 3678 577 3709 iffi
591 3679 649 3718 fet,
667 3690 682 3709 a
695 3679 785 3717 saner,
976 3692 982 3694 e

257 3709 304 3740 Ke
323 3711 369 3742 des
387 3717 552 3746 avauntdites
572 3718 666 3756 issues,
684 3717 836 3756 eschaetes,
853 3719 886 3749 &
906 3719 1029 3758 wardeS,
1049 3729 1064 3749 e
1085 3719 1160 3749 mariv
1188 3728 1216 3749 es
1254 3728 1270 3749 e

221 3749 323 3793 tylem,
340 3758 355 3777 a
373 3752 420 3781 nui
441 3762 515 3783 autre
536 3765 572 3784 ne
592 3755 724 3794 durruns,
741 3765 935 3795 graunteruns‚
952 3767 991 3787 ou
1003 3757 1142 3794 1errouns3
1191 3767 1204 3786 r
1217 3741 1270 3786 sul-

222 3786 309 3817 liiunt
331 3786 365 3816 ke
380 3789 398 3817 si
415 3791 517 3821 wardes
529 3802 567 3821 ou
582 3795 713 3833 manages
726 3794 838 3824 deivent
853 3794 924 3825 estre
939 3795 1031 3826 vendu
1067 3795 1087 3825 si
1102 3795 1187 3825 seient
1202 3804 1272 3826 ven-

224 3824 263 3855 du
284 3835 299 3854 a
317 3823 359 3855 lur
378 3826 486 3862 plenere
504 3830 597 3869 value,
615 3841 631 3860 e
651 3842 689 3862 co
702 3842 750 3872 par
763 3832 858 3862 nostre
871 3833 992 3871 conscii,
1009 3843 1025 3863 e
1038 3818 1065 3864 ie
1077 3833 1154 3864 avoir
1166 3832 1201 3862 de
1216 3842 1271 3862 ceo

223 3863 352 3894 surdaunt
374 3874 390 3893 a
411 3874 461 3894 nos
481 3875 590 3909 propres
613 3869 716 3908 usages‚
731 3881 769 3900 ou
789 3881 804 3900 a
817 3881 867 3901 nos
881 3871 968 3901 dettes
979 3873 1104 3909 aequiter
1136 3870 1234 3900 solunc
1246 3871 1271 3901 la

245 3911 381 3969 ἓτὲςζιηεϊε
400 3901 435 3931 dc
456 3912 571 3935 meimes
589 3906 614 3935 le
632 3907 760 3947 Cunseil,
779 3909 841 3938 seia
854 3917 935 3939 turne
947 3909 1026 3940 solun
1040 3920 1094 3940 ceo
1107 3893 1145 3939 kil
1158 3916 1273 3939 verrunt

299 3949 306 3968 i
330 3949 345 3968 a
368 3949 420 3970 ere.

248 3976 306 4019 ji,
326 3987 372 4013 par
393 3976 513 4020 ensoun‚
530 3979 548 4008 si
568 3980 666 4010 voluns
685 3992 701 4010 e
722 3991 845 4013 ottreuns
866 3983 901 4014 ke
914 3984 1009 4014 nostre
1022 3984 1134 4015 Conseil
1147 3982 1272 4015 avantdit

227 4022 266 4045 eit
281 4024 349 4053 poet
361 4015 397 4046 de
409 4014 538 4047 ordeiner
546 4038 555 4053 ,
565 4025 581 4046 e
592 4017 706 4050 adreffer
718 4020 803 4052 l'estat
816 4021 849 4053 de
863 4022 956 4052 nostre
970 4022 1099 4062 Hostell,
1113 4021 1205 4054 solum
1217 4030 1272 4052 ceo

675 126 1448 181 CONVENTIONES,
1504 127 1889 178 LITERAE‚

1304 214 1342 244 kil
1355 223 1470 245 verrunt
1485 213 1519 244 ke
1531 223 1618 246 menz
1630 212 1682 248 sert
1695 227 1710 247 a
1723 215 1781 247 fere
1793 227 1809 247 3
1821 216 1917 247 nostre
1932 224 2002 253 prou
2012 238 2021 253 ,
2035 224 2052 246 e
2064 224 2080 246 a
2093 214 2188 246 nostre
2198 215 2309 247 honour
2378 211 2455 245 Asin.
2469 207 2514 244 D.

1343 253 1385 296 E,
1403 253 1423 283 si
1431 262 1491 311 ¹'par
1504 261 1636 285 aventure
1649 255 1706 285 null
1719 255 1788 295 eyde
1801 265 1853 285 nus
1865 255 1913 285 seit
1924 262 2039 294 graunte
2051 254 2087 284 de
2097 264 2151 285 nos
2165 254 2229 285 feals
2239 265 2255 284 a
2267 236 2363 285 nostre
2397 262 2483 290 1271.
2558 257 2562 261 ’

1305 292 1412 330 passage
1470 292 1629 330 avauntdit‚
1647 303 1686 324 ou
1707 294 1743 324 de
1763 294 1787 324 la
1806 293 1920 332 Clergie
1939 302 1988 332 pas
2006 293 2068 323 lour
2079 293 2205 323 curteisie
2216 292 2362 330 demeine,
2378 298 2440 321 Hen.
2452 303 2477 328 3.

1306 339 1344 360 ou
1357 339 1404 367 par
1419 329 1444 360 la
1453 337 1550 368 graunt
1562 330 1589 360 le
1603 330 1759 372 Apostoyle
1770 342 1808 362 ou
1823 331 1859 361 de
1875 331 1978 362 blaunc
1992 330 2133 372 Moynes,
2148 341 2187 361 ou
2199 330 2235 361 de
2246 340 2313 370 gent
2326 330 2362 361 de
2377 329 2394 346 ’θ
2409 333 2431 358 Ι.
2445 331 2510 365 872.

1304 377 1382 397 autre
1402 368 1554 407 Religion,
1571 369 1671 400 volons
1692 370 1727 400 ke
1747 378 1791 400 tot
1807 368 1853 400 seit
1870 380 1886 400 a
1900 369 1994 400 nostre
2008 378 2056 400 oes
2069 372 2168 409 garde,
2185 379 2222 400 en
2236 378 2364 410 meymoe

1303 406 1329 436 la
1342 407 1434 436 furme
1448 406 1483 436 ke
1496 407 1575 436 desus
1587 406 1629 437 est
1642 408 1716 446 dite,
1734 419 1751 438 e
1763 408 1879 438 mesmes
1892 408 1917 439 la
1930 408 2014 439 chose
2030 417 2173 448 grantoms
2192 417 2228 438 en
2242 407 2313 439 dreit
2326 407 2363 438 de

1307 445 1332 474 la
1346 445 1439 482 dette,
1455 445 1490 474 ke
1503 444 1639 485 Lewelyn
1653 445 1755 476 Prince
1768 447 1804 477 de
1818 446 1916 477 Wales
1928 457 1980 477 nus
1994 447 2062 478 deit.

1343 480 1382 512 Et
1403 491 1445 513 tus
1466 493 1530 513 ceus
1556 482 1650 514 choses
1668 495 1773 515 avouns
1795 493 1909 524 graunte
1931 485 1973 515 iffi
1993 495 2029 515 ne
2047 495 2100 526 pur
2120 493 2224 522 quaunt
2245 484 2289 517 k'a
2305 494 2362 515 nos

1305 520 1472 559 Chevalers,
1487 521 1634 560 Serjaunz,
1653 521 1751 553 Vailez
1771 523 1804 554 &
1828 522 1996 563 Garcouns,
2013 523 2041 553 ki
2064 533 2135 553 nous
2155 531 2206 554 unt
2220 522 2305 562 servi,
2324 523 2360 554 ke

1305 567 1354 602 ren
1376 569 1415 589 ou
1435 567 1579 600 poyount,
1596 566 1635 590 ou
1648 560 1684 590 de
1697 573 1748 592 nus
1763 571 1815 602 por
1828 562 1869 591 lur
1883 561 1977 593 travail
1991 573 2038 602 par
2052 561 2170 591 mesmes
2181 561 2276 592 nostre
2290 572 2362 593 con-

1305 597 1350 627 seil
1370 597 1388 627 si
1410 607 1516 635 purveu
1530 598 1566 627 ke
1580 599 1622 628 lur
1638 599 1697 629 asez
1712 601 1754 630 lur
1768 600 1816 630 seit
1829 599 1885 639 fet,
1904 601 1924 631 si
1934 600 1990 631 tost
2001 610 2086 631 come
2099 600 2154 630 l'en
2168 609 2247 630 verra
2259 600 2310 631 luis
2324 601 2359 632 δε

1305 643 1364 665 tens
1377 635 1467 666 solom
1481 637 1524 666 lur
1536 636 1664 675 deferres,
1681 647 1698 667 e
1710 639 1799 669 solum
1813 638 1840 668 le
1853 647 1912 669 tens
1927 649 1943 668 e
1957 639 1982 669 la
1996 649 2110 669 manere
2123 638 2159 668 de
2173 637 2236 668 lour
2247 638 2358 676 servise3

1305 683 1320 703 e
1334 673 1397 704 sauz
1409 685 1425 705 a
1438 684 1490 705 nos
1504 675 1536 706 sis
1551 676 1613 706 vins
1626 675 1724 716 livers,
1740 687 1779 707 ou
1792 676 1907 715 deners,
1924 687 1940 710 a
1951 677 2046 708 donez
2058 676 2192 708 dedentre
2205 685 2266 708 tens
2278 687 2362 709 avau-

1304 720 1371 742 nant
1386 723 1488 752 nome,
1507 723 1555 753 par
1569 714 1705 753 parceles,
1720 725 1735 744 a
1749 714 1844 745 nostre
1857 717 1978 746 volente.

1341 750 1422 781 Estre
1444 762 1497 782 ceo
1518 762 1568 782 nus
1583 752 1683 783 voluns
1694 763 1710 783 e
1723 762 1867 784 ottreouns
1881 753 1916 784 ke
1930 755 1950 784 fi
1962 754 2027 785 nule
2039 754 2118 785 lettre
2132 753 2169 785 de
2179 752 2275 784 nostre
2288 752 2363 785 Curt

1304 788 1352 821 seit
1366 790 1482 833 purchas
1495 799 1630 822 encunter
1645 792 1707 821 iceo
1719 792 1812 822 nostre
1823 800 1939 831 graunte
1953 803 1970 823 e
1981 792 2074 823 nostre
2083 800 2313 834 ottrey,coment
2327 792 2364 823 ke

1303 827 1330 857 le
1351 828 1399 859 seit
1423 830 1596 867 purchacee,
1611 840 1649 860 ou
1671 840 1719 869 par
1761 839 1940 862 rocurement
1958 841 2055 862 envers
2077 841 2161 868 nous,
2180 841 2219 861 ou
2242 841 2278 861 en
2293 832 2358 862 nule

1303 875 1379 897 autre
1398 876 1527 906 manere,
1542 868 1612 898 icele
1632 868 1710 898 lettre
1750 878 1766 899 e
1778 869 1844 899 nule
1856 869 1935 900 force
1953 879 1990 900 ne
2004 870 2051 900 seit
2059 892 2069 908 ,
2085 880 2122 900 ne
2135 869 2170 900 de
2183 869 2248 900 nule
2261 871 2341 900 value
2350 893 2360 907 ,

1300 915 1346 972 {iel
1359 905 1422 935 nuls
1434 906 1470 937 de
1484 917 1537 937 nos
1549 906 1614 937 feals
1626 915 1663 936 ne
1677 905 1727 936 seit
1740 915 1827 938 teniiz
1841 908 1939 938 ocbeir
1952 918 1991 938 ou
2004 908 2172 940 l’execution
2187 908 2245 938 fere
2258 908 2294 938 de
2309 919 2358 939 ce·-

1311 954 1327 973 e
1349 952 1426 974 ettre.

1336 981 1377 1021 E,
1396 993 1432 1012 en
1448 984 1592 1024 tesmoyne
1609 983 1645 1013 de
1664 991 1746 1014 tuttes
1765 993 1812 1014 ces
1834 983 1947 1021 choses,
1963 983 2061 1015 icestee
2079 984 2170 1016 lettres
2189 995 2296 1016 avouns
2317 985 2356 1016 stet

1301 1019 1358 1050 sere
1377 1030 1504 1060 evertes,
1521 1032 1536 1052 3
1555 1022 1638 1053 duret
1657 1031 1704 1059 par
1718 1031 1757 1052 un
1769 1032 1806 1052 an
1820 1030 1918 1059 ente13
1935 1021 1978 1052 iffi
1992 1023 2028 1052 ke
2043 1033 2078 1053 en
2091 1023 2115 1054 la
2130 1023 2169 1053 fin
2183 1024 2218 1054 de
2233 1024 2302 1063 l’an,
2319 1035 2355 1055 en

1299 1057 1395 1090 nostre
1418 1060 1514 1100 plesir‚
1533 1070 1550 1090 e
1567 1071 1603 1091 en
1625 1061 1721 1090 nostre
1735 1060 1849 1091 volente
1861 1060 1909 1091 seit
1938 1070 1953 1090 a
1967 1061 2111 1092 renoveler
2123 1071 2162 1091 un
2177 1062 2249 1093 autel
2262 1063 2357 1102 escrit,

1300 1097 1319 1126 si
1340 1107 1390 1128 nus
1413 1109 1520 1129 veouns
1539 1099 1574 1130 ke
1588 1109 1626 1130 co
1638 1109 1690 1129 nus
1702 1098 1751 1129 seit
1766 1100 1843 1136 bon,
1857 1108 1895 1129 ou
1910 1082 1945 1128 ke
1957 1098 1995 1129 de
2006 1109 2061 1130 ceu
2071 1108 2133 1130 tens
2145 1109 2181 1130 en
2193 1109 2275 1131 avant
2287 1101 2353 1132 iceo

1298 1136 1391 1166 nostre
1409 1146 1508 1176 graunt
1527 1148 1542 1168 e
1564 1146 1654 1178 ottrey
1673 1137 1746 1168 celse
1763 1137 1801 1168 du
1815 1145 1874 1176 tot,
1889 1137 1910 1167 fi
1921 1146 1972 1167 nus
1984 1137 2085 1168 voluns
2100 1137 2140 1167 iffi
2154 1138 2206 1176 ke,
2224 1147 2286 1169 utre
2299 1149 2354 1170 ceu

1296 1182 1403 1214 terme,
1420 1187 1457 1207 ne
1468 1177 1575 1208 seiouns
1588 1184 1674 1208 tenuz
1686 1186 1701 1206 3
1715 1186 1764 1206 ren
1778 1176 1814 1207 ke
1827 1183 1951 1207 contenu
1965 1175 2006 1206 est
2019 1186 2055 1206 en
2069 1175 2129 1207 cest
2141 1175 2229 1207 escrit.

1333 1253 1421 1286 Done
1441 1267 1489 1294 par
1508 1256 1603 1287 nostre
1625 1267 1708 1297 meyn
1727 1267 1743 1287 a
1758 1254 1949 1288 Westmuster
1964 1280 1974 1295 ,
1999 1256 2025 1288 le
2038 1256 2171 1288 Sezzirne
2180 1258 2247 1296 jour
2260 1256 2296 1289 de
2312 1257 2354 1289 A·

1297 1294 1364 1324 veril
1373 1317 1382 1333 ,
1401 1295 1455 1325 l’an
1468 1295 1505 1326 de
1516 1295 1611 1327 nostre
1624 1295 1727 1336 Regne
1739 1296 1892 1334 cinquante
1906 1296 2012 1336 quinte.

1332 1429 1381 1461 De
1400 1428 1551 1462 Conduelu
1563 1440 1619 1476 pro
1638 1429 1770 1462 Nunciis
1787 1431 1974 1476 Margaretae
1991 1428 2140 1475 Comitaffie
2160 1428 2325 1464 flandriae.

1293 1513 1422 1568 REX
1440 1516 1589 1553 omnibus,
1605 1516 1665 1546 δίε.
1684 1515 1805 1546 salutem.
2367 1509 2443 1540 Ann.
2460 1510 2501 1542 D.

1401 1553 1480 1584 Cum
1496 1554 1621 1585 Nunciis
1634 1554 1745 1584 dilectae
1758 1551 1971 1592 consanguineae
1983 1551 2105 1592 nostrae,
2124 1552 2171 1584 M.
2191 1550 2352 1585 Comitiffae
2389 1558 2475 1587 1271·

1294 1591 1429 1622 Flandriae
1443 1616 1453 1631 ,
1474 1593 1551 1624 diem
1572 1592 1793 1633 praefixerimus‚
1819 1601 1916 1622 coram
1944 1591 2027 1621 nobis
2048 1592 2079 1622 in
2098 1591 2219 1623 crastino
2240 1592 2351 1624 Sanitae
2365 1591 2415 1615 An.
2433 1598 2469 1624 55
2471 1609 2480 1616 ·

1293 1629 1453 1670 Trinitatis,
1477 1632 1511 1662 ad
1534 1631 1714 1662 tractandum
1735 1630 1883 1662 nobiscum
1903 1629 1986 1673 super·
2000 1631 2229 1662 contentionibus
2245 1631 2278 1662 &
2299 1631 2353 1662 dis-
2364 1631 2400 1654 H.
2423 1636 2449 1663 3·

1295 1669 1413 1708 cordiis,
1430 1671 1497 1700 ortis
1517 1671 1588 1701 inter
1602 1680 1652 1700 nos
1669 1670 1702 1700 &
1717 1670 1862 1709 praefatam
1875 1667 2075 1707 Comitissam,
2366 1668 2424 1692 Pat.
2441 1673 2486 1700 55·-

1330 1706 1438 1750 'DiCtos
1456 1708 1591 1739 Nuncios
1613 1709 1646 1739 &
1660 1707 1726 1740 alios
1739 1707 1773 1738 ad
1788 1718 1840 1738 nos
1851 1716 1901 1752 per
1914 1706 2061 1750 praefatam
2077 1705 2256 1739 Comitiffiim
2270 1708 2354 1740 trans-
2368 1707 2403 1730 H.
2421 1712 2445 1740 3·
2456 1713 2483 1730 ⁷¹·

1296 1747 1448 1777 mittendos
1467 1757 1537 1778 curn
1555 1747 1660 1778 familia
1677 1747 1711 1778 &
1726 1747 1808 1777 rebus
1819 1748 1870 1777 suis
1880 1755 1909 1775 in
1924 1744 2084 1784 veniendo,
2103 1746 2259 1785 morando,
2273 1749 2306 1779 ὃ(
2323 1747 2357 1779 ad
2372 1751 2417 1768 ²⁰·

1297 1793 1385 1853 partes
1403 1785 1460 1816 suas
1476 1785 1636 1824 redeundo,
1653 1787 1682 1816 in
1695 1785 1799 1817 ialvum
1813 1783 1992 1817 condus-'cum
2006 1783 2134 1816 nostrum
2146 1783 2311 1826 suscepimus
2322 1788 2358 1819 ὃς

1310 1832 1426 1854 eeurum
1442 1834 1448 1853 t

1333 1861 1371 1893 Et
1391 1863 1457 1893 ideo
1477 1863 1558 1893 vobis
1573 1861 1737 1893 mandamus
1749 1859 1827 1901 quod
1840 1859 1943 1890 eisdem
1955 1859 2098 1899 Nunciis‚
2116 1861 2146 1892 in
2161 1862 2303 1893 veniendo
2319 1862 2355 1894 ad

1299 1910 1368 1940 nos,
1385 1911 1454 1932 cum
1467 1903 1561 1940 equis,
1577 1901 1722 1940 berneriis,
1739 1900 1772 1931 &
1784 1899 1840 1929 aliis
1852 1899 1933 1929 rebus
1945 1898 2013 1938 suis,
2031 1899 2139 1930 ibidem
2151 1901 2307 1940 morando,
2325 1902 2358 1932 &

1299 1939 1333 1970 ad
1352 1949 1440 1980 partes
1451 1940 1508 1972 suas
1520 1939 1682 1978 redeundo,
1700 1941 1769 1970 licut
1783 1937 1951 1976 praedictum
1963 1936 2022 1975 est,
2042 1938 2148 1968 nullam
2160 1939 2295 1979 inferatis,
2315 1941 2361 1971 vel

1297 1978 1395 2046 }nferri
1408 1980 1571 2017 permittatis
1587 1979 1732 2017 injuriam,
1747 1976 1922 2015 molestiam,
1938 1975 2110 2016 dampnum,
2126 1978 2362 2015 impedimentum

1308 2026 1342 2047 eu
1375 2027 1503 2048 favamen

1336 2025 1373 2085 15
1391 2057 1483 2095 cujus,
1502 2041 1562 2088 ἐκ.
1584 2055 1723 2087 duraturas
1740 2053 1825 2094 usque
1846 2052 1880 2083 ad
1894 2051 2018 2088 Odi-abas
2032 2050 2128 2084 83136ὶί
2139 2053 2276 2093 Johannis
2291 2053 2368 2092 Bap->

1301 2092 1389 2132 tistae,
1404 2097 1536 2132 proximo
1550 2094 1662 2126 futuras.

1335 2174 1424 2205 Teste
1437 2174 1520 2215 Rege
1533 2175 1607 2216 apud
1621 2174 1664 2205 W
1665 2174 1746 2205 estm.
1760 2173 1876 2205 decimo
1889 2173 1964 2203 sexto
1977 2171 2021 2204 die
2035 2171 2116 2204 Maii.

1298 2309 1347 2340 De
1379 2306 1548 2354 Judatsmo
1579 2307 1697 2354 Angliae
1730 2309 1805 2353 Regi
1832 2306 2019 2341 Alemanniae
2041 2316 2097 2352 pro
2126 2314 2203 2338 certo
2233 2314 2361 2352 tempore

1757 2354 1886 2400 conceffa.

1299 2440 1428 2498 REX
1445 2441 1595 2481 omnibus,
1614 2440 1674 2471 δίς.
1693 2440 1816 2471 salutem.
2372 2446 2449 2479 Ann-
2464 2447 2506 2479 D·

1408 2480 1506 2520 Cum,
1519 2489 1583 2511 ante
1597 2478 1735 2523 recessum
1748 2478 1879 2524 cariffirni
1893 2478 1941 2510 filii
1953 2478 2084 2511 Edwardi
2100 2479 2280 2524 primogeniti
2292 2488 2355 2510 ver-
2388 2496 2471 2525 1271·

1297 2521 1338 2552 sus
1357 2518 1477 2550 Terram
1499 2519 1622 2550 sandram
1642 2518 1799 2548 dederimus
1818 2518 1911 2549 eidem
1922 2516 2072 2553 ¹Edwardo
2083 2518 2127 2548 sex
2141 2518 2226 2548 millia
2241 2516 2356 2548 Marca—
2368 2529 2421 2554 Aa.
2435 2535 2481 2562 55,

1298 2570 1363 2591 rum
1374 2557 1409 2589 de
1419 2558 1563 2598 Judaismo
1576 2557 1673 2588 nostro
1686 2558 1715 2587 in
1729 2556 1878 2588 subsidium
1910 2557 2114 2597 eregrinationis
2126 2556 2198 2596 suae,
2369 2569 2403 2592 H.
2425 2574 2450 2601 3-

1336 2598 1385 2629 De
1403 2598 1504 2637 quibus
1523 2596 1638 2636 quidem
1659 2595 1703 2626 sex
1720 2595 1842 2626 millibus
1903 2605 2045 2634 arcarum,
2063 2595 2182 2635 exceptis
2194 2593 2357 2634 quibusdam
2371 2608 2430 2632 pas,
2459 2610 2487 2638 5,

1298 2636 1616 2706 Z‘gssgiissigasff'afflg
1627 2634 2055 2711 Ξξεὶἓέἐὲἓὲἒὲἶῗρῗὲῖηῗὼ
2070 2633 2252 2673 M³oe³r⁰¹¹¹²
2267 2633 2300 2664 ἃ
2316 2643 2359 2664 ⁶²·
2374 2646 2408 2670 ¹³·
2432 2651 2459 2677 ³·

1894 2693 1907 2702 ⁸-
2395 2702 2402 2709 ,
2419 2689 2428 2706 ι
2455 2700 2462 2706 .

1335 2713 1373 2744 Et
1388 2713 1442 2752 ipse
1485 2713 1524 2742 ius
1536 2711 1647 2749 noster,
1663 2720 1774 2740 moram
1786 2710 1891 2741 faciens
1902 2711 1932 2740 in
1946 2695 2036 2740 Te²rra
2051 2710 2158 2748 saneta,
2175 2719 2236 2740 non
2251 2709 2362 2740 medio-
2375 2691 2391 2709 n
2434 2685 2449 2717 ς

1300 2753 1381 2783 criter
1397 2752 1514 2790 pecunia
1525 2750 1646 2781 indioeat
1661 2749 1695 2779 ad
1710 2748 1908 2785 expensas-suas

1338 2790 1455 2830 Propter
1496 2789 1553 2819 uod
1576 2776 1728 2818 karissimus
1750 2785 1832 2815 frater
1853 2787 1887 2816 &
1907 2770 1991 2816 fidelis
2004 2784 2115 2823 noster,
2133 2784 2271 2829 Ricardus
2286 2784 2352 2816 Rex

1300 2828 1457 2860 Alemaniae
1478 2829 1485 2857 i
1498 2827 1600 2864 lustris,
1619 2825 1662 2855 illa
1682 2824 1740 2855 duo
1754 2824 1840 2854 millia
1854 2822 2036 2862 Marcarum,
2053 2833 2118 2862 quae
2131 2823 2210 2854 (116ὶο
2224 2823 2281 2853 filio
2297 2833 2362 2854 nos-

1301 2879 1346 2900 tro
1360 2879 1374 2899 a
1390 2875 1464 2897 retro
1476 2866 1537 2897 sunt
1549 2864 1584 2895 de
1598 2864 1643 2895 sex
1655 2863 1776 2894 millibus
1791 2861 1955 2893 Marcarum
1969 2861 2143 2901 supradictis,
2162 2862 2213 2900 ipsi
2224 2861 2282 2893 filio
2295 2872 2362 2893 nos-

1303 2917 1347 2939 tro
1360 2904 1477 2938 credidit
1491 2904 1525 2935 ad
1562 2913 1637 2933 reces
1652 2901 1757 2932 nostras
1777 2910 1784 2930 :

1339 2944 1406 2976 Nos
1426 2943 1518 2974 eidem
1567 2941 1662 2972 icardo
1677 2940 1752 2980 Regi
1763 2939 1838 2970 fratri
1850 2939 1949 2970 nostro
1984 2948 2037 2979 pro
2047 2939 2183 2979 praedieta
2197 2938 2364 2977 curialitate,

1302 2984 1380 3015 disto
1398 2982 1458 3013 filio
1471 2981 1570 3012 nostro
1581 2981 1668 3017 faeta,
1685 2977 1874 3010 concessimus
1888 2962 1966 3018 quod
1977 2978 2052 3016 ipse,
2072 2979 2106 3009 &
2119 2985 2299 3016 executores,
2317 2979 2363 3008 vel

1302 3022 1349 3054 affi
1389 3023 1426 3052 ati
1452 3020 1489 3051 sui
1512 3020 1630 3050 habeant
1651 3020 1684 3050 &
1707 3025 1819 3048 teneant
1856 3016 2011 3047 udaismum
2028 3016 2172 3054 nostrum,
2197 3017 2230 3048 &
2248 3015 2364 3055 Judaeos

1302 3032 1411 3092 ῃοίξῖοε
1432 3059 1542 3099 Angliae
1563 3068 1578 3088 a
1592 3056 1675 3088 Festo
1689 3055 1785 3087 Sancti
1840 3055 1967 3094 ichaelis,
1985 3065 2061 3085 anno
2076 3054 2200 3085 Domini
2215 3054 2363 3086 millesimo

1303 3098 1495 3131 ducentesimo
1509 3096 1708 3138 septuagesimo
1724 3095 1817 3133 primo
1826 3117 1836 3131 ,
1847 3093 1933 3132 usque
1947 3093 1980 3125 ad
1993 3093 2109 3138 Festum
2122 3093 2218 3124 Sanffl
2234 3092 2365 3124 Michae-

1304 3140 1335 3170 lis
1356 3138 1485 3177 proximo
1505 3136 1531 3166 se
1551 3145 1619 3166 uens
1632 3158 1651 3173 ,„
1664 3143 1712 3172 per
1733 3141 1822 3162 unum
1844 3142 1951 3163 annum
1966 3155 1976 3171 ,
2001 3131 2131 3163 Videlicet
2138 3154 2148 3170 ,
2169 3141 2238 3162 com
2258 3131 2365 3170 letum,

1305 3188 1357 3223 pro
1375 3175 1512 3218 praedictis
1573 3173 1683 3204 duobus
1704 3171 1825 3201 millibus
1844 3170 2010 3202 Marcarum
2024 3170 2105 3202 dicto
2118 3169 2178 3201 filio
2190 3172 2241 3201 noi
2256 3180 2289 3200 ro
2303 3180 2365 3201 cre-
2378 3183 2394 3201 a
2411 3183 2506 3220 1·873·

1305 3217 1502 3285 dliltz‘stilicet
1521 3249 1598 3291 quod
1616 3249 1709 3288 Judaei
1730 3248 1817 3291 nostri
1840 3249 1950 3289 Angliae
1971 3248 2015 3278 illa
2027 3247 2086 3278 duo
2100 3246 2186 3292 millia
2201 3245 2364 3291 Marcarum

1304 3294 1383 3324 (116ὶο
1401 3292 1474 3322 fratri
1496 3290 1609 3326 nostro,
1629 3289 1755 3318 terminis
1772 3288 1926 3326 subscriptis
1941 3310 1951 3326 ‚
1977 3287 2084 3318 solvent
2105 3286 2176 3316 infra
2196 3285 2365 3324 praedieium

1306 3329 1640 3410 msstdmssefflrilifficgztir’iffl
1656 3364 1824 3404 Michaelis,
1841 3375 1918 3396 anno
1933 3364 2057 3409 Domini
2072 3362 2220 3393 millesimo
2231 3361 2367 3393 ducente—

1306 3410 1377 3440 simo
1390 3407 1587 3446 septuagesimo
1600 3413 1708 3443 primo,
1726 3403 1863 3435 sexcentas
1876 3404 2030 3443 sexaginta,
2048 3403 2082 3433 &
2096 3401 2141 3432 sex
2153 3400 2282 3440 Marcas,
2295 3401 2366 3431 0610
2403 3431 2406 3434 ,

1305 3447 1406 3478 solidos
1438 3446 1539 3476 decem
1554 3443 1697 3480 denarios,
1715 3443 1748 3473 &
1763 3443 1901 3482 obolum,

1345 3485 1379 3517 In
1399 3469 1483 3517 I=²est0
1503 3480 1724 3512 Resurreetionis
1739 3481 1905 3512 Dominicae
1919 3481 2052 3519 proximo
2066 3478 2210 3524 sequente,
2225 3478 2364 3509 sexcentas

1307 3523 1445 3564 sexaginta
1459 3523 1492 3553 &
1506 3521 1550 3552 sex
1562 3519 1691 3558 Mamas,
1709 3519 1779 3550 0610
1792 3520 1909 3559 solidos,
1926 3519 1959 3550 &
1973 3518 2073 3549 decem
2085 3517 2211 3548 denarios
2216 3540 2226 3556 ,
2242 3519 2275 3549 ὃς
2288 3517 2364 3547 obo-

1311 3563 1388 3631 1013,
1399 3597 1484 3630 Festo
1503 3595 1598 3627 Sanffi
1621 3595 1766 3627 Michaelis
1780 3598 1913 3638 proximo
1928 3595 2073 3640 sequente,
2088 3594 2225 3639 sexcentas
2234 3592 2367 3636 sexaginta

1311 3639 1345 3671 ὃς
1365 3638 1409 3668 sex
1428 3635 1558 3681 Mamas,
1575 3634 1645 3665 0610
1664 3635 1781 3674 solidos,
1800 3638 1833 3668 ὃς
1852 3635 1987 3666 undecim
2003 3633 2142 3672 denarios,
2160 3636 2215 3663 line
2235 3630 2366 3660 dilatione

1312 3677 1442 3752 Ultgtliwsi
1456 3713 1486 3742 in
1500 3711 1635 3743 solutione
1652 3713 1795 3752 praedffiiae
1806 3713 1936 3751 pecuniae
1950 3712 2077 3741 terminis
2090 3707 2242 3755 praedictis,
2257 3704 2302 3749 vel
2315 3714 2365 3736 eo-

1313 3761 1377 3783 rum
1395 3750 1489 3795 aliquo
1510 3750 1676 3790 defecerint,
1695 3751 1827 3796 volumus
1841 3750 1919 3789 quod
1934 3750 2001 3780 dieii
2012 3748 2105 3788 Judaei
2118 3746 2197 3778 dieto
2210 3743 2284 3774 fram
2299 3751 2365 3774 nos-

1313 3788 1788 3867 troEfft'urffiZrssigtsefftiuarelagffiinffi
1801 3788 2200 3864 ξῃςξὲἔειῑίἰὶῗιξῗῐιιναιῗεξῶοηιω,
2217 3819 2283 3863 huic
2298 3830 2369 3865 con-

1313 3865 1429 3898 ceffioni
1448 3865 1553 3896 nostrae
1576 3869 1781 3898 contrariorum
1816 3865 1909 3896 dietus
1929 3864 2010 3894 frater
2023 3860 2117 3892 noster
2128 3859 2208 3888 fuerit
2221 3859 2371 3903 impeditus

1313 3904 1467 3944 quominus
1488 3904 1594 3935 dietam
1631 3907 1761 3936 ecuniam
1780 3889 1862 3933 dietis
1881 3901 2005 3946 terminis
2025 3900 2114 3932 levare
2135 3895 2235 3936 possit,
2253 3905 2321 3928 tunc
2335 3898 2369 3929 li·-

1313 3950 1375 3973 ceat
1395 3943 1420 3972 ei
1438 3942 1544 3973 tamdiu
1559 3941 1597 3980 Ju
1634 3945 1638 3949 '
1651 3953 1731 3974 mum
1746 3941 1875 3972 nostrum
1889 3950 1918 3969 in
1932 3948 2016 3969 rnanu
2029 3937 2074 3980 sua
2088 3943 2183 3978 tenere
2191 3958 2201 3973 ,
2216 3935 2310 3966 donec
2324 3935 2369 3967 su-

1312 3991 1362 4022 per
1395 3981 1518 4020 rincipali
1531 3980 1628 4013 debito
1639 3983 1673 4013 &
1686 3990 1766 4020 paena
1778 3978 1910 4019 praedffia
1924 3976 2007 4006 fuerit
2020 3974 2070 4004 sibi
2084 3973 2258 4004 satisfactum.

1419 4029 1436 4050 c
1459 4028 1553 4051 autem
1565 4020 1779 4061 concessionem
1792 4016 1871 4048 dieto
1883 4014 1958 4045 fram·
1970 4012 2069 4044 nostro
2081 4011 2215 4050 fecimus,
2231 4011 2307 4044 salvis
2318 4021 2373 4081 ng
