2570 4261
4 295 81 328 Arm.
95 293 134 325 D.

26 342 110 373 ¹302·

7 377 74 400 Εάν.
93 382 116 400 i.

7 1536 83 1568 Ann.
97 1535 138 1568 D.

27 1585 114 1616 1303.

7 1618 58 1642 An.
76 1624 89 1651 3
98 1624 121 1641 ι.

7 1657 36 1680 E.
55 1662 79 1680 1.

6 1695 63 1718 Rot.

6 1729 130 1757 aleman.

7 1771 87 1795 22.E.
100 1777 124 1794 ι.

6 1807 84 1844 nsque
93 1815 138 1843 31.

7 1854 45 1875 ρ).
57 1852 89 1880 5.

8 2626 83 2659 Ann.
99 2626 140 2659 D.

29 2676 114 2708 1303.

6 2710 59 2735 An.
75 2715 118 2746 31.

9 2748 40 2772 Ε.
54 2754 62 2771 ι
82 2749 138 2772 Rot.

6 2783 127 2810 Alcman.

6 2825 141 2856 ,ΕΛ-ηις.

8 2859 140 2896 ‘II-915.

700 204 810 245 ET
874 204 1144 246 ACTA
1203 202 1669 255 PUBLICA.

186 289 325 321 Edwardo
337 287 463 327 Principi
477 288 592 320 Walliae
606 288 640 320 &
655 288 768 319 Comiti
783 288 915 328 Cestriae,
932 289 991 320 filio
1011 289 1100 326 Regis
1107 287 1212 319 karissi-

152 339 217 369 mo,
241 328 317 367 quod
341 328 370 357 in
384 326 567 367 Civitatibus,
584 328 644 358 &c.
662 328 733 358 infra
746 328 909 366 potestatem
922 328 1018 366 suam,
1034 328 1142 359 dietam
1157 325 1213 357 suf-
1254 326 1272 357 fi

152 367 317 406 fcrentiam,
334 365 394 401 &a
414 374 445 396 ut
451 365 546 410 ficpra.
816 405 822 410 ·
983 405 989 411 .
1058 404 1064 410 .
1088 405 1094 410 υ
1138 404 1142 409 ¹

186 407 308 446 Johanni
324 405 361 435 de
381 404 503 441 Hasting
527 403 681 434 Senescallo
701 403 862 442 Vascomae,
890 405 966 443 quod
981 415 1011 434 in
1026 402 1212 444 Civitatibus,

153 446 213 476 &c.
239 444 312 475 infra
332 443 479 474 Ducatum
493 442 680 481 praedictum,
696 442 804 473 dietam
819 442 1026 482 sufferentiam,
1043 442 1104 478 dyc.
1123 449 1155 471 ut
1163 442 1213 481 su-

185 496 211 513 a.

147 493 184 523 pr
206 520 310 551 ohanni
332 519 453 557 Wogan
464 518 622 562 Justiciario
636 518 784 558 Hiberniae
790 543 804 563 ³.
817 519 894 557 quod
907 520 937 549 in
952 517 1138 558 Civitatibus,
1152 519 1213 550 &c-

153 558 541 634 mizaoisegr‘ssmdfisfflfssffli
546 555 1115 639 ‘cffiiomaisudffieiss'ii‘ffssai‘o’nfflhff'qffl'iaffi
1131 586 1214 626 civi.

154 638 273 675 tatibus,
297 637 358 667 δίε.
381 635 454 665 infra
467 634 564 665 Portus
579 633 746 672 praedieios,
763 635 870 666 dictam
883 633 1085 673 sufferentiam,
1102 633 1162 671 &a
1181 641 1213 664 ut

165 686 182 704 u
200 686 240 705 ra.

146 676 299 751 JpMajori
318 712 353 744 &
373 711 483 743 Ballivis
503 708 604 739 Portus
626 708 737 742 Dovor.

190 751 298 790 Majori
320 752 354 781 &
375 749 485 780 Ballivis
504 747 605 793 Portfis
625 748 660 778 de
682 749 843 781 Sandvvico.

173 789 300 829 vMajori
319 790 352 819 δε
371 787 480 817 Ballivis
500 785 601 817 Portus
620 786 655 816 de
677 787 720 818 W
740 788 872 820 nehelese.

188 828 298 867 Majori
319 827 353 857 &
373 825 482 855 Ballivis
500 824 602 855 Portus
620 825 656 855 de
678 826 703 857 la
743 829 777 858 ie.

190 865 301 904 Majori
320 865 353 895 ὃ(
368 863 478 894 Ballivis
499 863 599 894 Portsis
622 864 658 894 de
680 864 860 897 Faversham.

189 904 300 935 Ballivis
323 901 426 933 Portus
447 903 482 933 de
506 902 691 934 Romenhale.

188 941 300 974 Ballivis
322 940 423 972 Portus
444 941 480 971 de
502 941 661 978 Hastinges.

187 981 299 1012 Ballivis
323 979 425 1010 Portus
445 980 482 1010 de
503 979 606 1010 Hethe.

188 1019 299 1050 Ballivis
322 1017 423 1049 Portsis
446 1019 482 1049 de
505 1017 651 1049 Pevenese.

186 1057 296 1097 Majori
315 1058 349 1088 &
371 1057 481 1088 Ballivis
499 1056 535 1087 de
556 1057 743 1089 Gernemuth.

197 1097 307 1136 Majori
329 1097 362 1128 &
381 1095 490 1127 Ballivis
505 1095 588 1127 Villae
609 1096 644 1127 de
664 1096 798 1138 Bcrewyk
819 1095 897 1135 super
916 1094 1065 1127 Twedam.

187 1172 225 1204 Et
238 1172 400 1204 mandatum
412 1172 452 1203 est
467 1172 599 1203 Waltero
613 1172 649 1203 de
657 1171 892 1212 Agmodesham,
909 1172 1088 1204 Cancellario
1096 1170 1216 1218 Scotijcg,

153 1212 231 1250 quod
246 1223 294 1250 per
308 1212 409 1243 litteras
424 1211 514 1249 Regis
547 1211 596 1242 sub
611 1211 712 1248 Sigillo
726 1212 815 1250 Regis
830 1222 887 1250 quo
903 1211 966 1242 Rex
973 1213 1056 1242 utitur
1065 1211 1216 1248 inScotia,

152 1251 267 1287 lingulis
279 1249 504 1281 Vicecomitibus
546 1251 606 1286 egis
618 1258 699 1280 terrae
713 1250 783 1281 illius
797 1250 845 1281 det
859 1252 889 1280 in
905 1249 1058 1288 mandatis,
1075 1250 1150 1287 quod
1166 1250 1215 1287 ipsi

151 1290 183 1319 in
198 1288 386 1327 Civitatibus,
403 1287 520 1326 Burgis,
536 1287 630 1325 Villis,
648 1287 828 1330 Mercatoriis
842 1311 852 1327 ,
870 1286 908 1323 ὠ
921 1290 1054 1329 utsupra.
1072 1287 1145 1319 infra
1155 1287 1217 1320 Bal-

153 1327 221 1359 livas
231 1327 307 1366 suas,
319 1327 427 1359 dietam
440 1326 629 1358 sufferentiam
634 1348 646 1365 ,
663 1325 725 1361 ὠνε-
744 1328 874 1366 utsupra.

445 1451 618 1498 Rattficatio
637 1453 757 1500 Treugae
770 1451 923 1499 praedislae.

154 1536 238 1594 LE
253 1536 313 1569 Roi
331 1547 349 1569 a
369 1545 450 1569 toutz
470 1547 552 1576 cem,
576 1539 606 1577 qi
625 1547 671 1569 ces
695 1536 830 1576 presentes
849 1536 938 1568 lettres
960 1545 1098 1576 verrom,
1121 1537 1213 1568 salutz.

243 1577 365 1608 Sachetz
386 1587 456 1608 nous
472 1586 539 1608 aver
559 1587 631 1616 veu,
653 1586 670 1608 e
690 1575 828 1617 regarde,
844 1586 860 1607 e
873 1574 994 1608 entendu
1005 1576 1043 1607 les
1056 1576 1148 1607 lettres
1164 1587 1215 1608 nos

153 1614 249 1648 foiaux
263 1617 296 1647 &
309 1615 418 1654 loiaux,

189 1696 287 1723 Amez
302 1692 334 1723 de
350 1695 467 1723 Sauvoie
481 1715 492 1730 ,
516 1689 557 1727 ᾤ’

190 1734 282 1762 Henri
295 1732 327 1761 de
345 1730 459 1761 Nichole
475 1734 607 1761 Countett

190 1775 227 1801 A
221 1780 302 1811 ymar
319 1770 351 1800 de
368 1768 478 1799 Valente
489 1792 500 1808 ‚

193 1812 261 1839 Otei·
274 1809 313 1841 ,de
329 1811 495 1846 Grantzon,

192 1851 326 1881 Amanen
337 1848 370 1877 de
383 1845 408 1878 le
421 1849 510 1886 Bret,
527 1845 677 1878 chevalers
687 1857 697 1876 .·

188 1885 335 1916 Guilliame
345 1886 377 1916 de
390 1884 545 1925 Grenefi’ud
554 1889 631 1916 Deen
646 1886 678 1916 de
688 1883 814 1925 cicestre,
830 1883 870 1920 &-

186 1925 254 1955 Roh'.
267 1926 299 1955 de
313 1926 336 1954 Ρ
332 1924 444 1963 ykering
458 1924 620 1963 Chainoigne
631 1923 821 1964 d'Everwyk,

185 1961 367 1997 Contenantz
380 1960 406 1992 la
419 1960 514 1992 forme
530 1970 585 2000 que
600 1961 717 1993 s'ensuit.

166 2059 168 2063 -
187 2039 215 2071 A
235 2042 325 2071 toutz‘
334 2043 415 2077 celis,
438 2039 479 2077 qi·
488 2042 534 2069 ces
547 2038 680 2077 presentes
694 2038 801 2069 Lettres
812 2038 978 2070 verront'ou
988 2046 1102 2077 orront,
1119 2036 1215 2069 Ainez

151 2075 188 2109 de
202 2077 294 2119 Savoy
302 2101 312 2117 ,
329 2076 388 2113 «ἕνα
401 2084 484 2117 prout
489 2077 574 2148 {ipra
590 2081 617 2107 in
630 2079 755 2107 traffatu
767 2076 831 2118 usq,-
852 2077 908 2107 haec
922 2077 1027 2115 verba,
1042 2077 1100 2107 viz.

189 2115 214 2148 E
235 2127 305 2148 nous
327 2115 449 2148 Edward
519 2117 549 2147 oi
561 2115 751 2157 d’Engleterre
758 2115 898 2154 avantdit,
915 2116 940 2146 le
955 2115 995 2146 dit
1010 2115 1122 2154 Ottroi,
1147 2124 1214 2153 pro-

157 2154 264 2197 meffe,
286 2165 302 2186 e
322 2155 360 2186 les
373 2156 442 2187 dites
455 2140 606 2194 beffinses,
622 2154 766 2194 ratefiom,
783 2163 899 2195 agreom
912 2155 946 2186 &
959 2163 1137 2193 approvom,
1154 2162 1215 2184 ten-

153 2194 238 2227 dmm
251 2205 268 2226 e
301 2193 432 2225 arderom
444 2193 611 2225 fermement
625 2205 642 2225 e
656 2195 818 2226 loiaument.

186 2232 231 2300 {sn
244 2236 271 2261 i‘e·
278 2234 398 2300 lmoigne
412 2232 448 2263 de
460 2232 547 2264 cestes
558 2230 669 2272 choses,
677 2242 775 2266 avonis
786 2231 826 2265 fet
833 2240 934 2265 mettre
947 2230 1043 2263 nostre
1049 2229 1131 2263 Scala
1139 2229 1215 2262 ceste

154 2279 188 2309 pr
215 2278 262 2301 ent
289 2278 364 2301 ettre.

185 2342 271 2377 Donj
281 2356 300 2378 a
321 2345 457 2388 Odyharn
467 2342 496 2380 'le
512 2357 557 2380 10.
570 2347 636 2387 jour
649 2347 835 2388 deJanevoir.

199 2489 417 2522 Procuratoria
433 2487 470 2522 de
487 2487 645 2522 traslana'o
656 2488 749 2535 staper
765 2486 978 2531 refhrmatione
990 2487 1075 2532 pacis
1091 2487 1170 2518 inter

473 2541 563 2585 Reges
578 2537 694 2585 Angliae
710 2538 746 2575 ὠ·
763 2538 904 2570 Francia.

230 2628 294 2661 EX
309 2630 454 2669 universis,
470 2629 614 2669 praesentes
626 2630 727 2661 litteras
740 2627 914 2667 inspecturis,
930 2627 1053 2659 salutem.
1111 2666 1116 2673 ι

157 2634 221 2701 R
257 2669 383 2701 Noverit
396 2669 570 2700 Universitas
586 2668 676 2699 vestra
689 2667 763 2707 quod
778 2677 846 2706 nos,
863 2667 899 2697 de
912 2666 1040 2698 fidelitate
1049 2667 1216 2697 &circum-

156 2707 298 2746 spectione
317 2707 488 2738 dileetorum
508 2709 541 2739 &
564 2707 687 2740 fidelium
708 2705 888 2744 nostrorum,
905 2705 1059 2736 Nobilium
1073 2706 1219 2744 virorum,

155 2746 278 2777 Amadei
298 2745 442 2777 Sabaudiae
454 2747 487 2778 δε
501 2746 623 2777 Henrici
636 2746 671 2776 de
684 2745 761 2786 Lacy
778 2743 1122 2789 Lincolniuesslomitum,
1137 2742 1219 2774 Con-

154 2783 371 2822 sanguineorum
391 2784 568 2824 nostrorum,
584 2786 644 2816 *ὃς
659 2784 774 2815 Ottonis
785 2783 819 2814 de
834 2782 1027 2813 Grandissono
1036 2782 1219 2822 Militis,ple-

158 2832 225 2853 nam
240 2822 371 2854 fiduciam
384 2824 539 2861 optinentes
552 2847 560 2862 ,
578 2824 649 2862 ipsos
663 2822 771 2853 nostros
784 2822 917 2860 facimus,
934 2821 1093 2852 ordinamus
1106 2822 1139 2852 &
1148 2831 1218 2852 con-

158 2861 297 2892 stituimus
310 2872 392 2893 veros
406 2863 439 2893 ὃς
453 2862 590 2902 legitimos
606 2862 820 2898 Procuratores,
838 2860 871 2890 ὃς
885 2860 1018 2891 Nuncios
1032 2860 1174 2898 speciales:

193 2900 301 2931 Dantes
314 2900 432 2940 eisdem,
450 2901 483 2932 ὃς
496 2900 602 2932 duobus
616 2900 738 2939 ipsorum
756 2899 785 2938 (si
799 2909 896 2929 omnes
909 2899 1017 2929 insimul
1031 2909 1088 2929 non
1097 2910 1218 2930 concur-

156 2939 227 2977 rant)
246 2939 421 2979 generalem,
439 2940 569 2978 plenam,
587 2940 621 2970 ὃ(
636 2940 753 2970 liberam
770 2937 949 2976 potestatem,
966 2947 1000 2968 ac
1017 2938 1218 2975 specialeman-

156 2977 267 3016 datum,
291 2978 427 3008 tractandi
446 2978 481 3008 de
503 2978 702 3009 reformatione
717 2979 790 3015 pacis
805 2977 837 3007 &
854 2976 1015 3006 concordiae
1033 2978 1105 3018 inter
1121 2988 1171 3007 nos
1184 2978 1217 3008 &

157 3014 426 3046 Excellentiffimum
443 3015 607 3054 Principem
623 3016 783 3054 Philippum
799 3014 910 3054 Regem
927 3015 1053 3046 Franci-:e
1068 3015 1219 3054 illustrem,

157 3063 192 3084 ac
208 3054 242 3084 de
255 3054 324 3093 hiis,
343 3064 405 3092 quae
417 3054 450 3084 ad
466 3065 564 3092 pacem
582 3057 735 3093 pertinent,

191 3092 228 3123 Et
243 3092 321 3130 super
334 3093 465 3122 omnibus
477 3094 510 3123 ὃς
519 3093 626 3133 singulis
633 3093 787 3131 discordiis,
805 3093 922 3132 guerris,
938 3092 1219 3132 litibus,controver-

157 3129 217 3168 slis,
235 3131 334 3168 causis,
352 3130 566 3170 quaestionibus,
581 3132 724 3170 dampnis,
743 3133 862 3171 injuriis,
882 3132 1074 3170 petitionibus,
1091 3132 1219 3163 &afflo-

159 3169 257 3207 nibus,
275 3170 392 3200 realibus
406 3171 439 3201 &
452 3169 653 3208 personalibus,
671 3178 752 3208 atque
765 3172 872 3209 mixtis,
891 3180 953 3208 quae
967 3169 1089 3212 fuerunt,
1107 3171 1220 3209 &sunt,

159 3208 206 3238 vel
228 3207 285 3239 effe
304 3208 413 3247 possent
435 3209 504 3240 inter
526 3218 595 3247 nOS,
619 3209 757 3247 &ipsum
775 3209 905 3250 Regum,
921 3212 1069 3240 occalione
1085 3218 1220 3248 quacum-

183 3256 234 3276 ue:

160 3256 182 3284 q
196 3284 241 3315 Ac
263 3286 410 3317 trasiatum
425 3285 584 3330 hujusmodi
595 3295 770 3330 quacumque
783 3286 913 3317 firmitate
928 3286 1063 3325 vallandi,
1084 3285 1220 3331 petendi,

149 3321 306 3367 stipulandi
320 3347 330 3363 ,
348 3325 519 3363 recipiendi,
537 3324 686 3363 retinendi,
705 3324 880 3369 pacrscendi‘,
898 3325 1109 3365 componendi,
1126 3325 1220 3356 transi-

160 3361 245 3400 gendi
253 3384 263 3399 ,
280 3363 489 3401 concordandi,
500 3364 533 3394 &
546 3363 748 3393 conveniendi:

196 3399 232 3429 Et
251 3401 280 3429 in
301 3410 393 3432 certos
412 3401 487 3432 diem
508 3402 541 3433 &
555 3402 671 3440 locum,
689 3401 787 3440 quibus
801 3401 890 3432 dietus
906 3404 966 3433 Rex
982 3402 1106 3433 Franciae
1119 3403 1152 3433 &
1169 3411 1221 3432 nos

161 3438 336 3475 personaliter
358 3441 556 3470 conveniamus
573 3463 582 3478 ,
605 3440 624 3470 si
644 3439 773 3477 expedire
794 3440 931 3478 viderint,
956 3440 1162 3479 consentiendi,
1184 3450 1219 3471 ac

163 3475 274 3507 eosdem
283 3476 361 3508 diem
375 3478 408 3508 δε
421 3477 518 3508 locum
533 3478 631 3508 nostro
647 3479 764 3508 nomine
779 3480 957 3517 acceptandi:

197 3515 321 3554 Treugas
342 3516 396 3546 five
416 3514 622 3555 sufferentiam,
646 3515 694 3546 sub
710 3516 931 3556 quibuscumque
943 3517 1035 3549 forma
1051 3518 1095 3549 vel
1109 3517 1196 3548 modo
1208 3539 1220 3556 ,

163 3552 235 3584 dieti
249 3553 445 3585 Procuratores
457 3553 560 3593 nostri,
577 3563 622 3586 aut
635 3554 691 3585 duo
709 3555 834 3593 ipsorum
847 3563 1018 3594 oportunum
1025 3556 1160 3595 viderint,
1178 3557 1221 3586 in-

163 3592 261 3623 eundi:

198 3631 248 3700 ξος
267 3630 335 3700 ipisas
355 3639 476 3670 treugas,
498 3630 554 3661 sive
575 3629 759 3662 sufferentiam
772 3631 907 3671 vallindi,
923 3631 1070 3672 firmandi,
1088 3634 1121 3664 ὃ(
1136 3633 1220 3664 etiam

164 3678 198 3700 xo
238 3681 287 3700 ran
307 3681 334 3701 i:

204 3706 296 3737 Diem
317 3710 349 3737 ὃ(
366 3716 489 3745 treugas,
506 3707 552 3737 seu
565 3706 747 3738 firffierentiam
761 3708 934 3747 hujusmodi,
956 3708 1039 3739 semel
1058 3710 1091 3741 δε
1106 3709 1222 3748 pluries,

163 3747 292 3784 quotiens
303 3745 432 3783 expedire
445 3746 598 3784 videbitur,
616 3746 799 3783 prorogandi:

235 3783 357 3822 uodlibet
371 3785 455 3815 etiam
468 3794 554 3822 genus
568 3785 635 3815 liciti
648 3784 834 3823 Sacramenti,
850 3785 1010 3817 inanimam
1019 3785 1141 3817 nostram
1148 3796 1221 3824 prae-

165 3819 224 3851 stan
243 3823 269 3862 i,

204 3859 249 3891 Ac
263 3862 359 3893 omnia
372 3862 404 3893 δί
418 3860 522 3898 singula
535 3860 671 3900 faciendi,
690 3872 751 3900 quae
764 3860 823 3891 sunt
837 3861 948 3898 pacis&
955 3863 1132 3901 concordiae,
1149 3862 1223 3894 &ad

166 3896 276 3935 plenam
297 3910 396 3938 pacem
410 3901 443 3931 &
457 3899 656 3938 concordiam,
673 3899 777 3930 valeant
792 3900 944 3942 pertinere,
961 3901 993 3931 &
1008 3911 1070 3939 quae
1084 3911 1135 3931 nos
1149 3901 1223 3931 face-

166 3936 377 4004 {Zffffemus'
400 3939 419 3969 si
431 3938 572 3977 praesentes
585 3937 717 3976 <effi-mus,
735 3939 818 3968 etiam
834 3940 854 3967 ii
866 3937 1028 3969 mandatum
1041 3941 1152 3976 exigant
1164 3939 1224 3977 spe-

205 4011 336 4044 volentes
354 4016 448 4046 omnia
468 4016 501 4046 &
525 4015 642 4053 singula,
668 4012 814 4044 necessai‘ia
832 4014 866 4045 &
877 4013 953 4044 utilia
967 4013 1001 4044 ad
1015 4014 1176 4045 faciendum
1190 4016 1224 4045 &

151 4050 369 4088 ·complendum
395 4052 547 4091 praemissa,
571 4052 766 4097 &quodlibet
777 4051 996 4092 pi-aemiflbmm,
1011 4063 1064 4092 pro
1077 4053 1225 4092 specialiter

167 4087 296 4126 expreffis
307 4090 340 4122 &
353 4092 516 4125 enumeratis
528 4092 632 4124 haberi„

2261 238 2309 269 21

1291 289 1484 326 promittentes
1503 297 1629 337 insuper,
1643 309 1706 344 'pro
1724 301 1805 333 nobis
1820 303 1853 334 ὃς
1865 302 2020 337 haeredibus
2036 305 2150 347 nostris,
2172 316 2260 341 ratum
2278 312 2311 342 &
2332 320 2397 352 Am
2414 315 2458 351 ,D

1274 339 1367 375 rmum
1395 334 1509 374 habere,
1533 337 1567 367 δε
1586 337 1723 383 habituros
1740 342 1872 380 quicquid
1893 353 1941 381 per
1960 345 2050 376 dictos
2070 346 2261 380 Procuratores
2275 351 2309 381 &
2356 367 2369 388 1
2393 345 2428 398 63
2457 343 2463 351 Α

1255 367 1386 401 Nuncios
1400 373 1523 413 nostr0s,
1540 375 1583 406 vel
1596 376 1687 407 duosi
1709 377 1815 418 sorum,
1832 383 1860 410 in
1875 380 1967 413 forma
1981 383 2100 422 superius
2112 387 2233 424 expressa
2260 398 2309 425 ge-
2332 368 2390 426 Ed}
2412 382 2441 425 ,f

1254 405 1346 446 stum,
1369 410 1463 452 aetum
1481 413 1515 443 ὅ(
1530 413 1642 457 ,factum
1649 439 1660 455 ,
1677 388 1721 446 [ἕω
1734 417 1816 448 etiam
1830 429 2007 457 procuratum
2021 422 2101 455 fuerit
2114 425 2143 454 in
2153 411 2313 465 praemiffis,
2394 420 2398 425 ’

1255 445 1289 475 &
1305 447 1650 493 quolibetqpraemifforum.

1289 483 1377 529 Super
1395 489 1491 525 quibus
1503 491 1698 530 approbandis,
1715 495 1854 534 tenendis,
1870 496 2020 537 servandis,
2037 499 2168 531 faciendis
2180 501 2213 533 δε
2229 510 2311 533 com·

1254 521 1361 591 prllegdis
1372 547 1382 563 ,
1405 536 1476 566 nos,
1500 528 1534 560 δε
1553 529 1675 560 haeredes
1696 531 1802 562 nostros
1814 556 1824 572 ,
1847 535 1881 566 &
1902 536 1975 567 bona
1986 536 2077 569 nostra
2092 540 2187 570 omnia
2204 540 2311 580 obliga-

1292 599 1328 630 }:t
1341 599 1397 631 hoc
1411 604 1540 634 omnibus
1560 615 1678 643 quorum
1689 607 1816 647 interest,
1833 610 1877 641 vel
1892 611 2016 644 interesse
2029 615 2135 655 potest,
2151 624 2196 647 aut
2212 618 2311 654 poterit

1253 636 1286 681 in
1296 637 1434 684 futurum,
1452 641 1635 679 significamus
1648 654 1696 683 per
1710 646 1757 677 has
1771 646 1869 678 litteras
1880 649 1982 682 nostras
1996 663 2133 693 patentes,
2149 654 2236 696 Sigilli
2248 654 2310 687 nos<

1253 683 1288 706 tri
1300 685 1454 710 munimine
1468 680 1616 713 roboratas.

1292 751 1359 784 Dat.
1379 755 1449 792 apud
1470 756 1604 798 Odyham
1620 769 1664 790 ιο,
1681 759 1727 792 die
1735 760 1875 803 Januarii,

1308 793 1315 799 ῃ
1417 795 1421 800 ·
1890 772 1965 795 anno
1977 762 2098 796 Domini
2114 776 2196 810 ¹303·
2215 767 2313 808 Regni

1254 800 1324 822 vero
1338 793 1423 824 nostri
1437 804 1482 836 31.

1301 919 1346 953 De
1368 918 1583 967 Indempnitate
1601 934 1658 970 pro
1681 924 1888 960 collefforibns
1909 927 2025 963 decimae
2050 941 2070 962 a
2096 933 2175 978 Rege
2190 941 2259 977 per-

1734 984 1827 1019 ceptae.

1253 1048 1392 1120 REX
1408 1054 1553 1092 omnibus,
1570 1055 1605 1085 ad
1620 1065 1703 1096 quOS,
1720 1058 1780 1088 &c.
1798 1058 1919 1090 salutem.

1359 1088 1436 1120 Cum
1455 1102 1542 1130 nuper
1561 1092 1705 1138 Dominus
1720 1096 1877 1129 Bonifacius
1917 1098 2011 1130 divina
2034 1102 2222 1141 providentia,
2240 1099 2313 1141 Papa

1254 1126 1398 1166 oetavus,
1423 1137 1513 1174 totum
1534 1133 1567 1162 ὅ(
1589 1134 1721 1177 quicquid
1734 1135 1768 1178 de
1782 1121 2000 1174 qmbuissumque
2010 1138 2142 1178 decimis,
2159 1143 2187 1171 in
2203 1141 2312 1180 quibus-
2331 1154 2356 1176 A

1255 1175 1377 1209 cumque
1397 1166 1519 1207 Regnis,
1540 1170 1609 1214 loeis
1628 1172 1661 1202 ὃς
1683 1173 1819 1213 partibus,
1843 1175 1875 1205 &
1892 1176 2108 1214 quibuscumque
2123 1180 2312 1219 temporibus,
2331 1192 2361 1215 E.
2377 1197 2400 1215 i.

1255 1203 1325 1248 olim
1338 1227 1349 1243 ,
1372 1215 1421 1242 per
1441 1207 1633 1253 Apostolicam
1647 1210 1765 1249 Sedem,
1782 1213 1811 1242 in
1827 1221 1907 1244 terrae
1922 1214 2032 1244 Sandtae
2044 1214 2208 1255 subsidium,
2224 1219 2312 1256 depu-
2329 1230 2387 1254 Par.
2419 1235 2463 1263 3¹⁷

1256 1250 1315 1272 tatis
1322 1265 1332 1280 ,
1358 1252 1408 1280 per
1430 1254 1495 1283 nos,
1521 1247 1565 1277 vel
1577 1247 1677 1287 alium,
1694 1245 1739 1279 seu
1753 1250 1836 1289 alios,
2278 1257 2292 1262 ”

2334 1071 2408 1104 Ann.
2423 1068 2461 1103 D.

2361 1120 2444 1151 ¹303·

2357 1160 2373 1177 n
2401 1160 2447 1187 3¹·

1333 1281 1338 1286 ι
1408 1280 1418 1289 Λ
1528 1286 1532 1290 Ι
1568 1287 1572 1291 .
1853 1251 1936 1290 usque
1948 1252 1980 1282 ad
1998 1262 2124 1290 quartum
2139 1253 2180 1284 Id.
2199 1256 2312 1294 Martii,
2330 1268 2359 1290 Ε.
2386 1273 2410 1290 i.
2478 1277 2481 1280 ·

1258 1279 1574 1328 Pontificatus'praedieli
1590 1286 1710 1330 Domini
1726 1286 1808 1326 Papae
1819 1300 1892 1319 anno
1906 1290 2040 1329 septimo,
2058 1293 2248 1331 percepimus,
2267 1296 2311 1325 vel
2330 1311 2367 1329 m,
2387 1310 2431 1339 37.

1255 1318 1291 1348 ad
1313 1329 1363 1350 nos
1382 1330 1513 1361 pertinet,
1537 1325 1635 1363 nobis,
1663 1326 1823 1358 audieritate
1837 1327 1987 1366 apostolica
2000 1352 2010 1368 ,
2028 1330 2064 1360 de
2077 1340 2151 1360 mera
2173 1332 2259 1368 gratia
2272 1343 2314 1362 re-

1257 1357 1375 1396 miserit,
1400 1360 1434 1390 &
1454 1360 1595 1406 donaverit
1616 1374 1666 1402 per
1686 1364 1743 1395 suas
1763 1366 1860 1397 litteras
1874 1367 1999 1405 bullatas,
2016 1367 2097 1399 nobis
2108 1369 2173 1399 inde
2185 1369 2316 1410 directas,

1258 1405 1374 1434 quarum
1389 1405 1467 1428 tenor
1484 1400 1541 1431 talis
1554 1400 1611 1440 est,

1295 1472 1450 1505 Bonifacius
1463 1475 1630 1517 Episcopus,
1647 1477 1707 1513 &st
1721 1486 1803 1518 prout
1803 1480 1889 1521 ftpra
1896 1480 1949 1522 fol.
1959 1483 2024 1514 862.
2033 1497 2049 1524 †
2059 1486 2130 1515 Dat.
2139 1486 2274 1516 Lateran.
2283 1495 2316 1526 4.
2335 1483 2351 1508 †
2362 1483 2408 1510 Vid
2416 1481 2466 1520 fol.

1259 1512 1302 1541 Id.
1322 1515 1426 1543 Martii
1438 1514 1618 1557 Pontlficatus
1633 1519 1831 1558 annoseptinm.
2334 1521 2466 1557 8⁶²*ast“

2335 1570 2360 1587 ΓΕ
2372 1571 2397 1587 [0
2407 1570 2432 1586 m

1296 1587 1339 1618 Ex
1352 1597 1447 1634 tenore
1459 1591 1492 1634 St
1507 1593 1605 1624 virtute
1618 1592 1765 1626 litteratum
1778 1595 1939 1627 earumdem
1953 1597 2096 1630 manifeste
2111 1598 2316 1640 constat‚qu0d
2337 1567 2449 1634 mJa'gin‘

1257 1625 1358 1657 decem
1377 1629 1450 1658 milia
1465 1629 1611 1675 hbiarum,
1629 1643 1691 1670 quae
1705 1634 1788 1664 bonae
1802 1637 1960 1674 memotiae,
1978 1636 2157 1678 Edmundus,
2176 1640 2317 1678 quondam
2338 1644 2464 1664 ”Mamm—

1258 1663 1366 1696 Comes
1386 1667 1566 1713 Issycesp⁴iae,
1585 1680 1731 1714 germanus
1744 1672 1853 1711 noster,
1873 1675 1935 1711 (pro
1947 1676 2107 1712 quibusdam
2120 1678 2208 1708 arduis
2221 1677 2319 1709 nostris

1257 1703 1291 1733 &
1311 1703 1403 1744 Regni
1422 1706 1507 1737 nostri
1521 1710 1658 1748 negotiis,
1678 1718 1744 1741 tunc
1757 1713 1786 1741 in
1800 1711 1938 1743 vasconia
1951 1715 1984 1744 ὅ(
2000 1714 2081 1752 alibi,
2098 1725 2131 1744 ex
2145 1717 2317 1754 injunctione

1256 1742 1290 1772 &
1305 1744 1442 1788 'mandato
1456 1745 1552 1776 nostro
1566 1747 1692 1788 speciali,
1709 1750 1896 1788 expediendis)
1912 1751 1928 1780 a
1941 1753 2142 1784 venerabilibus
2158 1756 2279 1792 patribus
2288 1755 2315 1794 J.

1256 1780 1462 1824 wintoniensi,
1478 1784 1511 1815 &
1527 1784 1566 1816 O.
1585 1786 1936 1829 LincolnienliEpiicopis,
1953 1790 2057 1821 dudum
2066 1792 2314 1824 collectoribusde-

1255 1828 1355 1857 cimae,
1379 1832 1429 1859 per
1449 1821 1493 1853 sex
1511 1834 1596 1854 annos
1617 1825 1646 1855 in
1666 1825 1814 1857 subsidium
1835 1836 1914 1858 terrae
1937 1829 2046 1859 San&ae
2060 1831 2088 1859 in
2102 1830 2207 1868 Regno
2222 1831 2318 1862 nostro

1256 1858 1412 1898 conceffae,
1437 1871 1486 1899 per
1503 1860 1664 1894 Dominum
1684 1864 1823 1896 summum
1844 1866 2012 1898 Pontificem
2033 1871 2180 1908 deputatis,
2198 1870 2234 1900 de
2247 1881 2317 1907 prce-

1256 1905 1341 1934 cepto
1354 1899 1468 1938 nostro,
1486 1902 1655 1940 nomineque
1668 1902 1763 1934 nostro
1775 1906 1895 1944 recepit,

1295 1935 1340 1980 Ad
1354 1940 1429 1981 cujus
1442 1940 1567 1976 pecuniae
1579 1939 1743 1972 solutionem
1755 1942 1836 1973 dietis
1847 1944 1983 1983 patribus,
2000 1945 2044 1976 vel
2060 1947 2114 1984 eis,
2133 1947 2163 1977 in
2174 1947 2247 1978 dista
2256 1946 2316 1978 col-

1255 1971 1383 2005 lectionis
1403 1978 1498 2008 officia
1518 1977 1742 2018 succedentibus,
1765 1980 1921 2013 faciendam
1934 1983 2024 2014 dictus
2039 1983 2161 2023 Comes,
2180 1995 2227 2023 pet
2242 1986 2315 2024 suas,

1256 2012 1290 2042 &
1305 2035 1315 2050 ,
1340 2024 1391 2052 pro
1419 2015 1520 2060 eodem
1549 2016 1664 2049 Comite
1676 2041 1686 2056 ,
1720 2018 1892 2051 Mercatores
1916 2020 1951 2051 de
1972 2022 2108 2054 Societate
2130 2022 2267 2055 Piillicum
2281 2025 2315 2055 δε

1257 2051 1277 2071 ²*
1296 2050 1568 2094 Rembercinorum,
1593 2056 1629 2087 de
1649 2056 1808 2097 Florentii,
1832 2069 1880 2098 per
1900 2059 2021 2098 ipsorum
2043 2061 2139 2092 litteras
2159 2063 2186 2094 se
2207 2063 2316 2103 obliga-

1256 2098 1337 2129 runt,

1259 2143 1274 2173 .'
1291 2129 1409 2169 Nosque
1424 2131 1604 2169 postmodum
1618 2133 1715 2165 litteras
1728 2135 1833 2166 nostras
1847 2135 1882 2167 de
1897 2137 2094 2176 indempnitate
2110 2137 2168 2170 fieri
2182 2139 2318 2180 fecimus,

1256 2178 1285 2198 in
1305 2168 1357 2213 hac
1371 2179 1462 2209 parte,
1479 2180 1536 2201 tam
1549 2171 1624 2203 fratn'
1635 2173 1747 2212 nostr0,
1764 2175 1797 2205 &
1813 2174 2036 2214 Mercatoribus,
2053 2177 2137 2215 qu'am
2150 2180 2232 2209 etiam
2247 2178 2318 2209 Col-

1255 2206 1404 2251 leeloribus
1419 2211 1591 2250 memoratis,
1612 2210 1802 2243 munificentia
1817 2213 1886 2244 sedis
1899 2214 2076 2254 apostolicae,
2093 2219 2320 2257 utpraemittitur‚

1255 2246 1336 2275 nobis
1350 2246 1442 2286 faeta,
1460 2256 1590 2287 tanquam
1605 2249 1639 2280 ad
1653 2260 1723 2288 opus
1735 2250 1861 2282 nostrum
1877 2252 1976 2290 capti,
1991 2254 2024 2284 &
2039 2255 2068 2284 in
2082 2256 2227 2286 utilitatem
2235 2255 2318 2295 Reg-

1256 2285 1286 2314 ni
1299 2285 1385 2316 nostri
1401 2287 1555 2326 conversa,
1572 2288 1628 2319 sine
1641 2288 1813 2320 dubitatione
1829 2290 1948 2328 qualibet
1960 2291 2152 2333 includuntur,

1292 2322 1409 2362 Propter
1430 2326 1506 2364 quod
1529 2327 1634 2357 dileetis
1655 2328 1735 2358 nobis
1750 2329 1779 2359 in
1793 2326 1908 2360 Christo
1918 2354 1923 2359 .
1933 2355 1939 2360 .
1949 2353 1969 2360 ..
1984 2330 2088 2361 Abbati
2101 2331 2137 2362 de
2152 2331 2318 2373 &Valthamfi

1258 2362 1291 2393 &
1307 2361 1426 2393 Decano
1440 2364 1533 2395 Sanffi
1549 2364 1625 2396 Pauli
1638 2366 1769 2397 London.
1787 2368 1815 2397 in
1831 2367 1917 2398 dietae
1931 2368 2050 2399 decime
2065 2370 2231 2401 collectione
2264 2382 2316 2404 rae-

1256 2401 1337 2431 dietis
1359 2400 1480 2433 Patribus
1502 2402 1669 2443 subrogatis,
1695 2405 1793 2442 pluries
1808 2406 2013 2445 mandavimus,
2030 2408 2085 2439 &i
2106 2409 2152 2447 sis,
2169 2409 2218 2440 sub
2245 2411 2314 2441 oris-

1258 2439 1363 2470 factura
1382 2442 1527 2480 omnium,
1551 2452 1613 2481 quae
1634 2443 1715 2474 nobis
1735 2443 1890 2474 forisfacere
1908 2443 2016 2483 possent
2038 2447 2066 2476 in
2083 2419 2187 2485 fiegno
2201 2448 2317 2487 nostro,

1258 2486 1399 2516 praecepto
1412 2479 1557 2518 litterisque
1570 2480 1668 2511 nostris
1682 2481 1717 2512 de
1732 2482 1932 2521 indempnitate
1947 2494 1979 2514 ac
1994 2483 2183 2516 munificentia
2197 2485 2316 2518 Domini

1258 2516 1368 2547 Summi
1391 2516 1550 2558 Pontificis,
1567 2519 1600 2550 &
1612 2520 1695 2550 etiam
1710 2520 1834 2558 periculo
1848 2521 1924 2560 quod
1939 2522 2035 2560 nobi5‚
2052 2523 2085 2554 &
2097 2524 2266 2564 haeredibus,
2283 2535 2318 2557 ac

1257 2553 1456 2598 Executoribus
1469 2556 1625 2588 testamenti
1639 2558 1765 2600 praedicti
1778 2559 1864 2590 fratris
1877 2559 1978 2599 nostri,
1995 2560 2045 2591 nisi
2058 2561 2143 2594 dicJtae
2157 2562 2252 2594 litterae
2267 2573 2315 2595 ce-

1258 2592 1338 2623 lenus
1352 2594 1566 2635 restituerentur,
1583 2596 1672 2634 posiet
1683 2596 1719 2627 de
1734 2597 1807 2628 facili
1821 2600 1949 2637 evenire,

1293 2631 1393 2663 Diei-as
1413 2633 1510 2665 litteras
1529 2635 1718 2674 obligatorias,
1734 2635 1767 2667 &
1779 2636 1901 2666 similiter
1917 2637 2015 2668 litteras
2026 2637 2130 2669 nostras
2141 2638 2176 2670 de
2189 2639 2321 2679 indemp-

1259 2670 1343 2700 nitate
1358 2671 1477 2709 prcefatis
1491 2671 1710 2713 CoHectoribus,
1726 2682 1757 2704 ut
1772 2675 1961 2713 praemittitur,
1977 2675 2079 2716 factas,
2097 2687 2159 2715 quae
2168 2687 2250 2716 penes
2260 2679 2320 2709 eos-

1259 2708 1326 2739 dem
1340 2710 1481 2740 Abbatem
1494 2712 1527 2742 &
1543 2711 1692 2742 Decanum
1705 2712 1871 2751 residebant,
1890 2715 1986 2752 nobis,
2003 2714 2102 2753 absque
2115 2715 2259 2755 cujussibet
2265 2717 2320 2748 dif-

1260 2745 1384 2778 ficultatis
1397 2748 1557 2789 obstaculo,
1574 2751 1735 2781 exhiberent
1751 2752 1784 2782 ὃς
1798 2751 1967 2782 restituerent
1979 2752 2108 2792 indilate,

1298 2786 1411 2825 Qiibus
1429 2788 1541 2825 quidem
1565 2789 1675 2826 litteris,
1698 2790 1778 2820 nobis
1794 2790 1904 2820 tandem
1919 2800 1967 2828 per
1978 2790 2135 2829 hujusmodi
2147 2801 2319 2832 praeceptum

1260 2824 1385 2855 nostrum
1406 2827 1550 2865 exhibitis,
1577 2827 1642 2865 ipsas
1658 2828 1772 2866 litteras,
1788 2835 1917 2866 tanquam
1931 2829 2080 2866 specialiter
2095 2840 2145 2860 nos
2157 2840 2318 2871 tangentes,

1261 2864 1365 2894 ratione
1378 2864 1461 2895 dietae
1475 2867 1600 2903 peciuiiae
1612 2866 1742 2904 summae,
1760 2867 1787 2896 in
1803 2867 1930 2904 praedicti
1936 2867 2147 2906 DominiPapae
2156 2868 2322 2900 munificen-

1261 2903 1315 2940 tia,
1341 2911 1370 2933 ut
1391 2904 1554 2940 praedictum
1577 2904 1635 2942 est,
1652 2904 1777 2942 inclusae,
1794 2906 1921 2935 duximus
1935 2906 2105 2944 retinendas,
2122 2917 2181 2937 non
2194 2907 2321 2939 obstante

1262 2940 1455 2977 piotestatione
1476 2952 1523 2980 per
1546 2942 1693 2980 praedieffos
1715 2944 1854 2974 Abbitem
1873 2945 1906 2974 &
1922 2942 2071 2975 Decanum
2088 2945 2161 2982 prius
2175 2945 2271 2976 emissa

1260 2979 1312 3009 illis
1337 2980 1429 3010 litteris
1450 2981 1627 3019 rehabendis,
1644 2991 1725 3020 quas,
1743 2990 1772 3012 ut
1786 2980 1953 3021 asserebant,
1970 2982 2004 3013 ad
2019 2982 2223 3021 inspiciendum
2239 2984 2323 3015 nobis

1261 3018 1426 3048 tantomodo
1439 3019 1612 3049 tradiderunt.

1279 3063 1282 3065 ’
1295 3057 1345 3087 Ne
1359 3058 1368 3086 i
1388 3058 1439 3087 itur
1452 3058 1553 3095 iidem,
1572 3057 1666 3088 Abbas
1680 3058 1713 3089 &
1730 3056 1878 3097 DecanuS,
1895 3058 1939 3089 vel
1947 3068 2045 3089 eorum
2055 3058 2207 3098 Ecclefiae,
2223 3060 2321 3099 damp-

1260 3106 1329 3125 num
1337 3107 1371 3127 ve
1388 3097 1539 3133 periculum
1546 3095 1655 3133 aliquod
1665 3097 1800 3127 incurrant
1808 3097 1990 3135 imposterum
2000 3106 2032 3127 ex
2041 3098 2094 3128 hac
2104 3099 2198 3136 causa,
2205 3102 2323 3136 promit—

1260 3135 1343 3166 timus
1351 3144 1401 3173 pro
1409 3135 1488 3164 nobis
1500 3136 1531 3166 &
1540 3134 1693 3176 heredibus
1701 3135 1813 3173 uostris,
1827 3136 1937 3166 eosdem
1945 3159 1955 3174 ,
1965 3136 2103 3167 Abbatem
2111 3137 2143 3167 &
2153 3136 2301 3168 Decanum
2311 3159 2323 3176 2

1261 3173 1293 3203 ὃ(
1303 3184 1400 3204 eorum
1411 3173 1554 3211 Ecclesias,
1560 3176 1647 3203 verius
1655 3172 1814 3204 Dominum
1821 3172 1923 3211 Papam
1932 3185 1964 3205 ac
1973 3175 2037 3205 alios
2047 3175 2238 3213 quoscumque
2246 3175 2323 3213 supet

1262 3215 1413 3282 retfintione
1431 3212 1580 3281 Ιίῐὲῗϊαωω
1599 3210 1794 3249 praedictarum
1812 3212 1974 3251 indempnes
1992 3214 2099 3252 penitus
2116 3214 2286 3245 conservare-

1321 3262 1334 3281 i
1347 3261 1440 3289 cujus,
1479 3259 1515 3280 ἐ.

2335 2069 2470 2109 *1191st

1297 3327 1385 3360 Teste
1402 3327 1485 3367 Rege
1501 3326 1572 3366 apud
1592 3325 1717 3365 Langele
1737 3336 1781 3358 11.
1799 3326 1845 3358 die
1864 3325 2014 3358 Februarii.

2063 3386 2116 3413 Per
2134 3380 2284 3415 Concilium.

1395 3511 1495 3554 Papae,
1524 3509 1560 3545 (ῤ’
1582 3503 1794 3539 Cardinalibus
1807 3534 1817 3551 ,
1845 3508 1944 3540 littera
1965 3505 2000 3539 de
2018 3506 2184 3543 erodentia.

1263 3592 1473 3664 SAnffiffinio
1488 3593 1517 3621 in
1532 3590 1648 3622 Christo
1662 3591 1745 3622 Patri.
1764 3592 1894 3622 Domino
1907 3592 1939 3623 B·
1958 3591 2052 3622 divina
2073 3592 2264 3631 providentia,
2281 3591 2322 3624 sa-
2342 3598 2416 3631 Αῃῃ,
2432 3597 2471 3631 Dc

1321 3632 1470 3664 crosanuae
1492 3630 1629 3660 Romanae
1643 3653 1651 3667 ,
1675 3641 1707 3660 ac
1728 3630 1882 3661 universalis
1901 3630 2031 3661 Ecclesia:
2050 3631 2158 3660 sumi-iao
2173 3631 2322 3671 Pontifici,
2366 3647 2449 3678 1303·

1263 3671 1426 3708 Edwmdus,
1443 3668 1562 3707 ejusdem
1578 3668 1685 3707 gratia,
1703 3668 1768 3698 Rex
1782 3669 1909 3708 Angliae,
1927 3670 1986 3700 δίε,
2004 3667 2104 3699 devota
2116 3669 2218 3706 pedum
2230 3670 2322 3701 oscula
2340 3681 2392 3704 An.
2411 3686 2456 3713 3¹·

1264 3710 1415 3740 beatorum.
2341 3719 2370 3742 E.
2395 3725 2418 3742 1,

1302 3745 1505 3778 Accedentibus
1525 3743 1559 3774 ad
1583 3744 1738 3775 Sant‘litatis
1758 3744 1855 3775 vestrae
1871 3744 2039 3783 praesentiam
2053 3744 2212 3776 Venerabili
2227 3744 2320 3785 Patre,
2339 3758 2394 3780 Rot.
2414 3752 2455 3781 cl.

1264 3785 1396 3816 Domino
1415 3784 1466 3814 W.
1492 3781 1627 3813 Coventr.
1643 3784 1676 3813 ὃς
1698 3783 1826 3813 Lichfeld
1844 3782 1986 3821 Episcopo
2002 3782 2183 3814 Thesaurario
2201 3785 2296 3815 nostro
2309 3807 2320 3824 ‚
2342 3795 2426 3826 31-2'·
2448 3798 2472 3818 1.

1264 3825 1296 3855 &
1312 3832 1438 3862 praecaro
1451 3820 1530 3851 nobis
1551 3819 1694 3858 Magistro
1711 3821 1830 3851 Barthol.
1848 3822 1882 3851 de
1903 3821 2048 3851 Ferentino
2069 3820 2221 3852 Canonico
2243 3823 2320 3853 Lon-
2339 3839 2375 3858 m.
2392 3828 2473 3856 141„

1263 3863 1329 3892 don.
1350 3862 1395 3896 (de
1410 3869 1527 3898 quorum
1542 3867 1661 3896 expertae
1679 3857 1813 3890 fidelitatis
1832 3859 1983 3889 constantia
1998 3882 2008 3897 ,
2026 3859 2129 3890 sincera
2143 3861 2171 3890 in
2190 3860 2321 3891 Domino

1264 3899 1367 3930 fiducia
1387 3898 1585 3966 iiuiwpkonimur)
1613 3897 1689 3936 super
1702 3898 1837 3936 aliquibus
1850 3907 1900 3927 nos
1912 3897 2139 3935 contingentibus
2151 3899 2325 3937 exposuimus

1264 3947 1386 3969 mentem
1401 3940 1447 3966 nol
1464 3945 1519 3966 ram

1304 3976 1469 4006 Clementia:
1487 3958 1587 4004 vcl’lrae
1606 3973 1710 4004 devota
1730 3984 1844 4011 precum
1867 3973 1993 4004 instantii
2015 3973 2192 4012 supplicantes
2204 3983 2234 4006 ut
2245 3975 2331 4013 ipfis,

1266 4015 1310 4045 vel
1324 4024 1420 4044 eorum
1440 4013 1533 4049 alteri,
1549 4011 1630 4041 vobis
1651 4012 1722 4042 hanc
1744 4012 1859 4042 litteram
1875 4012 2045 4049 praesentanti
2055 4036 2065 4051 ,
2080 4012 2158 4051 super
2174 4013 2241 4052 hiis,
2259 4023 2323 4051 quae

1266 4054 1347 4083 vobis
1361 4061 1394 4082 ex
1408 4060 1482 4089 parte
1499 4049 1589 4080 nostra
1605 4050 1729 4080 duxerint
1743 4052 1921 4089 exponenda,
1942 4050 2020 4089 plena
2032 4050 2086 4082 fide
2104 4051 2214 4082 credere
2228 4052 2326 4092 digne·

1266 4099 1309 4122 tur
1323 4090 1411 4123 vestra
1425 4089 1569 4127 paternitas
1581 4087 1753 4120 ficroi‘aneta.
1805 4124 1834 4155 C
2292 4123 2328 4156 h
