2570 4261
724 142 835 185 ET
918 146 1183 189 ACTA

0 231 78 270 ignn,
90 232 130 263 D.
148 227 244 269 pedire
263 226 355 269 (super
377 237 436 268 quo
455 236 534 260 tuam
555 228 757 272 conscientiam
780 231 942 267 oneramus)
964 241 1033 262 cum
1048 232 1208 263 Nobilibus

26 272 109 306 1286.
148 269 299 307 saepefatis,
319 277 349 299 ut
363 269 434 298 inter
447 268 474 298 se
487 276 701 298 matrimonium
717 267 804 297 libere
817 270 982 300 contrahere
995 294 1004 308 ,
1015 271 1209 308 impedimen-

10 315 70 344 ων.
88 320 111 338 i.
150 315 182 338 to
203 318 262 338 non
283 307 412 337 obstante
427 305 582 344 praedicto,
602 306 635 335 &
649 306 678 334 in
691 305 730 336 sic
745 307 894 338 contradico
910 307 988 339 licite
1002 319 1148 340 remanere
1161 320 1210 341 va-

149 345 242 383 leant,
260 344 359 376 eadem
369 345 550 382 authoritate,
568 343 711 382 dispenses.

187 422 254 453 Dat.
273 422 384 452 Romae
404 419 478 457 apud
497 419 631 450 Sanctam
651 419 798 460 Sabinam,
817 431 845 452 2.
860 420 927 453 Idus
942 422 1042 453 Martii
1056 420 1209 453 Pontifica-

152 460 198 492 ’ὡς
212 460 299 492 nostri
312 469 388 490 anno
401 459 504 496 primo.

154 583 244 617 Bulla
268 581 304 616 de
327 585 534 629 prorogatione
549 584 685 627 tempori's
702 608 712 624 ,
744 580 878 629 affignati
897 586 970 629 Regi
985 582 1021 615 de
1040 582 1210 628 aſjumenda

199 643 286 664 cruce
304 656 314 671 ‚
347 643 368 663 a
392 629 472 673 Festo
497 628 670 672 Penteccstes
687 656 697 672 ,
721 631 811 677 usque
828 631 872 665 ad
888 631 1005 675 Festum
1022 633 1210 664 Nativitatis

200 680 304 714 Santii
320 678 474 726 Johannis
495 676 634 723 Baptistae.

0 776 74 810 mm,
97 773 128 805 D
156 765 366 830 HOnorius,
374 763 547 803 Episcopus,
565 762 657 793 servus
671 763 818 795 servorum
827 764 901 802 Dei,
919 764 1061 795 cariffimo
1075 765 1104 794 in
1112 763 1210 794 Chris-

27 799 112 846 123'6,
130 796 138 803 '
244 813 276 835 to
288 803 348 834 filio
376 842 380 846 Ι
416 841 421 846 .
440 801 584 833 Edwardo
597 801 671 842 Regi
686 802 796 843 Angli-a:
810 802 907 833 iiiustri
921 827 931 841 ‚
945 802 1061 834 saiutem
1072 803 1106 834 δε
1120 803 1212 841 Apos-

0 857 59 884 ιΔη.
71 863 113 888 ¹4·
154 844 269 876 tolicam
280 841 520 886 benedistionem.

8 897 38 922 Ε.
62 902 84 919 i.
194 880 379 912 Attendentes
401 879 537 910 laudabile
554 881 587 911 δε
602 880 709 911 salubre
729 880 905 918 propositum
919 905 928 919 ,
946 880 1024 918 quod
1038 880 1074 910 de
1087 879 1212 910 relevan-

157 920 199 951 dis
219 927 298 951 terrae
314 919 415 950 sanciae
437 920 640 958 gravaminibus
661 918 823 957 assumplisti
838 944 853 958 ,
873 921 899 950 ei
916 918 1090 958 personaliter
1102 918 1213 950 succur-

159 958 265 997 rendo,
282 967 315 988 ac
326 956 394 988 illud
405 957 551 997 benignius
566 958 778 996 prosequentes,

196 997 285 1036 Tibi,
302 996 338 1026 de
352 996 466 1026 fratrum
480 995 641 1027 nostrorum
654 996 772 1026 consilio
781 1021 791 1034 ,
809 1007 858 1035 per
872 996 935 1026 alias
950 996 1055 1027 nostras
1076 995 1125 1026 sub
1139 1003 1213 1025 certa

158 1037 251 1068 forma
269 1036 369 1066 litteras
384 1059 394 1073 ,
423 1034 563 1065 decimam
585 1034 834 1066 ecclesiasticorum
856 1034 1016 1065 reddituum
1037 1036 1070 1066 &
1091 1044 1213 1072 proven-

158 1083 257 1114 tuum,
274 1076 304 1105 in
320 1073 431 1113 Angliae
443 1075 478 1105 &
493 1073 599 1105 Scotiae
612 1074 721 1114 Regnis
735 1097 745 1111 ,
769 1084 802 1104 ac
817 1073 961 1112 Ybernia,
979 1074 1013 1105 &
1026 1072 1146 1111 Walliai,
1164 1081 1213 1110 per

157 1114 204 1145 sex
224 1121 312 1144 annos
334 1113 512 1150 (computato
531 1121 659 1151 tempore
673 1137 683 1151 ,
707 1122 756 1150 per
776 1112 854 1150 quod
866 1112 918 1143 fuit
933 1113 966 1150 a,
983 1111 1071 1142 felicis
1084 1110 1214 1142 recorda-

157 1153 242 1183 tionis
256 1177 266 1191 ,
291 1150 418 1182 Martino
440 1150 514 1189 Papa
528 1175 538 1189 ,
563 1151 764 1189 praedecessore
784 1151 899 1188 nostro,
917 1151 1068 1188 concessa,
1085 1151 1121 1180 ita
1136 1149 1214 1187 quod

157 1192 215 1229 ejus
231 1189 377 1222 concessio
390 1199 438 1227 per
451 1190 507 1220 hoc
524 1199 584 1219 non
598 1190 760 1219 immutetur
773 1201 783 1227 :,
801 1188 847 1219 sed
862 1191 891 1219 in
905 1188 955 1219 suo
970 1189 1074 1219 robore
1086 1195 1194 1218 maneat
1203 1211 1213 1225 ,

157 1231 192 1261 ἃ
206 1229 378 1260 Triennium
390 1227 520 1258 adiciatur
535 1227 638 1264 eidem)
655 1227 783 1257 duximus
799 1226 1020 1258 concedendam.

196 1267 275 1298 Cum
295 1275 390 1297 autem
409 1265 567 1304 hujusmodi
581 1265 795 1296 concessionem
808 1265 1015 1303 praedecell'oris
1030 1265 1128 1303 ipsius,
1146 1263 1215 1294 defi-

157 1307 296 1337 cientibus
315 1304 524 1335 conditionibus
546 1305 575 1333 in
595 1303 693 1334 eadem
716 1304 844 1341 appositis
858 1327 868 1341 ,
885 1313 945 1333 non
960 1303 990 1333 lit
1004 1303 1124 1334 dubium
1138 1303 1216 1333 defe-

157 1345 242 1383 cisse,
259 1343 429 1375 declaramus
447 1351 530 1380 atque
547 1341 722 1372 decernimus
745 1341 825 1380 quod
837 1365 847 1380 ,
872 1352 925 1379 pro
939 1351 974 1371 eo
987 1341 1065 1379 quod
1080 1343 1109 1371 in
1123 1341 1216 1371 litteris

156 1383 296 1423 praedicstis
316 1381 451 1411 addicitur
473 1381 545 1421 quod
561 1379 615 1419 ἠψπ
631 1379 747 1418 conceffio
762 1390 814 1409 non
827 1383 984 1409 immutetur
999 1384 1028 1409 in
1044 1379 1153 1420 aliquo,
1164 1379 1218 1419 fid

156 1426 186 1452 in
211 1433 242 1451 uo
257 1420 348 1450 robore
355 1418 526 1458 perftveret,
545 1418 654 1449 nullum
665 1418 844 1449 obstaculum
858 1418 904 1449 vel
920 1418 1113 1456 praejudicium
1134 1421 1216 1456 patia-

157 1463 209 1499 ris,
228 1460 379 1498 quominus
391 1458 496 1488 dietam
511 1457 668 1495 decimam,
687 1456 826 1494 praedietis
841 1456 1068 1495 conditionibus,
1087 1467 1134 1495 per
1149 1467 1218 1487 eun-

157 1500 225 1530 dem
245 1496 478 1536 praedecessorem
500 1496 629 1534 appositis
644 1520 654 1533 ,
680 1505 858 1534 nequaquam
880 1495 1078 1535 obstantibus,
1110 1497 1218 1535 integre

157 1538 291 1577 percipias
307 1546 355 1574 per
369 1534 414 1564 sex
428 1545 524 1564 annos.

196 1575 251 1613 Et,
270 1576 334 1612 quia
348 1575 377 1603 in
398 1573 449 1603 illis
469 1572 590 1612 partibus
610 1571 726 1603 diverfae
739 1596 748 1610 ,
765 1581 796 1604 ut
811 1571 931 1610 dicitur,
948 1570 1019 1603 fiunt
1149 1573 1220 1603 atio-

158 1624 209 1646 nes
229 1612 389 1644 reddituum
409 1613 444 1643 &
465 1618 656 1650 proventuum
669 1612 884 1650 praedictorum,
904 1610 1061 1649 statuimus,
1080 1618 1128 1649 ut,
1142 1613 1219 1650 juxta

159 1662 261 1684 verum
274 1651 401 1682 valorem
415 1660 533 1688 eorum,
551 1650 602 1679 tibi
614 1649 748 1687 praedicita
761 1649 871 1680 decima
887 1649 1062 1688 persolvatur.

198 1689 395 1722 Concedirnus
416 1698 533 1727 quoque
552 1688 604 1717 tibi
625 1689 813 1718 obventiones
836 1688 970 1726 quassibet
983 1712 993 1726 ,
1026 1690 1056 1718 iii
1079 1688 1219 1726 praedic'tis

159 1729 285 1769 Regnis,
304 1727 430 1758 Ybernia
443 1728 477 1760 &
495 1726 535 1756 W
537 1726 597 1756 allia
613 1750 623 1764 ,
646 1726 779 1765 deinceps
795 1727 915 1766 ejusdem
930 1735 1009 1757 terrae
1021 1727 1122 1758 sanetae
1136 1727 1221 1757 subsi-

159 1768 209 1798 dio
223 1773 414 1806 proventuras.

197 1807 276 1844 Quia
286 1814 356 1836 vero
365 1829 374 1843 ,
391 1803 426 1834 ad
439 1803 633 1835 assumendam
648 1813 764 1834 crucem
779 1804 807 1833 in
822 1803 908 1834 Festo
924 1803 1107 1835 Pentecoste-s
1123 1805 1218 1843 proxi-

159 1854 212 1876 mo
224 1852 364 1882 venturo,
382 1850 410 1873 te
423 1843 631 1881 consentiente,
649 1842 701 1873 tibi
714 1843 846 1873 terminus
862 1844 950 1874 exurit
965 1853 1013 1882 pei·
1027 1842 1136 1874 easdem
1153 1854 1221 1875 nos-

161 1891 212 1914 tras
226 1883 325 1913 litteras
339 1881 504 1922 assignatus3
853 1895 856 1898 -
984 1921 989 1926 ¹

198 1922 290 1958 Nos,
314 1921 476 1951 exrimantes
519 1920 577 1951 uod
592 1945 602 1958 ,
627 1928 740 1959 propter
761 1929 871 1951 moram
894 1919 1073 1951 Nuntiorurn
1088 1929 1220 1961 tuorum,

158 1960 234 2000 apud
259 1959 443 1998 apostolicam
471 1930 565 1990 sedern
584 1959 757 1990 contractam
774 1983 784 1997 ,
809 1960 843 1990 &
863 1959 1070 1998 longitudinem
1091 1962 1194 1992 itineris
1210 1985 1220 1999 ,

159 1999 240 2038 quod
254 1999 382 2029 imminet
395 1999 433 2028 eis
448 1997 482 2028 ad
498 1997 617 2028 reditum
630 2022 640 2036 ,
657 2005 722 2028 erat
737 1997 894 2036 hujusmodi
910 1999 1045 2028 terminus
1059 2000 1142 2030 nimis
1156 2001 1221 2030 bre-

160 2040 203 2070 vis
240 2038 392 2069 terminum
406 2037 495 2074 ipsum
509 2038 656 2075 benignius
672 2045 872 2075 prorogantes,
891 2036 1007 2066 Festum
1028 2036 1101 2068 beati
1111 2038 1221 2076 johan-

158 2079 201 2108 nis
212 2063 363 2143 ²Baptisdtae,
381 2076 512 2114 proximo
527 2075 671 2113 futurum,
688 2074 768 2105 dicto
789 2074 875 2105 Festo
891 2074 1073 2106 Pentecostes
1087 2076 1218 2108 duximus

159 2115 243 2147 subro
263 2125 296 2145 an
317 2123 375 2144 um.
852 2124 855 2125 ⁷

197 2125 262 2185 Perg
274 2151 412 2191 praemiffa
431 2153 502 2183 vero
526 2151 659 2183 nolumus
682 2151 822 2191 praedidtis
841 2150 943 2183 nostris
955 2152 1157 2192 litterisquoad
1171 2154 1223 2185 alia

160 2192 306 2232 derogari,
323 2190 369 2221 sed
382 2200 426 2220 eas
441 2190 642 2221 nichilominus
655 2190 831 2222 decernimus
847 2190 942 2229 quoad
964 2191 1008 2221 illa
1025 2193 1055 2222 in
1071 2193 1120 2224 suo
1134 2194 1223 2224 robo-

241 2239 374 2261 rmanere.

160 2242 286 2300 reffilffl
307 2277 376 2307 ergo
395 2268 517 2298 omnino
538 2265 690 2298 hominum
712 2267 794 2298 liceat
815 2268 888 2298 hanc
910 2270 1039 2308 paginam
1055 2269 1160 2300 nostrae
1175 2269 1224 2299 de-

160 2308 333 2345 clarauonis,
351 2305 559 2344 concessionis,
576 2308 799 2346 prorogationis,
816 2307 850 2338 ὃς
866 2307 1070 2345 subrogationis
1091 2309 1226 2348 infringe-

161 2358 208 2387 re,
225 2348 286 2378 &c.

0 935 48 959 ,Ἐκ
60 933 117 957 Au—

7 976 71 1006 ugr.

199 2421 267 2453 Dat.
286 2421 395 2452 Romae
419 2419 492 2458 apud
523 2418 655 2451 Sandiam
679 2419 814 2451 Sabinam
844 2419 909 2450 Kal.
936 2419 1040 2459 Aprilis
1061 2420 1224 2454 Pontificat.

164 2460 256 2493 nostri
268 2470 343 2491 aimo
357 2459 490 2490 secundo.

537 2568 540 2570 ,
562 2535 616 2566 Sub
622 2534 781 2577 filisfi’ricis
787 2534 866 2575 flavi
880 2535 1004 2576 rubeique
1017 2535 1114 2566 coloris.

164 2665 214 2698 De
240 2664 437 2709 Antiquitate
461 2664 497 2700 σι’]
519 2660 641 2694 Chartis
666 2660 846 2705 Monasterii
863 2660 899 2694 dc
915 2661 999 2696 Valle
1016 2663 1127 2696 Sanffae
1144 2667 1226 2696 ,Ma-

549 2708 596 2743 riae
613 2713 645 2743 in
661 2709 845 2744 Snaudonia.

14 2795 90 2828 Ann.
105 2795 146 2826 D.
244 2795 374 2827 Niversis
387 2794 494 2827 Christi
508 2793 651 2834 fidelibus,
669 2795 717 2825 has
728 2795 818 2826 literas
830 2796 942 2834 visuris,
960 2796 1007 2827 vel
1021 2796 1167 2836 audituris,
1186 2796 1226 2828 Α-

36 2836 120 2866 1286.
259 2845 357 2866 manus
371 2859 381 2872 ‚
405 2833 584 2873 permissione
605 2833 700 2865 divina
711 2859 720 2873 ‚
744 2833 924 2874 Bangoreniis
943 2834 1079 2866 Ecclesiae
1094 2835 1228 2867 Minister

13 2879 67 2903 An.
86 2885 128 2911 ¹4-
165 2873 295 2912 humilis,
313 2873 428 2904 salutem
441 2882 577 2903 aeternam
589 2873 619 2903 in
633 2873 775 2904 Domino.

13 2917 44 2941 Ε.
68 2923 91 2941 ι.
204 2911 353 2942 Noveritis
366 2921 419 2941 nos
432 2910 532 2942 vidisse
547 2910 644 2941 Canas
659 2912 745 2942 varias
760 2911 934 2943 diversorum
955 2911 1121 2952 Principum
1136 2914 1227 2945 Priori

15 2955 55 2979 1⁴2ae
68 2955 137 2978 Bran·
167 2950 201 2982 &
216 2949 383 2980 Conventui
396 2949 432 2979 de
447 2949 528 2979 Valle
540 2950 631 2980 beatae
645 2949 749 2980 Mariae
763 2949 800 2980 de
814 2949 989 2990 Snaudonia;

14 2990 73 3018 dela
89 2994 147 3016 Bre-
210 2989 229 3008 ³¹²
255 2987 398 3018 Videlicet
410 3010 420 3025 ,
441 2986 578 3018 Chartam
596 2987 735 3020 Lewelini
755 2989 849 3029 magni
868 3011 879 3028 ‚
910 2988 991 3027 super
1011 2997 1101 3021 totam
1124 2998 1226 3021 tetram

13 3029 90 3055 vium
113 3026 147 3058 <5⁸
167 3025 198 3057 K
218 3024 386 3058 ndewewic.
403 3025 440 3055 de
454 3025 607 3065 Rennaut3

13 3068 112 3094 Litora·
229 3071 241 3094 t
255 3063 394 3094 Chartam
409 3063 551 3094 Lewelini
566 3063 614 3095 filii·
627 3063 745 3096 Griffini
754 3089 764 3105 ,
782 3065 861 3105 super
875 3076 976 3097 omnes
997 3074 1081 3098 terras
1103 3066 1227 3098 filiorum

14 3114 74 3132 mm
85 3124 92 3135 ‚
167 3101 255 3133 Ithael
267 3102 303 3133 de
315 3101 442 3141 Penardq,

15 3146 52 3170 A.
72 3150 114 3176 ¹4-
204 3140 243 3172 Et
258 3140 396 3172 Chartam
411 3140 551 3172 Lewelini
569 3139 618 3170 filii
641 3140 775 3182 Griffini,
793 3142 874 3182 super
895 3150 986 3175 totam
1007 3151 1110 3175 terram
1131 3144 1226 3175 homi-

0 3208 1 3212 ,
16 3184 46 3208 Ε.
64 3182 120 3208 nin
166 3188 238 3216 num
251 3179 287 3210 de
299 3180 418 3210 Trehan
431 3179 505 3217 apud
521 3178 714 3217 Kenynbeind
727 3182 761 3212 &
775 3181 959 3213 Lecheitaur·

14 3220 102 3245 Turri.
205 3217 249 3248 Et
264 3217 402 3249 Chartam
423 3217 548 3248 Domini
567 3217 691 3262 Oweni,
709 3219 788 3258 supet
807 3229 897 3252 totam
910 3206 1015 3253 Vii’iam
1031 3231 1094 3261 quae
1108 3229 1227 3254 vocatur

15 3255 36 3276 ⁴*
45 3258 101 3295 11.3
110 3263 150 3293 17.
168 3255 247 3289 Tref
255 3256 389 3295 Ybeyrd,
403 3266 419 3286 a
439 3255 477 3286 ud
494 3254 614 3295 Kynind
627 3255 755 3296 Meney,
1016 3293 1019 3295 ,

169 3334 175 3339 .
205 3294 244 3326 Et
258 3294 394 3325 Chartam
407 3267 533 3325 Igomini
546 3294 685 3325 Lewelini
699 3295 748 3326 filii
762 3295 896 3338 Griffini,
912 3298 993 3338 super
1007 3307 1099 3331 totam
1121 3307 1225 3330 terram

168 3333 244 3364 illam
255 3334 289 3365 &
302 3333 402 3364 locum
418 3333 454 3363 de
468 3332 643 3371 BeckeIlers,

207 3371 245 3409 Et
260 3371 399 3402 Chartam
413 3370 538 3401 Domini
550 3371 664 3410 David,
682 3371 763 3411 super
776 3381 866 3404 totam
877 3383 997 3414 terram,
1017 3385 1102 3415 quam
1120 3376 1225 3406 habue-

168 3410 321 3479 ritlgerbed
334 3409 400 3441 Vab
413 3409 554 3448 Yerfeynt
569 3409 602 3441 &
617 3409 730 3441 Freraul
742 3411 815 3450 apud
831 3412 995 3450 Epennant:

230 3458 240 3479 t
261 3449 341 3487 super
362 3448 444 3478 dietis
471 3449 550 3478 terris
571 3447 694 3479 vidimus
715 3450 822 3481 Literas
851 3451 964 3490 Papales
984 3452 1223 3490 Confirmatorias,

169 3486 301 3527 Bullatas‚
318 3497 379 3518 non
402 3486 580 3525 cancellatas,
598 3496 659 3517 non
678 3488 810 3528 abolitas,
829 3499 883 3521 nec
903 3492 934 3521 in
948 3491 1039 3530 aliqua
1053 3501 1130 3530 parte
1145 3493 1224 3522 vitia—

203 3565 250 3596 Ad
264 3564 326 3595 haec
342 3564 429 3595 sciant
442 3563 580 3603 universi,
619 3562 677 3595 uod
690 3564 766 3596 dicta
776 3565 881 3598 domus
894 3566 986 3599 Beatae
1001 3568 1121 3607 Mariae,
1133 3568 1224 3599 senior

0 3610 6 3630 7
52 3630 55 3631 γ
114 3621 117 3625 -
164 3603 268 3640 domus
282 3603 406 3643 religiosa
419 3602 460 3634 est
472 3603 509 3633 de
522 3611 581 3634 tota
639 3602 700 3633 allia
716 3605 844 3643 (excepta
857 3605 947 3637 Insula
966 3607 1138 3638 Sandiorum
1159 3606 1225 3637 Bar-

165 3642 274 3682 digeya)
298 3644 332 3674 &
356 3641 480 3673 melioris
493 3641 681 3679 hospitalitatis
695 3642 729 3673 &
742 3645 952 3676 communioris
966 3645 1171 3685 indigentibus,
1189 3647 1224 3677 &

166 3681 366 3712 transeuntibus
387 3680 515 3719 Anglicis
534 3681 568 3711 &
589 3679 769 3711 walensibus
785 3705 794 3719 ,
815 3681 851 3712 de
873 3682 975 3723 Anglia
995 3685 1028 3716 ὃς
1050 3683 1225 3715 Westwallia

165 3720 366 3790 gansedmffbkis
378 3719 412 3750 ad
428 3718 635 3757 Norwalliam,
652 3719 685 3750 &
701 3718 736 3749 de
749 3718 877 3752 Ybernia
897 3722 931 3753 &
953 3722 1113 3755 Norwallia
1134 3724 1225 3754 eunti-

188 3767 218 3788 us
229 3769 244 3788 a
305 3769 324 3788 n
355 3768 426 3789 iam:

203 3795 276 3835 Sed,
292 3769 470 3828 ingdamnum
485 3806 544 3827 non
557 3795 706 3828 modicum
727 3797 761 3828 δε
782 3796 928 3829 defectum
947 3808 1137 3831 communem
1160 3810 1225 3831 om—

167 3833 267 3876 niurn,
283 3835 358 3867 dicia
377 3836 497 3874 domus,
514 3835 647 3866 incendio
668 3835 766 3866 casuali
779 3836 888 3873 penitus
898 3836 1058 3878 destrursta,
1076 3839 1144 3870 licet
1157 3840 1224 3870 hos-

166 3871 302 3909 pitalitatis
320 3882 452 3913 tempore
471 3876 624 3905 maximam
647 3882 785 3912 pateretur
797 3875 924 3913 minam,
940 3885 989 3913 per
1001 3885 1096 3907 tamen
1109 3877 1224 3916 Regem

167 3910 663 3982 gumgnffatholffumssiberglem,
682 3912 741 3943 Dei
753 3912 857 3952 gratia,
870 3912 1035 3946 Dominum
1048 3915 1223 3949 Edwardum

302 3960 332 3979 m
360 3962 385 3981 ui
412 3961 439 3982 et
451 3962 481 3982 re
508 3962 571 3982 aura
584 3962 607 3981 a.

206 3994 346 4063 thsquss
379 3990 642 4068 lgimnffiriggdisgf
654 3991 690 4063 ἓξ
703 3989 1086 4070 Ξῗιῖιιόῗεεῑὲἑῖἔεῖιὲεεῖυίάοω
1102 4032 1226 4072 genetri-

1269 149 1740 201 PUBLICA.
2279 177 2303 218 7

1243 236 1298 274 cis,
1318 238 1352 268 &
1365 241 1497 283 omnium
1514 242 1685 275 Sannorum
1698 243 1833 285 suffragiis
1848 246 2041 286 confidentes,
2059 249 2193 278 omnibus
2216 250 2303 280 bene-
2330 249 2454 282 AmrDi

1243 273 1396 320 satftoribus
1408 278 1491 322 dichae
1503 280 1625 319 domus,
1644 282 1825 322 undicunque
1839 285 2079 324 subvenientibus,
2097 288 2144 325 qui
2157 287 2192 317 de
2208 288 2300 326 bonis,
2345 289 2429 319 1285..

1244 322 1261 341 a
1277 312 1345 344 Deo
1362 315 1486 355 collatis,
1505 320 1559 356 pias
1575 320 1762 359 eleemosynas
1775 322 1821 352 vel
1834 323 1943 354 favores
1965 324 2161 363 contulerunt,
2179 335 2219 363 40
2241 326 2298 355 dies
2325 329 2391 360 Ritu,
2414 337 2438 356 i.

1244 349 1281 396 de
1293 351 1417 398 injuncta
1431 354 1481 385 sibi
1494 358 1660 393 poenitentia
1673 359 1888 392 misericorditer
1903 362 2072 401 relaxamu83
2091 363 2161 394 dum
2175 365 2227 394 sint
2250 374 2299 398 ve-

1245 398 1276 418 re
1289 392 1416 421 convidti
1433 393 1466 424 δ(
1481 394 1607 424 confessi.

1283 427 1317 457 In
1334 430 1412 468 cujus
1419 455 1429 469 ,
1447 432 1507 462 &c.

1283 503 1350 536 Dat.
1369 507 1443 552 apud
1467 508 1619 547 Maesyllan
1639 511 1668 541 iri
1691 510 1811 543 Ottabis
1830 511 2062 547 Annunciationis
2077 518 2166 548 beatae
2181 518 2302 557 Mariae,

1245 551 1322 573 anno
1337 544 1471 577 Domino
1489 548 1573 577 1286.

1248 669 1354 702 Litora
1370 668 1507 714 filiorum
1534 676 1679 720 Principis
1708 675 1891 710 Salernitbzn.
1928 680 2055 712 Domino
2086 683 2160 728 Regi
2186 683 2302 730 Angliae

1486 727 1657 766 precatoria
1666 734 1722 769 pro
1738 721 1910 758 liberatione
1929 729 2041 761 Patris.

1249 800 1473 862 EXcellentis
1495 806 1709 847 magnificentiae
1730 808 1854 848 Principi
1899 810 2033 843 Domino
2054 812 2198 846 Edzvardo
2212 840 2221 854 ,
2244 815 2303 846 Dei
2326 822 2401 852 Ann.
2418 819 2459 853 D)

1273 876 1278 881 .
1325 850 1411 880 gratia
1425 867 1434 880 ,
1448 843 1535 886 'Regi
1552 846 1663 876 Analiae
1677 871 1686 885 ,
1708 846 1842 878 Domino
1862 835 2025 889 Hibernia,
2043 853 2077 883 ὃς
2091 853 2169 883 Duci
2185 854 2302 892 Aquita·
2349 861 2432 891 1286.

1250 885 1304 920 niae
1340 879 1524 926 Ludovic-us,
1539 885 1572 915 &
1593 869 1797 924 fieymundus,
1813 897 1845 916 ac
1865 886 2042 920 Berenoarius
2064 891 2172 921 illustris
2192 892 2300 923 Domi·
2329 904 2380 928 Ali,
2398 910 2440 935 ¹4·

1250 924 1296 953 ni,
1310 902 1413 962 ³Karoli
1432 918 1567 963 Principis
1591 923 1751 954 Salernitan.
1770 925 1803 955 ὃς
1825 924 1941 956 honoris
1955 915 2074 959 cl’VIoritis
2091 930 2186 960 Saniti
2200 931 2302 961 Anoeli
2332 943 2359 965 Ε,
2384 948 2406 965 ι.

1250 953 1397 999 Domini,
1419 957 1469 1002 7ξὶΙιι
1482 983 1491 996 ,
1517 961 1678 1005 corelativce
1697 963 1879 999 oppositionis
1898 964 2067 1003 sequestrato
2083 968 2223 1008 respectu,
2241 957 2302 1000 {4510
2329 981 2383 1004 ιω.
2397 976 2426 1003 de

1250 1003 1369 1025 nomine
1387 994 1434 1040 filii
1453 1006 1626 1043 nuncupati²
1641 1000 1756 1039 seipsOS,
1771 1001 1837 1031 licet
1856 1003 2008 1043 minimos,
2026 1015 2095 1035 curn
2113 1017 2216 1044 quanta
2235 1018 2301 1045 pos-

1250 1032 1312 1063 sunt
1327 1034 1361 1064 &
1371 1033 1460 1065 sciunt
1473 1039 1629 1067 reverentia
1640 1039 1673 1068 ὃς
1686 1038 1804 1068 honore.
2334 1053 2388 1086 (ἐν,
2402 1062 2442 1087 ¹4·

1289 1069 1334 1101 Ex
1353 1082 1405 1103 ore
1426 1073 1575 1104 infantium
1588 1099 1597 1111 ,
1621 1077 1654 1106 &
1676 1076 1751 1113 quasi
1769 1076 1956 1126 lactentium,
1983 1079 2133 1120 Domine,
2154 1093 2250 1121 preces
2285 1085 2306 1115 si
2334 1097 2440 1119 enm.

1252 1110 1382 1154 placeat,
1401 1110 1528 1150 suscipe3
1547 1112 1765 1144 balbutientium
1786 1114 1891 1154 linguas
1910 1117 1998 1146 noiite
2016 1118 2156 1156 despicere
2169 1146 2178 1159 ,
2202 1109 2307 1154 eii-'atis
2336 1139 2360 1158 ι,

1252 1158 1328 1185 patre
1342 1159 1411 1180 Vivo
1423 1149 1577 1182 succurrite
1591 1152 1712 1192 pupillis,
1724 1154 1758 1183 &
1771 1154 1846 1190 quali
1860 1155 2006 1192 orphanis,
2023 1167 2107 1193 prout
2122 1159 2243 1199 Regiam
2257 1161 2308 1192 de·-

1252 1196 1298 1217 cet
1313 1186 1533 1228 Excellentiam,
1550 1189 1688 1228 adjutores
1701 1190 1808 1229 estote3
1828 1190 1941 1222 Patrem
1957 1193 2103 1233 nostrum,
2117 1195 2186 1227 heu!
2202 1201 2306 1235 prouth

1252 1226 1352 1256 dolor!
1374 1229 1531 1258 carceribus
1553 1230 1746 1268 mancipatum
1767 1229 1890 1270 pristinae
1910 1230 2040 1271 reddite,
2065 1233 2095 1263 O
2113 1233 2178 1264 Rex
2192 1238 2308 1277 magne!

1253 1264 1284 1295 Ο
1298 1264 1364 1294 Rex
1378 1266 1487 1297 inclite!
1508 1267 1634 1297 libertati.

1291 1303 1354 1341 Qui
1365 1327 1375 1340 ,
1402 1304 1472 1335 sicut
1494 1305 1569 1335 fama
1589 1305 1707 1336 celebris
1725 1306 1858 1343 praedicat
1870 1331 1879 1344 ,
1900 1308 1934 1339 ὃς
1948 1308 2066 1348 vulgaris
2080 1317 2158 1340 tenet
2169 1312 2288 1348 oppinio
2299 1337 2310 1351 ‚

1254 1352 1303 1380 per
1324 1352 1376 1373 vos
1397 1342 1544 1381 Domine,
1563 1354 1612 1381 per
1625 1354 1695 1382 vos,
1714 1345 1735 1374 si
1748 1344 1954 1384 magnificentia
1969 1347 2061 1377 vestra
2074 1348 2221 1388 diligenter
2236 1349 2314 1380 insti·-

1253 1381 1332 1419 terit,
1348 1381 1442 1418 potest
1462 1382 1519 1420 ejus
1540 1382 1667 1424 liberatio
1687 1383 1824 1422 expediri,
1842 1384 1981 1423 nobisque
2000 1395 2123 1427 paternae
2143 1389 2314 1420 consolatio-

1254 1421 1295 1449 nis
1329 1419 1467 1451 subtracta
1480 1420 1604 1459 dudum,
1621 1420 1712 1451 solatia
1727 1421 1877 1453 restaurari.

1256 1496 1273 1526 s
1294 1443 1415 1527 zama&
1434 1457 1648 1499 Magnificentia
1667 1459 1758 1500 Regia
1770 1484 1779 1499 ,
1797 1463 1888 1502 pueris
1910 1462 2087 1502 inconsultis,
2105 1464 2145 1495 set
2157 1473 2192 1495 ex
2205 1463 2312 1497 affe-stu

1267 1506 1306 1526 cri
1330 1505 1384 1527 enti
1408 1508 1453 1527 us·

1295 1534 1418 1566 Praelatis
1433 1521 1465 1567 ἐξ
1479 1536 1635 1576 nobilibus,
1654 1546 1686 1567 ac
1699 1537 1772 1575 aliis,
1790 1537 1823 1568 ad
1837 1537 1937 1578 Regiae
1952 1538 2104 1577 Majestiiris
2118 1541 2292 1582 praesentiam
2301 1568 2311 1582 ‚

1257 1583 1334 1603 nunc
1353 1575 1393 1604 ob
1413 1575 1471 1605 hoc
1490 1574 1642 1613 specialiter
1662 1576 1859 1607 accedentibus
1874 1600 1884 1616 ,
1900 1578 2068 1617 benignam,
2086 1580 2106 1609 li
2120 1580 2243 1621 placeat,
2262 1592 2311 1612 auo

1258 1612 1392 1643 dientiam
1408 1613 1572 1653 admittatis;

1295 1651 1364 1681 Nos
1379 1653 1490 1683 interim
1506 1678 1515 1692 ,
1536 1653 1606 1684 dum
1618 1654 1647 1684 in
1662 1653 1749 1684 Patris
1763 1663 1823 1684 non
1836 1653 1991 1685 suberimus
2004 1655 2158 1696 potestate,
2175 1659 2312 1696 recipien-

1257 1698 1298 1720 tes
1334 1699 1368 1720 ex
1382 1690 1485 1731 gratia,
1503 1693 1530 1722 in
1546 1691 1616 1722 filios
1630 1693 1663 1723 &
1677 1692 1834 1730 alumpnos.

1294 1714 1452 1760 Conservet
1464 1740 1516 1760 vos
1531 1730 1676 1761 Dominus
1688 1741 1737 1769 per
1751 1740 1880 1769 tempora
1893 1731 2029 1772 longiora.

1295 1766 1350 1806 Et,
1370 1770 1432 1806 quia
1451 1769 1569 1799 siffillum
1592 1769 1740 1807 proprium
1760 1779 1820 1799 nori
1833 1770 1986 1809 habemus,
2003 1771 2152 1809 praesentes
2167 1771 2268 1803 litteras
2284 1771 2316 1803 fi·

1257 1806 1326 1876 gillo
1341 1793 1489 1838 reverendi
1499 1807 1586 1838 Patris
1602 1808 1726 1839 Domini
1744 1806 1856 1847 Aquen.
1873 1807 2086 1848 Archiepiscopi
2106 1811 2226 1842 fecimus
2246 1812 2317 1851 sigil-

1268 1855 1315 1874 ari.

1295 1883 1364 1915 Dat.
1384 1883 1495 1916 Sistanti
1509 1884 1628 1916 secunda
1639 1884 1684 1915 die
1704 1884 1811 1923 Madii,
1831 1884 1947 1917 decimo
1961 1895 2062 1924 quarto
2075 1886 2179 1919 Indist.

2334 1019 2363 1042 [ἰν
2377 1024 2444 1050 riga,

1258 2008 1285 2035 ἠὲ
1296 2009 1402 2042 Litera
1419 2007 1611 2039 Praelatorum
1626 2010 1663 2045 (ῤ’
1682 2009 1833 2042 Bar-onum
1849 2011 2010 2043 Provinciae
2025 2013 2061 2048 ὠ·
2080 2012 2317 2060 Forafitpplica-
2339 2008 2355 2025 ’¹‘
2365 2009 2419 2046 1¹3
2429 2008 2472 2039 ¹3·

1328 2074 1329 2077 =
1350 2073 1354 2076 ·
1375 2059 1456 2087 toria
1468 2066 1523 2102 pro
1540 2053 1711 2089 liberatione
1733 2058 1834 2090 Caroli
1852 2061 1996 2104 Principis
2012 2059 2195 2094 Salernitana.

1325 2139 1483 2172 Xcellentis
1504 2139 1558 2171 Ma
1578 2139 1728 2172 nificenriae
1747 2143 1810 2173 viro
1823 2167 1832 2181 ‚
1848 2142 1983 2175 Domino
2004 2142 2148 2176 Edwardo
2162 2170 2172 2184 ,
2188 2145 2246 2177 Dei
2258 2156 2320 2188 gra-
2341 2141 2416 2174 Ann-
2429 2140 2470 2175 D·

1334 2179 1388 2217 tia,
1410 2179 1456 2209 Re
1477 2178 1561 2218 'iAng
1571 2190 1673 2218 orum,
1690 2180 1727 2211 R.
1748 2181 1924 2213 miseratione
1943 2182 2038 2213 divina
2058 2182 2169 2214 Sanstae
2183 2185 2319 2224 Aquensis
2363 2184 2445 2213 1286=

1261 2216 1461 2248 EcclesiaeArc
1483 2218 1652 2257 iepiscopus,
1670 2229 1702 2249 ac
1723 2222 1820 2251 caeteri
1834 2228 1891 2251 tarn
1900 2219 2038 2259 Aquensis
2055 2222 2142 2260 quam
2156 2223 2319 2256 Arelatensis
2340 2226 2391 2249 An.
2403 2233 2444 2259 ¹4·

1261 2253 1462 2288 Ebrudinensis
1480 2255 1654 2289 Provinciar.
1680 2257 1790 2288 Praelati
1803 2283 1812 2297 ,
1837 2269 1968 2298 necnon,
1986 2257 2130 2298 Philippus
2143 2261 2180 2292 de
2192 2263 2318 2294 Lauenn.
2339 2265 2368 2287 E.
2391 2270 2412 2288 1·

1263 2294 1367 2334 Miles,
1386 2295 1586 2327 Comitatuum
1603 2296 1737 2327 Provinc.
1757 2298 1791 2329 &
1810 2297 1894 2328 Fore.
1914 2297 2099 2336 Senescallus,
2115 2300 2149 2332 &
2162 2300 2194 2331 Β,
2211 2302 2320 2333 Comes
2339 2304 2392 2326 Rot.
2406 2300 2436 2328 do

1262 2331 1402 2372 Aiiellini,
1421 2344 1454 2365 ac
1470 2335 1638 2366 universi&
1659 2334 1758 2374 singuli
1775 2343 1834 2366 tam
1846 2335 1985 2374 Barones,
2005 2336 2173 2378 castellani,
2185 2341 2219 2372 ὃς
2240 2339 2321 2372 Mili·
2339 2341 2434 2375 Trenga

1262 2378 1304 2401 tes
1316 2395 1326 2409 ,
1350 2373 1438 2410 quarn
1464 2372 1622 2404 Civitatum
1651 2375 1684 2405 &
1702 2373 1852 2412 insignium
1872 2374 2006 2405 locorum
2027 2375 2161 2407 Provinc.
2181 2389 2215 2409 ac
2235 2378 2319 2411 Fore.
2346 2385 2385 2410 ¹4-
2402 2383 2430 2405 E·
2448 2385 2471 2405 1,

1262 2408 1464 2441 Comitatuum
1483 2412 1686 2451 p1·aedi<{toriim
1707 2411 1910 2443 Universirates
1923 2437 1932 2450 ,
1952 2414 1986 2444 δε
1999 2413 2124 2453 Sindici,
2142 2415 2175 2446 ad
2189 2417 2247 2448 hoc
2261 2417 2322 2456 spe·
2340 2424 2375 2442 W·
2396 2424 2422 2444 ²·

1263 2448 1369 2479 cialiter
1388 2450 1417 2478 in
1438 2459 1529 2479 unum
1549 2449 1622 2490 apud
1640 2449 1734 2480 Sistar.
1753 2452 1934 2491 congregari,
1951 2452 2083 2491 salutem,
2100 2463 2169 2484 cum
2183 2466 2320 2493 quacum-

1265 2496 1320 2524 que
1334 2487 1450 2524 poffunt
1463 2489 1618 2519 reverentia
1630 2489 1663 2519 &
1677 2489 1797 2519 honore.

1302 2524 1349 2555 Ad
1370 2536 1422 2556 vos
1435 2550 1446 2564 ,
1472 2525 1702 2557 excellentissime
1722 2526 1853 2557 Domine
1866 2551 1875 2565 ,
1900 2536 2035 2566 tanquam
2055 2528 2090 2559 ad
2109 2530 2244 2571 singulare
2264 2532 2322 2570 spei

1264 2563 1369 2593 nostrae
1382 2564 1521 2603 refugium
1530 2589 1539 2602 ,
1559 2565 1714 2595 holulanies
1728 2575 1784 2596 um
1797 2574 1873 2596 voce
1886 2565 2006 2597 clamare
2020 2569 2240 2609 compellimur,
2258 2572 2322 2610 sup-

1264 2602 1396 2638 plicantes
1417 2604 1544 2641 quatinus
1564 2613 1618 2641 pro
1638 2604 1840 2635 deliberatione
1852 2604 1977 2635 Domini
1991 2605 2081 2637 nostri
2095 2607 2196 2640 Karoli
2211 2609 2321 2640 Princi-

1264 2641 1304 2678 pis
1319 2640 1423 2671 Salern.
1442 2641 1641 2682 consanguinei
1654 2641 1738 2674 vestri
1749 2642 1879 2673 karissimi
1916 2642 2024 2674 dudum
2038 2648 2168 2678 carcerali
2182 2647 2320 2680 custodiae

1263 2680 1436 2717 mancipati,
1461 2679 1628 2720 diligentem
1641 2704 1651 2718 ‚
1674 2680 1694 2711 fi
1718 2681 1810 2719 placet
1824 2705 1833 2720 ,
1857 2667 2096 2723 soilicitudinem,
2121 2695 2154 2716 ac
2175 2686 2322 2717 sollicitam

1263 2727 1332 2752 curri
1347 2717 1454 2750 efferitu
1468 2718 1656 2759 diligentiam,
1672 2719 1742 2751 sicut
1757 2719 1879 2752 vestram
1890 2719 1974 2752 decet
1984 2720 2109 2762 Regiam
2122 2723 2320 2765 MaJ'estatem,

1262 2756 1394 2787 adhibere
1410 2757 1507 2789 velitis.

1301 2794 1371 2826 Nec
1384 2796 1461 2826 enim
1475 2796 1614 2834 speramus
1629 2821 1638 2835 ,
1657 2796 1804 2836 Domine,
1820 2797 1909 2835 ipsum
1923 2799 2099 2837 temporibus
2119 2800 2192 2842 istis,
2208 2800 2257 2832 nifi
2272 2810 2322 2840 per

1264 2833 1365 2864 vestrae
1378 2834 1590 2866 interventionis
1601 2835 1777 2875 praeiidium,
1795 2836 1900 2867 absolvi
1912 2837 1994 2874 posse
2007 2838 2022 2866 a
2037 2840 2154 2870 vinculis
2171 2865 2180 2879 ,
2198 2841 2231 2871 ὃς
2271 2843 2322 2871 ris-

1263 2873 1331 2902 tinae
1343 2872 1448 2903 restitui
1462 2873 1604 2912 libertati,
1620 2873 1732 2904 firmam
1747 2875 1825 2912 spem
1840 2873 2031 2914 fiduciamque
2042 2886 2168 2908 tenentes
2184 2852 2279 2918 quod),
2299 2879 2320 2911 fi

1262 2910 1408 2942 dil'oenter
1422 2910 1637 2952 Magiiificentia
1650 2912 1742 2943 vestra
1756 2914 1884 2944 institerit
1896 2915 1925 2944 in
1938 2913 1990 2945 hac
2004 2924 2095 2953 parte,
2114 2916 2224 2947 nullum
2239 2918 2323 2949 vobis

1263 2922 1431 2981 diii-iocultati's
1450 2950 1615 2992 repagulum
1627 2975 1638 2988 ,
1662 2951 1831 2990 nullumque
1843 2952 1981 2983 dilationis
1995 2953 2176 2986 obstaculum
2189 2966 2322 2996 oppone⁴

1263 2997 1317 3019 tur.
1379 3014 1382 3018 .

1299 3027 1388 3066 Cujus
1409 3028 1450 3057 rei
1468 3024 1546 3057 cauffi
1566 3028 1737 3058 venerabiles
1749 3029 1778 3059 in
1791 3028 1909 3060 Christo
1923 3026 2017 3061 Patres
2030 3030 2177 3063 Ebruden.
2197 3030 2321 3064 Archie-

1261 3066 1426 3104 piscopum,
1444 3076 1477 3097 ac
1498 3064 1674 3104 Episcopum
1688 3067 1823 3105 Vapicen.
1842 3069 1876 3099 ὃς
1890 3067 2034 3100 Abbatem
2049 3070 2190 3101 Masilien.
2205 3080 2320 3103 necnon

1262 3105 1370 3135 nobiles
1384 3105 1460 3135 viros
1475 3128 1484 3142 ,
1504 3103 1651 3135 Dominos
1665 3105 1808 3136 isuardum
1823 3104 1977 3138 Antraven.
1994 3107 2161 3140 Dominum
2173 3109 2210 3140 de
2219 3110 2320 3150 Agun-

1263 3151 1296 3173 to
1315 3143 1488 3173 Gauten'um
1501 3142 1537 3172 de
1550 3142 1573 3172 F
1573 3152 1634 3173 orc.
1660 3143 1827 3175 Dominum
1842 3145 1878 3175 de
1891 3145 1996 3177 Rocha
2010 3147 2134 3186 Milites,
2150 3148 2320 3180 exhibitores

1261 3181 1440 3219 praesentium
1455 3206 1464 3220 ‚
1491 3181 1636 3224 una-curn
1656 3182 1821 3220 quibusdam
1843 3184 1974 3224 religiosis
1994 3195 2027 3216 ac
2049 3186 2214 3217 secularibus
2236 3188 2319 3226 viris,

1262 3221 1299 3250 eis
1318 3219 1518 3258 affistentibus,
1535 3227 1598 3250 Vlce
1619 3221 1715 3251 nostra
1733 3222 1767 3253 &
1782 3224 1915 3254 omnium
1930 3247 1940 3262 ,
1954 3223 2152 3255 liberationem
2168 3225 2319 3256 sitientium

1261 3258 1387 3289 Domini
1404 3258 1540 3295 Principis
1560 3261 1712 3290 memorati
1724 3284 1734 3298 ,
1759 3260 1794 3290 ad
1822 3262 1997 3298 praesentiam
2018 3261 2196 3294 Celsitudinis
2216 3263 2318 3294 vestrae

1262 3298 1412 3328 communi
1426 3295 1565 3328 concordi
1579 3296 1710 3329 duximus
1724 3298 1921 3338 destinandos3

1297 3336 1491 3374 Supplicantes
1512 3336 1638 3373 quatinus
1656 3336 1728 3380 ipsos
1741 3362 1750 3375 ‚
1771 3339 1804 3369 ὃ(
1828 3349 1881 3369 nos
1901 3340 1929 3368 in
1943 3338 2021 3377 ipfis,
2040 3338 2162 3378 benigne
2175 3339 2316 3380 recipere,

1259 3384 1292 3404 ac
1307 3374 1520 3412 supplicantium
1541 3384 1636 3411 preces
1656 3376 1694 3405 iic
1711 3373 1865 3407 efficaciter
1883 3376 2011 3407 exaudire
2031 3377 2201 3416 dignemini,
2221 3378 2316 3418 quod,

1260 3422 1313 3451 pro
1323 3422 1403 3443 tanto
1415 3414 1574 3443 clementire
1587 3422 1690 3452 opere,
1708 3413 1755 3445 fiat
1767 3415 1850 3445 vobis
1872 3415 1937 3446 Rex
1954 3414 2070 3455 Regum
2082 3416 2223 3455 propitius
2235 3418 2316 3447 retri-

1259 3453 1362 3490 butor,
1382 3453 1416 3483 &
1437 3450 1577 3481 universus
1599 3450 1676 3482 orbis
1690 3451 1834 3483 evidenter
1846 3453 1999 3493 cognoscat
2012 3456 2041 3483 in
2055 3454 2136 3484 vobis
2151 3454 2217 3491 quid
2229 3455 2317 3485 inter-

1259 3499 1361 3521 ventus
1380 3490 1578 3529 consanguinei
1598 3499 1652 3527 pro
1672 3491 1879 3530 consanguineo
1894 3516 1903 3529 ,
1920 3491 2045 3531 quidque
2059 3501 2155 3532 preces
2168 3491 2316 3529 proficiant

1259 3538 1313 3566 pro
1334 3529 1429 3559 amico
1443 3553 1453 3567 ,
1479 3537 1509 3557 ut
1521 3535 1631 3567 gratum
1640 3552 1650 3567 ,
1668 3529 1746 3567 quod
1759 3529 1859 3560 exinde
1874 3530 2017 3560 Romame
2030 3529 2197 3567 impenderis
2209 3530 2314 3562 Eccle-

1261 3567 1323 3605 siae,
1341 3567 1482 3598 servitium
1495 3575 1644 3596 taceamus.

1297 3605 1397 3636 Tanto
1415 3607 1496 3645 igitur
1519 3605 1659 3635 sinceriori
1678 3604 1785 3637 affeetu
1800 3615 1832 3637 ac
1846 3606 2014 3647 promptiori
2028 3605 2185 3637 devotione
2196 3607 2230 3638 ad
2244 3617 2315 3648 voS,

1260 3643 1406 3682 Domine,
1425 3644 1611 3681 recurrimus,
1629 3644 1834 3675 lacrimabiliter
1849 3643 2005 3675 successivis
2020 3644 2182 3684 singultibus
2194 3654 2312 3677 exoran-

1259 3693 1315 3722 tes,
1336 3692 1442 3722 quanto
1454 3682 1623 3719 ampliorem
1637 3683 1670 3713 ὃς
1683 3683 1840 3721 pleniorem
1853 3684 1935 3714 vobis
1949 3684 2064 3713 interris
2084 3682 2187 3714 divinae
2201 3685 2313 3715 misera-

1259 3722 1342 3752 n'onis
1362 3720 1547 3752 habundantia
1568 3721 1688 3752 contulit
1701 3722 1887 3759 potestatem,
1904 3731 1990 3759 quarn
2005 3721 2153 3753 conservet
2164 3722 2312 3754 Dominus

1261 3761 1295 3792 &
1308 3759 1459 3798 amplificet
1471 3760 1499 3789 in
1514 3768 1670 3798 aeternum,
1690 3761 1794 3791 Amen.

1296 3799 1366 3830 Nos
1384 3809 1471 3836 vero,
1490 3798 1601 3828 Praelati
1621 3799 1747 3836 praediffl
1761 3823 1770 3837 ,
1795 3808 1828 3829 ac
1843 3798 1981 3836 Barones,
1999 3798 2088 3839 sigillis
2101 3800 2247 3832 reverendi
2260 3799 2313 3831 Pa«

1259 3840 1306 3869 tris
1327 3838 1438 3876 Aquen.
1463 3835 1567 3866 Arcliie
1589 3837 1643 3867 isco
1665 3838 1696 3875 i,
1711 3837 1744 3869 &
1760 3837 1899 3868 nobilium
1912 3837 2177 3881 virorumlDomini
2190 3839 2310 3879 Philippi

1259 3878 1295 3908 de
1309 3877 1415 3907 Lauen.
1438 3875 1538 3905 Militis
1581 3885 1616 3905 en
1644 3876 1704 3905 calli
1727 3876 1859 3906 Provinc.
1879 3877 1913 3907 &
1931 3875 2055 3906 Domini
2076 3876 2108 3910 B.
2126 3877 2250 3910 Comitis
2271 3878 2313 3908 A*

1259 3915 1353 3948 uellini
1366 3916 1395 3945 in
1408 3914 1569 3955 sigillatione
1579 3914 1755 3955 praesentium
1769 3915 1808 3945 usi
1821 3914 1923 3945 sumus.

1297 3992 1366 4027 Dat.
1383 3991 1494 4025 sistant.
1510 3990 1556 4024 die
1567 3989 1686 4024 secunda
1699 3989 1791 4023 Madii
1803 3988 1919 4024 decimo
1935 3999 2035 4032 quarto
2047 3989 2140 4026 Isidic:

2248 4066 2316 4098 Pro-
