2570 4261
264 161 346 202 130

110 237 188 269 Ann.
197 234 238 265 D.
259 235 291 266 sis
326 232 491 264 auc‘toritate
505 227 600 259 nostra
615 225 748 257 nuntietis
761 225 888 263 primum
901 223 1117 254 matrimonium
1130 221 1188 252 effe
1200 220 1330 264 nullum,

138 282 222 313 1237.
261 259 310 305 ὅς’
317 272 464 311 praefiatum
485 267 515 298 R
552 276 599 297 cm
615 267 780 304 juramento
800 261 962 299 huiusmodi
983 272 1044 293 non
1065 262 1172 299 teneri,
1191 258 1331 290 constitu-

109 318 173 343 Han.
194 323 220 352 3.
264 314 344 344 tione
356 310 391 341 de
405 308 511 339 duabus
517 276 619 342 εΞίεῑίε,
639 305 667 334 in
683 302 806 342 generali
819 301 940 333 consilio
953 300 1044 340 edita,
1058 311 1120 332 non
1133 298 1274 333 obstante.

302 348 395 389 Qiod
409 347 428 377 si
444 355 503 376 non
517 353 619 374 omnes
633 343 685 373 hiis
699 340 871 379 exequendis
884 341 1030 379 potueritis
1041 341 1080 371 ii..
1127 334 1255 389 defluo
1268 345 1332 367 ves-

263 398 341 421 trum
355 398 386 417 ea
398 383 601 416 nichilominus
613 390 796 420 exequantur.
1111 383 1117 387 ·

300 462 367 494 Dat.
387 460 509 493 Viterbii
528 459 630 498 quinto
651 457 719 489 Kal.
738 457 827 496 Maii,
846 455 1035 488 pontificatus
1054 454 1143 487 nostri
1160 462 1236 483 anno
1257 449 1336 482 deci-

261 513 321 533 mO.

596 576 723 607 Plumbeo
737 573 828 612 sigillo
837 572 973 612 pendente
987 583 1006 601 a
1011 568 1066 613 filo
1078 567 1203 599 canabeo.

287 705 378 737 Bulla
395 703 622 751 Archiepis‘copo
646 701 858 783 Cantuarieng
866 727 875 743 ,
902 699 938 733 de
947 697 1085 747 praediifflo
1103 698 1312 731 Matrimonia

715 760 829 785 irritan
851 762 879 783 o.

111 843 188 876 Ann.
200 841 241 873 D.

139 891 222 922 1237.

110 925 164 951 An.
179 931 223 949 21.

266 839 482 903 GRegorius
504 837 679 877 Episcopus,
697 836 790 868 servus
810 836 958 868 servorum
979 834 1038 865 Dei
1086 832 1239 864 venerabili
1259 830 1336 876 frati-i

352 877 576 917 Arcliiepiscopo
591 876 785 908 Cantuariensi
797 876 912 907 salutem
928 875 962 906 &
978 858 1179 912 Apostolicam
1198 869 1335 902 benedic-

263 927 381 950 tionem.

299 956 465 989 Exultamus
486 957 515 986 in
535 955 671 986 Domino
693 954 775 993 quod
798 955 856 994 ejus
867 955 1023 989 timorem,
1042 952 1091 990 qui
1106 949 1147 981 est
1162 950 1275 980 initium
1295 947 1336 978 sa-

262 996 392 1035 pientiae,
410 995 564 1026 carissimus
583 996 613 1025 in
630 993 750 1025 Christo
771 993 842 1024 filius
863 990 961 1023 noster
983 989 1212 1034 Henricus-Rex
1225 986 1335 1027 Anglo-

262 1044 328 1066 rum
343 1034 454 1066 illustris
468 1034 574 1065 habens
586 1044 645 1072 prae
659 1033 749 1064 oculis
758 1056 767 1070 ,
781 1032 917 1069 libenter,
936 1030 1006 1061 ficut
1021 1029 1209 1072 intelleximus
1221 1028 1254 1058 δε
1267 1036 1335 1072 gau-

260 1073 379 1143 gemus,
397 1072 521 1105 declinat
540 1074 576 1104 ab
595 1073 663 1112 hiis,
683 1081 749 1111 quae
770 1071 878 1102 famam
901 1068 1044 1100 maculant
1066 1069 1100 1101 &
1114 1067 1206 1099 salutis
1226 1073 1337 1105 pariunt

282 1120 473 1144 etrimentum.

301 1151 395 1183 Unde
409 1161 479 1182 cum
492 1150 603 1182 dudum
617 1149 746 1180 nobilem
761 1150 912 1180 mulierem
922 1147 1104 1188 Johannam,
1122 1154 1218 1177 natam
1232 1143 1336 1190 nobilis

260 1191 316 1222 viri
337 1189 462 1222 Comitis
482 1189 661 1221 Pontivensis
678 1190 812 1228 juraverit
832 1188 939 1219 ducere
961 1188 992 1217 in
1013 1195 1157 1230 uxorem,
1187 1192 1265 1228 cum‘
1279 1193 1336 1222 qua.

261 1228 467 1268 postmodum,
485 1228 628 1260 destinatis
647 1228 682 1259 ad
704 1228 792 1266 ipsam
803 1226 1006 1265 sollempnibus
1021 1225 1166 1263 Nuncus,
1184 1231 1336 1254 matrimo—

262 1268 361 1307 nium,
380 1278 520 1307 quantum
534 1268 588 1299 fuit
599 1267 716 1306 inipso,
735 1267 884 1298 contraxit.

305 1306 471 1345 Comperto
484 1306 599 1338 tandem
614 1306 695 1345 quod
709 1305 827 1343 eadem,
845 1314 881 1336 ex
893 1312 1017 1342 utroque
1029 1303 1131 1342 latere,
1149 1300 1239 1346 ipsum
1253 1309 1338 1339 quar-

262 1355 295 1378 to
315 1346 559 1387 consanguinitatis
584 1345 672 1386 gradu
693 1345 853 1383 contingit,
871 1351 987 1382 propter
1011 1341 1090 1381 quod
1108 1339 1260 1386 'cum-ipsa
1275 1348 1336 1370 non

304 1393 387 1424 terat,
403 1386 460 1416 sine
474 1385 588 1416 laefione
602 1384 688 1415 famae
702 1393 736 1415 ac
750 1385 855 1414 animae
870 1381 1015 1421 periculo,
1033 1387 1251 1412 matrimonium
1264 1387 1338 1423 con-

272 1434 418 1463 ummare,
438 1432 568 1463 mutato,
586 1433 655 1454 cum
670 1423 806 1461 sapiente,
824 1421 961 1458 consilio,
979 1419 1152 1464 carissimam
1164 1419 1194 1449 in
1215 1416 1336 1462 Christo

260 1462 347 1493 filiam
361 1463 527 1493 Alienoram
536 1487 546 1501 ,
563 1470 659 1493 natam
671 1462 776 1493 nobilis
787 1462 843 1493 viri
857 1460 983 1492 Comitis
1000 1459 1182 1496 Provinciae‚
1201 1456 1253 1487 sibi
1273 1465 1335 1487 ma-

258 1501 456 1533 trimonialiter
470 1501 624 1540 copulavit.

299 1540 371 1571 Nos
385 1541 481 1578 icitur,
496 1540 531 1571 ad
546 1540 781 1578 supplicationem
796 1539 896 1578 ipsius,
916 1538 1000 1569 famae
1014 1537 1069 1569 suae
1084 1537 1113 1567 in
1128 1536 1182 1567 hac
1214 1542 1273 1566 arte
1287 1543 1336 1573 pa-

260 1579 341 1611 terna
354 1565 542 1610 sollicitudine
556 1578 708 1619 providere
724 1579 870 1616 volentes,
882 1587 953 1609 cum
968 1575 1146 1616 jurisjurandi
1159 1585 1188 1606 re
1209 1575 1258 1615 gio
1270 1575 1336 1618 vin-

259 1617 361 1649 culum
382 1619 534 1656 iniquitatis
554 1617 612 1648 esse
631 1627 692 1648 non
713 1618 832 1656 debeat,
849 1616 1011 1648 fraternitati
1033 1624 1092 1647 tuae
1104 1624 1155 1654 per
1168 1610 1336 1652 Apostolica

257 1656 361 1695 scripta
383 1656 566 1695 mandamus,
585 1658 731 1695 quatinus,
749 1657 770 1686 fi
792 1657 843 1687 tibi
864 1654 1025 1685 constiterit
1046 1653 1082 1684 de
1104 1651 1268 1692 praemiffis,
1286 1661 1337 1682 au-

258 1695 390 1726 &oritate
412 1695 509 1726 nostra
529 1697 654 1733 primurn
676 1695 786 1726 nunties
808 1694 1024 1724 matrimonium
1044 1691 1102 1723 esse
1127 1691 1238 1722 nullum
1254 1714 1275 1734 ,'
1298 1690 1334 1721 &

258 1734 408 1773 praefatum
428 1734 543 1773 Regem
560 1735 723 1773 juramento
746 1732 907 1771 hujusmodi
927 1741 988 1762 non
1002 1732 1106 1762 teneri·
1128 1728 1335 1760 constitutione

258 1773 296 1804 de
309 1772 416 1804 duabus
430 1773 527 1813 dietis,
545 1774 575 1804 in
590 1772 713 1811 generali
726 1772 853 1804 concilio
867 1770 958 1808 edita,
976 1780 1038 1801 non
1051 1754 1191 1800 obstante.

109 982 151 1026 Er}
167 983 224 1026 Aa·

109 1044 176 1075 ‘ogr-

260 1849 368 1921 cinPom.
387 1849 544 1883 Interamn.
563 1851 647 1882 tertio
667 1849 734 1882 Kal.
750 1848 829 1888 Junii
841 1872 852 1887 ‚
877 1846 1066 1880 Pontificatsis
1082 1844 1174 1878 nostri
1191 1855 1268 1877 anno
1285 1844 1337 1877 de-

956 1962 1012 1995 Sub
1023 1961 1078 2006 filo
1096 1962 1202 1993 canabi.

457 2097 506 2129 De
525 2093 680 2129 condutta
693 2104 749 2141 pro
767 2090 882 2128 David
889 2090 958 2137 filio
975 2087 1133 2125 Leivelini.

265 2180 389 2244 REX
403 2182 539 2212 omnibus
574 2182 636 2213 ὅτε.
654 2180 779 2212 salutem.

366 2220 462 2252 Sciatis
478 2204 558 2259 quod
574 2221 791 2258 manucepimiis
801 2227 868 2258 erga
881 2215 1072 2261 venerabilem
1084 2221 1193 2253 patrem
1204 2213 1337 2245 nostrum

264 2258 300 2289 E.
328 2259 559 2291 Cantuariensem
580 2258 839 2297 Archiepisco‘pum
858 2266 913 2296 pro
940 2254 1037 2299 David
1050 2279 1064 2298 ,¹
1091 2260 1198 2291 nepote
1218 2252 1337 2291 nostro,

185 2320 192 2327 .
263 2297 324 2329 filio
346 2298 486 2330 Lewelini
507 2298 646 2336 Principis
667 2297 704 2328 de
727 2295 865 2326 Aberfrau
884 2296 919 2327 &
940 2294 1065 2325 Dorrum
1079 2292 1116 2323 de
1130 2291 1283 2336 Snaudon,
1302 2292 1337 2323 &

107 2343 167 2368 Pae.
188 2347 233 2366 zi.
263 2338 400 2368 omnibus
421 2338 495 2375 aliis,
520 2347 592 2376 quos
610 2336 685 2375 apud
704 2335 758 2366 W·
778 2335 891 2365 orniam
912 2335 942 2364 in
960 2331 1113 2364 occursum
1134 2331 1218 2375 nobis
1238 2330 1337 2361 secum

107 2382 142 2405 H.
164 2386 189 2414 3.
204 2387 242 2406 m.
261 2375 398 2407 adducet:
426 2375 575 2415 videlicet,
590 2374 670 2414 quod
693 2384 748 2405 eun
770 2383 817 2404 em
829 2372 944 2411 David,
961 2373 996 2403 ὃς
1008 2370 1089 2416 suOS,
1107 2370 1167 2400 tam
1188 2379 1219 2399 m
1241 2368 1337 2407 perso-

109 2424 135 2450 7·
261 2416 304 2446 nis
341 2417 429 2454 quam
444 2416 527 2446 rebus
542 2416 571 2445 in
585 2414 738 2450 omnibus,
757 2412 990 2444 conservabimus
1006 2409 1182 2453 indempnes.

299 2439 355 2493 fit,
374 2454 394 2484 si
409 2455 448 2484 eis
463 2464 514 2492 per
528 2464 599 2492 nos,
614 2453 661 2484 vel
676 2452 808 2490 nostros,
825 2452 854 2481 in
868 2449 1033 2486 condudtu,
1052 2457 1140 2487 quem
1155 2445 1234 2476 idem
1248 2455 1336 2477 vene-

261 2492 357 2537 rabilis·
370 2502 448 2532 pater
459 2491 559 2537 noster
570 2491 809 2530 Archiepiscopus
823 2489 908 2521 Cant.
924 2488 994 2519 fecit
1008 2489 1048 2532 eis
1060 2486 1096 2517 de
1111 2484 1247 2529 mandato
1269 2495 1337 2516 nos-

260 2539 335 2601 331³.
351 2523 1337 2610 ¹231qffi‘jnffss3sgvrssinff‘ssffinffsse'rcsssslffiiffiiamae‘iangiiss{it{25¹3}

261 2609 331 2640 illud
350 2610 375 2639 ei
392 2609 538 2640 emendari
555 2609 690 2640 faciemus
706 2607 740 2638 ad
757 2606 875 2644 plenum
889 2618 899 2645 ς
930 2605 964 2636 &
983 2603 1154 2649 praediQm
1172 2601 1337 2641 Archiepis-

261 2657 374 2718 copum
389 2649 421 2692 'in
439 2648 498 2719 1ίέιέ
511 2648 661 2680 conductu
679 2645 911 2678 conservabimus
926 2652 1051 2675 omnino
1066 2640 1263 2679 indempnem.

314 2697 335 2717 n
349 2696 446 2726 quuS,
499 2697 526 2718 c.

110 2182 186 2214 Ann.
202 2179 244 2212 D.

129 2228 214 2261 1237.

106 2265 161 2290 An.
183 2269 226 2288 21.

297 2762 391 2795 Teste
406 2763 491 2804 Rege
502 2763 576 2802 apud
592 2762 720 2795 Westm.
736 2763 821 2794 tertio
831 2760 879 2792 die
889 2760 977 2800 Junii.

111 2888 130 2907 ¹⁵
143 2881 167 2911 1·
183 2888 245 2918 373·
266 2888 294 2916 ὃ*
321 2891 371 2923 De
395 2892 603 2937 prorogatione
627 2890 822 2936 Treugarum
847 2899 919 2921 cum
933 2888 1072 2932 Principe
1090 2883 1127 2918 de
1142 2881 1338 2930 Abberfran.

112 2967 190 2999 ΑΗΒ·
200 2966 241 2997 D·
266 2973 390 3037 REX
403 2975 538 3006 omnibus
551 2975 699 3014 praesentes
714 2975 814 3006 litteras
827 2967 1009 3012 inspeEturis,
1027 2971 1153 3002 salutem.
1296 3009 1303 3015 .

137 3015 222 3047 1237.
370 3013 500 3044 Noverit
516 3015 676 3045 universitas
689 3013 780 3045 vestra
796 3023 850 3044 nos
862 3012 1095 3051 prorogationem
1108 3018 1273 3050 treugarum
1295 3019 1339 3039 in-

111 3051 162 3076 An.
185 3056 230 3074 2¹-
266 3058 310 3081 ter
333 3062 403 3091 nOS,
421 3054 455 3084 δε
479 3052 616 3090 imprifios
635 3062 765 3090 apertos,
783 3053 816 3084 ὅ(
839 3052 970 3082 homines
994 3048 1108 3080 nostros
1123 3058 1158 3079 ex
1171 3047 1227 3079 una
1279 3056 1339 3086 rte3

112 3091 177 3114 Hm.
199 3094 223 3122 3·
265 3090 300 3121 &
313 3090 428 3122 fidelem
441 3090 574 3121 nostrum
589 3091 770 3122 Lewelinum
786 3091 952 3128 Principem
964 3088 1001 3119 de
1015 3087 1165 3120 Aberfraw
1180 3088 1215 3119 &
1263 3087 1339 3118 omi-

114 3127 173 3152 Pat.
199 3133 244 3150 2¹·
265 3139 336 3160 num
357 3130 394 3161 de
414 3129 574 3167 Snawdon,
598 3130 632 3161 &
651 3131 789 3169 imprisios
809 3137 938 3168 apertOS,
964 3129 999 3159 &
1019 3127 1150 3158 homines
1171 3125 1252 3165 suos,
1279 3126 1340 3156 tam

113 3167 150 3190 Η·
161 3172 185 3199 3-
196 3173 222 3190 ⁷¹·
264 3167 430 3207 Walenses,
447 3169 535 3208 quam
554 3169 639 3206 alim,
664 3178 698 3198 ex
719 3168 768 3198 alia
792 3177 869 3206 parte
884 3176 1048 3205 captarum,
1066 3175 1143 3196 anno
1160 3164 1257 3205 Regni
1272 3174 1340 3196 nos-

119 3210 129 3228 ¹
139 3210 162 3227 ¹·
264 3208 299 3238 tri
314 3207 480 3246 viceffim0‚
498 3207 661 3238 duraturam
673 3217 690 3237 a
712 3207 797 3237 Festo
810 3207 905 3238 Sanffi
916 3206 1020 3244 jacobi
1043 3204 1195 3243 Apostoli,
1213 3203 1339 3242 ejusdem

264 3248 349 3316 annid,
364 3246 452 3316 usqfue
470 3246 506 3277 ad
526 3245 852 3315 αηηὲῐέἑξοῐηρὴωῑη,
869 3253 958 3276 ratam
973 3245 1014 3313 Ιὲε
1035 3252 1144 3312 gratanti
1158 3243 1262 3274 habere
1261 3242 1340 3313 s,alse-

267 3294 325 3315 cun
365 3295 396 3316 m
422 3295 536 3316 ormam
571 3295 582 3314 r
629 3294 637 3314 i
670 3294 752 3315 arum
765 3293 825 3314 treu
848 3293 929 3315 arum
953 3294 971 3313 u
1005 3292 1056 3313 mo
1078 3292 1110 3313 ca
1143 3291 1238 3313 arum·
1299 3291 1341 3312 vis

266 3297 402 3354 omnillms
416 3295 657 3355 conventiIdnibus
674 3324 707 3355 &
724 3293 847 3353 articuli}
856 3324 885 3352 in
900 3322 945 3353 illa
961 3322 1055 3353 forma
1068 3293 1219 3352 coritentis.
1231 3306 1242 3320 ³

303 3362 351 3394 Ad
373 3364 450 3393 cu'us
472 3363 680 3403 prorogationis
700 3371 862 3401 treugarum
877 3361 1129 3393 confirmationem
1144 3359 1229 3404 raetis·
1247 3357 1342 3389 sacro-

266 3398 366 3431 sanetis
415 3402 548 3442 vangeliis
557 3426 566 3440 ,
584 3401 706 3431 fecimus
727 3400 848 3431 dilectos
863 3401 897 3432 &
912 3399 1007 3430 fideles
1020 3398 1134 3430 nostros
1147 3396 1342 3429 Willielmum

268 3438 306 3468 de
326 3439 454 3470 Ferrariis
467 3465 477 3478 ,
503 3440 700 3470 Amauricium
722 3438 758 3470 de
780 3438 887 3469 Sancto
911 3437 1046 3469 Amaudo
1063 3436 1254 3468 Senescallum
1274 3446 1342 3467 nos-

270 3484 365 3545 ffiurp,
383 3478 543 3547 Hugffneff
564 3478 746 3547 dgVivion,
762 3477 925 3523 Ricardum
944 3476 981 3507 de
1001 3476 1064 3507 Gre
1089 3500 1098 3514 ‚
1116 3476 1151 3507 &
1171 3474 1342 3544 Ηυξὲῑτιιπι

270 3518 512 3599 ᾱεῗρῖῖρῗξὲῑὲἒη
533 3517 1341 3598 3501332‘32212331‘2aaaffiffiusszfflafissxibss‘ssc

272 3592 394 3635 articulis
435 3594 572 3637 raedietis,
590 3565 708 3624 ficfeliter
728 3595 763 3625 &
784 3593 842 3624 fine
864 3592 941 3623 malo
961 3600 1096 3636 ingemo,
1113 3601 1168 3629 pro
1188 3591 1289 3630 nobis,
1307 3592 1342 3623 δε

277 3628 380 3673 nostris
395 3630 412 3660 fi
434 3632 521 3662 elibus
530 3634 580 3671 ,&
595 3632 723 3670 imprisiis
732 3657 741 3670 ,
760 3632 901 3662 observari
914 3631 1066 3669 faciemus,
1080 3640 1096 3660 a
1108 3630 1165 3660 fine
1178 3638 1342 3670 treugarum

289 3667 475 3712 ,raedieiamm
489 3670 591 3701 ultimo
603 3680 749 3711 captarum
758 3694 768 3709 ‚
783 3671 869 3708 usque
883 3671 913 3700 in
925 3679 1034 3700 annum
1049 3669 1245 3707 completum,
1262 3668 1343 3699 vide-

274 3677 342 3737 ficet
361 3716 377 3736 a
398 3706 482 3737 Festo
500 3708 574 3739 beati
583 3710 687 3748 Jacobi
702 3708 835 3747 Apostoli
848 3711 982 3747 proximo
995 3716 1119 3740 venturo
1125 3730 1136 3747 ,
1152 3707 1239 3746 usque
1252 3717 1342 3738 unum

275 3753 384 3775 annum
398 3746 586 3783 completum.

300 3782 356 3827 'Ita
381 3791 477 3826 tamen
497 3785 575 3821 quod
590 3810 600 3823 ,
628 3793 744 3824 propter
762 3785 878 3816 istarum
899 3792 1061 3826 treugarum
1084 3785 1318 3825 prorogationem
1332 3809 1344 3823 ‚

277 3820 480 3852 nichilominus
494 3821 574 3859 super
591 3823 848 3864 transgressionibus
869 3824 903 3855 &
925 3824 1178 3864 interceptionibus
1197 3823 1268 3854 infra
1281 3823 1344 3854 dic-

277 3868 318 3891 tas
339 3867 447 3899 treugas
500 3858 567 3890 hinc
583 3861 649 3892 inde
668 3863 829 3900 perpetratis
841 3886 851 3900 ,
875 3862 922 3892 vel
943 3862 980 3892 de
999 3872 1107 3894 caetero
1129 3861 1320 3900 pesscflaandi's
1333 3886 1344 3900 ,

278 3898 347 3968 isiaasst
367 3883 498 3929 emendae
520 3898 674 3930 secundum
692 3901 817 3931 formam
835 3901 898 3931 alias
918 3901 948 3930 in
967 3902 1071 3941 treugis
1085 3885 1226 3940 praedietis
1247 3900 1346 3939 provi-

279 3974 443 4046 cissnuscujus
456 3975 496 4005 rei
509 3973 704 4007 testimonium
719 3977 770 4007 hiis
784 3977 880 4008 litteris
892 3976 1014 4015 sigillum
1028 3977 1161 4009 nostrum
1174 3979 1284 4017 apponi
1299 3976 1343 4009 fe-

317 4075 410 4108 Teste
422 4074 506 4116 Rege
516 4074 592 4116 apud
604 4073 730 4107 Westm.
747 4074 863 4108 decimo
878 4084 979 4115 quarto
991 4075 1038 4107 die
1048 4077 1135 4115 Junii.

723 130 1541 184 CONVENTIONES,

1596 131 1989 182 LITERAE‚

2461 241 2540 275 Ann.
2554 245 2570 277 Ι

1394 307 1445 338 De
1458 315 1532 351 pace
1550 307 1629 338 inter
1643 308 1771 339 Barones
1791 304 1826 339 de
1842 309 1974 388 qunque
1995 303 2161 351 Portubus,
2186 310 2223 347 ᾤ’
2242 305 2373 342 homines
2388 308 2425 343 de
2463 293 2570 361 31253}

1882 367 1962 389 alon·

1664 479 1704 510 od
1723 480 1803 510 firma
1825 484 1857 511 iit
1882 489 1935 518 pax
1951 482 1986 512 &
2000 482 2158 512 concordia
2172 480 2276 513 stabilis
2291 483 2364 515 inter
2378 495 2449 524 vos,
2465 450 2570 521 27¹3„

1374 438 1490 495 REX
1512 433 1669 471 Baronibus
1681 440 1718 472 de
1732 442 1859 484 quinque
1870 440 2015 473 Portubus
2028 442 2153 474 salutem.

1625 486 1722 549 {deles
1742 518 1856 550 nostros
1876 519 1966 549 Cives
1986 520 2100 552 nostros
2114 520 2219 558 Baion,
2237 522 2320 552 vobis
2333 523 2451 554 manda-
2466 528 2568 553 Pat.2i

1467 477 1602 509 Volentes

1374 513 1409 544 &
1429 516 1551 547 dilectos
1571 518 1606 548 &

1376 561 1458 594 mus,
1476 554 1595 600 firmiter
1617 558 1814 596 injungentes,
1833 559 1963 596 quatinus
1984 559 2061 598 siqua
2082 559 2167 590 fuerit
2187 560 2261 590 inter
2282 571 2335 591 vos
2348 562 2383 593 &
2402 573 2453 594 eos
2469 567 2561 602 H.3.n.

1375 599 1438 624 orta
1452 601 1618 638 contentio,
1636 596 1672 626 de
1686 605 1794 627 caetero
1807 596 1937 635 sopiatur.

1412 632 1454 664 Ita
1471 632 1591 701 ἓυιάεῐη
1613 634 1693 672 quod
1713 635 1748 665 ad
1769 635 1961 666 concordiam
1981 636 2015 667 &
2038 646 2140 675 pacem
2154 638 2228 667 inter
2245 645 2316 676 VOS,
2330 638 2453 677 &ipsos

1378 669 1470 702 facien
1492 681 1539 716 arn
1558 670 1706 712 laboretis,
1730 684 1784 713 ne,
1808 674 1961 705 occasione
1979 675 2094 714 alicujus
2109 676 2274 716 discordiae,
2297 686 2362 714 quae
2381 678 2456 709 inter

1377 720 1444 749 vos,
1463 712 1497 742 &
1517 710 1589 748 ipsos
1609 711 1760 751 habeatur,
1779 713 1864 744 simus
1886 714 1917 743 in
1937 714 2033 752 aliquo
2056 715 2204 753 perdentes
2224 714 2262 745 de
2281 714 2394 747 servitio
2410 717 2419 747 i

1375 748 1473 819 tsorum
1496 747 1618 780 Civium
1637 750 1824 791 nostrorum,
1842 751 1921 790 quod
1941 752 2092 791 specialiter
2112 754 2251 785 habemus
2263 763 2403 786 commen
2439 773 2453 781 -

1389 799 1448 819 um.

1414 865 1505 897 Teste
1519 866 1628 905 meipso
1640 866 1714 905 apud
1727 867 1901 899 Wudestok.
1921 870 1961 900 26
1976 869 2022 901 die
2032 870 2119 910 Junii.

1376 993 1425 1028 De
1440 992 1555 1026 ultima
1565 991 1714 1039 sblutione
1729 996 1877 1039 pecuniae,
1903 997 2087 1042 Imperatori
2105 993 2206 1030 debitae
2219 1008 2276 1045 pro
2304 1000 2454 1032 avarita-

1810 1046 1864 1090 gio
1881 1041 2021 1089 Istzbellaei

1377 1126 1772 1198 RE>filIfratriHugonide
1785 1128 1910 1160 Stozflwn
1928 1129 2053 1174 salutern.
2125 1171 2130 1176 ι
2192 1171 2198 1177 ⁸
2224 1167 2225 1171 Ἰ
2341 1171 2347 1177 ¹
2471 1134 2570 1167 Anni

1377 1205 1429 1242 tri,
1448 1205 1500 1238 Hi,
1510 1168 1746 1238 Ἓέἓωὸἒιξίῗίῗ
1758 1168 2253 1247 ςῗιῗεῖεῧῗὲῑῖ“ῗῗιξὲἶὲιὲ“ἓῧῗᾶἷ
2268 1169 2361 1241 ἓέξέῗ
2375 1180 2452 1240 &stri
2468 1183 2570 1243 Αἶίἶῖ

1376 1242 1482 1314 Ιίῗὲῗίο
1500 1216 1644 1278 {estrand
1670 1247 1704 1278 ὃ(
1724 1232 1851 1291 bfunciis
1872 1246 1997 1292 Domini
2024 1247 2205 1286 Imperatoris
2233 1248 2336 1279 decem
2365 1248 2452 1279 millia
2468 1257 2504 1281 Η.
2525 1263 2551 1291 3.

1377 1295 1547 1354 Longgriilfn
1555 1310 1565 1324 ,
1577 1295 1644 1324 quae
1655 1285 1766 1317 habetis
1778 1295 1808 1315 in
1821 1285 1950 1317 custodia
1963 1285 2056 1318 vestra
2069 1286 2143 1325 apud
2157 1286 2193 1317 Ν
2194 1287 2453 1326 ovumTemplum
2470 1296 2529 1358 ign.
2558 1301 2570 1318 2

1415 1362 1464 1393 Ad
1485 1349 1558 1402 opus
1576 1362 1700 1409 ejusdem
1718 1362 1916 1408 Imperator-is,
1942 1363 1976 1394 ad
1995 1364 2240 1409 perficiendam-ei
2257 1364 2402 1410 ultimam,
2420 1365 2455 1397 &
2502 1340 2536 1368 ¹3⁴
2548 1340 2570 1358 n*

1376 1400 1491 1439 plenam
1510 1410 1691 1441 pacationem
1709 1410 1820 1442 triginta
1838 1403 1960 1434 millium
1981 1403 2148 1435 Marcarum
2163 1427 2174 1443 ,
2198 1413 2228 1434 in
2249 1404 2351 1442 quibus
2371 1414 2397 1434 ei
2414 1412 2458 1435 te-‘

1376 1440 1517 1510 ipaeibiicmsur
1530 1451 1585 1482 pro
1601 1442 1750 1482 maritagio
1762 1441 1875 1472 dileetae
1889 1441 1990 1473 sororis
2004 1442 2128 1482 nostrae,
2141 1442 2348 1474 Romanorum
2359 1442 2458 1481 Impe-

1414 1517 1451 1549 In
1463 1519 1542 1558 cujus
1557 1520 1598 1550 rei
1607 1543 1618 1559 ,
1632 1518 1694 1550 &c.

1415 1593 1507 1626 Teste
1522 1592 1608 1636 Rege
1619 1595 1694 1635 apud
1709 1595 1895 1635 Wudestok,
1913 1595 1952 1627 28
1965 1595 2013 1627 die
2020 1595 2109 1636 Junii.

1379 1716 1407 1745 ἕ*
1433 1721 1611 1755 fredericus
1627 1724 1796 1769 Imperator
1808 1719 1919 1767 stribit
1931 1720 2080 1768 Jefilium
2087 1719 2184 1766 sicum
2204 1722 2310 1768 (Regis
2323 1721 2453 1769 Angliae,
2474 1730 2491 1750 e
2506 1731 2570 1768 137

1421 1782 1461 1803 ex
1478 1769 1609 1817 Ifhbella
1618 1771 1722 1817 sbrore
1737 1798 1747 1813 ,
1784 1774 1929 1817 nepotem)
1949 1773 1981 1803 in
1998 1772 2181 1802 memoriam
2203 1771 2334 1802 Henrici
2361 1782 2457 1817 quon-

1422 1818 1498 1852 dam
1513 1820 1633 1868 Angliae
1647 1822 1735 1867 Regis
1747 1847 1758 1862 ‚
1773 1817 1934 1864 nominasse
1952 1820 2124 1852 Henricum
2140 1832 2152 1850 .·
2178 1820 2222 1851 Et
2237 1817 2364 1851 eundem
2387 1831 2456 1851 con-

1413 1866 1542 1914 stituiffie
1556 1866 1704 1912 custodem
1722 1871 1817 1915 Regni
1833 1867 1939 1901 Sicilia
1955 1880 1967 1899 .·
1991 1868 2035 1900 Et
2052 1865 2108 1900 dat
2126 1868 2252 1913 causam
2267 1865 2458 1914 baptismatis

1423 1918 1488 1963 ejus
1505 1929 1562 1950 non
1578 1921 1667 1951 citius
1680 1916 1892 1963 solemnizari.

1453 2002 1529 2035 UM
1545 2002 1681 2042 perfectae
1695 2002 1858 2034 dilefflonis
1867 2003 2072 2044 zelum‚cujus
2088 1999 2272 2034 indissolubili
2285 2001 2365 2034 nodo
2381 2010 2455 2042 quo-
2471 1994 2548 2027 Ann-
2562 1998 2570 2028 ]

1399 2080 1405 2085 .
1463 2041 1530 2072 dam
1546 2042 1690 2074 Isabellam
1705 2041 1882 2073 Consortem
1897 2043 2025 2074 nostram
2040 2040 2247 2080 charissimam,
2262 2041 2365 2072 vestrae
2390 2040 2455 2072 affi-
2493 2044 2569 2075 1237

1376 2082 1468 2112 nitatis
1483 2080 1611 2113 identitas
1624 2081 1701 2112 lateri
1713 2080 1815 2112 nostro
1829 2082 2032 2120 conjunxerat,
2049 2082 2079 2111 in
2091 2081 2196 2111 tenacis
2212 2081 2364 2110 memoriae
2377 2080 2452 2111 libro
2469 2078 2523 2103 An·
2540 2084 2570 2103 Π

1376 2119 1561 2160 perlegimus:
1585 2120 1670 2151 Dum
1690 2121 1823 2151 amicitia:
1842 2130 1921 2159 purae
1941 2119 2129 2151 constantiam
2143 2143 2153 2158 ,
2180 2128 2267 2157 quam
2287 2117 2322 2149 ad
2345 2129 2399 2150 vos
2418 2119 2453 2150 δε
2470 2119 2506 2142 Η·
2527 2123 2554 2152 3·

1376 2158 1486 2189 vestros
1507 2159 1692 2190 amicabiliter
1711 2160 1850 2198 gerimus,
1869 2159 1984 2189 sollicita
2003 2157 2191 2189 meditatione
2211 2156 2372 2196 pensamus:
2402 2157 2450 2189 Ad

1378 2195 1422 2227 H.
1438 2197 1576 2228 dileetum
1589 2197 1679 2228 filium
1695 2197 1844 2236 nostrum,
1856 2205 1995 2236 nepotem
2008 2196 2139 2228 vestrum
2154 2197 2245 2235 (cujus
2259 2197 2378 2227 nomine
2391 2196 2454 2227 Re-

1397 2245 1444 2266 em
1460 2236 1630 2267 -Henricum
1652 2245 1740 2267 avum
1760 2236 1890 2267 vestrum
1905 2261 1915 2275 ‚
1942 2235 2127 2267 meditatione
2149 2233 2282 2273 gloriofie
2300 2237 2454 2266 memoriae

1387 2274 1550 2306 audabiliter
1572 2275 1738 2311 excitamus)
1762 2285 1849 2314 quem
1869 2285 2006 2313 tanquam
2025 2274 2152 2305 durabile
2173 2275 2246 2305 inter
2269 2283 2323 2304 nos
2352 2275 2453 2314 pignus

1377 2315 1481 2345 amoris
1491 2338 1500 2353 ‚
1515 2314 1653 2346 foecunda
1665 2315 1749 2344 nobis
1762 2322 1869 2345 naturae
1884 2314 2007 2353 provisio
2020 2313 2142 2345 contulit
2150 2313 2273 2352 ,favoris
2287 2312 2376 2344 nostri
2387 2323 2452 2353 gra-

1377 2353 1445 2383 tiam
1458 2353 1579 2384 libenter
1592 2352 1770 2384 extendimus
1778 2377 1788 2392 ,
1807 2354 1841 2385 &
1857 2354 1951 2392 gratiae
1963 2352 2071 2383 nostrae
2085 2353 2217 2384 favorem
2230 2351 2363 2382 libentius
2384 2361 2454 2389 pro-

1375 2401 1396 2429 p
1430 2401 1517 2423 amus.

1397 2400 1496 2461 agicoe
1519 2431 1556 2462 ita
1579 2441 1614 2462 ue
1631 2440 1686 2469 pro
1706 2429 1798 2462 arduis
1811 2429 1986 2461 excellentiae
1998 2429 2106 2461 nostrae
2119 2429 2257 2470 negotiis,
2274 2428 2309 2459 ad
2326 2436 2456 2468 repeten-

1377 2468 1425 2500 das
1446 2477 1537 2508 partes
1575 2470 1685 2508 talicas,
1703 2470 1762 2500 tam
1782 2468 1952 2509 magnifice,
1971 2469 2060 2508 quam
2082 2477 2214 2507 potenter
2227 2467 2367 2506 ammiti,
2384 2477 2456 2506 prae-

1376 2507 1467 2539 fatum
1481 2508 1663 2547 Henricum,
1682 2508 1760 2539 sacro
1773 2508 1855 2539 fonte
1876 2508 2047 2546 baptismatis
2066 2507 2206 2546 tripudiali
2225 2506 2392 2538 solennitate
2411 2516 2457 2537 re-

1377 2555 1494 2587 natum,
1513 2549 1543 2577 in
1556 2547 1664 2587 Regno
1677 2547 1783 2578 Siciliae
1797 2548 1866 2578 loco
1879 2546 1986 2585 nostri,
2005 2557 2039 2577 ac
2055 2546 2134 2577 velut
2147 2545 2242 2577 vultus
2266 2545 2301 2577 &
2319 2546 2458 2584 potentiae

1376 2586 1482 2617 nostrae
1502 2586 1519 2616 s
1550 2587 1666 2626 culum,
1684 2586 1788 2617 reliffis
1808 2586 1859 2617 sibi
1879 2585 2058 2624 consiliariis,
2073 2585 2110 2616 de
2128 2594 2254 2624 quorum
2267 2584 2387 2615 consilio
2400 2584 2455 2615 toti

1378 2624 1486 2665 Regno
1528 2625 1652 2663 isponat,
1673 2624 1793 2663 provida
1818 2634 1909 2662 nuper
1923 2623 2128 2655 deliberatione
2141 2623 2310 2662 praehabita,
2328 2622 2457 2662 providi-

1379 2673 1443 2694 mus
1461 2664 1667 2694 dimittendum
1689 2673 1695 2692 ε
1722 2662 1813 2694 Fadio
1833 2664 1862 2692 in
1878 2662 1987 2692 solenni
2005 2663 2082 2693 curia
2097 2663 2219 2702 generali
2238 2661 2372 2693 mandato
2389 2662 2455 2692 uni-

1379 2701 1464 2733 versis
1483 2701 1515 2731 R
1575 2704 1580 2708 ”
1600 2701 1746 2740 fidelibus,
1771 2708 1803 2731 ut
1821 2700 1931 2739 eidem,
1957 2710 2045 2738 quern
2063 2702 2137 2730 inter
2155 2711 2205 2731 eos
2222 2700 2302 2732 velut
2319 2701 2459 2740 imagina-

1378 2742 1455 2771 rium
1470 2750 1520 2779 per
1531 2750 1598 2771 onae
1612 2739 1717 2771 nostrae
1731 2739 1933 2777 relinquimus,
1949 2746 2084 2777 tanquam
2096 2739 2226 2777 personae
2246 2738 2354 2770 nostrae
2375 2749 2458 2771 reve-

1377 2787 1473 2810 renter
1487 2779 1641 2817 obediant,
1658 2779 1692 2810 &
1707 2777 1862 2808 intendant.

1417 2817 1468 2849 De
1488 2818 1568 2855 cujus
1590 2826 1649 2848 tam
1672 2817 1758 2857 longa
1777 2815 1911 2847 dilatione
1931 2815 2120 2854 baptismatis,
2137 2814 2224 2845 latere
2238 2824 2292 2845 vos
2306 2815 2460 2855 nolumus,

1378 2856 1476 2896 quod,
1495 2857 1530 2887 ad
1545 2866 1644 2894 preces
1659 2855 1840 2895 quorundam
1851 2856 2012 2885 amicorum
2033 2853 2201 2885 nostrorum
2222 2853 2260 2883 de
2279 2853 2374 2892 Papali
2394 2852 2460 2884 Cu-

1379 2897 1434 2935 ria,
1453 2905 1519 2934 quas
1532 2894 1670 2926 obaudire
1684 2894 1839 2933 nescimus,
1858 2893 2034 2932 &ipsorum
2051 2893 2178 2924 concilio
2197 2893 2287 2923 fuerat
2311 2892 2408 2923 hucus
2423 2903 2460 2924 ue

1377 2935 1494 2965 dilatum
1504 2957 1513 2973 ,
1532 2942 1564 2965 ut
1578 2935 1608 2964 in
1622 2934 1827 2965 reformatione
1840 2932 1915 2970 pacis
1929 2933 2002 2963 inter
2017 2942 2086 2971 nos,
2104 2933 2139 2964 &
2160 2931 2330 2962 Romanam
2352 2930 2416 2962 Ecc
2428 2941 2459 2962 e-

1379 2974 1465 3012 siam,
1484 2974 1513 3003 in
1534 2974 1613 3012 cujus
1633 2972 1830 3011 expectatione
1849 2970 1956 3001 diutina
1980 2971 2077 3002 nostra
2091 2970 2156 3001 sunt
2169 2971 2203 3002 &
2217 2969 2379 3001 multorum
2396 2969 2458 3008 jam

1380 3021 1450 3044 vota
1469 3011 1616 3051 frustrata,
1633 3022 1670 3043 eo
1693 3010 1866 3042 manifestius
1888 3009 1965 3050 signa
1986 3010 2115 3050 perpetui
2130 3010 2164 3042 &
2179 3007 2335 3040 constantis
2354 3009 2462 3040 amoris

1378 3050 1541 3122 gstenderet
1555 3075 1566 3090 ‚
1596 3061 1656 3090 quo
1676 3050 1829 3082 traderetur
1850 3048 1991 3081 solennius
2011 3049 2126 3080 summo
2151 3047 2290 3080 Pontifici
2312 3047 2460 3086 baptizan-

1401 3100 1439 3122 us.

1418 3129 1495 3161 Haec
1517 3139 1571 3160 nos
1591 3128 1724 3168 profecto
1744 3126 1846 3159 vestrae
1867 3126 2003 3158 serenitati
2021 3126 2206 3158 describimus
2245 3133 2295 3164 ut,
2317 3131 2457 3163 quantum

1379 3169 1463 3200 vobis
1476 3167 1682 3213 magnificentia
1695 3166 1792 3198 nostra
1805 3166 1916 3205 placere
1928 3165 2082 3204 desideret,
2099 3164 2194 3197 vestra
2206 3150 2333 3196 serenitas
2355 3173 2372 3194 a
2393 3172 2459 3201 par-

1379 3217 1409 3239 te
1430 3207 1579 3246 conjiciat3
1596 3207 1630 3238 &
1651 3206 1768 3245 qualiter
1788 3207 1861 3236 inter
1879 3205 1947 3236 alios
1966 3203 2064 3235 affines
2079 3202 2209 3242 nostros,
2224 3202 2374 3242 personam
2391 3211 2457 3232 ves·

1380 3255 1453 3278 tram
1467 3247 1589 3277 tenerius
1602 3244 1761 3285 diligimus,
1776 3244 1948 3285 argumentis
1963 3242 2141 3275 evidentibus
2154 3239 2350 3283 apprehendat.

1648 3373 1698 3405 De
1716 3383 1814 3404 annuo
1833 3371 1920 3416 censii
1938 3372 2020 3416 Papa
2028 3366 2186 3415 Jblvendo.

1385 3457 1603 3520 GRegorius
1618 3455 1792 3501 EpiscopuS,
1805 3455 1899 3501 servus
1913 3455 2060 3500 servorum
2072 3452 2130 3484 Dei
2139 3449 2299 3495 ,carissimo
2312 3452 2342 3481 in
2355 3449 2456 3481 Chris-
2473 3461 2570 3493 Ana]

1406 3536 1410 3540 .
1445 3536 1450 3541 η
1471 3505 1503 3527 to
1517 3495 1577 3526 filio
1590 3495 1668 3536 Regi
1683 3495 1847 3534 Anglorum
1862 3493 1960 3526 illustri
1974 3493 2089 3525 salutem
2103 3492 2138 3523 &
2152 3489 2353 3528 Apostolicam
2366 3489 2454 3520 bene-
2500 3510 2570 3540 1237

1383 3534 1551 3618 dlfgffrrneffi
1559 3572 1637 3604 mille
1651 3572 1758 3618 Marcis
1771 3572 1982 3619 Sterlingorurn
1996 3567 2134 3612 Ecclesiae
2146 3567 2310 3604 Romanae,
2327 3575 2382 3604 pro
2403 3576 2454 3597 an-
2471 3544 2570 3616 ἔλξιι

1382 3622 1423 3643 ¹²⁰
1448 3612 1866 3690 {z'effi‘t’ii'ssaeffizffio‘gssffiffi
1879 3616 2216 3683 ἵκοῗὲῖἓξέῧῗὲἓὲηῑὲ,
2234 3643 2363 3682 quatinus
2385 3653 2455 3688 ces,-
2469 3620 2569 3694 5025st

1383 3690 1444 3721 sum
1464 3689 1554 3727 ipsum
1572 3689 1679 3720 dilecto
1698 3689 1757 3720 filio
1776 3689 1854 3720 fratri
1872 3686 2021 3730 Thomae,
2039 3683 2226 3727 Cubiculario
2238 3680 2356 3726 nostro,
2370 3681 2454 3714 solita

1382 3728 1530 3765 facilitate,
1548 3730 1666 3759 nomine
1684 3727 1785 3759 nostro
1802 3725 1957 3766 persolvas·
1985 3732 2023 3755 ita
2059 3722 2119 3754 uod
2139 3730 2255 3766 gratiam
2273 3729 2401 3758 acquiras
2420 3729 2456 3752 ex

1382 3767 1499 3807 debito,
1516 3767 1551 3799 &
1564 3767 1761 3798 commendari
1775 3772 1916 3797 mereatur
1930 3748 2038 3794 delsini
2059 3772 2078 3793 o
2092 3760 2184 3800 Regia
2197 3768 2232 3790 ex
2247 3758 2364 3790 affeetu.

1420 3843 1491 3877 Dat.
1506 3843 1592 3877 Reat.
1610 3852 1637 3883 7.
1650 3843 1738 3883 Julii,
1755 3840 1865 3873 Pontif.
1883 3839 1973 3871 nostri
1985 3848 2062 3872 anno
2075 3836 2200 3869 decimo.

1709 3917 1837 3951 Plumbeo
1853 3915 1948 3957 Sigillo
1954 3915 2088 3958 pendente
2102 3924 2122 3944 a
2127 3910 2182 3954 filo
2195 3911 2321 3944 canabeo.
