2570 4261
228 236 306 273 190

87 307 163 340 Anu.
173 307 212 338 D.
262 304 478 340 Conceffimus,
501 312 554 341 pro
573 302 655 333 nobis
673 301 707 332 &
730 298 888 330 haeredibus
907 298 1024 337 nostris,
1043 297 1232 336 confirmare,
1251 297 1285 328 &

115 356 199 386 1297.
226 345 342 376 firmiter
357 344 443 373 reneri
455 342 547 372 facere
560 349 694 377 magnam
709 338 846 369 Chartam
860 338 897 368 de
912 337 1101 369 Libertatibus
1115 337 1242 376 Angliae,
1251 336 1285 366 &

83 389 152 415 Edv.
174 396 197 414 1.
227 383 363 414 Chartam
377 381 412 410 de
426 380 617 409 Libertatibus
633 376 773 414 Forestae,

265 420 302 451 Et
323 418 480 449 concedere
492 417 625 446 omuibus
641 417 673 446 ὃς
691 415 801 451 singulis
818 415 941 453 ejusdem
955 413 1052 457 Regni
1064 414 1165 444 litteras
1179 412 1286 444 nostras

227 467 366 497 patenteS,
385 455 463 494 quod
475 455 562 485 dietae
574 456 686 485 oetavae
702 455 803 484 levatio
818 463 877 483 non
892 453 974 483 cedet
989 452 1091 482 eisdem
1106 454 1134 482 in
1155 452 1285 496 prejudi-

227 499 322 534 cium,
343 495 518 531 servitutem,
543 493 816 529 exhaeredationem,
838 491 918 522 usum
936 491 981 522 vel
1005 491 1238 521 consuetudinem
1257 500 1286 520 in

273 545 281 563 l
292 544 354 563 rum
363 543 369 562 ἶ

228 535 336 602 fur'fibi
351 570 546 609 praecipimus,
565 569 681 600 firmiter
692 570 882 609 injungentes,
900 566 996 606 quod,
1015 566 1071 597 sine
1085 566 1218 597 dilatione
1236 567 1285 597 ali-

227 611 299 649 qua,
319 619 436 648 quatuor
448 608 484 639 de
500 609 680 647 probioribus
695 610 728 640 ὃς
740 608 912 644 legalioribus
926 605 1068 635 Militibus
1084 605 1283 636 Comitatuum

79 656 216 694 811494,
227 657 359 686 tuorum,
386 647 536 686 videlicet,
561 647 597 678 de
616 647 742 689 quolibet
763 640 911 676 Comitatu
935 644 1003 687 diro<
1028 645 1062 673 eli
1078 644 1107 687 *it
1127 645 1160 675 &
1182 644 1201 662 *
1217 654 1284 691 eos,

227 687 339 725 plenam
352 685 538 724 potestatem,
556 696 610 725 pro
623 687 683 720 ipsis
699 686 731 714 ὃ(
743 684 803 715 tota
816 683 1034 713 Communitatc
1076 682 1198 712 idiotam
1222 682 1284 712 Lo-

225 727 391 762 mitatuum,
407 725 556 761 habentes,
575 724 609 754 ad
622 722 794 753 Edwardum
813 721 904 751 filium
924 720 1056 764 nostrum
1075 720 1285 760 charissimum,

223 772 369 795 tenentem
383 764 411 793 in
428 763 532 797 Anglia
543 763 640 792 locum
654 761 803 799 nostrum,
821 761 919 790 venire
932 764 1029 789 iacias:

259 802 300 833 Ita
315 801 392 841 quod
404 801 457 831 lint
474 801 609 831 London-
627 799 662 829 ad
677 799 799 829 eundern
812 798 900 829 filium
924 797 1168 841 nostrumtmodis
1188 799 1284 828 omni-

220 841 274 872 bus
287 842 317 871 in
332 840 440 871 ostabis
454 839 551 869 Sancti
565 838 714 868 Michaelis
728 839 861 875 proximo
877 837 960 867 futuri
974 836 1008 866 ad
1021 836 1171 874 ultimum,

261 879 379 910 Chartas
394 878 472 915 super
486 876 705 908 confirmatione
719 876 816 907 nostra
829 876 998 906 chartarum
1018 875 1214 912 praedifftarum
1223 898 1232 913 ‚
1250 876 1284 906 &

222 918 322 948 litteras
336 916 441 947 nostras
456 916 535 954 super
549 915 626 946 dieta
642 914 845 953 concessione,
863 925 916 952 pro
938 913 996 952 ipsa
1018 912 1236 944 Communitate
1254 915 1282 944 in

221 956 316 986 forma
336 954 469 993 praediftfi
490 955 649 992 recepturi,
668 955 701 985 &
725 954 824 984 faeturi
845 953 976 991 ulterius,
1001 952 1079 990 quod
1099 962 1151 990 per
1171 952 1280 984 dietum

219 994 308 1025 filium
322 995 355 1024 ὃ(
370 992 519 1023 consilium
534 992 665 1023 nostrum
680 992 785 1022 ibidem
799 992 882 1023 fuerit
894 991 1064 1022 ordinatum.

258 1032 296 1063 Et
308 1033 365 1062 hoc
378 1031 457 1064 nullo
472 1031 562 1061 modo
575 1032 716 1062 omittatis.

257 1070 296 1102 Et
310 1071 410 1101 habeas
422 1070 460 1100 ibi
473 1070 533 1101 hoc
549 1070 644 1101 breve.

0 1133 176 1185 ffijnfl
191 1168 227 1187 7„
255 1146 346 1178 Teste
358 1145 482 1178 Edward
496 1145 555 1176 filio
570 1145 668 1176 nostro
682 1145 755 1184 apud
776 1145 915 1176 Sannum
937 1143 1058 1176 Paulum
1078 1145 1212 1176 London.
1235 1152 1280 1183 15.

90 1186 266 1231 &Ah-die
279 1185 471 1224 Septembris,
487 1195 563 1216 anno
577 1185 672 1224 Regni
685 1184 775 1215 nostri
791 1193 839 1223 25.

0 1214 231 1293 Ξζῶλψι
256 1262 371 1302 Dorso,
1097 1300 1121 1305 ..
1274 1299 1280 1305 .

0 1289 85 1379 ista
98 1292 199 1331 Μιό
251 1301 395 1339 johannes
411 1301 447 1331 de
466 1300 628 1346 Pabenham
662 1301 696 1332 &
725 1299 893 1331 Edmundus
906 1299 1038 1344 Gacelyn
1056 1299 1179 1344 Milites,
1198 1299 1281 1329 ele6⁷ti

0 1375 16 1401 ‚·
26 1335 135 1410 (fs
149 1360 188 1378 l,
215 1340 284 1409 i{Eint
300 1339 612 1408 Εῗάζέἳξιέὲιὲἂῗῑὲκπῖ
626 1325 715 1408 ἰξέοῑῃ.
729 1338 796 1370 Bed.
809 1338 842 1369 ad
858 1338 1022 1370 faciendum
1036 1339 1071 1371 δε
1084 1338 1280 1377 recipiendum

0 1396 68 1436 W
249 1388 394 1456 jocliannes
407 1415 442 1446 de
456 1388 627 1447 pabenhan?
634 1416 737 1456 Miles,
755 1425 903 1454 manucap.
923 1425 973 1455 per

255 1494 337 1523 Edm.
356 1494 389 1523 de
405 1494 521 1523 Wedmze
538 1493 676 1530 Militem,

255 1532 400 1563 Rohertum
414 1532 446 1561 de
458 1536 611 1572 Crevequer
623 1531 743 1561 Militem
752 1554 762 1569 ,

256 1570 417 1609 Johannem
430 1571 461 1599 de
479 1570 636 1600 Pabenham
642 1573 778 1609 juniorem
786 1592 796 1608 ,

254 1608 407 1639 Walterum
421 1609 452 1639 de
466 1608 496 1638 la
509 1612 588 1650 Haye
596 1619 606 1646 ‚·

254 1685 423 1717 Edmundus
438 1685 567 1727 Gacelyn
586 1685 688 1725 Miles,
706 1694 853 1723 manucap.
871 1695 921 1724 per

253 1762 400 1792 Robertum
413 1765 446 1794 de
459 1767 610 1803 Crevequer
625 1761 746 1792 Militem
754 1787 763 1800 ,

256 1802 337 1832 Edm.
357 1803 388 1832 de
403 1802 503 1832 nedon
519 1801 652 1839 Militem,

250 1841 397 1870 Ricardum
412 1842 444 1871 de
459 1843 612 1870 Harecourt
626 1841 657 1869 a'e
671 1838 843 1878 Suthmelne,

217 1907 222 1912 ,
239 1902 245 1908 .
255 1881 299 1909 W
296 1878 435 1909 illielmum
449 1879 474 1909 le
487 1882 604 1908 Bretun.

254 1955 412 1987 Almaricus
431 1955 469 1986 de
488 1954 641 1994 Nodariis,
660 1956 694 1986 ὃς
713 1954 860 1985 Robertus
880 1954 964 1994 Barry
988 1953 1096 1985 Milites
1112 1953 1195 1985 elec'ti
1216 1954 1278 1986 sunt

214 2003 264 2032 per
280 1993 528 2025 Communitatem
545 1993 635 2024 Corn.
654 1993 724 2023 Buk.
743 1994 770 2023 in
786 1993 880 2023 forma
900 1992 1042 2031 praedidta.

251 2032 410 2064 Almaricus
424 2033 460 2063 de
474 2032 609 2063 Nodariis
625 2032 727 2071 Miles,
745 2041 894 2070 manucap.
914 2041 963 2070 per

253 2111 296 2140 W
295 2109 431 2139 illielmum
444 2113 578 2139 Bonetum
591 2110 624 2139 de
640 2108 799 2150 Lathebury
807 2133 817 2147 ,

255 2148 402 2178 Robertum
417 2148 447 2177 de
461 2147 552 2178 Stokes
567 2149 598 2177 de
613 2149 723 2186 eadem,

250 2186 412 2225 Johannem
425 2187 455 2216 de
471 2189 598 2216 Lovente
610 2188 641 2215 de
656 2189 766 2224 Nuport
774 2208 784 2224 ,

252 2227 384 2263 Rogerum
391 2223 485 2266 filium
500 2224 642 2264 Johanm's
656 2225 687 2254 de
700 2224 873 2264 Shyryngton.

249 2300 396 2332 Robertus
410 2300 493 2341 Barry
509 2301 610 2340 Miles,
629 2311 775 2340 manucap.
794 2310 845 2339 per

248 2378 387 2413 Hugonem
400 2376 510 2415 Samsc'm
517 2401 527 2416 ,

249 2414 395 2445 Robertum
409 2415 434 2445 le
449 2419 549 2456 Brett,

248 2455 380 2490 Rogerum
383 2453 430 2496 fil.
447 2454 606 2493 Johannis,

248 2493 401 2531 Rycardum
417 2491 442 2522 le
456 2492 536 2523 Clerk
552 2495 584 2523 de
596 2495 727 2532 Neuport.

267 2629 317 2661 De
338 2623 479 2659 veniendo
492 2652 502 2669 ,
528 2637 597 2658 cum
611 2629 692 2672 equis
707 2628 743 2663 e)-
759 2628 872 2665 armis,
899 2623 945 2656 aa‘
959 2627 1106 2658 Brianum
1114 2623 1219 2668 filium

527 2675 645 2717 Alani,
670 2673 713 2706 ad
722 2683 824 2720 partes
841 2676 952 2708 Scotiae.

61 2768 138 2800 Am,
153 2768 193 2799 D,
212 2758 345 2816 REX,
361 2760 422 2791 &c.
442 2759 548 2790 diiee'to
564 2759 598 2790 &
612 2757 685 2789 fideli
701 2757 768 2794 suo,
783 2757 910 2796 Johanni
921 2757 965 2786 W
966 2757 1035 2794 ake,
1053 2757 1175 2787 salutem.

83 2817 167 2847 1297·
281 2819 283 2821 v
305 2798 388 2829 Licet
401 2808 489 2836 nuper
504 2799 586 2828 vobis
601 2796 846 2834 mandaverimus,
879 2795 938 2826 uod
952 2795 986 2825 ad
1002 2795 1139 2825 dilectum
1152 2796 1187 2826 ὃς
1201 2794 1271 2826 fide-

60 2851 114 2875 A„
131 2856 176 2883 25·
214 2834 270 2867 lem
287 2836 433 2873 nostrum,
448 2837 608 2876 Johannem
622 2835 658 2866 de
671 2834 836 2873 warenna,
886 2835 1008 2865 omitem
1021 2833 1098 2864 Surr.
1113 2835 1145 2864 δε
1162 2834 1271 2873 Suffex,

61 2889 92 2912 13.
116 2895 139 2912 ,-
212 2876 259 2904 cui
278 2885 393 2913 propter
411 2876 520 2913 aliquos
537 2884 682 2912 rumores,
701 2874 750 2911 qui
770 2873 803 2903 ad
824 2883 900 2904 aures
921 2871 1029 2902 nostras
1048 2872 1086 2902 de
1106 2872 1177 2903 statu
1189 2881 1271 2904 terrae

59 2927 115 2951 Rot.
129 2930 195 2954 Scor.
212 2912 316 2944 nostrae
338 2914 444 2945 Scotiae
464 2921 666 2952 pervenerant,
684 2910 877 2942 mandavimus
900 2910 979 2950 quod
1001 2910 1038 2941 de
1056 2911 1178 2948 partibus
1201 2911 1270 2950 illis,

233 2952 357 2990 uousque
377 2952 461 2982 status
481 2962 559 2983 terrae
579 2951 650 2981 illius
671 2949 836 2980 assecuratus
849 2950 932 2988 esset,
951 2949 1103 2987 aliqualiter
1117 2959 1176 2979 non
1191 2959 1271 2980 rece-

211 2961 305 3028 deret,
323 3001 389 3021 cum
411 2992 488 3029 equis
511 2991 543 3021 ὃς
564 2991 665 3027 armis,
683 2989 716 3019 ὃ(
735 2997 799 3019 toto
820 2989 900 3026 posse
925 2987 1038 3027 vestro,
1055 2987 1089 3018 ad
1105 2987 1270 3019 mandatum

209 3027 292 3058 suum
307 3029 490 3067 accederetis,
507 3029 541 3059 ad
553 3027 723 3059 morandum
738 3037 806 3057 cum
821 3027 925 3058 eodem
935 3027 1056 3057 Comite
1068 3028 1097 3055 in
1111 3026 1194 3056 dietis
1207 3036 1269 3065 par-

209 3066 283 3097 tibus
292 3089 301 3104 ‚
319 3077 372 3104 pro
386 3067 533 3097 salvatione
546 3068 580 3098 &
593 3066 796 3096 assecuratione
810 3067 931 3103 partium
945 3064 1124 3095 earumdem:

284 3105 327 3134 uia
339 3113 435 3135 tamen
446 3106 504 3143 jam
520 3105 705 3135 intelleximus
720 3104 800 3141 quod
814 3105 889 3134 idem
901 3104 1010 3135 Comes
1020 3102 1064 3133 rest
1077 3104 1106 3132 in
1122 3103 1267 3135 veniendo

208 3141 243 3173 ad
290 3142 437 3174 dwardum
458 3143 547 3173 filium
566 3144 695 3174 nostrum
718 3142 889 3174 carissimum
904 3167 913 3181 ,
945 3149 1091 3173 tenentem
1112 3141 1141 3170 in
1165 3142 1269 3183 Anglia

209 3180 309 3211 locum
323 3180 454 3212 nostrum
468 3205 478 3218 .‚
504 3191 572 3211 cum
585 3182 645 3219 ipso
659 3181 737 3219 supra
750 3181 830 3212 dieto
846 3182 965 3221 negotio
979 3180 1086 3210 Scotiae
1106 3179 1270 3221 locuturus,

249 3218 340 3249 Vobis
355 3221 384 3250 in
397 3219 453 3250 fide
466 3220 498 3250 &
511 3219 678 3258 dilefflone,
699 3219 798 3257 quibus
814 3221 896 3250 nobis
917 3219 1070 3256 tenemini,
1087 3216 1202 3249 firmiter
1225 3221 1268 3250 in-

212 3258 350 3297 'ungimus
365 3259 398 3289 &
412 3258 594 3296 mandamus,
610 3258 737 3296 quatinus
751 3257 786 3287 ad
797 3258 934 3289 dileffiim
950 3258 983 3288 &
998 3255 1110 3287 fidelem
1126 3256 1268 3296 nostrum,

235 3298 344 3327 titulum
363 3296 454 3327 filiurn
477 3295 575 3334 Alani,
601 3297 649 3326 cui
672 3295 828 3326 custodiam
849 3295 1044 3326 commisimus
1062 3294 1147 3327 ditftae
1170 3305 1268 3336 terrae,

212 3344 280 3364 curn
302 3336 381 3372 equis
401 3335 436 3365 &
456 3336 555 3372 armis,
574 3335 607 3365 δε
628 3342 691 3364 toto
714 3334 793 3370 poffe
807 3335 920 3373 vestro,
937 3332 1114 3375 personaliter
1130 3334 1269 3365 acceden-

210 3381 267 3410 tes,
285 3373 378 3403 eidem
397 3373 449 3403 sitis
471 3372 660 3410 intendentes,
679 3372 870 3410 consulentes,
888 3375 921 3404 ὃς
944 3372 1118 3408 auxiliantes,
1136 3371 1170 3401 ad
1192 3373 1268 3403 mili-

209 3411 279 3441 tiam
293 3411 460 3442 Scottorum
473 3411 637 3442 Rebellium
651 3410 811 3440 nostrorum
826 3411 1031 3449 reprimendam
1041 3433 1051 3447 ,
1090 3411 1198 3440 uotiens
1219 3421 1270 3441 ne-

210 3449 286 3479 ceffe
298 3450 398 3489 fuerit,
417 3449 450 3480 δε
463 3450 498 3479 ab
512 3450 572 3488 ipso
585 3449 685 3480 Briano
698 3449 776 3487 super
793 3449 868 3488 hoc,
883 3459 918 3479 ex
934 3457 1010 3489 parte
1029 3458 1069 3478 no
1109 3447 1143 3486 3,
1161 3449 1268 3480 fiteritis

210 3496 239 3516 re
260 3497 286 3516 ui
341 3498 347 3517 :

277 3487 355 3556 ossum
377 3526 429 3556 hac
447 3534 524 3564 parte
542 3525 630 3556 taliter
649 3525 788 3562 habituri,
803 3524 881 3562 quod
898 3525 1068 3563 diligentiam
1082 3524 1116 3554 &
1131 3523 1267 3556 fidelitatis

211 3561 313 3592 vestrae
332 3563 508 3602 industriam,
525 3564 561 3594 de
584 3564 684 3601 quibus
702 3562 852 3600 specialiter
874 3563 1060 3602 confidimus,
1076 3563 1196 3601 provide
1216 3564 1265 3594 ha-

210 3599 279 3629 bere
292 3600 440 3632 debeamus
455 3603 557 3633 merito
571 3602 798 3633 commendatos.

252 3674 341 3718 Teste
362 3676 501 3709 Edwardo
523 3678 582 3709 filio
604 3677 709 3718 Regis,
733 3677 806 3716 apud
829 3677 966 3708 Sanc‘l'um
986 3677 1108 3709 Paulum
1129 3677 1266 3709 London.

216 3712 265 3742 26.
281 3713 327 3743 die
340 3714 517 3753 Septembris.

63 2967 151 2995 25.E.
170 2974 193 2991 1.

62 3002 167 3030 m.1.d.

69 3801 148 3839 ‘117
153 3811 200 3838 95.
305 3823 308 3826 ,
320 3789 339 3808 *¹
359 3788 527 3823 Consimiles
538 3793 636 3824 litterae
650 3792 810 3831 diriguntur
824 3792 996 3831 subscriptis,
1013 3792 1162 3831 videlicet,

214 3863 329 3893 Roberto
342 3864 374 3892 de
386 3865 510 3905 Cltffbrd,

216 3900 334 3940 Radulfo
340 3901 401 3939 filio
417 3904 572 3945 willielmi,

215 3939 320 3969 lemae
333 3941 494 3980 furnivall,

216 3979 324 4013 Hugoni
335 3978 367 4005 de
381 3980 481 4017 Hercy,

216 4014 348 4044 Nicholao
362 4015 394 4043 de
410 4016 540 4054 IUeynill,

213 4052 343 4090 Johanni
359 4054 390 4082 de
405 4055 528 4091 ngeton
537 4076 547 4092 ,

213 4089 332 4129 Radulfh
346 4092 377 4122 de
393 4091 588 4131 Fresthenvill,

759 3867 880 3898 Waltero
894 3869 926 3897 de
938 3868 1144 3907 Faucomberge,

757 3905 883 3944 Johanni
896 3908 927 3935 de
943 3906 1110 3946 Lancastre,

759 3947 802 3974 W
799 3943 904 3973 illielmo
919 3946 950 3973 de
965 3947 1056 3973 Dacre

758 3984 876 4011 Henrico
891 3983 923 4011 de
937 3969 1081 4021 ffiudl'ghe'l,

758 4019 886 4049 Mathaeo
899 4021 930 4049 de
945 4022 1066 4050 Redman
1074 4044 1084 4058 ,

759 4058 908 4095 Ingelramo
923 4059 955 4089 de
969 4061 1064 4098 Gynes.

679 204 1484 255 CONVENTIONES‚

1539 204 1927 253 LITERAE,

1321 379 1429 409 Prima
1439 376 1637 421 shfferentia,
1661 388 1748 424 capta
1768 382 1846 411 inter
1861 377 1977 424 Angliae
1993 380 2030 415 (ῤ-
2046 379 2178 411 Franciae
2197 381 2307 425 Reges,
2321 376 2383 424 stab

1658 431 1776 459 nominc
1794 430 1882 473 Regis
1896 426 2024 473 Angliae.

1323 507 1508 567 EDward,
1525 520 1572 548 par
1587 511 1612 541 la
1633 520 1718 548 grace
1738 510 1773 541 de
1795 509 1892 549 Dieu,
1917 510 1987 550 Roy
2007 509 2198 550 d’Engleterre
2214 536 2224 552 ,
2246 513 2383 554 Seigneur

1400 546 1558 579 d'Irlaunde
1578 551 1612 581 &
1631 549 1714 580 Ducs
1734 549 1931 588 d'Aquitaine,
1947 560 1963 580 a
1980 559 2044 580 tous
2056 559 2147 590 ceux,
2165 553 2215 590 qui
2230 552 2318 585 cestes
2329 553 2382 586 let-

1321 590 1375 614 tres
1389 595 1540 625 verrount,
1559 588 1640 618 saluz.

2398 321 2474 353 Ann.
2489 323 2533 358 11

2419 370 2506 400 1297.

2400 401 2465 431 Edv.
2484 411 2510 430 r.
2539 431 2543 435 ,

2397 526 2449 552 An.
2466 533 2512 561 25.

2399 566 2429 589 Ε.
2450 572 2475 590 1.

2398 605 2438 628 Ex
2451 606 2507 631 Καὶ.

1359 622 1445 654 Nous
1458 625 1570 656 faisoms
1584 627 1720 666 affavoir,
1738 636 1794 665 que
1807 636 1897 665 nous,
1914 626 1950 657 de
1970 626 1995 657 la
2017 635 2132 667 guerre,
2149 637 2240 659 move
2258 638 2336 661 entre
2355 631 2382 662 le
2395 641 2424 668 in
2444 641 2530 670 Turri.

1321 658 1390 701 Roy
1407 662 1534 695 Fraunce
1549 665 1583 696 &
1599 666 1636 696 see
1650 666 1731 696 alliez
1743 665 1827 695 d’une
1841 675 1917 704 part,
1934 666 1968 696 &
1982 675 2053 696 nous
2065 667 2098 697 ὃς
2111 674 2171 697 noz
2192 666 2286 698 Alliez
2305 669 2382 701 d'au-

1320 706 1360 728 tre
1376 711 1450 740 part,
1469 711 1527 733 tant
1538 713 1613 741 pour
1628 704 1653 734 la
1667 703 1790 735 Duchee
1804 704 2002 743 d'Aquitaine,
2018 714 2106 735 come
2115 704 2162 735 del
2176 705 2202 735 le
2218 704 2336 738 Counte
2346 708 2383 740 de

1320 737 1485 779 Flaundres,
1504 742 1537 772 &
1553 742 1675 772 d’ascuns
1689 752 1778 773 autres
1792 742 1886 772 Alliez
1900 752 1915 772 3
1928 752 2016 781 nouS,

1339 776 1469 824 ‚Avoms
1491 781 1546 817 pris
1561 803 1571 818 ,
1597 780 1632 811 de
1652 791 1761 811 comun
1781 780 1983 818 assentement,
2007 780 2187 814 souffraunce
2208 782 2244 813 de
2262 793 2382 824 guerre;

1319 824 1336 843 c
1347 815 1386 844 est
1401 816 1519 848 assavoir
1533 818 1570 848 de
1586 818 1721 850 Roialme
1735 830 1750 849 3
1762 818 1923 856 Roiaume,
1938 818 1974 848 de
1987 828 2061 850 terre
2074 830 2090 850 a
2111 829 2182 852 terre
2191 844 2201 860 ,
2218 822 2255 852 de
2273 832 2343 862 gent
2363 834 2382 855 a

1319 862 1425 892 gentz,
1444 866 1492 893 par
1516 866 1612 896 meer,
1630 859 1663 889 &
1684 868 1730 895 par
1751 866 1843 895 tetre,
1861 866 1897 887 en
1919 856 1984 886 tiele
2004 867 2132 896 manere,
2147 869 2202 897 que
2221 869 2283 892 tous
2299 861 2381 892 Mar-

1318 891 1422 923 chantz
1443 893 1479 924 de
1502 903 1562 925 tote
1583 906 1697 926 manere
1716 895 1752 926 de
1771 904 1858 935 gentz
1873 918 1883 933 ,
1914 894 2003 925 soient
2024 895 2062 926 du
2081 896 2198 928 Counte
2217 898 2254 930 de
2275 899 2381 931 Flaun—

1317 928 1397 970 dres,
1415 942 1453 962 ou
1475 933 1615 964 d'aillours
1635 934 1671 965 de
1692 933 1788 964 nostre
1807 943 1913 973 pouer,
1930 944 1970 964 ou
1993 933 2030 964 de
2048 943 2108 964 noz
2129 934 2240 975 Alliez,
2257 939 2379 975 puissent

1317 968 1389 1007 aler,
1407 972 1504 1010 venir,
1521 971 1670 1011 demorer,
1689 973 1723 1003 &
1745 971 1965 1010 merchaunder,
1979 972 2140 1003 sauvement
2153 973 2187 1004 &
2206 974 2379 1016 seurement,

1317 1006 1400 1039 d'une
1422 1009 1556 1041 Roaume
1576 1021 1592 1041 a
1608 1020 1703 1050 autre,
1721 1012 1755 1043 &
1775 1010 1822 1040 des
1844 1020 1895 1040 uns
1914 1020 1942 1040 as
1961 1019 2066 1050 autres,
2084 1011 2108 1042 la
2126 1011 2304 1045 souffraunce
2324 1016 2378 1047 du-

1317 1055 1387 1076 rant.

1356 1084 1392 1116 Et
1405 1086 1551 1118 tendroms
1565 1098 1655 1126 nous,
1671 1089 1705 1120 &
1717 1095 1777 1118 noz
1790 1086 1901 1125 Alliez,
1919 1087 1953 1118 &
1967 1086 1994 1117 le
2009 1086 2050 1118 dit
2062 1087 2115 1119 Ro
2142 1112 2151 1127 ,
2169 1090 2204 1121 &
2224 1089 2263 1120 les
2285 1091 2381 1132 soens,

1319 1131 1382 1154 tout
1396 1134 1430 1155 ce
1445 1136 1500 1163 que
1513 1137 1584 1157 nous
1599 1128 1632 1158 ὅ(
1647 1128 1686 1157 lui
1699 1127 1822 1158 tenioms
1835 1136 1870 1156 au
1885 1127 1949 1164 joui·
1963 1126 1998 1156 de
2010 1126 2035 1156 la
2048 1136 2106 1157 con
2118 1128 2215 1158 estion
2235 1128 2273 1159 de
2292 1130 2383 1161 cestoe

1318 1161 1410 1193 lettres
1442 1165 1542 1196 durant
1557 1166 1581 1196 la
1596 1164 1785 1196 souffiaunce.

1354 1201 1394 1232 Et
1406 1186 1487 1233 <lurra
1500 1203 1577 1234 ceste
1589 1204 1786 1241 souffraunce,
1805 1211 1892 1242 quant
1904 1213 1920 1234 a
1934 1202 1959 1232 la
1972 1202 2096 1234 Duchee
2109 1203 2305 1245 d’Aquitaine,
2323 1207 2382 1245 jus-

1317 1248 1387 1277 ques
1399 1251 1415 1270 a
1430 1241 1454 1271 13
1467 1242 1497 1272 T
1517 1243 1618 1280 phaine
1634 1243 1880 1280 proscheinement
1895 1243 2008 1280 avenir3
2027 1243 2062 1273 &
2079 1252 2166 1281 quant
2179 1253 2207 1273 as
2221 1253 2312 1275 autres
2325 1254 2384 1276 ter-

1318 1287 1375 1316 res,
1390 1280 1482 1319 jusqes
1511 1292 1538 1312 es
1559 1281 1686 1313 Οέὶαὸω
1707 1281 1743 1312 de
1764 1281 1790 1312 la
1810 1280 1966 1320 procheine
1988 1280 2060 1312 feste
2071 1280 2151 1314 Seint
2165 1281 2284 1314 Andreu
2303 1291 2383 1316 taunt

1317 1316 1497 1395 seuffilngligle
1508 1358 1665 1390 souffrance
1680 1369 1752 1390 nous
1765 1357 1851 1389 d’une
1865 1365 1943 1395 part,
1962 1358 1996 1388 &
2010 1357 2037 1388 le
2049 1358 2090 1389 dit
2102 1358 2173 1398 Roy
2194 1359 2316 1399 d’autre,
2331 1360 2383 1392 de-

1316 1404 1399 1439 voms
1412 1396 1479 1426 faire
1495 1397 1585 1428 savoir
1601 1409 1617 1429 a
1630 1406 1690 1429 noz
1703 1398 1784 1428 feaux
1799 1396 1908 1434 Alliez,
1925 1397 1959 1427 &
1975 1396 2099 1435 Subgiz,
2117 1407 2154 1427 en
2175 1397 2200 1428 la
2218 1407 2293 1429 terre
2312 1399 2385 1430 d’A-

1316 1435 1459 1503 ggigttailgess
1476 1436 1508 1503 ᾗ(
1525 1446 1554 1505 eg
1567 1436 1807 1505 autresSlointisnes
1821 1444 1914 1503 stehrrres
1926 1433 2059 1504 ’·d{decl¹⁵
2077 1435 2107 1504 lle
2125 1435 2316 1506 Dymacxiichle,
2332 1437 2384 1469 de-

1316 1509 1392 1549 dres,
1407 1484 1517 1542 dedecus³
1524 1482 1948 1551 ceegpgisschgffltisszprgcgdcieine.
1997 1480 2008 1503 t
2041 1483 2059 1504 e
2088 1484 2104 1504 a
2125 1481 2196 1505 terre
2237 1485 2253 1506 e
2302 1478 2384 1507 laun-

1352 1548 1392 1580 Et
1412 1549 1454 1580 est
1476 1551 1594 1582 affavoir
1616 1562 1673 1592 que
1686 1552 1712 1582 le
1732 1550 1802 1590 Roy
1823 1549 2020 1590 d’Alemaigne
2041 1558 2111 1587 poet
2141 1551 2219 1583 ceste
2239 1553 2379 1584 souffian-

1317 1597 1351 1617 ce
1372 1597 1523 1628 roumpre,
1544 1590 1563 1621 fi
1585 1591 1624 1621 lui
1647 1590 1734 1629 plest‚
1756 1599 1792 1620 en
1810 1589 1868 1620 tieu
1889 1598 2004 1619 manere
2025 1596 2117 1620 tout&
2138 1591 2234 1628 voies,
2250 1601 2307 1630 que
2324 1592 2380 1623 elle

1315 1625 1398 1670 durra
1418 1629 1523 1665 quinze
1537 1630 1615 1667 jours
1634 1639 1711 1667 apres
1731 1638 1780 1667 ce,
1800 1637 1857 1666 que
1876 1627 1924 1667 luy
1942 1626 1993 1658 diz
2008 1626 2090 1668 Roys
2103 1627 2299 1669 d'Alemaigne
2315 1630 2379 1662 l'ara

1313 1664 1493 1744 ¹iacityaffiivoir
1507 1666 1531 1698 al
1546 1667 1674 1708 Evesque
1685 1668 1721 1699 de
1735 1667 1879 1706 Tournoy
1888 1688 1899 1705 2
1915 1675 1956 1720 ou
1969 1676 1985 1696 a
2003 1665 2073 1697 soun
2095 1666 2204 1699 official
2223 1668 2260 1699 de
2277 1668 2380 1700 Tour-

1643 1789 1699 1817 Les
1712 1797 1766 1818 noz
1778 1784 1879 1815 Alliez
1885 1782 1970 1824 fimnt
1983 1782 2060 1823 tiels,

1315 1861 1359 1889 Le
1372 1861 1427 1901 Roy
1440 1861 1652 1900 d’Alemaigne,
1867 1863 1911 1891 Le
1923 1863 2048 1898 Seignour
2061 1859 2093 1890 de
2105 1859 2182 1899 Joru

1315 1901 1358 1928 Le
1374 1902 1476 1929 Counte
1490 1901 1522 1929 de
1537 1900 1684 1930 Flaundres
1692 1924 1702 1939 ,
1867 1903 1911 1930 Le
1924 1902 2036 1936 seignur
2047 1899 2079 1928 de
2091 1885 2257 1940 Cocemlray,

1316 1939 1360 1966 Le
1375 1941 1476 1968 Counte
1492 1939 1524 1968 de
1537 1943 1678 1980 Sauvoye,
1867 1942 1886 1967 S
1880 1939 1983 1980 ymond
2000 1938 2031 1967 de
2052 1938 2242 1968 Montbeliard
2264 1941 2379 1978 Seignur

1316 1978 1360 2005 Le
1376 1979 1477 2006 Counte
1489 1978 1521 2007 de
1535 1979 1614 2016 Bar,
1904 1976 1936 2006 de
1953 1979 2083 2013 Motron,

1317 2016 1361 2043 Le
1375 2018 1436 2045 Duc
1449 2016 1482 2045 de
1496 2016 1646 2056 Brabant,
1865 2014 2001 2056 Estevene
2036 2015 2171 2055 d'Offllier
2205 2019 2316 2054 Seignur
2342 2017 2377 2048 de

1317 2055 1362 2082 Le
1375 2057 1461 2083 Count
1475 2055 1508 2084 de
1518 2055 1679 2094 Hoylaunde
1687 2078 1696 2094 ,
1903 2053 1960 2083 Vde
1973 2056 2072 2092 Nove,

1316 2094 1360 2121 Le
1378 2095 1464 2122 count
1477 2094 1509 2123 de
1526 2093 1750 2132 Mountbeliard,

1315 2129 1415 2168 Johan
1426 2131 1459 2161 de
1473 2131 1577 2162 chalon
1590 2136 1685 2162 Seinur
1699 2132 1828 2173 d'Erlay,

1313 2167 1414 2207 Johan
1428 2170 1461 2199 de
1472 2172 1652 2208 Bourgoigne,

1313 2205 1414 2245 Johan
1429 2211 1553 2246 Seigneur
1567 2210 1599 2239 de
1614 2207 1809 2248 Monfaucoun,

1315 2247 1413 2275 Water
1434 2246 1503 2285 stum
1531 2250 1614 2278 Frare
1642 2252 1767 2285 Seigneur
1793 2248 1825 2277 de

1352 2283 1529 2326 Noefchastel
1535 2309 1545 2323 ,

1314 2323 1357 2351 Le
1369 2325 1480 2360 Seignur
1493 2323 1618 2363 d'Offller
1628 2347 1638 2363 ,

1313 2363 1356 2390 Le
1369 2364 1479 2399 seignur
1495 2363 1528 2392 de
1540 2366 1663 2401 Faucon,

1863 2092 1903 2122 Et
1922 2092 2046 2130 plusours
2064 2102 2154 2125 autres
2169 2093 2202 2123 de
2214 2095 2372 2132 Burgoyne,

1864 2130 2068 2168 D’Alemaigne
2075 2156 2086 2170 ,

1864 2172 1911 2199 De
1922 2169 2053 2199 Brabant
2060 2193 2072 2208 ,

1864 2210 1910 2237 De
1925 2207 2091 2246 Flaundres,

1864 2249 1910 2276 De
1923 2245 2066 2285 Hoylande
2076 2270 2087 2284 ,

1863 2287 1910 2315 De
1925 2283 2069 2323 Gafioigne
2076 2307 2086 2322 ,

1864 2323 2072 2361 D'Arragoun,
2089 2319 2129 2357 ό

1864 2360 2031 2392 D'Aillours
2037 2383 2048 2400 ,

1354 2437 1417 2468 Des
1435 2448 1522 2477 queus
1537 2448 1609 2470 nous
1626 2448 1663 2469 ne
1677 2437 1787 2470 savorns
1798 2438 1838 2470 les
1850 2448 1923 2470 nons
1938 2449 1955 2470 a
1965 2437 2093 2479 present,

1352 2515 1394 2545 La
1415 2515 1498 2554 quele
1520 2515 1682 2547 souffrance
1704 2514 1802 2546 nostre
1825 2525 1890 2546 ame
1913 2515 1946 2546 &
1963 2514 2076 2554 foiaux,
2090 2513 2214 2545 Wauter
2227 2513 2264 2544 de
2286 2513 2377 2546 Beau-

1313 2553 1420 2595 champ
1440 2553 1593 2585 Chevalier
1617 2556 1651 2587 &
1671 2554 1820 2585 Seneschal
1847 2553 1883 2584 de
1898 2553 1995 2584 nostre
2011 2553 2114 2592 Ostel,
2131 2563 2166 2584 au
2179 2553 2244 2591 quel
2255 2563 2326 2584 nous
2345 2563 2376 2584 a-

1313 2602 1398 2623 voms
1410 2593 1502 2623 donee
1515 2593 1559 2623 sur
1572 2603 1607 2624 ce
1622 2594 1697 2632 plein
1710 2602 1781 2631 poer
1798 2592 1834 2623 de
1851 2594 1921 2623 'uret
1935 2603 1972 2623 en
1986 2592 2084 2623 nostre
2095 2592 2189 2630 alme,
2206 2601 2278 2630 pour
2292 2602 2374 2631 nous,

1313 2631 1347 2661 &
1364 2641 1416 2668 pur
1432 2631 1528 2662 nostre
1541 2642 1638 2670 noun,
1655 2642 1670 2662 a
1681 2633 1745 2670 jure
1758 2641 1774 2661 a
1789 2639 1837 2670 gar
1857 2642 1886 2661 er
1900 2631 2069 2669 loiaument,
2091 2631 2110 2650 '¹‘
2125 2631 2159 2662 &
2172 2639 2209 2660 en
2223 2631 2300 2661 bone
2322 2631 2373 2671 foy

1311 2670 1345 2700 δε
1361 2670 1563 2708 entierement,
1582 2680 1618 2701 en
1633 2670 1657 2701 la
1673 2679 1804 2708 manere,
1821 2670 1856 2701 &
1870 2679 1906 2700 en
1921 2670 1946 2700 la
1961 2670 2091 2700 fourmee
2103 2668 2206 2700 devant
2219 2668 2297 2699 dites.

1349 2706 1388 2738 Et
1403 2707 1444 2738 est
1456 2709 1577 2739 assavoir
1589 2719 1661 2747 que,
1681 2708 1700 2739 fi
1711 2709 1808 2739 ascuns
1823 2708 1951 2747 damagoe
1964 2707 2086 2738 estoient
2097 2706 2278 2745 faiz,durant
2290 2707 2316 2737 la
2329 2706 2373 2738 di-

1310 2752 1339 2776 te
1353 2746 1548 2785 souffraunce,
1565 2757 1638 2778 nous
1650 2747 1741 2777 sumes
1756 2755 1836 2777 tenus
1848 2746 1885 2776 de
1897 2747 1936 2776 les
1950 2746 2020 2777 faire
2033 2745 2178 2777 amender.

1347 2783 1393 2814 En
1416 2785 1628 2822 tesmoignance
1649 2784 1697 2815 des
1720 2785 1814 2823 quelee
1835 2784 1933 2815 chosae
1950 2807 1962 2823 ,
1984 2794 2057 2816 nous
2078 2793 2179 2815 avoms
2199 2782 2249 2814 fait
2270 2791 2373 2815 mettre

1309 2823 1406 2853 nostre
1420 2823 1482 2854 Seal
1498 2833 1514 2854 a
1529 2823 1617 2854 cestes
1628 2823 1767 2861 presentes
1776 2823 1879 2854 lettres.

1346 2898 1455 2930 Donez
1475 2909 1492 2930 a
1514 2899 1596 2931 Fines
1616 2899 1696 2931 Seint
1717 2898 1835 2930 Banoun
1853 2899 1898 2929 sur
1914 2898 1941 2929 le
1964 2898 2040 2937 Lys,
2057 2897 2084 2929 le
2101 2899 2168 2937 jour
2187 2897 2225 2930 de
2243 2897 2268 2929 13
2288 2898 2372 2930 Feste

1308 2936 1388 2968 Seint
1401 2937 1518 2978 Denys,
1536 2949 1572 2970 en
1585 2938 1639 2970 l’an
1654 2938 1691 2969 de
1702 2947 1785 2978 grace
1798 2937 1850 2968 mil
1860 2939 1894 2969 &
1911 2946 2008 2976 quatre
2022 2938 2101 2969 vintz
2118 2945 2163 2974 17.

1345 3014 1508 3046 Semblable
1524 3014 1605 3046 lettre
1618 3015 1659 3046 est
1674 3016 1739 3046 faite
1754 3015 1798 3045 sur
1810 3014 1836 3044 le
1849 3013 1911 3044 Seal
1924 3014 1951 3045 le
1965 3013 2036 3054 Roy
2049 3014 2086 3045 de
2103 3013 2244 3045 Fraunce·

1345 3053 1469 3092 Frospris
1483 3063 1538 3092 que
1553 3055 1625 3085 celes
1639 3053 1763 3092 paroles,
1777 3052 1868 3082 soient
1885 3052 1924 3083 du
1938 3052 2056 3083 Counte
2080 3051 2116 3083 de
2140 3038 2310 3091 maumites,
2327 3062 2368 3083 ou

1307 3090 1447 3122 d’aillours
1461 3092 1497 3122 de
1512 3092 1608 3124 nostre
1620 3103 1708 3133 poer,
1725 3103 1765 3123 ou
1780 3090 1816 3121 de
1829 3099 1889 3121 noz
1902 3091 2012 3130 Alliez,
2031 3092 2091 3122 &c.

1344 3130 1368 3160 F
1369 3131 1468 3169 rospris
1516 3131 1590 3162 celes
1604 3131 1729 3169 paroles,
1743 3131 1777 3161 &
1791 3130 1839 3160 des
1852 3140 1902 3160 uns
1916 3131 1950 3161 ὃ(
1963 3138 2070 3167 autres,
2079 3130 2112 3160 &
2125 3128 2165 3159 ses
2177 3128 2271 3159 Alliez
2285 3128 2370 3160 sount

1307 3169 1421 3207 autiels,
1440 3179 1474 3200 ce
1515 3169 1605 3200 savoir
1621 3169 1659 3199 les
1675 3168 1772 3199 Cuens
1786 3168 1822 3198 de
1837 3167 2060 3207 Lucemburgh,
2077 3167 2104 3198 le
2127 3167 2226 3198 Cuens
2245 3166 2282 3197 de
2302 3166 2367 3197 He-

1306 3207 1399 3246 naud,
1415 3208 1443 3239 le
1458 3207 1576 3247 Daufyn
1590 3208 1727 3247 Vyenne,
1745 3207 1893 3247 Godefrey
1904 3207 1942 3238 de
1955 3206 2086 3238 Brabant.

1435 3352 1484 3384 De
1502 3350 1584 3384 dista
1593 3351 1773 3396 fhffirentia
1786 3378 1796 3393 ,
1821 3363 1860 3384 ex
1871 3360 1961 3397 parte
1979 3352 2067 3396 Regis
2083 3351 2225 3382 Franciae.

1306 3447 1375 3507 U

2388 2631 2404 2648 ·
2414 2631 2521 2667 11.796.

1383 3444 1510 3476 Niverfis
1521 3467 1532 3483 ‚
1566 3443 1711 3481 praesentoe
1731 3444 1831 3475 litteras
1852 3443 2014 3481 inspeeturis
2030 3466 2040 3482 ,
2071 3442 2250 3473 miseratione
2269 3440 2365 3473 divina
2381 3450 2508 3484 ΛΜΗ),

1395 3483 1544 3520 Thomas,
1572 3483 1804 3521 Archiepiscopus
1821 3482 2022 3520 Eboracenfis,
2044 3480 2156 3520 Angliae
2177 3480 2302 3519 primas,
2328 3481 2362 3511 &
2402 3499 2486 3529 1297·

1305 3522 1464 3559 Antonius,
1482 3521 1683 3552 Dunelmenfis
1697 3521 1870 3561 Episcopus,
1886 3521 2002 3552 salutem
2017 3522 2048 3550 in
2060 3519 2198 3550 Domino
2220 3519 2363 3557 sempiter-
2377 3532 2428 3558 A„-
2445 3540 2493 3566 25·

1300 3571 1378 3591 mm·

1339 3598 1490 3629 Noveritis
1510 3607 1562 3626 nos
1582 3597 1681 3628 vidisse
1701 3598 1735 3628 &
1757 3597 1919 3634 diligentius
1942 3595 2087 3634 inspexisse
2106 3594 2238 3634 quasdam
2260 3594 2361 3624 litteras
2375 3571 2509 3635 {gt-¹211,-
2568 3631 2570 3633 Ι

1302 3635 1456 3680 Magnifici
1472 3634 1625 3672 Principis,
1645 3636 1769 3680 Domini
1784 3635 1925 3680 Philippi,
1944 3635 2031 3679 Regis
2047 3634 2240 3669 Francorum,
2257 3634 2290 3664 &
2309 3642 2359 3662 ve·
2375 3654 2445 3673 man.
2463 3654 2510 3681 25·
2561 3650 2567 3681 ⁴,

1301 3675 1468 3705 nerabilium
1483 3673 1598 3703 Patrum
1615 3673 1738 3704 Domini
1753 3674 1891 3713 Philippi,
1910 3673 1999 3715 Regis
2010 3673 2206 3710 Francorum,
2223 3670 2258 3702 &
2273 3680 2360 3703 vene·
2378 3686 2408 3709 E.
2427 3693 2450 3712 1·
2468 3693 2506 3712 m,

1301 3713 1432 3743 rabilium
1446 3711 1563 3742 Patrum
1577 3711 1791 3752 Domitiorum,

1339 3790 1384 3818 W.
1402 3787 1610 3829 Ambianenfis,
1627 3787 1679 3823 &-
1733 3810 1736 3813 -

1338 3829 1417 3856 Petri
1432 3825 1663 3867 Altifiodorenfis,
1678 3826 1877 3866 Episcopormn,
1891 3838 1922 3856 ac
1935 3824 2075 3856 Nobilium
2088 3826 2230 3860 Virorum,
2246 3821 2360 3861 Johan-

1374 3867 1415 3892 nis
1428 3868 1537 3893 Comitis
1556 3869 1729 3904 Britanniae,

1339 3903 1468 3948 Guidom's
1496 3904 1528 3933 ae
1554 3898 1706 3943 CZJlellione
1735 3906 1845 3933 Comitis
1869 3902 1964 3932 Saneft'i
1984 3898 2067 3930 Pauli
2087 3897 2250 3928 Botitularii
2269 3902 2360 3930 Fran-

1341 3938 1495 4045 Βιζὲιξρῖ
1504 3979 1535 4008 de
1562 3979 1769 4010 Claro-Monte
1787 3980 1899 4009 Domini
1918 3976 1950 4007 de
1969 3973 2082 4014 Nigella
2102 3972 2141 4010 ό·
2162 3974 2361 4018 Constabularfi

1402 4028 1517 4055 ranciae,

1342 4053 1564 4088 procuratorum
1577 4055 1648 4088 dieti
1660 4055 1761 4104 Regis:

2270 4127 2361 4166 δορα,

2381 3729 2424 3756 ¹9·
