2570 4261
209 148 288 190 134
651 117 1903 176 CONVENTIONES‚L1'TERAE,

51 222 128 254 'Ann
148 220 185 252 D.
203 220 312 253 fcitum
326 217 451 250 desiderii
465 217 521 254 sui,
539 215 615 253 super
630 215 752 251 negotiis
769 212 934 250 antedictis,
951 210 1038 244 nostri
1057 210 1270 248 contemplatio«
1316 253 1324 255 ‚
1337 253 1341 254 ⁷
1352 252 1378 253 W
1414 251 1466 253 ὼ-
1493 252 1517 254 v

76 261 162 300 1308.
207 269 244 289 ne
260 259 428 299 rogaminis,
445 254 552 285 facilius
564 253 754 290 consequatur.

2369 256 2373 258 Y
2398 212 2475 244 Ann.
2487 213 2530 246 D.

1312 295 1372 330 Ad
1387 299 1502 342 Papam
1523 296 1560 329 de
1574 297 1721 343 Epiftopis
1732 325 1742 341 ,
1760 299 1865 332 SanHi
1880 297 2006 332 Andreae
2022 300 2059 337 ῤ’
2082 295 2279 343 Lichfi’ldetfi
2286 325 2297 342 ,
2323 312 2378 333 ex·
2393 253 2506 319 Bkt-³}

112 320 117 325 .
137 309 163 326 2.

51 303 106 326 Ειη
230 334 309 378 'Dae
330 332 402 370 apud
416 329 717 377 westmonasterium,
735 337 765 367 4.
778 328 824 358 die
841 327 1029 366 Decembris,
1053 325 1140 356 Anno
1161 324 1271 356 Domi-
1357 356 1408 377 tm
1435 343 1605 385 Custodiam
1638 346 1725 388 mffs
1752 360 1762 377 ¹,
1801 350 1851 380 De
1876 346 2030 379 horrendis
2053 345 2216 392 fidem-hm
2244 348 2378 395 Epist-opi

206 383 235 403 ni
253 370 336 411 1308.
355 370 456 407 Regni
470 379 541 400 vero
555 368 640 398 nostri
655 367 786 398 secundo.
1360 383 1558 438 Glafiubnfiss
1575 397 1612 432 ὠ,
1632 395 1668 428 de
1683 393 1764 428 bonis
1780 397 2037 442 fimplariomm.-

65 514 86 533 ἢ*
109 517 162 542 111.
227 502 253 528 ᾗ
272 505 376 536 Literae
393 503 622 549 procuratoriae,
649 508 810 545 tangentes*
820 500 969 554 negotium
993 498 1116 529 Pontivi
1136 505 1237 527 coram
1309 477 2280 559 Doffigfssa'meiffitssesse‘clgffrtnaufaeffi‘ae“sffggigegffissffghs²
2293 518 2381 551 nobi&
2391 487 2524 566 ‘izrsssn'

52 563 115 581 120,
614 551 691 594 Rege
713 549 855 580 Franm.
1311 564 1361 596 per
1375 554 1574 587 Venerabilem
1594 555 1725 596 Patrem,
1739 556 1902 589 Dominum
1920 558 2292 598 Arnaldum,Pi6tavensern
2306 559 2378 598 Epi—
2390 569 2443 594 An.
2462 552 2498 594 2.-

888 632 893 637 .
1072 630 1077 634 ι
1307 596 1426 631 scopum
1436 617 1453 638 ².
1470 595 1548 632 super
1566 594 1730 626 liberatione
1751 595 1939 634 quorumdam
1962 596 2167 637 Epist-oporam
2181 597 2373 629 &bonorum
2391 608 2420 631 Ε.
2445 615 2471 633 2.

46 637 124 669 Ann.
139 636 179 667 D.
201 634 487 697 EXcelleiitii'simo
504 633 649 677 Principi,
668 632 740 676 Patri
755 642 788 662 ac
804 631 935 662 Domino
957 630 1005 660 suo
1021 627 1266 682 k2s¹ffim9>.D0·
1306 630 1537 676 Templariorum
1552 634 1739 679 praesentataS,
1758 635 1792 666 ὃς
1808 635 1854 679 id,
1864 635 1947 679 'quod
1961 637 2037 680 idern
2053 635 2312 683 Episcopus-nobis
2326 647 2375 668 ex·
2389 646 2460 670 Rom.
2475 653 2504 671 2.

79 676 163 716 1308,
279 684 359 704 mino
382 673 531 711 Philippo,
549 672 607 716 Dei
624 680 711 709 gratia
725 693 736 709 ,
767 670 938 714 Francorum
963 669 1042 712 Regi
1067 667 1266 711 mustiiiliniO,
1304 669 1394 717 posuit
1411 672 1526 702 oraculo
1546 683 1620 703 vrvae
1637 683 1717 704 vocis
1733 696 1743 712 ,
1775 673 1935 705 audiVimus
1956 675 1989 706 δε
2008 675 2192 707 intelleximus
2219 685 2304 714 quam
2323 676 2374 706 be-
2390 685 2419 708 Ε.
2431 691 2454 709 2.
2481 691 2519 710 m.

45 718 99 743 Aa.
117 725 142 742 2.
203 711 371 749 Edwardus,
390 712 497 742 eadem
522 720 624 748 matra,
650 709 713 739 Rex
737 708 866 747 Angliae,
884 708 1026 751 Dominus
1050 705 1214 743 Hiberniae,
1231 706 1265 736 &
1302 718 1401 746 nigne.
2393 721 2422 747 6α

45 757 75 780 Ε.
89 763 115 779 2.
204 749 272 780 Dm<
290 751 485 789 Aquitanniae,
503 750 611 780 Comes
628 748 743 778 Pontivi
759 747 792 778 δε
808 746 997 784 Monstreoli,
1015 744 1135 775 salutem.
1345 746 1435 778 Porro
1446 771 1456 786 ,
1474 748 1556 780 Pater
1568 749 1689 788 Sandie,
1707 749 1828 781 vestram
1843 750 2043 783 Beatitudinem
2055 751 2187 784 volumus
2198 762 2260 783 non
2275 753 2373 793 latere,

1304 786 1381 829 quod
1396 786 1494 817 Sancti
1507 788 1630 819 Andreae
1645 789 1678 819 ὃς
1693 788 1918 829 Lychefeldensis
1927 789 2079 829 Episcopi,
2096 799 2246 830 antequam
2259 791 2371 823 eaedem

1303 824 1401 854 litterae
1417 825 1452 855 ad
1468 835 1520 856 nos
1533 836 1716 864 pervenerant
1724 850 1734 865 ,
1752 836 1827 857 exrra
1840 826 1997 858 custodiam
2010 830 2167 860 extiterunt.

1340 862 1450 893 Verum
1464 864 1613 896 horrendae
1627 865 1740 896 feritatis
1759 866 1922 905 inmanitas,
1946 876 2031 905 quam
2052 866 2093 898 R.
2114 867 2287 899 Glascuensis
2300 869 2372 908 Epi-

46 793 112 828 rvtzsc.
130 800 156 818 2.
240 787 345 826 Regiae
361 788 498 826 Maiestati
513 787 610 818 vestrae
625 785 814 825 significamus
830 784 908 828 quod
924 795 975 815 nos
994 786 1024 814 iri
1045 783 1178 813 omnibus
1199 792 1264 826 cau7

43 834 74 856 Ε.
92 838 117 856 2.
137 838 175 857 m.
204 826 250 864 sis,
270 827 385 865 querelis
406 828 440 858 &
456 827 594 864 negotiis,
611 833 710 855 terram
733 824 776 854 seu
800 823 977 854 Comitatum
998 821 1126 852 nostrum
1149 820 1265 851 Pontiv1

50 876 60 894 ι
66 876 92 902 7.
201 865 234 894 &
253 864 422 896 Monstreoli
438 865 673 903 qualitercumque
688 863 881 900 tangentibus,
899 872 962 899 quas
977 861 1131 898 habemus,
1148 860 1191 890 vel
1216 860 1264 889 ha-

30 2274 106 2307 Ann.
121 2273 161 2305 D.

50 2314 134 2354 1308.

28 2356 81 2380 An.
108 2362 134 2379 2.

29 2394 59 2418 Ε.
78 2400 105 2419 2,
121 2401 158 2420 m.

39 3160 123 3189 ‘III-

23 3206 83 3226 121.

199 903 282 932 bituri
299 903 390 934 snmus
405 913 501 934 contra
517 902 704 941 quascumque
724 901 869 939 personas,
887 899 1089 931 Ecclefiasticas
1110 898 1156 928 vel
1176 898 1264 928 Secu-

195 941 281 979 lare-s,
299 942 359 972 tam
376 952 428 979 pro
442 943 541 979 nobis,
560 942 644 979 quam
661 949 758 971 contra
782 940 847 970 No‘s
868 949 965 970 coram
986 937 1149 979 vobis,.ve1
1171 936 1261 966 Parla-

200 989 346 1019 mentum,
364 981 408 1011 seu
425 981 522 1010 locuni
537 979 658 1010 vestrum
673 978 826 1008 tenentibus
862 979 891 1008 iri
913 976 1006 1008 vestro
1019 977 1155 1014 proxlmo
1169 975 1262 1006 futuro

199 1016 374 1049 Parlaniento
388 1019 454 1057 post
468 1018 570 1048 instans
585 1017 685 1048 festum
702 1016 810 1047 Natalis
826 1001 967 1054 Domini,
1176 1053 1181 1059 ι

231 1056 389 1094 johannem
403 1057 447 1087 del
464 1057 563 1097 Auney
578 1056 722 1093 Militem,
738 1055 915 1086 Nicholaum
931 1055 967 1084 de
981 1052 1029 1084 Ge
1058 1063 1097 1083 on
1105 1051 1249 1083 Clericum

198 1094 232 1124 &
247 1095 277 1124 T
277 1095 394 1126 aliarum
410 1095 445 1126 de
459 1095 552 1135 Belly,
575 1104 608 1125 ac
625 1094 778 1132 quemlibet
799 1103 897 1125 eorum
919 1093 949 1123 in
972 1092 1020 1122 soli
1041 1102 1108 1129 um,
1126 1092 1161 1122 ita
1181 1074 1261 1129 quod

196 1142 256 1162 non
282 1134 312 1164 iit
335 1135 435 1165 melior
459 1134 586 1165 conditio
612 1133 793 1170 occupantis,
810 1132 866 1170 set,
884 1131 959 1170 quod
981 1141 1029 1168 per
1052 1139 1140 1161 unum
1161 1139 1260 1160 eorum

196 1171 279 1201 fuerit
299 1173 460 1212 inceptum,
478 1183 526 1210 per
540 1173 626 1203 alium
642 1171 728 1201 valeat
740 1170 868 1209 prosequi
891 1171 924 1201 &
945 1171 1103 1208 terminari,
1121 1168 1259 1207 fecimus,

193 1209 390 1241 constituimus
405 1212 438 1242 &
453 1212 612 1241 ordinamus
627 1209 820 1240 Procuratores
836 1208 958 1239 nostros:

229 1247 335 1279 Dantes
349 1250 381 1280 &
396 1250 582 1280 concedentes
595 1248 676 1278 dietis
691 1248 913 1286 procuratoribus
927 1247 960 1278 &
975 1246 1091 1278 cuilibet
1114 1255 1212 1276 eorum
1229 1246 1258 1275 in

191 1285 329 1325 solidum,
347 1297 376 1318 ut
391 1288 558 1325 praedic‘tum
575 1287 631 1326 est,
651 1285 815 1325 potestatem
829 1285 985 1323 &speciale
1000 1285 1162 1317 mandatum
1169 1294 1259 1321 agen-

191 1324 221 1354 di
238 1335 289 1362 pro
303 1328 421 1365 negotiis
435 1334 513 1357 terr-ae
528 1327 572 1357 seu
587 1324 746 1356 Comitatus
761 1324 906 1364 praediffi3
924 1323 1041 1355 Peteridi
1057 1324 1091 1355 &
1104 1323 1259 1354 defenden-

190 1362 227 1392 di·
232 1364 291 1401 jura
311 1365 344 1395 ὃς
366 1364 502 1395 libertates
520 1365 656 1402 ejusdem:
678 1363 872 1402 Requirendi,
899 1362 1067 1406 advocandi·
1080 1372 1133 1400 pro
1157 1362 1258 1400 nobis,

190 1401 224 1431 δε
240 1404 357 1433 nomine
373 1403 468 1434 nostro
481 1403 732 1441 compromittendi
746 1403 779 1434 &
795 1401 976 1440 pacificandi:
994 1401 1140 1432 Auditores
1161 1409 1258 1439 peten-

190 1439 236 1468 di:
259 1438 479 1472 Comniiffiones
502 1441 672 1472 revocandi:
702 1440 791 1471 Diem
812 1441 857 1471 seu
879 1440 938 1471 dies
956 1439 1140 1479 prorogandi:
1159 1439 1257 1470 Alium

190 1477 234 1507 vel
248 1478 313 1509 alios
328 1479 536 1511 Procuratorem
551 1480 595 1511 vel
610 1480 803 1510 Procuratores
818 1480 884 1510 loco
898 1479 935 1510 sui
948 1477 1144 1516 substituendi,
1161 1479 1209 1516 qui
1217 1486 1257 1508 ta-

191 1516 296 1557 lemd&
312 1519 506 1557 consimilem,
525 1519 635 1557 qualem
657 1517 886 1548 procuratoribus
906 1517 1004 1549 nostris
1023 1516 1166 1557 praedietis
1186 1527 1257 1548 con-

192 1555 339 1595 cesiunus,
357 1558 385 1586 iii
399 1558 533 1587 omnibus
548 1557 645 1587 habeat
661 1556 704 1586 vel
721 1557 838 1587 habeant
852 1556 1032 1594 potestatem,
1050 1556 1083 1586 &
1095 1555 1192 1586 omnia
1205 1555 1256 1586 alia

188 1593 311 1625 faciendi
327 1606 389 1634 quae
405 1597 461 1626 veri
477 1596 510 1626 &
522 1595 639 1635 legitimi
661 1594 854 1625 Procuratores
867 1595 912 1626 seu
933 1594 1067 1626 substituti
1083 1593 1173 1624 facere
1193 1593 1255 1631 pos-

187 1631 261 1669 sent,
279 1634 322 1664 vel
339 1644 401 1673 quae
415 1644 466 1665 nos
477 1634 647 1672 faceremus,
665 1634 710 1664 seu
725 1633 816 1664 facere
830 1633 972 1673 pollemus
994 1633 1013 1664 fi
1029 1632 1172 1671 praesentes
1185 1631 1255 1663 esse-

189 1680 269 1702 mus:

226 1709 333 1741 Ratum
347 1710 482 1749 habituri,
502 1720 614 1748 gratum
629 1712 662 1742 &
678 1710 792 1742 firmum
809 1710 942 1749 quicquid
959 1721 1007 1749 per
1016 1709 1169 1748 praedictos
1183 1711 1254 1739 Pro-

187 1757 342 1788 curatores,
359 1750 403 1780 vel
417 1750 568 1788 quemlibet
584 1760 702 1788 eorum,
720 1759 749 1780 ut
766 1750 933 1787 praediCtum
947 1749 1007 1787 est,
1025 1749 1068 1779 vel
1091 1759 1139 1786 per
1154 1748 1252 1779 substi-

185 1795 275 1817 tutum
290 1788 334 1818 vel
345 1787 501 1819 substitutos
516 1798 628 1826 eorum,
647 1790 742 1819 aetum
756 1789 855 1827 fuerit,
873 1788 1003 1826 dietum,
1020 1787 1066 1818 seu
1079 1788 1165 1818 etiam
1185 1797 1253 1825 pro-

190 1835 335 1856 curatum:

223 1866 420 1895 Promittentes
434 1874 494 1895 rem
510 1874 597 1896 ratam
613 1865 725 1904 haberi,
741 1865 774 1896 δε
787 1864 941 1903 judicatum
963 1864 1049 1902 solvi,
1066 1864 1117 1895 sub
1132 1865 1251 1905 ypothe-

184 1902 220 1932 αἱ
235 1913 328 1933 rerum
342 1905 375 1934 δε
393 1904 535 1934 bonorum
549 1902 705 1934 nostrorum
714 1927 724 1943 ,
742 1914 822 1935 terrae
837 1903 881 1934 seu
897 1902 1059 1934 Comitatus
1071 1902 1159 1933 nostri
1176 1902 1251 1933 Pon-

183 1942 249 1980 tivi3
267 1941 358 1981 Qod
373 1943 472 1980 vobis,
491 1942 535 1973 vel
559 1941 786 1980 parlamentum,
803 1942 848 1972 seu
870 1942 966 1972 locum
984 1941 1109 1972 vestrum
1133 1943 1250 1972 tenenti-

183 1979 251 2018 bus,
268 1981 300 2011 &
316 1982 450 2011 omnibus
465 1981 539 2019 aliis,
557 1991 677 2019 quorum
692 1980 820 2019 interest,
840 1980 883 2011 vel
901 1979 1026 2011 interesse
1042 1979 1151 2019 potest,
1168 1988 1250 2011 teno-

183 2028 213 2047 re
228 2019 404 2056 praesentium
414 2042 423 2057 ,
439 2019 527 2055 sigillo
542 2018 640 2049 nostro
656 2019 850 2058 sigillatarum,
869 2018 1066 2056 significamus.

218 2056 286 2088 Dat.
304 2059 376 2096 apud
391 2057 675 2089 westmonasterium
684 2081 694 2097 ,
711 2067 732 2098 4
746 2057 793 2089 die
808 2057 987 2088 Decembris.

182 2186 232 2219 De
254 2185 391 2231 Episcopo
417 2183 615 2230 Lichfelclenfi
631 2183 675 2217 ad
695 2182 923 2231 respondendum
943 2194 998 2230 pro
1027 2181 1247 2230 temporalibus.

248 2269 305 2300 EX
319 2269 546 2300 Vicecomitibus
562 2269 681 2307 Salopiae
697 2270 730 2301 &
745 2268 919 2308 staffordiae,
937 2269 1058 2300 salutem.

283 2307 361 2338 Cum
377 2319 463 2347 nuper
480 2310 531 2339 tibi
544 2310 772 2347 praeceperimus,
791 2308 866 2346 quod
882 2308 1043 2346 temporalia
1057 2307 1246 2346 Episcopatus

182 2346 388 2377 Coventriensis
396 2348 428 2378 &
437 2347 657 2387 LychfeldensiS,
675 2357 743 2377 cum
754 2347 923 2385 pertinentiis
931 2369 941 2385 ,
960 2357 1023 2385 quae
1038 2356 1072 2377 cx
1080 2348 1154 2377 certa
1163 2346 1245 2377 causi

181 2394 260 2423 capta
275 2384 381 2416 fuerant
393 2387 422 2416 in
437 2395 554 2416 manum
568 2385 709 2424 nostram,
725 2386 758 2417 ὅ(
772 2396 834 2424 quse
847 2386 877 2415 in
891 2385 1019 2416 custodia
1028 2385 1074 2416 tui
1081 2386 1227 2416 extiterunt
1235 2408 1245 2424 ,

180 2424 310 2454 Waltero
323 2424 466 2463 Episcopo
482 2425 539 2455 loci
553 2425 642 2463 illius,
657 2425 713 2455 sine
726 2424 874 2462 dilatione,
893 2424 1032 2454 liberares:

214 2462 348 2494 Volentes
359 2463 453 2494 eidem
467 2463 612 2502 Episcopo
624 2465 737 2503 gratiam
755 2463 846 2494 facere
867 2463 1033 2501 ampliorem
1070 2463 1121 2493 tibi
1142 2464 1243 2502 praeci-

177 2501 286 2540 pimus,
305 2502 380 2540 quod
394 2512 494 2532 omnes
508 2512 635 2541 carucas,
651 2503 681 2532 in
698 2501 895 2540 temporalibus
918 2501 967 2532 illis
982 2503 1023 2532 ex'
1052 2511 1126 2532 entes
1141 2525 1150 2540 ,
1176 2511 1243 2532 cum

176 2540 265 2571 bobus
281 2540 314 2571 &
329 2539 433 2579 Astiis,
450 2542 483 2572 ὃ(
498 2549 557 2571 toto
574 2541 674 2571 Attilio
687 2550 848 2571 carucarum
861 2541 1022 2571 earumdem
1033 2563 1042 2579 ,
1060 2540 1115 2570 sine
1133 2540 1243 2571 dilatio-

174 2588 210 2608 ne
222 2578 328 2617 aliqua,
348 2579 445 2609 liberes
460 2578 555 2609 eidem
568 2579 726 2617 Episcopo,
740 2589 808 2609 curn
823 2579 1021 2619 temporalibus
1036 2579 1211 2617 supradietis:

210 2616 246 2648 Et
258 2618 355 2648 omnia
372 2617 452 2648 blada
473 2618 507 2648 ὃς
528 2618 578 2648 alia
591 2619 683 2657 bona,
705 2619 733 2647 in
751 2617 852 2648 eisdem
869 2617 1068 2658 temporalibus
1083 2617 1242 2656 existentia,

175 2655 232 2685 {ine
252 2655 384 2686 dilatione
398 2657 565 2695 appreciari,
578 2657 610 2687 &
625 2666 655 2686 ea
669 2656 784 2694 praefato
798 2655 956 2694 Episcopo,
975 2666 1024 2694 per
1047 2665 1157 2687 certum
1180 2667 1241 2695 pre-

174 2694 262 2732 tium,
277 2694 498 2725 &indenturam
512 2695 683 2733 interipsum
698 2695 773 2726 &te
795 2695 860 2725 inde
881 2694 1087 2725 conficiendam
1103 2718 1111 2733 ,
1133 2695 1241 2727 liberari

174 2731 272 2772 facias,
285 2734 321 2763 ita
340 2733 415 2772 quod
428 2733 496 2764 inde
511 2734 594 2764 nobis
608 2733 769 2772 respondeat
783 2732 817 2764 ad
833 2733 1004 2764 voluntatem
1016 2733 1148 2763 nostram.

207 2807 296 2840 Teste
312 2809 397 2849 Rege
411 2810 484 2849 apud
502 2809 806 2849 westmonasterium,
820 2819 848 2850 4.
866 2809 1108 2841 die-Decembris.

208 2885 319 2930 Eodem
339 2888 429 2918 modo
445 2888 569 2919 scribitur
584 2887 743 2928 justiciario
768 2886 885 2918 Cestriae
901 2910 910 2927 ,
932 2887 977 2918 vel
1000 2887 1056 2926 ejus
1078 2887 1176 2918 locum
1198 2896 1237 2919 te—

172 2933 409 2995 nerEtthVicecom.
425 2964 609 3003 Notingham
626 2966 658 2996 &
675 2964 807 3004 Derbiae,

210 2999 246 3030 Et
263 3001 437 3033 Vicecomiti
452 3003 495 3034 W
497 3004 611 3034 arwick.

172 3080 177 3082 μ
209 3037 246 3073 Et
264 3038 347 3070 Petro
364 3040 463 3081 Picot,
478 3052 562 3080 nuper
578 3041 603 3072 V
608 3042 750 3072 icecomiti
764 3040 984 3078 Notinghamiae
999 3042 1033 3085 §c
1049 3040 1174 3072 Derbiae.

168 3076 244 3146 dia?
261 3077 379 3116 Rogero
397 3080 609 3121 Truymwyne,
627 3090 713 3119 nuper
731 3079 905 3111 Vicecomiti
924 3079 1045 3120 Salopiae
1066 3079 1099 3110 &
1119 3079 1237 3112 Staffor·

205 3140 280 3185 *Ἐῑ
297 3153 445 3186 Exeeutori
459 3156 635 3189 Testamenti
649 3157 770 3188 Galfridi
784 3156 820 3188 de
836 3156 959 3196 Segrave
975 3180 986 3196 ,
1009 3166 1096 3196 nuper
1111 3156 1236 3189 Viceco-

168 3193 232 3224 miti
251 3194 412 3226 Warwick.

171 3273 257 3329 RE
266 3273 297 3304 X
321 3275 499 3306 Vicecomiti
513 3274 594 3306 Esstex
603 3299 612 3314 ,
627 3276 750 3308 salutem.

264 3314 344 3350 Quia
358 3313 522 3345 Manerium
539 3315 659 3345 Walteri
674 3315 868 3347 Coventrenfis
888 3317 920 3347 &
946 3314 1154 3355 Lychfeldensis
1169 3314 1237 3352 Epi—

168 3351 247 3390 scopi
263 3352 297 3382 de
317 3352 476 3393 Theyden,
491 3352 667 3383 Moiitfichet
688 3355 716 3382 in
729 3354 829 3384 Balliva
845 3364 908 3394 tua,
922 3355 998 3393 quod
1017 3363 1052 3384 ex
1071 3361 1145 3384 certa
1158 3354 1235 3384 caula

169 3400 255 3428 nuper
272 3392 332 3428 capi
356 3390 473 3421 fecimus
490 3392 519 3421 in
539 3401 654 3422 manum
672 3391 815 3431 nostram,
832 3393 926 3423 eidem
946 3393 1088 3431 Episcopo
1107 3391 1235 3422 duximus

166 3429 203 3459 de
223 3430 306 3465 gratia
316 3429 411 3460 nostra
425 3429 598 3460 liberandum
608 3454 618 3469 ,

205 3466 275 3497 Tibi
289 3469 467 3506 praecipimus
489 3468 564 3505 quod
578 3470 675 3499 omnia
689 3468 773 3499 Blada
786 3469 819 3499 &
835 3469 884 3499 alia
899 3470 991 3508 bona,
1004 3471 1033 3499 in
1046 3468 1148 3500 eodem
1166 3467 1233 3498 Ma-

167 3506 249 3534 nerio
263 3505 419 3544 existentia,
432 3506 488 3536 sine
501 3506 633 3537 dilatione
647 3509 812 3546 appreciari:
832 3507 868 3538 Et
878 3531 887 3546 ,
896 3508 977 3545 capta
990 3507 1138 3538 sufficienti
1155 3506 1232 3537 secu-

169 3543 247 3586 ritate
261 3553 277 3572 a
292 3544 405 3580 praefato
421 3543 582 3583 Episcopo,
595 3546 630 3576 de
647 3548 737 3583 pretio
756 3547 824 3585 illo,
842 3546 876 3576 ad
899 3547 1071 3577 voluntatem
1094 3544 1233 3583 nostram,

166 3581 249 3610 nobis
264 3582 423 3620 reddendo,
441 3582 602 3613 Manerium
622 3584 809 3622 praedidium,
827 3594 894 3614 curn
917 3584 1006 3615 Bladis
1019 3585 1052 3616 ὃ(
1068 3585 1148 3614 bonis
1162 3593 1233 3620 prae-

167 3618 265 3655 dictis,
283 3620 315 3649 ὃς
332 3621 389 3649 aliis
407 3622 575 3658 pertinentiis
591 3621 659 3659 suis,
675 3622 783 3653 liberari
799 3622 882 3654 facias
900 3623 1029 3662 indilate,
1044 3633 1091 3662 per
1104 3621 1230 3652 securita—

167 3664 228 3687 tem
241 3657 275 3687 &
289 3659 524 3695 appreciationem
540 3660 693 3698 praedie‘tas.

203 3736 293 3767 Teste
306 3745 336 3768 ut
350 3737 436 3775 supra.

167 3813 314 3882 letgrodem
332 3816 422 3847 modo
439 3818 566 3850 scribitur
583 3819 758 3851 Vicecomiti
774 3820 893 3860 Surriae,
903 3831 957 3859 pro
967 3820 1100 3852 Manerio
1114 3819 1150 3851 de
1157 3820 1230 3851 Wa-

165 3889 242 3958 hufft
258 3890 432 3924 Vicecomiti
442 3893 634 3928 Middlesexiae
647 3906 700 3935 pro
716 3895 854 3928 Maneriis
865 3897 901 3928 de
915 3897 1078 3930 Greneford
1092 3897 1126 3929 &
1135 3895 1231 3928 Com-

168 4023 171 4027 <
204 4002 292 4035 Teste
310 4012 339 4035 ut
354 4004 437 4043 supra.

1299 899 1401 939 scopus
1416 911 1530 942 contra,
1548 904 1628 934 clarae
1650 905 1814 942 memoriae,
1834 903 1947 935 Patrem
1971 904 2099 936 nostrum
2112 929 2122 944 ,
2139 917 2197 937 non
2216 908 2272 938 sine
2294 919 2370 946 prae—

1300 939 1468 983 sumptuosae
1483 943 1641 973 temeritatis
1655 942 1787 980 audacia,
1803 943 2014 982 dampnabiliter
2027 947 2205 983 perpetravit,
2223 946 2309 977 nostri
2317 957 2368 985 pe-

1302 978 1387 1008 &oris
1409 980 1509 1012 intima
1524 981 1598 1019 quali
1615 980 1721 1018 gladius
1742 981 1871 1012 sauciavit
1892 990 2000 1020 acutuS,
2018 982 2149 1014 instanter
2171 986 2291 1015 excitans
2307 988 2369 1016 ani-

1300 1026 1382 1061 mum
1399 1018 1544 1058 nostrum,
1561 1020 1591 1049 in
1604 1019 1697 1058 prima
1711 1019 1933 1051 consideratione
1945 1030 2003 1052 tam
2024 1021 2143 1052 scelerati
2161 1023 2195 1054 δε
2210 1023 2368 1062 frequenta-

1300 1063 1340 1093 t1,
1358 1055 1392 1086 ad
1412 1057 1614 1095 proferendum
1636 1060 1666 1089 in
1686 1058 1777 1097 ipsum
1793 1059 1946 1098 condignae
1965 1059 2106 1098 judicium
2129 1060 2265 1100 ultionis3
2289 1063 2371 1100 cujus

1299 1095 1422 1138 actus&
1437 1096 1516 1134 gesta
1535 1097 1647 1136 illicita,
1669 1099 1707 1128 ne
1721 1097 1757 1128 de
1773 1099 1960 1129 taciturnitatis
1978 1098 2081 1129 nostrae
2100 1099 2171 1130 vitio
2186 1100 2216 1129 iri
2238 1106 2368 1131 extremo

1298 1142 1425 1165 examine
1439 1145 1603 1174 arguamur,
1622 1135 1722 1167 vestrae
1734 1135 1916 1176 Beatitudini,
1932 1147 1984 1175 pro
1998 1136 2090 1169 vestrii
2109 1137 2281 1169 conscientie
2293 1138 2367 1170 sere-

1298 1172 1389 1203 nanda
1398 1196 1408 1211 ,
1425 1174 1554 1205 duximus
1568 1175 1731 1206 intimanda.

1334 1211 1395 1249 lpse
1410 1214 1516 1243 etenim
1538 1213 1710 1244 Glascuensis
1726 1212 1878 1253 Episcopus
1892 1214 1998 1246 incolas
2011 1213 2112 1245 Terrae
2135 1214 2238 1246 nostrae
2259 1215 2364 1248 Scotiae

1295 1249 1330 1279 ad
1345 1250 1527 1282 rebellionem
1549 1261 1645 1284 contra
1661 1252 1807 1291 praefatum
1821 1252 1934 1283 Patrem
1958 1252 2103 1292 nostrum,
2120 1253 2211 1291 spreto
2233 1255 2364 1294 homagii

1295 1288 1329 1330 ἐξ(
1342 1287 1476 1320 fidelitatis
1489 1290 1610 1329 ejusdem
1621 1292 1782 1330 juramento
1797 1291 1934 1329 corporali
1949 1291 2046 1330 saepius
2053 1292 2176 1330 praestito
2184 1315 2194 1331 ,
2211 1293 2362 1324 insubver—

1295 1328 1403 1371 {ionem
1418 1327 1501 1359 status
1516 1328 1615 1368 Regni
1628 1329 1734 1369 nostri,
1750 1329 1875 1369 dictique
1889 1329 1977 1362 Patris
1989 1329 2094 1369 nostri,
2110 1332 2192 1362 variis
2214 1333 2362 1364 machina-

1295 1366 1418 1396 tionibus
1431 1368 1562 1399 incitavit.

1334 1404 1412 1444 Qi,
1429 1405 1496 1437 licet
1511 1407 1688 1444 multotiens,
1706 1417 1755 1445 per
1776 1407 1834 1438 suas
1847 1406 1974 1438 subdolas
1994 1407 2202 1447 permissiones,
2221 1419 2269 1448 per
2292 1421 2363 1442 eun-

1295 1443 1363 1474 dem
1379 1443 1490 1475 Patrem
1506 1444 1632 1476 nostrum
1646 1445 1842 1476 reconciliatus
1855 1445 1963 1484 fuiffetg
1982 1446 2011 1476 in
2028 1446 2088 1484 ipso
2101 1454 2197 1477 tamen
2210 1450 2240 1478 in
2254 1457 2362 1480 tanturn

1293 1482 1348 1513 suae
1367 1483 1481 1514 malitiae
1496 1485 1618 1515 excrevit
1641 1485 1799 1524 antiquitas,
1817 1483 1897 1523 quod
1919 1483 2060 1522 Regnum
2076 1484 2203 1516 nostrum
2226 1488 2363 1525 imposte-

1293 1522 1356 1552 rum
1372 1522 1470 1559 pluries
1485 1523 1662 1561 perturbavit.

1335 1559 1379 1590 Ac
1398 1559 1537 1600 demum,
1563 1572 1579 1592 a
1596 1562 1686 1593 vetitis
1700 1561 1824 1593 nesciens
1846 1560 2002 1599 abstinere,
2020 1561 2059 1592 set
2078 1561 2169 1593 divini
2186 1565 2311 1595 nominis
2329 1565 2365 1596 ὃς

1293 1597 1349 1628 suae
1361 1599 1510 1631 honestatis
1521 1600 1638 1631 oblitus:
1657 1600 1731 1632 Non
1745 1608 1776 1631 ut
1796 1599 1898 1631 Praesul
1914 1599 2063 1640 pacificus,
2080 1600 2118 1632 set
2137 1601 2269 1640 belliger:
2289 1603 2363 1635 Non

1292 1637 1381 1668 altaris
1396 1637 1510 1678 Levita,
1526 1638 1564 1670 set
1575 1649 1649 1678 equo
1663 1639 1800 1677 elevatus,
1817 1638 1951 1677 Clipeum
1986 1649 2018 1670 ro
2031 1638 2294 1679 Infuia,Gladium
2311 1652 2366 1680 pro

1293 1675 1371 1706 Stolzi
1405 1676 1537 1708 Loricam
1552 1687 1606 1723 pro
1626 1677 1718 1717 Alba,
1735 1677 1855 1709 Galeam
1877 1687 1928 1716 pro
1946 1649 2054 1717 bima,
2073 1678 2215 1710 Lanceam
2231 1689 2287 1718 pro
2306 1675 2359 1712 Ba-'

1293 1715 1360 1745 culo
1376 1699 1525 1756 l’astorali,
1549 1725 1620 1749 inter
1640 1717 1824 1747 inimicorum
1845 1716 1917 1747 dieti
1936 1715 2023 1748 Patris
2037 1716 2136 1747 nostri.
2142 1718 2179 1755 βε
2199 1717 2361 1751 nostrorum

1292 1753 1446 1793 consortia,
1464 1765 1563 1787 contra
1584 1754 1674 1794 ipsum
1696 1754 1808 1787 Patrem
1827 1754 1972 1794 nostrum,
1991 1756 2021 1786 in
2043 1751 2147 1793 guerra·
2166 1755 2213 1787 sua
2234 1757 2359 1803 Scotiae,

1291 1792 1391 1823 ordine
1406 1794 1516 1824 turbato
1526 1817 1536 1833 ,
1551 1794 1710 1833 assumens,
1725 1802 1823 1825 contra
1844 1793 1923 1833 ipsius
1931 1795 2082 1833 juramenti
2102 1793 2229 1826 debitum
2248 1795 2362 1827 ‘hostili-

1291 1839 1347 1870 ter,
1365 1840 1394 1862 ut
1414 1832 1556 1872 proditor,
1573 1832 1744 1872 insurgebat,
1790 1841 1874 1871 uem,
1892 1831 1930 1862 sic
1951 1833 2032 1863 armis
2045 1831 2198 1872 indutum,
2214 1833 2248 1864 ad
2267 1835 2361 1874 priva-

1290 1878 1349 1901 tam
1364 1871 1397 1902 &
1412 1871 1557 1902 honestam
1571 1870 1730 1903 custodiam
1745 1842 1860 1901 bgllicus
1874 1878 1990 1902 eventus
2001 1869 2123 1902 adduxit.

1326 1908 1379 1948 Et,
1397 1911 1461 1949 quia
1483 1910 1548 1941 haec
1572 1910 1655 1941 haber
1677 1908 1769 1940 nostra
1791 1909 1992 1948 consideratio,
2010 1909 2090 1948 quod
2109 1909 2242 1941 Romana
2263 1909 2362 1944 Mater

1288 1947 1410 1979 Ecclesia
1446 1948 1556 1980 solerter
1572 1958 1708 1988 exequens
1730 1958 1793 1986 quae
1813 1947 1875 1979 sunt
1896 1948 1973 1987 Dei,
1989 1948 2029 1978 illi
2050 1957 2110 1980 non
2132 1957 2246 1988 parcet,
2286 1961 2357 1982 uem

1286 1986 1376 2057 {diist
1382 1972 1551 2025 culpabilem
1560 1995 1644 2019 tantae
1657 1987 1818 2019 temeritatis
1832 1985 2009 2026 praesumptio
2024 1985 2268 2028 deliquendi,prae
2295 1998 2356 2021 rum

1354 2035 1390 2057 co
1412 2037 1461 2057 um

1312 2035 1440 2103 PUtpgte
1453 2049 1524 2096 dieti
1540 2064 1629 2096 Patris
1644 2064 1732 2096 nostri
1747 2063 1941 2103 proditorem,
1957 2064 1968 2094 i
1989 2063 2095 2104 sitisque
2109 2066 2261 2097 inimicum
2279 2067 2359 2106 capi-

1286 2103 1370 2134 talem
1386 2105 1419 2136 &
1434 2103 1583 2143 nostrum,
1601 2113 1634 2135 ac
1659 2103 1815 2134 universalis
1837 2102 1941 2133 dissidii
1956 2074 2173 2144 (gminatorem,
2190 2104 2224 2136 &
2245 2104 2281 2135 de
2299 2107 2358 2136 cri-

1288 2143 1367 2172 mine
1380 2142 1450 2173 laesae
1465 2142 1634 2181 Majestatis,
1651 2143 1685 2174 &
1699 2142 1913 2180 conspirationis
1926 2141 2042 2180 publice
2064 2142 2162 2182 initae,
2191 2153 2305 2174 necnon
2320 2143 2358 2176 de

1286 2181 1409 2219 perjurio
1424 2182 1534 2212 notorie
1549 2180 1727 2213 diffamatum
1741 2181 1855 2219 saepius,
1875 2180 1908 2212 &
1926 2181 2111 2220 convi6tum,
2129 2181 2182 2212 una
2203 2191 2270 2212 curn
2293 2183 2355 2221 qui-

1285 2219 1402 2250 busdam
1415 2219 1589 2257 transumptis
1603 2219 1741 2258 publicis,
1753 2219 1904 2250 litterarum
1919 2219 1953 2250 &
1966 2219 2216 2250 instrumentorum
2224 2220 2355 2258 publico-

1285 2268 1347 2288 rum
1357 2281 1367 2297 ,
1386 2258 1466 2296 ipsius
1481 2257 1599 2289 nefanda
1611 2268 1696 2296 opera
1713 2257 1910 2296 tangentibus,
1927 2267 2045 2295 poenam
2058 2267 2113 2295 pro
2126 2259 2186 2288 tam
2207 2259 2356 2290 horrendis

1284 2296 1430 2327 sceleribus
1450 2296 1620 2335 subiturum,
1639 2307 1702 2334 quae
1723 2296 1781 2326 aliis
1803 2294 1904 2327 cedere
1927 2296 2028 2334 poterit
2050 2296 2081 2326 in
2102 2305 2183 2327 exem
2204 2296 2262 2328 lum
2297 2298 2354 2329 sine

1283 2335 1329 2373 spe
1344 2335 1465 2366 habendi
1479 2346 1494 2366 a
1509 2336 1591 2366 nobis
1606 2336 1750 2366 licentiam
1767 2334 1801 2366 ad
1815 2334 1904 2365 dictas
1917 2342 2004 2372 partes
2023 2333 2128 2366 Scotiae
2151 2345 2180 2366 re
2200 2320 2301 2375 eundi,
2316 2336 2355 2376 ne

1285 2375 1303 2393 ¹*
1318 2384 1370 2404 nos
1386 2384 1419 2405 ac
1435 2385 1474 2412 po
1495 2374 1573 2404 ulum
1589 2373 1675 2404 diciae
1687 2383 1766 2404 terrae
1782 2373 1888 2404 Scotiae
1903 2372 2097 2404 commaculet
2108 2372 2170 2404 labe
2184 2373 2248 2413 suri,
2393 2368 2413 2388 ²*
2431 2370 2487 2400 111.

1322 2411 1443 2444 Praefato
1483 2413 1600 2451 piscopo
1615 2412 1774 2445 Pic‘tavensi
1784 2410 1961 2442 liberandum
1975 2410 2105 2443 duximus
2126 2422 2176 2451 per
2190 2412 2282 2451 ipsum
2301 2413 2352 2445 Se·
2377 2415 2438 2438 ¹²²·

1282 2451 1325 2481 dis
1339 2451 1511 2491 Apostolicae
1525 2451 1689 2489 conspectui
1705 2450 1935 2489 praesentandum.

1318 2489 1485 2531 Caeterum,
1503 2490 1594 2529 quoad
1608 2491 1683 2521 bona
1695 2489 1944 2528 Templariorum,
1964 2488 2054 2520 nichil
2069 2488 2210 2528 hucusque
2224 2488 2353 2530 fecimus,

1281 2539 1334 2559 nec
1353 2531 1507 2568 quicquam
1521 2528 1594 2560 aliud
1611 2528 1701 2559 facere
1723 2527 1895 2559 intendimus
1916 2527 2003 2567 quarn
2025 2526 2176 2568 debemus,
2193 2528 2228 2560 &
2247 2529 2349 2562 Altiffi-

1280 2570 1332 2599 mo
1348 2578 1510 2599 noverimus
1524 2567 1587 2598 fore
1601 2576 1723 2605 gratum.

1317 2606 1364 2638 Ad
1379 2606 1544 2646 Regimen,
1561 2607 1627 2638 ἃς.

1315 2682 1383 2714 Dat.
1400 2684 1474 2723 apud
1488 2683 1790 2723 Weshnonasteriurn,
1806 2692 1828 2723 4
1847 2681 1896 2714 die
1907 2681 2090 2714 Decembris.

1451 2807 1511 2843 Ad
1530 2810 1639 2855 Regem
1659 2805 1805 2851 Castana,
1828 2805 1866 2840 de
1883 2804 2017 2852 Justitia
2033 2803 2181 2841 habenda.

1275 2895 1343 2951 Μ
1353 2893 1490 2931 Agnifico
1505 2893 1649 2933 Principi,
1667 2893 1803 2924 Domino
1815 2891 1979 2930 Femando,
1996 2890 2056 2922 Dei
2076 2892 2180 2932 gratia,
2196 2893 2345 2935 Castellae,
2364 2903 2440 2936 Arm,
2452 2903 2494 2936 Π

1362 2933 1511 2972 Legionis,
1528 2932 1626 2963 Toleti
1677 2932 1816 2963 Galleciae
1830 2954 1841 2970 ,
1864 2930 1993 2969 Yspaliz,
2012 2929 2185 2970 Cordubiae,
2203 2932 2348 2974 Murziae,
2385 2943 2470 2984 1308.

1271 2969 1402 3010 Jehennis
1417 2972 1451 3002 &
1466 2971 1609 3009 Algarbiae
1626 2956 1703 3008 Regi
1720 2969 1820 3001 Illustri
1835 2992 1845 3008 ,
1867 2979 1901 3000 ac
1924 2968 2085 3000 Comitatus
2100 2968 2225 3002 Molinae
2236 2971 2346 3004 Domi-
2362 2986 2414 3010 An.
2429 2993 2456 3010 2,

1272 3019 1312 3040 no
1326 3033 1336 3049 ,
1355 3009 1578 3048 Consanguineo
1600 3009 1650 3041 suo
1671 3008 1812 3040 cariffimo
1846 3007 2014 3046 Edwardus,
2031 3007 2130 3039 eadem
2153 3010 2258 3049 gratia,
2276 3011 2344 3043 Rex
2362 3025 2391 3048 E.
2408 3030 2433 3051 2,

1274 3049 1390 3118 Angigae
1401 3071 1412 3088 ,
1429 3049 1576 3118 ngimlif
1591 3048 1757 3086 Hiberniae,
1774 3047 1807 3078 &
1818 3030 1888 3077 bux
1902 3047 2080 3086 Aquitaniae,
2097 3047 2210 3079 salutem
2227 3050 2261 3080 &
2280 3050 2343 3082 fefi-
2359 3059 2446 3097 clus,
2463 3070 2491 3088 2,

1274 3097 1321 3118 ces
1335 3098 1349 3118 a
1385 3096 1451 3118 vota
1476 3098 1545 3119 ucce
1569 3097 1609 3118 us.
2180 3115 2182 3117 .
2356 3100 2387 3124 Ε,
2402 3107 2474 3126 2.m.

1309 3126 1392 3158 Dum
1407 3126 1501 3163 Reges
1519 3127 1552 3158 ὃς
1571 3125 1668 3156 Princi
1736 3124 1796 3164 (qui
1813 3125 1948 3161 regimini
1960 3124 2057 3162 populi
2068 3125 2211 3162 praefidere
2222 3126 2344 3157 noscun-
2364 3145 2406 3171 ¹5·
2420 3136 2449 3165 ι,

1272 3165 1328 3203 tur)
1345 3165 1427 3203 super
1440 3165 1555 3196 suorum
1573 3134 1726 3198 exceffiffis
1749 3163 1940 3202 fiibditorum,
1957 3162 2116 3207 comrniffis
2128 3164 2296 3196 inisubditos
2313 3176 2344 3197 a-

1273 3204 1395 3242 liorum,
1408 3203 1521 3242 justitiae
1543 3203 1810 3240 complementum,
1838 3210 1919 3239 prout
1941 3203 2051 3238 negotii
2074 3201 2186 3240 qualitas
2201 3205 2343 3244 exegerit,

1274 3253 1331 3272 non
1348 3241 1497 3281 differunt,
1514 3252 1567 3272 nec
1586 3240 1757 3271 dissimulant
1772 3241 1920 3279 exhibere,
1938 3239 2038 3271 fovent
2055 3240 2125 3271 inter
2142 3251 2192 3271 eos
2208 3241 2277 3273 hinc
2297 3243 2342 3273 in-

1273 3281 1326 3319 de,
1344 3282 1376 3312 &
1396 3282 1580 3311 corroborant
1597 3277 1785 3309 concordiam
1803 3288 1829 3310 at
1851 3289 1885 3309 ue
1903 3288 2016 3316 pacem.

1309 3320 1387 3350 Cum
1405 3321 1495 3357 itaque
1514 3318 1602 3356 plures
1621 3318 1767 3348 Marinarii
1785 3319 1818 3349 δε
1860 3318 1936 3347 iratae
1953 3317 1989 3347 de
2004 3315 2086 3347 Villis
2102 3316 2214 3349 Sanctae
2232 3318 2339 3350 Audet.

1272 3358 1422 3402 Urdealis,
1438 3359 1476 3402 de
1492 3357 1669 3401 Laredo,.&
1687 3356 1797 3387 aliunde
1813 3356 1848 3401 de
1860 3355 2013 3403 μΒοῐῐ-ιίηξο
2029 3356 2063 3386 &
2080 3355 2216 3401 potestate
2231 3357 2340 3397 vestra,

1271 3407 1368 3466 331ssss
1387 3395 2339 3477 {gasiffitistsslfik'ffisstss‘a'ffl'fiapss‘t'fnssss‘ipiffiffffi'scifflopssssl

1270 3473 1386 3504 nimoda
1396 3474 1438 3504 v&
1455 3474 1529 3511 pacis
1547 3472 1723 3503 conservatio
1739 3472 1774 3503 ad
1791 3482 1843 3502 nos
1858 3471 1982 3509 specstant
1995 3493 2006 3510 ,
2029 3482 2045 3503 a
2084 3471 2227 3511 uibusdam
2244 3473 2340 3503 homi-

1272 3513 1352 3542 nibus
1370 3512 1468 3542 nostris
1485 3511 1520 3542 de
1538 3510 1641 3541 Baiona
1659 3520 1712 3541 tres
1729 3521 1812 3541 naves
1828 3510 1885 3540 suas
1900 3533 1910 3548 ,
1937 3519 2052 3540 necnon
2116 3520 2151 3540 na
2173 3510 2207 3541 &
2232 3511 2337 3541 merci-

1271 3553 1366 3619 Ritinia
1383 3551 1427 3582 sua
1444 3551 1542 3587 magni
1557 3551 1639 3587 pretii
1654 3572 1665 3588 ,
1689 3551 1719 3579 in
1737 3549 1840 3580 eisdem
1855 3548 1987 3580 Navibus
2004 3549 2131 3587 inventa,
2147 3551 2273 3587 nequiter
2288 3549 2338 3580 ab-

1296 3600 1312 3619 u
1323 3597 1408 3619 erant·
2036 3617 2038 3621 ,
2074 3617 2078 3622 ,

1304 3613 1472 3665 Hujussnodi
1486 3626 1612 3657 facinore
1629 3634 1688 3656 non
1706 3627 1851 3665 contenti,
1869 3624 1904 3666 ad
1917 3624 2081 3663 Hospitium
2098 3622 2256 3656 Guillielmi
2278 3623 2335 3655 Ar-

1269 3666 1341 3696 naldi
1355 3666 1390 3696 de
1407 3666 1579 3703 Campania,
1596 3665 1738 3702 servientis
1752 3663 1842 3694 nostri
1852 3663 1980 3702 ibidem,
2097 3698 2099 3702 Α
2136 3685 2138 3688 -

1307 3703 1365 3734 Pro
1379 3715 1415 3734 eo
1449 3703 1504 3734 uod
1519 3703 1594 3734 idem
1606 3703 1787 3741 Guillielmus¹
1802 3702 1862 3741 ipsis
1875 3702 1997 3733 inhibuit
2009 3701 2046 3732 ne
2060 3701 2220 3732 hominibus
2234 3699 2333 3732 nostris

1268 3743 1409 3780 prtedic'tis
1442 3752 1577 3780 ampnum
1591 3741 1704 3781 aliquod
1718 3741 1865 3779 inferrent,
1883 3741 1915 3772 &
1930 3741 2065 3780 praecepit
2078 3739 2202 3770 similiter
2219 3748 2252 3782 ex
2267 3749 2330 3777 par-

1265 3789 1292 3810 te
1306 3780 1418 3819 nostra,
1437 3780 1504 3811 sicut
1519 3782 1543 3810 ei
1560 3782 1632 3811 bene
1646 3781 1742 3818 licuit,
1756 3780 1790 3810 &
1804 3779 1894 3809 facere
1908 3778 2005 3810 debuit
2015 3788 2049 3809 ex
2063 3778 2153 3821 officii
2166 3776 2264 3807 debito
2280 3779 2326 3808 iii-

1267 3820 1428 3850 cumbentis
1448 3818 1542 3849 eidem
1559 3841 1569 3858 ,
1595 3819 1671 3857 quod
1690 3818 1787 3848 Naves
1805 3818 1839 3848 &
1857 3817 1908 3848 alia
1926 3818 2017 3854 bona,
2035 3826 2084 3854 per
2101 3814 2190 3853 lpsOS,
2208 3823 2238 3846 ut
2255 3826 2327 3854 prae-

1262 3858 1404 3900 *mittimur
1419 3880 1430 3896 ,
1460 3856 1549 3888 ablata
1562 3881 1572 3897 ,
1600 3857 1765 3889 hominibus
1789 3855 1889 3886 nostris
1906 3855 2052 3895 praedietis·
2062 3852 2232 3884 restituerent
2256 3854 2330 3886 indi-

1262 3901 1315 3925 late
1987 3915 1990 3917 >
2123 3905 2125 3907 ’

1305 3918 1414 3964 A’rmati
1427 3933 1560 3964 hostiliter
1593 3934 1773 3973 accedenteS,
1789 3932 1883 3964 eidem
1897 3930 2066 3973 Guillielrno
2078 3929 2186 3960 ibidem
2202 3930 2331 3962 insultum

1265 3970 1408 4010 dederint,
1427 3973 1460 4003 ὅ(
1483 3957 1621 4016 quendam
1644 3980 1779 4011 nepotem
1797 3970 1876 4007 suurn
1899 3968 2104 4007 interfecerint,
2121 3969 2155 3999 ὃς
2168 3970 2204 3999 ab
2222 3969 2327 4000 eodem

1266 4009 1452 4049 Guillielmo,
1472 4020 1520 4049 qui
1534 4012 1582 4043 vix
1595 4011 1631 4042 ab
1645 4020 1745 4043 eorum
1758 4010 1887 4042 manibus
1907 4009 1988 4040 vivus
2008 4006 2106 4046 evasit,
2126 4008 2201 4040 bona
2214 4006 2333 4077 &Saband-
