2570 4261
0 256 50 287 Tnn.
67 253 107 286 D.
126 265 197 286 num
206 254 379 295 Alphonsum
394 255 624 295 &Margaretam
638 256 723 287 filiam
737 257 861 299 nostram
874 259 1087 297 consummato,
1103 268 1180 302 eain-

0 295 78 333 1284.
125 295 191 324 dem
208 297 392 334 Margaretam
407 294 515 325 dotabit
529 294 681 325 secundum
700 304 880 334 quantitatem
896 306 993 336 terme,
1011 308 1062 336 pro
1081 297 1180 335 praedi-

0 336 43 363 αὐ.
61 343 85 360 1.
127 333 171 362 eta
186 336 304 374 pecunia
319 334 367 362 tibi
379 333 520 372 obligat-ac.

162 371 315 409 Prteterea,
331 379 360 401 ut
373 371 451 400 dicto
466 370 600 401 Domino
613 370 690 410 Regi
703 371 737 401 δε
752 371 803 400 suis
817 381 867 402 nos
882 372 915 402 &
930 373 1017 403 nostri
1033 373 1181 403 districtius

124 410 303 448 obligemur,
321 418 406 446 cum,
423 409 502 447 super
517 419 616 438 ornnes
638 408 767 438 mortales
787 408 929 450 Principes
943 434 953 449 ,
976 413 1027 442 suis
1049 412 1182 450 exigenti-

127 449 179 479 bus
195 449 315 485 meritis,
332 447 423 476 eidem
438 447 613 477 intendamus
624 448 721 477 animo
742 455 819 476 tenus
835 450 1007 487 complacere
1020 472 1030 488 ,
1052 452 1182 479 volumus

125 487 202 526 quod
215 486 305 516 dictus
319 483 383 514 Rex
397 484 495 514 habeat
515 485 690 524 niariiagium
703 484 841 523 Johannis
859 486 906 516 filii
927 488 1038 525 nostri,
1061 486 1137 527 quod
1156 487 1182 517 ei

126 525 329 560 concedimus,
344 522 468 552 volentes
480 523 557 561 quod
571 524 800 560 matrimonium,
817 525 886 554 inter
901 526 989 561 ipsum
1000 525 1161 563 johannem
1170 548 1180 563 ,

126 564 160 594 ὃ(
172 563 229 600 ejus
245 561 331 630 fil{am
345 560 584 599 contrahendum,
599 563 628 590 iri
640 561 684 591 sua
704 562 821 598 optione
839 562 884 592 seu
903 563 1078 605 dispositione
1091 564 1181 594 totali-

155 612 168 631 r
182 601 270 631 consil
286 608 320 630 at.
424 627 426 630 .

126 609 154 632 te
164 638 201 669 Et
213 649 279 669 cum
295 637 444 675 contigerit
460 635 530 674 ipsos
550 636 707 666 adinvicem
726 638 963 669 matrimonialiter
980 640 1120 677 copulari,
1136 640 1180 680 ip—

126 678 183 709 sam
197 676 281 707 filiam
295 675 508 713 DominiRegis
522 676 686 713 memorati,
705 685 788 712 quam
801 676 891 706 dictus
904 676 973 707 filius
987 677 1082 707 noster
1095 678 1180 708 ducet

127 718 157 746 in
171 724 307 753 uxorem,
324 713 483 743 dotabimus
494 712 530 742 de
544 722 662 752 quatuor
676 714 734 744 mil.
749 714 815 744 libr.
831 714 900 745 Tur.
914 723 964 753 per
981 725 1103 754 annum,
1118 726 1179 746 cer-

124 755 156 786 tis
168 754 238 787 locis
252 750 442 792 percipiendis.
487 790 489 792 ,
574 788 580 794 .
719 790 724 795 Ι
793 790 798 795 .
1088 793 1094 798 .

161 790 368 831 Affignabimus
380 790 463 819 etiam
476 788 593 826 praefatis
602 787 743 827 Johanm,
762 788 820 820 filio
834 791 932 821 nostro
941 814 951 829 ‚
969 792 1002 823 δε
1016 801 1095 822 uxori
1109 791 1178 830 suae,

123 830 159 862 ad
174 839 274 866 eorum
288 828 533 865 sustentationem,
551 829 694 858 annuatim
709 828 753 858 sex
766 829 841 859 mille
854 830 915 859 libr.
928 830 1001 860 Tur.
1014 831 1095 860 certis
1107 830 1178 860 locis

123 868 251 908 quolibet
267 876 342 896 anno
357 866 552 906 percipiendas.

162 904 360 936 Concessimus
373 904 459 934 etiam
473 904 564 934 eidem
579 903 712 934 Domino
726 903 818 944 Regi,
836 906 929 944 quod,
949 906 970 937 fi
989 906 1117 945 praefatus
1125 903 1178 944 Jo-

121 945 226 975 hannes
240 942 309 973 filius
320 942 430 979 noster,
447 951 509 972 ante
525 943 751 981 matrimonium,
768 945 837 973 inter
851 944 938 988 ipsum
953 968 963 982 ,
987 945 1020 976 &
1040 954 1124 975 unam
1142 953 1176 974 ex

119 983 226 1014 filiabus
236 981 286 1011 suis
300 980 494 1018 comraCrum,
514 980 542 1010 in
557 981 611 1010 fata
622 980 754 1018 decedat,
771 982 848 1020 quod
862 983 936 1013 idem
951 983 1095 1013 Dominus
1108 982 1175 1012 Rex

121 1021 268 1060 maritagiu
319 1019 425 1049 alterius
446 1018 494 1054 filii
516 1018 602 1049 nostri
621 1020 815 1058 proximiori8‚
842 1021 860 1051 ii
877 1030 962 1059 quem
984 1021 1177 1058 habuerimus,

121 1061 256 1098 optineat.
269 1029 331 1088 niEt
345 1058 383 1088 sic
397 1057 433 1087 de
446 1056 503 1087 filio
520 1058 548 1087 in
567 1057 657 1093 filium
675 1057 825 1089 successive
839 1082 849 1096 ,
872 1059 1016 1097 quousque
1031 1061 1176 1089 matrimo-

120 1100 202 1129 nium
221 1098 292 1127 inter
313 1095 400 1126 filium
419 1094 547 1126 nostrum
568 1096 601 1127 ὃς
621 1094 704 1125 filiam
720 1097 801 1135 ipfius
819 1096 941 1127 Domini
956 1095 1043 1137 Regis
1060 1097 1175 1128 feliciter

121 1137 206 1168 fuerit
220 1135 456 1166 consummatum.

129 1206 132 1207 ⁷
156 1172 354 1205 Conceffimus
368 1172 424 1202 insu
446 1182 476 1202 er
487 1171 562 1210 quod
596 1172 615 1201 fi
629 1172 777 1211 praedictus
788 1173 932 1212 Johannes
952 1171 1023 1204 filius
1036 1172 1130 1203 noster
1142 1174 1173 1203 in

120 1214 176 1244 fata
191 1211 325 1248 decedat,
344 1221 398 1241 nec
416 1221 430 1240 a
442 1211 534 1249 iquem
577 1211 636 1240 ium
655 1210 830 1241 habuerimus
848 1211 989 1242 haeredem
1005 1212 1174 1249 masculum,

120 1259 179 1282 tota
190 1250 331 1281 haereditas
342 1250 470 1279 omniurn
485 1256 615 1278 terrarum
636 1247 791 1278 nostrarum
802 1271 815 1292 7
839 1259 906 1279 cum
920 1250 1054 1280 omnibus
1068 1250 1118 1280 suis
1128 1249 1174 1287 ju-

121 1291 197 1320 ribus
217 1290 250 1320 &
269 1299 284 1319 a
305 1286 438 1326 pendiciis
451 1308 460 1323 ,
483 1287 588 1325 integre
607 1285 640 1315 &
661 1286 718 1316 fine
739 1287 925 1317 diminutione
939 1297 1077 1318 remaneat
1094 1287 1174 1318 dieto

121 1328 256 1358 Domino
270 1298 427 1365 Klphonso,
445 1324 478 1355 ὅ(
490 1322 656 1362 Margaretae
669 1323 732 1353 filiae
746 1324 863 1354 nostrae:
880 1324 920 1355 Ita
936 1327 1012 1362 quod
1025 1326 1093 1356 dieti
1110 1326 1174 1356 Do-

0 1365 26 1401 ῘῙ
41 1371 104 1409 284,
121 1367 213 1396 minus
227 1363 309 1403 Rex,
329 1363 374 1393 vel
391 1362 409 1382 ²*
429 1361 572 1392 Dominus
587 1360 743 1398 Alphonsus
755 1385 764 1400 ‚
788 1370 888 1393 omnes
903 1363 965 1394 alias
985 1363 1050 1394 filias
1068 1364 1175 1394 nostras

32 1394 38 1401 ’
120 1403 292 1441 honorifice,
306 1408 388 1441 prout
399 1400 463 1439 ipsas
474 1399 600 1436 decebit,
617 1400 699 1430 faciat
711 1401 842 1431 maritare.

158 1442 212 1480 Et,
229 1449 259 1472 ut
274 1441 337 1471 haec
352 1439 450 1469 omnia
469 1437 605 1478 praemisfii
619 1437 697 1468 firma
717 1439 751 1469 ὅ(
772 1438 933 1470 inconcussa
952 1449 1129 1477 permaneant
1145 1441 1173 1470 in

119 1481 260 1516 futurum,
279 1488 345 1516 nOS,
365 1478 396 1507 &
411 1476 533 1506 haeredes
547 1476 656 1506 nostros
670 1477 750 1507 iimul
772 1480 839 1508 eum
859 1479 993 1508 omnibus
1013 1479 1093 1509 bonis
1109 1489 1174 1509 nos⁴

117 1521 182 1557 tris,
199 1517 349 1548 mobilibus
361 1516 394 1546 &
407 1515 615 1552 immobilibus,
632 1514 748 1553 obligari
761 1516 891 1546 volumus
905 1525 954 1555 per
966 1517 1119 1554 praesentes.

155 1555 195 1586 Et
205 1558 234 1586 in
247 1553 452 1592 praemissorum
465 1552 658 1584 testimonium
670 1554 846 1593 praesentibus
858 1555 975 1595 sigillum
988 1555 1116 1586 nostrum
1127 1565 1177 1594 ap-

119 1596 188 1635 poni
201 1595 325 1625 fecimus.

157 1676 227 1707 Dat.
240 1674 312 1715 apud
325 1672 440 1711 Hagam
454 1672 501 1703 die
516 1672 625 1716 Sabbati
648 1674 770 1711 proxima
782 1673 845 1714 post
864 1673 977 1718 Festum
992 1674 1086 1706 Sancti
1102 1674 1178 1706 Lau·

121 1716 218 1752 rendi,
236 1716 311 1744 anno
326 1712 449 1743 Domini
464 1711 611 1743 milletimo
625 1711 815 1744 ducentesimo
826 1712 1003 1753 ottogenmo
1014 1723 1122 1754 quarto.

120 1848 228 1881 Litera
249 1841 393 1878 Gnidonis
415 1844 539 1875 Comitis
562 1843 709 1877 Flandriae
727 1872 737 1886 ,
770 1844 806 1878 de
829 1848 940 1892 negotio
959 1849 1037 1880 inter
1058 1847 1152 1893 ipsiaem
1163 1874 1174 1890 ³

374 1893 410 1930 ῥ’
430 1892 576 1936 Neptem
587 1893 683 1937 fimm
700 1892 736 1926 de
752 1896 926 1927 Hannontae.

124 1983 248 2047 ASon
264 1980 450 2014 tresexcellent
458 1980 590 2020 seigneur
602 1980 750 2020 Edovard,
768 1992 815 2020 par
828 1982 846 2013 li
859 1982 944 2023 grasie
958 1982 993 2014 de
1001 1983 1095 2022 Dieu,
1115 1983 1176 2015 Roi

190 2022 375 2062 d’Engleterre
386 2043 396 2059 ,
418 2020 550 2059 Seigneur
565 2019 601 2050 de
616 2020 735 2050 Yllande
749 2044 758 2058 ,
780 2021 848 2052 Duc
870 2021 1077 2061 d’Aquitavne,
1104 2022 1177 2053 Guis

123 2061 219 2092 Cuens
231 2061 267 2091 de
281 2059 426 2097 Flandres,
444 2060 478 2090 &
493 2058 605 2102 March.
619 2058 655 2088 de
670 2058 793 2090 Namur.
807 2059 844 2090 ses
864 2060 991 2099 foiautes,
1008 2061 1045 2091 lui
1056 2069 1118 2091 tout
1130 2070 1178 2101 ap-

25 2115 48 2133 i.
122 2100 235 2138 parellut
248 2110 262 2129 a
277 2105 356 2130 toute
367 2097 393 2128 se
405 2097 518 2127 volente
531 2097 604 2127 faire.

159 2137 258 2168 Chiers
273 2138 360 2174 Sires,
372 2137 400 2174 je
416 2145 486 2166 vous
499 2136 605 2165 merchi
621 2134 673 2164 kari
687 2135 735 2166 kes
745 2137 776 2175 ju
792 2137 851 2176 puis
882 2136 919 2167 de
930 2146 969 2167 vo
980 2137 1038 2167 bon
1049 2136 1176 2168 saublanc

120 2176 156 2207 ke
171 2187 241 2207 vous
254 2174 392 2213 fefistres3
418 2174 451 2205 δε
472 2173 508 2204 de
526 2183 565 2204 vo
582 2173 717 2204 courtoist
736 2159 867 2213 responis}
879 2198 888 2213 ,
910 2175 946 2205 ke
960 2184 1033 2218 ‚vous
1050 2175 1176 2214 deiistes,

118 2214 184 2245 sains
198 2214 291 2245 nostre
303 2212 442 2253 requeste,
459 2222 492 2242 au
510 2211 642 2251 Seigneur
657 2212 693 2242 de
712 2211 811 2244 Frenes
823 2237 832 2252 ‚
855 2222 940 2253 quant
957 2213 977 2243 il
991 2224 1060 2244 vous
1075 2215 1089 2244 a
1104 2215 1177 2252 parla

119 2253 157 2284 de
171 2253 198 2284 le
213 2253 366 2291 beffongne
377 2274 388 2290 ,
416 2251 452 2280 ke
466 2251 490 2281 ie
501 2251 525 2279 ai
540 2258 637 2280 contre
652 2260 721 2280 mon
742 2251 848 2283 Neveu
871 2252 907 2282 de
918 2251 1039 2282 Hannan
1053 2264 1063 2290 ;
1087 2254 1121 2284 &
1138 2254 1175 2284 de

120 2292 193 2323 chau
210 2292 245 2322 ke
257 2300 342 2327 vous,
359 2300 375 2320 a
389 2288 483 2319 nostre
499 2287 624 2326 requeste
636 2289 670 2319 &
685 2299 700 2319 a
713 2298 761 2319 me
776 2292 892 2330 prirerre
904 2291 1009 2321 loiastes
1028 2293 1106 2322 venir
1118 2293 1174 2323 ami

120 2330 148 2361 le
162 2328 305 2361 devantdit
316 2328 408 2367 Seign.
423 2327 458 2357 de
471 2327 579 2358 Frenes.
621 2366 626 2372 ι
784 2367 789 2372 ¹
879 2368 883 2373 ἰ
1040 2369 1045 2374 ¹

158 2368 213 2406 Et,
228 2367 351 2407 jastuche
364 2365 432 2396 c’est
449 2368 483 2396 ke
496 2375 534 2395 on
554 2365 657 2404 espoire
675 2366 709 2396 &
727 2375 804 2396 avoir
818 2367 896 2404 respit
911 2375 988 2398 entre
1006 2377 1062 2406 mi,
1079 2378 1094 2398 a
1107 2377 1174 2399 men

120 2406 226 2438 Neveu
240 2406 275 2436 de
290 2404 396 2437 vantdit
411 2403 466 2438 (del
480 2403 543 2443 quel
557 2405 583 2433 ie
596 2413 632 2433 ne
647 2404 684 2433 sui
700 2405 757 2434 mie
773 2415 880 2435 encore
893 2407 1018 2442 certains)
1035 2406 1070 2436 ke
1082 2406 1107 2435 al
1123 2406 1176 2437 do-

120 2455 170 2475 me
185 2445 272 2475 vestre
283 2444 393 2482 jusques
407 2452 421 2472 a
440 2442 482 2472 cel
503 2442 582 2471 Noel
602 2442 715 2480 procain
729 2442 767 2472 s’il
788 2453 857 2474 vous
869 2444 969 2482 plaisait
983 2444 1072 2474 chiers
1087 2445 1175 2483 Sires,

117 2484 147 2522 je
160 2484 269 2513 volroie
280 2483 346 2512 bien
359 2481 393 2510 ke
405 2490 475 2510 vous
488 2489 533 2509 me
544 2479 599 2510 laiss
618 2481 696 2510 resies
709 2480 734 2510 le
752 2480 853 2512 devant
868 2482 988 2520 Signeur
1008 2482 1043 2512 de
1057 2482 1175 2522 Frenes,

120 2521 166 2560 ius
180 2531 226 2551 ues
239 2532 255 2551 a
268 2520 344 2550 donc
359 2520 394 2549 ke
407 2528 447 2548 on
461 2518 538 2556 peust
553 2518 630 2548 veoir
643 2526 760 2548 coment
773 2519 793 2548 li
805 2519 889 2550 chose
903 2520 929 2550 se
944 2520 1096 2559 prendroit.

121 2598 158 2630 ιω
170 2559 452 2628 Υέὲῖἓῑὲῗῖἓὲῖἓὲ
463 2556 811 2639 ἒὲῖἒίὲέἓίῗξέἃρῗὲἑῗ
823 2558 1175 2638 ὥῗῆξῖἔῖἒεὲἓῖᾋῗὲιῑῗὲ

121 2635 254 2674 volume,
272 2636 305 2666 δ’(
318 2634 412 2666 nostre
427 2633 583 2666 S———vus
597 2641 664 2666 vais.

119 2773 169 2805 De
187 2771 332 2803 Florentio
354 2771 463 2802 Comite
480 2767 648 2801 Holl.1ndiae
670 2781 781 2802 novam
802 2772 964 2803 Monetam
979 2767 1174 2815 fabricante,

190 2822 226 2857 ά*
244 2818 280 2852 de
300 2820 434 2865 Argento
446 2844 455 2860 ,
480 2816 523 2849 ad
539 2816 614 2849 hanc
634 2817 798 2851 cudendam
814 2822 845 2851 in
862 2818 978 2864 Anglia
992 2823 1094 2865 petito.

123 2902 336 2970 MAgnifico
351 2905 474 2946 Principi
488 2929 498 2945 ,
522 2906 555 2937 &
573 2906 682 2937 sublimi
703 2906 998 2950 DominolEdwardo
1017 2909 1062 2940 An
1082 2909 1174 2941 lorum

213 2945 287 2985 Regi
319 2945 436 2983 lorioso,
455 2945 575 2975 Florent.
590 2945 698 2976 Comes
711 2944 873 2976 Hollandiae
889 2969 900 2985 ,
920 2946 976 2978 suae
995 2948 1066 2986 polsi
1088 2949 1178 2980 ilitatis

122 2984 285 3023 obsequium
308 2992 405 3026 emper
417 2991 592 3021 promptum.

161 3021 255 3060 Sciat,
271 3020 400 3051 Domine
418 3021 481 3059 mi,
506 3021 593 3051 vestra
613 3022 771 3052 Sublimitas
786 3023 934 3055 reverenda
949 3046 960 3062 ,
985 3024 1062 3062 quod
1081 3035 1131 3055 nos
1146 3025 1174 3055 in

124 3071 201 3092 anno
214 3059 354 3098 praesenti,
372 3059 434 3098 quia
453 3069 567 3089 moneta
581 3060 688 3100 nostra,
703 3070 785 3101 prout
800 3062 882 3091 nobis
902 3063 1040 3102 innotuit,
1057 3065 1090 3094 δε
1109 3073 1174 3103 pru-

124 3098 384 3130 dentioribusterrae
397 3096 501 3128 nostrae
516 3097 675 3136 constabat,
693 3099 721 3129 in
740 3099 834 3130 valore
850 3101 883 3131 ὃς
904 3100 1029 3141 pondere
1043 3102 1178 3133 claudica-

124 3139 165 3169 vit
197 3146 303 3167 novam
315 3143 457 3166 monetam
469 3135 643 3165 decrevimus
652 3136 783 3168 fabricare
792 3161 801 3175 ,

160 3160 210 3206 §et
222 3176 287 3214 quia
300 3173 466 3205 cudentibus
478 3174 562 3213 ipsam
574 3175 683 3204 materia
697 3175 816 3206 cudendi
834 3175 955 3215 defecit,
972 3177 1117 3217 videlicet,
1134 3188 1177 3208 ar-

121 3222 242 3251 gentum
275 3212 332 3243 uod
345 3212 378 3242 ad
400 3212 457 3242 hoc
478 3221 547 3251 opus
565 3212 767 3250 complendum
785 3214 833 3252 ipsi
855 3215 968 3252 opifices
983 3217 1175 3257 requirebant,

122 3261 191 3282 cum
204 3261 222 3291 q
276 3261 321 3281 am
335 3250 458 3281 familiari
474 3249 568 3280 nostra
587 3250 713 3281 Domina
735 3252 868 3283 Katerina
881 3276 891 3292 ,
914 3253 1016 3285 scilicet
1026 3278 1035 3293 ,
1049 3255 1120 3285 dieta
1138 3254 1174 3285 de

122 3289 217 3320 Walle
250 3290 344 3320 sorore
355 3288 498 3327 quondam
515 3288 590 3318 Petri
605 3288 724 3318 Boennis
738 3312 748 3328 ‚
771 3291 867 3321 dilecti
882 3291 1023 3323 creditoris
1036 3294 1069 3324 &
1084 3293 1175 3333 hospi-

121 3329 155 3358 tis
165 3312 269 3365 poliri,
285 3329 498 3358 convenerimus
512 3328 541 3357 iti
555 3326 630 3356 hunc
642 3326 778 3366 modum,
795 3329 870 3368 quod
884 3330 936 3368 ipsa
954 3332 1034 3361 nobis
1051 3342 1099 3371 per
1113 3332 1173 3362 suos

120 3374 214 3397 certos
221 3365 358 3396 Nuncios
370 3365 403 3395 &
415 3365 523 3395 nostros
532 3388 541 3402 ,
559 3365 592 3394 &
606 3365 657 3395 sub
669 3365 766 3395 nostro
777 3368 918 3407 periculo,
936 3369 964 3399 in
979 3379 1093 3408 argento
1109 3380 1174 3409 pro-

120 3404 215 3436 videre
227 3403 356 3441 deberet,
373 3403 546 3442 ubicumque
565 3403 630 3433 illud
644 3403 740 3447 venale
758 3406 927 3445 perciperet,
946 3408 980 3439 &
1001 3408 1035 3439 ad
1050 3408 1173 3439 nostram

122 3452 266 3473 monetam
279 3442 475 3481 transmittere,
493 3442 521 3472 in
534 3450 624 3472 novos
637 3441 761 3473 denarios
771 3443 805 3474 ab
820 3444 880 3483 ipsis
895 3448 1116 3477 monetatoribus
1130 3456 1172 3477 re-

121 3482 150 3512 di
170 3482 253 3512 endo.

177 3529 259 3559 taque
271 3528 337 3549 cum
351 3517 426 3549 dieta
437 3526 580 3556 matrona,
596 3517 676 3556 hujus
690 3519 727 3548 rei
747 3519 825 3550 causa
871 3520 932 3551 suos
951 3521 1105 3561 Nuncios,
1119 3523 1173 3553 una

121 3569 189 3589 cum
205 3558 305 3588 nostris
317 3556 349 3587 ad
362 3556 460 3587 vestrae
468 3556 678 3586 Dominationis
692 3557 813 3588 confinia
825 3542 1000 3598 (festinasset,
1018 3562 1049 3591 δε
1064 3563 1092 3590 in
1106 3571 1172 3600 qua-

122 3597 188 3627 dam
203 3596 276 3627 Villa
290 3595 413 3633 Betfort,
432 3596 507 3626 &in
529 3595 599 3625 locis
618 3595 824 3626 circumvicinis
836 3596 944 3627 dietum
959 3599 1116 3638 Argentum
1135 3600 1173 3629 le-

119 3636 214 3673 galiter
228 3634 448 3672 comparassent,
466 3634 562 3664 &iter
576 3632 664 3664 versus
685 3642 798 3671 portum
815 3636 894 3665 maris
908 3645 975 3666 cum
989 3631 1124 3676 quadrigis
1139 3638 1172 3668 &

120 3675 255 3704 currubus
265 3672 482 3711 attemptassent,
499 3672 639 3702 exilierunt
652 3671 769 3701 latrones
785 3681 818 3702 ex
829 3673 941 3711 abditis,
959 3677 1006 3713 qui
1019 3685 1065 3706 eos
1078 3676 1173 3713 explo-

120 3721 246 3743 raverant
258 3711 460 3748 fraudulenter,
477 3711 510 3741 ὃ(
524 3709 662 3749 quendam
684 3708 877 3752 Mercatorem
888 3734 898 3749 ,
923 3715 976 3743 una
997 3723 1063 3744 cum
1079 3715 1172 3754 auriga

122 3759 231 3788 currus,
250 3759 282 3781 ut
293 3749 659 3786 intellexerimus,atrociter
670 3756 852 3786 perimerunt·
873 3757 996 3788 putantes
1009 3752 1047 3782 fic
1060 3751 1171 3783 dietum

119 3796 266 3826 argentum
277 3789 396 3819 totaliter
408 3789 433 3818 as
474 3797 556 3825 rtare,
574 3786 676 3824 suisque
688 3785 776 3816 usibus
790 3771 932 3830 appiicare.

159 3825 207 3856 Set
220 3825 404 3864 vicecomes,
431 3836 476 3856 ive
490 3825 605 3855 Ballivus
618 3823 723 3861 vester,
741 3832 894 3863 percipiens
914 3826 1053 3857 excidium
1073 3829 1173 3868 praedi-

121 3863 250 3902 (storum,
269 3865 301 3894 &
314 3866 410 3895 mortis
423 3863 604 3894 miserabilem
625 3863 757 3892 ululatum
772 3884 781 3900 ,
808 3872 876 3891 cum
890 3865 996 3895 armatis
1009 3865 1076 3896 illuc
1093 3867 1172 3897 velo-

120 3903 191 3969 ciffr
215 3905 392 3942 properavit,
417 3911 448 3934 ut
470 3903 498 3932 in
522 3901 647 3940 periculo
667 3899 770 3938 positos
794 3900 828 3930 ab
850 3900 974 3932 hostium
993 3912 1100 3935 erueret
1118 3915 1172 3945 po-

121 3947 149 3971 te
175 3947 231 3969 ate·
405 3970 410 3974 .

160 3963 235 4016 Qui
250 3977 391 4008 intellecto
409 3979 457 4016 ipsi
479 3977 594 4009 malefici
615 3977 777 4016 aufugerunt
789 3999 798 4014 ,
823 3976 855 4006 &
874 3976 929 4014 ipst:
944 3976 1116 4010 Vicecomes
1131 3979 1173 4010 di-

0 4020 101 4057 :1.285.
120 4016 199 4047 &um
213 4024 374 4054 argentum,
394 4018 476 4057 usque
495 4017 528 4047 ad
551 4017 673 4047 valorem
692 4022 895 4058 nongentarum
910 4015 929 4034 ¹¹²
945 4016 1125 4058 &sexaginta
1139 4019 1173 4050 11-

118 4056 229 4087 brarum
237 4053 452 4123 ῗίοὲὶηῗῗωω,
471 4055 539 4088 fecit
553 4054 645 4087 vestro
658 4063 775 4086 nomme
787 4051 904 4085 arestari.

146 4096 219 4124 Tom.
255 4115 262 4122 .
308 4115 315 4122 .
365 4113 373 4122 .

1223 167 1703 218 PUBLICA.

1257 256 1327 288 inde
1338 258 1379 289 est
1392 260 1468 298 quod
1486 260 1728 302 Magnificentiam
1743 260 1863 293 vestram
1878 261 1986 295 summa
2007 260 2090 303 prece
2103 262 2276 296 'confidenter
2298 265 2370 295 aim.
2386 266 2396 294 i

1220 295 1344 335 adimus,
1364 307 1496 336 quatenus
1509 304 1578 330 ‘cum
1591 301 1702 330 dictum
1713 309 1858 340 argentum
1872 325 1882 340 ,
1906 304 2022 332 nomine
2045 303 2159 340 nostro,
2177 305 2208 334 ὃ(
2228 304 2275 333 sub
2322 306 2403 340 1234.

1223 333 1322 363 nostro
1336 337 1462 373 periculo
1476 336 1541 368 illuc
1556 338 1740 369 transvectum
1756 341 1837 371 tuerit
1849 362 1860 378 ,
1885 341 1919 370 &
1935 341 2019 371 taliter
2041 341 2199 371 ‘attestatum
2209 365 2217 380 ‚
2237 342 2278 372 su-
2297 347 2360 371 Eav.
2386 351 2409 369 ι.

1224 381 1272 439 par
1301 382 1342 416 'uo
1357 372 1431 404 dieta
1453 383 1580 406 matrona
1594 385 1716 416 patentes
1729 377 1815 408 literas
1834 377 1940 409 nostras
1961 379 2045 410 habet
2059 381 2092 410 ὃς
2108 380 2203 410 habuit
2222 381 2278 418 jam

1223 419 1239 439 e
1299 420 1326 440 iu
2031 440 2034 444 .

1262 447 1322 478 vos
1333 431 1365 478 {d
1379 450 1587 491 requisitionem
1595 451 1707 482 Amaidt
1719 452 1814 483 dilecti
1829 453 1966 484 familiaris
1978 453 2080 491 nostri,
2096 464 2183 495 quem
2194 466 2280 496 prop-

1222 493 1263 515 ter
1275 486 1332 516 hoc
1348 486 1513 518 Celiitudini
1527 489 1626 520 vestrae
1641 491 1816 520 decrevimus
1828 491 2039 530 destinandum,
2058 493 2168 524 distum
2182 504 2279 534 argen-

1222 532 1284 553 tum
1297 524 1460 555 dearrestare
1475 527 1574 566 velitis,
1591 528 1625 558 ad
1638 528 1763 558 nostram
1785 538 1929 560 monetam
1944 532 2114 568 quamtotius
2131 543 2145 562 a
2167 540 2280 571 portan-v

1221 561 1309 629 gum,
1326 572 1363 593 ne
1378 563 1472 594 nostra
1489 567 1609 597 intentio
1627 575 1790 607 prorogetur
1808 567 1886 606 super
1903 571 1984 599 novis
2006 578 2126 599 monetis
2154 572 2279 605 abrican-

1242 610 1276 631 is*

1260 624 1387 669 ‘i'antum
1403 648 1457 677 pro
1476 641 1558 671 nobis
1576 643 1605 671 in
1626 640 1680 677 liat
1694 647 1769 679 parte
1791 643 1919 674 facientes
1931 666 1941 682 ,
1966 651 1996 674 ut
2009 643 2127 676 vestram
2142 647 2279 687 possimus

1223 676 1299 707 circa
1312 687 1363 707 nos
1377 678 1537 709 consuetam
1550 679 1770 710 benivolentiam
1783 683 1915 725 experiri,
1930 683 1992 722 quia
2005 682 2146 715 Serenitati
2161 685 2277 725 vestrae,

1242 724 1275 782 ΓΞ
1295 715 1398 746 nostrae
1419 717 1600 755 poffibititatis
1619 716 1759 757 modulO,
1777 718 1881 758 semper
1901 728 1979 751 interi
2089 724 2276 762 complacere:

1277 763 1301 782 θ’.

2192 186 2273 228 2'24'

1529 880 1587 921 Pro
1602 876 1728 934 Alfonfi
1745 893 1822 938 Rege
1837 881 1974 936 castella,

1221 962 1352 1045 REX
1370 974 1502 1005 omnibus
1516 973 1621 1006 christi
1633 975 1773 1017 fidelibus,
1790 978 1825 1010 ad
1837 989 1929 1019 quos,
1954 977 2014 1011 sce.
2030 980 2142 1012 satutem
2162 983 2193 1012 in
2207 980 2274 1011 Do-
2293 969 2427 1048 1433?-

1224 1076 1226 1080 .
1259 1020 1386 1079 Νῐέιιιὲἳιῑ
1398 1048 1574 1081 Universitas
1594 1051 1683 1082 vestra
1711 1051 1776 1084 ‘uod
1789 1078 1798 1092 ,
1824 1064 1892 1085 cum
1913 1056 1942 1085 in
1961 1055 2107 1087 subsidium
2127 1056 2274 1094 magnifici
2294 1051 2345 1075 “¹''-
2366 1034 2407 1077 ¹2.-

1219 1081 1357 1155 Principis
1372 1087 1494 1133 Domini
1508 1088 1541 1118 A.
1556 1090 1699 1133 quondam
1746 1093 1802 1136 egis
1822 1092 1952 1123 Castellae
1971 1095 2004 1124 ὃς
2086 1096 2174 1133 ionis,
2188 1097 2273 1139 vene·
2294 1090 2319 1113 E.
2342 1096 2364 1114 ι’

1220 1124 1299 1154 rabili
1320 1134 1386 1170 'atri
1402 1125 1536 1156 Domino
1550 1127 1578 1157 S.
1592 1127 1732 1158 Gadicen.
1741 1129 1898 1169 Episcopo,
1915 1130 1965 1162 sub
1978 1141 2054 1163 certa
2078 1143 2157 1164 orma
2163 1153 2174 1172 5
2192 1142 2273 1172 quin·
2290 1126 2349 1151 1⁷⁹¹·
2370 1133 2411 1151 ¹²·

1240 1172 1273 1205 ue
1286 1164 1361 1193 milia
1375 1163 1538 1196 Marcarum
1551 1174 1638 1206 nuper
1653 1167 1873 1199 mandaverimus
1891 1165 2035 1208 affignari3
2052 1180 2086 1201 ac
2105 1171 2195 1202 di&us
2210 1170 2274 1201 Rex
2294 1166 2323 1189 E.
2346 1171 2370 1189 ¹·

1239 1200 1372 1232 isceffiss'et
1385 1203 1413 1249 in
1428 1203 1481 1247 fata
1497 1211 1645 1243 antequam
1665 1204 1739 1248 dicta
1758 1208 1865 1251 summa
1883 1209 2011 1246 pecuniae
2029 1209 2062 1238 ad
2082 1218 2179 1239 manus
2197 1209 2276 1247 ipsius
2291 1208 2328 1226 m·
2347 1207 2389 1227 ¹¹⁵

1219 1242 1762 1322 Effiffiffiffiaaiossfflffi
1768 1244 2279 1324 fflss‘s'fflhsssffiffiffie‘peafflssss

1219 1316 1464 1399 anffdffssffldem
1475 1354 1646 1396 Episcopum
1660 1357 1703 1401 ab.
1716 1358 1796 1388 omni
1810 1360 1943 1397 petitione
1962 1360 2042 1400 ipsius
2061 1361 2190 1400 pecunia».
2199 1358 2278 1392 deiri<

1222 1400 1257 1421 ce
1272 1402 1291 1461 rsl
1301 1393 1485 1470 {blgcglsvzingici‘sq
1502 1404 1535 1425 ac
1548 1395 1584 1425 de
1599 1405 1630 1425 ea
1641 1404 1749 1436 penitus
1763 1398 1924 1436 quictamus.

1257 1508 1325 1542 Dat.
1339 1521 1414 1542 anno
1427 1511 1548 1543 Domini
1561 1504 1706 1545 millefimo
1719 1514 1910 1548 ducentesimo
1921 1518 2097 1558 ostogelimo
2110 1527 2217 1558 quarto.

1468 1655 1518 1687 De
1533 1652 1632 1687 eodem
1647 1655 1773 1702 Negotia
1793 1658 1879 1704 Regis
1894 1655 2027 1701 Castellae.

1291 1740 1355 1772 EX
1373 1741 1476 1780 Maiori
1489 1742 1524 1772 &
1537 1740 1746 1775 Communitati
1757 1744 1792 1774 de
1800 1744 1935 1785 Rupella‚
1954 1746 2074 1777 salutem.
2150 1773 2153 1776 .
2292 1741 2369 1772 Ann-
2383 1741 2426 1772 D·

1330 1780 1364 1810 In
1375 1780 1524 1811 subsidium
1537 1782 1681 1820 magnifici
1700 1781 1838 1821 Principis
1873 1783 1997 1815 Domini
2010 1785 2046 1815 A.
2059 1784 2203 1825 quondam
2217 1785 2274 1817 Ca-
2315 1782 2399 1818 1284·

1222 1816 1308 1848 stellae
1321 1820 1354 1849 &
1367 1819 1500 1860 Legionis
1511 1818 1621 1850 illustris
1668 1822 1819 1852 venerabili
1842 1807 1917 1854 i’atri
1934 1823 2067 1853 Domino
2083 1824 2112 1854 S.
2131 1824 2273 1864 Episcopo
2292 1823 2342 1847 An.
2364 1829 2406 1848 ¹2·

1222 1854 1360 1898 Gadicen.
1375 1867 1423 1898 pei·
1438 1857 1610 1888 Mercatores
1624 1843 1703 1889 ssuk„
1714 1860 1759 1889 sex
1775 1860 1852 1890 milia
1869 1860 2034 1892 Mercarum
2047 1861 2096 1892 sub
2109 1864 2191 1894 certis
2205 1873 2275 1894 con·
2296 1862 2328 1903 Εχ
2346 1867 2369 1884 ¹·

1221 1893 1376 1926 ditionibus
1394 1906 1484 1937 nuper
1504 1896 1695 1928 mandavimus
1712 1898 1836 1937 asfignari
1850 1910 1859 1937 3
1884 1909 1952 1930 curn
1972 1909 2065 1931 autem
2080 1910 2139 1931 non
2152 1902 2274 1932 multum
2291 1897 2394 1924 [bidem.

1221 1932 1286 1968 post
1300 1933 1492 1965 liberationem
1508 1935 1587 1975 ipfius
1600 1938 1744 1974 pecuniae,
1763 1938 1798 1968 de
1811 1937 1943 1968 mandato
1963 1938 2060 1968 nostro
2077 1938 2180 1970 faciam
2198 1940 2278 1971 dicfto

1222 1969 1384 2010 Episcopo,
1403 1974 1530 2011 praefatus
1543 1972 1609 2003 Rex
1623 1975 1651 2003 in
1667 1975 1719 2005 fata
1734 1975 1894 2014 decesserit,
1913 1977 1947 2007 &
1960 1977 2020 2007 casu
2033 1977 2089 2014 ipsa
2104 1980 2221 2016 pecunia
2233 1980 2278 2010 in-

1221 2008 1263 2040 fra
1275 2009 1433 2042 districtum
1448 2011 1571 2042 vestrum
1584 2013 1739 2052 pervenerit
1754 2036 1763 2051 ‚
1786 2021 1935 2052 antequam
1951 2015 2060 2045 ulterius
2073 2016 2211 2047 deferetur
2220 2041 2228 2054 ,
2244 2018 2278 2048 ὃς

1222 2058 1288 2085 νος,
1306 2050 1412 2087 praefati
1427 2049 1514 2090 Regis
1524 2050 1605 2080 obitu
1621 2050 1765 2084 intellecw
1799 2061 1829 2082 ut
1846 2053 1949 2083 nostrae
1967 2053 2160 2093 indempnitati
2175 2056 2279 2093 prospi-

1221 2094 1331 2118 ceretur
1345 2089 1450 2119 cautius
1463 2089 1493 2118 in
1510 2088 1563 2118 hac
1602 2097 1658 2119 arte
1671 2111 1681 2128 ,
1707 2099 1758 2120 ean
1778 2099 1824 2120 em
1842 2092 1992 2131 pecuniam
2014 2092 2064 2122 sub
2082 2093 2216 2132 potestate
2229 2098 2280 2124 ve*

1223 2124 1275 2155 stra
1294 2126 1413 2157 feceritis
1432 2126 1560 2166 arestari,
1579 2098 1612 2158 g(
1629 2127 1721 2158 adhuc
1741 2128 1858 2159 detineri
1879 2130 1968 2160 facitis
1983 2129 2150 2169 arestatam3
2172 2132 2208 2162 de
2220 2142 2281 2171 quo

1221 2163 1423 2196 benivolentias
1438 2165 1538 2196 vestras
1551 2166 1637 2196 multa
1649 2168 1795 2205 gratiarum
1810 2167 2002 2206 prosequimur
2014 2168 2139 2198 actione:

1259 2201 1338 2234 Ecce
1372 2214 1404 2234 ro
1417 2203 1574 2242 hujusmodi
1590 2205 1724 2243 negotio,
1741 2205 1878 2236 dilectum
1890 2207 1923 2238 &
1937 2205 2047 2236 fidelem
2066 2205 2211 2238 Clericum
2225 2217 2279 2238 no-

1221 2239 1309 2272 strum
1363 2242 1496 2282 agistrum
1504 2242 1665 2285 Johannem
1683 2243 1719 2274 de
1733 2242 1882 2283 Cadamo,
1898 2245 2015 2275 latorem
2034 2245 2226 2284 praesentium,
2243 2246 2278 2278 ad

1220 2289 1272 2310 vos
1287 2281 1417 2312 duximus
1436 2282 1676 2313 transmittendum
1693 2293 1704 2320 3
1727 2289 1832 2313 attente
1850 2292 1976 2323 rogantes
1997 2284 2122 2321 quatinus
2141 2284 2278 2322 praedfflio

1220 2317 1335 2350 Clerico
1351 2319 1450 2350 nostro
1463 2319 1605 2358 praeFatam
1618 2321 1758 2350 summam
1774 2322 1902 2358 pecuniae
1916 2322 2028 2359 faciatis,
2039 2321 2141 2359 absque
2153 2323 2278 2354 difficuh-

1220 2364 1275 2387 tate
1291 2358 1398 2398 aliqua,
1415 2358 1522 2388 liberari
1538 2381 1547 2397 ,
1568 2357 1765 2388 restituendam
1785 2358 1993 2390 Mercatoribus
2009 2360 2154 2390 antedictis
2168 2373 2177 2399 3
2198 2363 2278 2391 Tan-

1221 2403 1283 2425 tum
1298 2396 1376 2435 super
1392 2397 1449 2426 hoc
1464 2397 1612 2434 facientes,
1631 2396 1708 2435 quod
1722 2393 1755 2426 ad
1771 2397 1872 2428 vestras
1884 2399 1919 2430 &
1931 2397 2090 2431 vestrorum
2102 2400 2278 2438 oportunita-

1221 2441 1260 2463 tes
1273 2435 1419 2465 reddamur
1433 2444 1569 2475 pei·petuo
1582 2436 1778 2474 promptiores.

1254 2471 1288 2502 In
1303 2475 1393 2511 cujus,
1411 2473 1471 2505 &c.

1254 2550 1344 2592 Data,
1361 2553 1421 2584 &ci

1359 2697 1510 2746 Obligatio
1526 2699 1652 2731 Domini
1670 2694 1789 2738 Gaston.
1802 2696 1894 2744 fhper
1904 2696 1988 2743 fusio
2007 2698 2138 2744 Bigorrae.

1297 2786 1442 2827 Niverfis,
1478 2787 1604 2818 raesentes
1615 2786 1704 2817 literas
1715 2785 1889 2825 inspesturis,
1906 2784 2016 2824 Gasto,
2034 2785 2093 2817 Dei
2101 2786 2191 2830 ⁵gratia
2197 2810 2208 2826 ‚
2224 2785 2278 2818 Via
2296 2779 2372 2810 Asm-
2385 2778 2428 2811 D·

1299 2835 1432 2858 cecomoe
1468 2836 1540 2856 earn.
1556 2825 1701 2856 Dominus
1716 2824 1952 2855 Monti·>Chatani
1968 2825 2001 2856 ἅ*
2015 2823 2107 2855 Castri
2116 2825 2222 2856 Veteris
2237 2826 2276 2856 sa-
2322 2820 2404 2857 ¹284

1221 2865 1324 2904 lutem,
1429 2866 1461 2896 &
1476 2864 1563 2895 fidem
1577 2863 1755 2902 praesentibus
1767 2863 1905 2893 adhibere.
2293 2862 2345 2885 Aa.
2368 2867 2410 2886 ¹2·

1259 2903 1407 2935 Noveritis
1418 2903 1495 2943 quod
1504 2926 1514 2942 ,
1531 2912 1600 2933 cum
1613 2901 1794 2940 fignificat-um
1807 2900 1897 2932 fuisset
1912 2900 2047 2932 Domino
2058 2900 2159 2931 nostro
2170 2901 2203 2932 E.
2217 2901 2276 2932 Dei
2298 2901 2315 2924 Ε
2352 2906 2375 2922 ¹·

1219 2943 1324 2982 gratia,
1343 2941 1421 2979 Regi
1445 2942 1555 2977 Angliae
1569 2965 1580 2979 ,
1603 2940 1739 2971 Domino
1760 2940 1907 2970 Hiberniae
1922 2962 1932 2977 ,
1954 2949 1986 2969 ac
2007 2939 2085 2970 Duci
2103 2940 2130 2969 A
2150 2942 2277 2980 ustaniae,
2295 2939 2324 2962 L.
2339 2931 2404 2969 Rs·

1220 2981 1298 3020 quod
1334 2980 1472 3012 defuneto
1486 2979 1620 3010 Domino
1633 2977 1668 3008 E.
1682 2978 1824 3018 quondam
1840 2977 1958 3008 Comite
1972 2977 2096 3015 Bigorrae
2153 2979 2162 2987 ¹
2183 2979 2279 3009 nstan-·
2301 2981 2358 3002 ¹0²<
2376 2970 2401 2997 ⁶·

1220 3021 1258 3049 tia
1270 3005 1454 3059 primogenita
1467 3017 1576 3054 nostra,
1595 3018 1629 3048 &
1643 3026 1694 3047 nos
1707 3026 1775 3046 cum
1791 3016 1863 3059 ipsa,
1882 3017 1914 3046 &
1924 3025 1986 3060 ‚pro
2007 3016 2078 3060 ipfia,
2095 3002 2140 3047 (iau
2155 3028 2211 3062 pro¹
2223 3028 2275 3048 no-
2296 3013 2364 3038 P·'‘¹²³
2373 3012 2428 3035 ΟΨ·

1221 3058 1282 3096 bis,
1300 3058 1364 3096 post
1379 3059 1411 3089 &
1427 3065 1525 3088 contra
1545 3054 1745 3086 inhibitionem
1764 3055 1863 3084 nobilis
1879 3065 1930 3084 viri
1952 3054 2076 3084 Dormni
2089 3054 2226 3093 Johannis
2240 3056 2276 3087 de
2296 3056 2389 3076 mmm

1221 3096 1315 3126 Greili
1330 3096 1448 3134 Militis,
1464 3093 1611 3126 Senescalli
1622 3093 1659 3124 sui
1673 3095 1703 3123 in
1719 3092 1874 3130 Vasconia,
1892 3093 1973 3122 nobis
1985 3093 2018 3124 &
2035 3093 2120 3123 ‹fietae
2134 3093 2278 3125 Constan-

1221 3136 1286 3174 tice,
1304 3142 1334 3166 ut
1349 3134 1508 3172 dicebatur,
1524 3132 1646 3170 factam,
1664 3141 1854 3169 receperamus
1867 3130 2024 3170 fidelitates,
2042 3131 2175 3170 homagia
2189 3134 2222 3164 &
2230 3133 2277 3170 ju-

1220 3182 1343 3203 ramenta
1357 3175 1372 3202 a
1391 3171 1531 3203 nobilibus
1550 3172 1583 3201 &
1599 3169 1654 3200 aliis
1666 3169 1737 3199 dieti
1759 3168 1917 3200 Comitatus
1937 3172 1951 3186 *
1974 3169 2097 3208 Bigorrae
2110 3193 2120 3209 ,
2141 3171 2175 3202 &
2191 3172 2277 3202 etiam

1220 3212 1298 3251 quod
1309 3211 1410 3242 saisinae
1419 3234 1428 3250 ,
1445 3219 1530 3249 quam
1543 3208 1633 3239 dietus
1647 3208 1816 3238 Senescallus
1830 3208 1906 3247 suus,
1922 3208 2041 3245 ejusdem
2052 3208 2172 3239 Domini
2187 3211 2276 3240 nostri

1221 3252 1353 3286 nomine,
1371 3252 1495 3290 posuerat
1510 3249 1538 3277 in
1558 3246 1638 3277 dicto
1653 3245 1798 3276 Comitatu
1814 3246 1937 3286 Bigorrae
1950 3269 1959 3284 ,
1986 3257 2039 3289 nos
2052 3248 2084 3278 &
2100 3246 2175 3278 dieta
2193 3246 2276 3278 Con-

1221 3288 1316 3318 stantia
1329 3298 1389 3318 non
1403 3286 1652 3322 hobediveramus,
1669 3285 1761 3314 immo
1776 3293 1875 3316 contra
1889 3284 1973 3325 ipsam
1987 3285 2108 3314 sainnam
2122 3285 2276 3316 feceramus

1221 3328 1254 3357 ὅ(
1267 3336 1446 3363 veneramus,
1463 3325 1495 3355 ὃς
1508 3332 1622 3361 propter
1633 3323 1690 3353 hoc
1705 3322 1795 3352 dictus
1810 3322 1953 3352 Dominus
1967 3322 2133 3353 Senescallus
2142 3333 2217 3366 ,nos
2232 3333 2275 3354 re-

1220 3374 1318 3402 putans
1333 3364 1558 3399 inhobedientes,
1577 3361 1675 3391 multas
1687 3361 1814 3399 expensas
1828 3360 1952 3399 fecisset,
1969 3368 2026 3391 tam
2041 3363 2164 3399 ponendi
2178 3362 2212 3392 &
2226 3362 2277 3403 ha—

1220 3404 1304 3433 bendi
1322 3403 1355 3433 ad
1372 3412 1487 3432 manum
1503 3401 1576 3430 suain
1592 3398 1769 3429 Comitatum
1785 3399 1953 3436 praedictum
1969 3398 2065 3437 (quern
2081 3398 2171 3443 diffitus
2183 3409 2278 3439 quon-

1221 3441 1285 3472 dam
1299 3440 1408 3472 Comes
1420 3440 1547 3476 tenebat,
1565 3438 1597 3468 &
1611 3437 1686 3467 dicta
1700 3436 1867 3467 Constantia
1884 3446 1982 3475 tener„
1991 3436 2231 3479 seuienerrdebet
2246 3440 2276 3469 in

1220 3480 1356 3517 feudum,
1373 3480 1408 3509 ab
1422 3479 1525 3509 eodem
1542 3475 1676 3505 Domino
1690 3475 1807 3512 nostro)
1828 3476 1861 3506 &
1880 3476 1958 3514 super
1974 3475 2024 3518 hiis
2039 3474 2114 3518 idem
2129 3474 2277 3519 Dominus

1220 3517 1316 3549 noster
1329 3518 1466 3548 diceretur
1488 3523 1586 3545 contra
1599 3524 1651 3544 nos
1665 3515 1697 3544 ec
1716 3513 1820 3544 dietam
1840 3513 2036 3545 Constantiam
2052 3512 2278 3551 indignationem

1219 3557 1338 3595 aliquam
1353 3553 1530 3593 concepisse,
1568 3552 1659 3582 raefata
1679 3551 1845 3582 Constantia
1857 3576 1866 3589 ,
1891 3552 1927 3582 de
1948 3551 2064 3581 consilio
2078 3551 2117 3594 &¹
2132 3552 2277 3586 voluntate

1219 3595 1329 3632 nostra,
1348 3594 1381 3624 ad
1397 3594 1541 3631 praefatum
1583 3592 1716 3621 ominum
1730 3589 1858 3620 nosti-um
1872 3589 2000 3627 accessit,
2016 3589 2049 3619 ad
2066 3588 2225 3632 factendum
2239 3591 2274 3623 &
2328 3601 2331 3605 ·

1219 3632 1420 3670 complendum
1429 3654 1438 3670 ,
1456 3630 1534 3668 super
1547 3628 1689 3667 praemiffis
1701 3629 1783 3658 nobis
1795 3629 1827 3658 &
1841 3628 1926 3658 dictae
1933 3626 2111 3657 Constantiae
2124 3628 2260 3670 impolitis
2265 3651 2277 3669 2

1220 3671 1342 3710 ejusdem
1355 3669 1475 3701 Domini
1490 3667 1578 3698 nostri
1592 3664 1788 3697 omnimodam
1802 3665 1985 3696 voluntatem.

1258 3709 1294 3739 Et
1309 3710 1373 3747 quia
1387 3707 1571 3738 intelleximus
1584 3705 1661 3744 quod
1680 3705 1772 3734 dictus
1785 3703 1928 3734 Dominus
1942 3703 2037 3746 noster
2051 3702 2128 3743 super
2139 3705 2276 3738 omnibus

1218 3748 1361 3779 antedictis
1375 3746 1409 3777 &
1423 3746 1496 3784 aliis,
1513 3754 1576 3783 quae
1591 3752 1625 3773 ex
1638 3752 1717 3781 parte
1730 3741 1814 3773 dietae
1829 3739 2006 3783 Constantiae
2027 3743 2060 3772 &
2078 3742 2177 3788 nostra.
2185 3745 2216 3774 in
2229 3745 2274 3776 di-

1220 3788 1270 3818 cto
1285 3786 1361 3816 fadto
1376 3785 1498 3821 Bigorrae
1510 3784 1737 3818 intervenerunt,
1755 3789 1805 3810 nos
1818 3780 1851 3810 &
1870 3778 2225 3823 praeiatamssonstannam
2237 3782 2272 3814 ad

1219 3825 1391 3856 voluntatem
1406 3821 1480 3853 suam
1494 3820 1650 3852 faciendam
1664 3820 1698 3850 ὃς
1713 3818 1911 3855 complendam
1926 3825 2050 3858 recepit,
2064 3828 2133 3857 nos,
2150 3820 2216 3851 licet
2231 3822 2274 3851 su-

1218 3874 1267 3902 per
1280 3862 1415 3901 praedictir
1433 3868 1492 3890 non
1507 3859 1650 3890 credamus
1664 3866 1763 3888 contra
1774 3856 1884 3899 dic'tum
1899 3856 2026 3901 nostrum
2045 3854 2208 3888 Dominum
2224 3860 2275 3900 dq-

1218 3901 1324 3942 liquisse
1361 3909 1415 3929 nec
1430 3898 1518 3937 ipsum
1532 3898 1560 3926 in
1571 3897 1607 3927 ali
1628 3906 1665 3926 uo
1677 3894 1826 3926 offendiffe
1859 3895 1892 3925 ὃ(
1907 3904 1935 3924 in
1947 3894 2014 3932 hiis,
2033 3899 2096 3933 quae
2110 3905 2159 3936 per
2173 3906 2224 3938 nor
2240 3898 2273 3928 ὅς

1220 3924 1538 3971 dic'tam’Constantiam
1554 3935 1583 3966 in
1625 3934 1680 3965 iE‘ta
1693 3943 1762 3964 terra
1779 3933 1816 3963 de
1831 3917 1943 3971 l3igorra
1962 3933 2034 3964 faota
2052 3934 2178 3978 fuerunt,
2197 3935 2274 3965 tuffi-

1219 3981 1323 4010 cientes
1337 3975 1522 4007 excusationes
1536 3982 1587 4003 nos
1600 3973 1702 4003 habere
1715 3971 1878 4009 credamus,
1894 3972 1928 4003 &
1939 3982 1972 4002 ea
1984 3971 2086 4002 nostro
2097 3981 2129 4003 ac
2141 3972 2226 4015 distae
2241 3972 2274 4003 fi-

1218 4017 1265 4047 11ae
1279 4015 1382 4046 nostrae
1394 4016 1455 4052 jure
1469 4012 1541 4043 facta
1554 4009 1651 4049 fuiss'e,
1669 4011 1776 4050 praefati
1784 4008 1908 4040 Domini
1921 4009 2009 4041 nostri
2024 4010 2207 4053 voluntati&
2219 4010 2273 4042 ho-

1219 4056 1283 4086 nori
1296 4056 1327 4086 in
1338 4052 1471 4085 omnibus
1484 4049 1593 4083 deferre
1605 4049 1730 4082 volentes
1739 4049 1934 4119 &tomitu‘mus
1944 4048 2062 4088 praefato
2076 4048 2276 4119 D⁰Z¹ssissflsff

1779 4095 1801 4125 g
1813 4095 1833 4117 2
2263 4108 2275 4125 2

2295 3168 2428 3204 ⁸11.286,
