2570 4261
714 143 824 185 ET
907 144 1172 188 ACTA

7 255 136 292 Amo.
1193 271 1207 274 t

8 304 121 365 &29⁰¹
153 315 242 348 Bulla
267 314 413 349 Nicholai
439 319 520 363 Papa
548 318 688 364 Qarti,
709 325 762 361 per
786 329 878 363 quam
908 328 994 364 rogat
1009 321 1117 365 Regem
1130 317 1212 364 quod

198 361 312 406 moleste
334 377 390 396 non
406 365 495 408 ferat
512 365 706 410 provisionem
728 377 822 410 quam
837 366 915 409 fecit
940 366 976 398 de
999 365 1115 399 duabus
1133 370 1209 399 Prae-

200 410 301 444 bendis
317 415 348 443 in
364 414 498 456 Ecclefiis
513 411 648 445 Eborum
658 438 668 454 ‚
694 415 729 450 &⁴
745 414 919 456 Lincolniae,
938 418 973 452 [ῥ’
991 413 1027 458 cst
1045 415 1211 462 responfhlis

202 459 246 493 ad
264 460 367 491 literas
386 463 482 507 Regis.

7 543 59 570 An·
81 539 125 568 ¹8·
241 543 352 574 Icolaus
365 544 540 584 Episcopus,
558 545 651 576 servus
666 545 810 577 servorum
823 546 899 585 Dei,
917 547 1067 578 Carissimo
1079 547 1214 577 inChris-

8 583 39 608 E·
63 588 86 605 ¹-
251 591 282 613 to
299 583 369 614 Filio
385 583 526 616 Edwardo
541 584 616 624 Regi
631 584 741 624 Angliae
764 585 879 624 illustri,
897 586 1010 616 salutem
1034 587 1067 617 &
1088 585 1213 623 Aposto—

8 621 49 646 Ex
63 619 120 644 Au·
155 622 241 653 licam
256 621 496 653 benediffionem.

8 662 72 691 ὃθεν·
194 660 295 700 Regiae
317 660 496 692 Celsitudinis
517 660 634 699 litteras,
672 671 716 691 uas
736 662 819 692 nobis
838 662 935 692 dileffi
955 662 1003 692 filii
1015 662 1159 701 Johannes
1176 662 1212 692 de

155 699 250 731 Burne
265 698 369 737 Miles,
387 700 421 730 &
437 699 596 729 Guilelmus
610 672 814 730 deciuincolnizi
826 700 1017 739 Jurisperitus,
1033 702 1072 732 tui
1089 700 1213 738 Nuncii,

155 738 371 776 praesentarunt,
389 737 542 768 affectione
564 738 679 775 paterna
701 740 858 776 recepimus
873 762 882 777 ,
901 740 935 769 &
957 748 1015 770 tam
1037 749 1100 777 quae
1121 740 1213 769 conti-

156 776 295 806 nebantur
311 777 341 805 in
357 777 413 814 eis,
435 786 520 814 quam
537 787 600 814 quse
614 777 740 815 praediffi
754 776 908 807 Nunciiex
923 786 999 815 parte
1014 777 1106 817 Regi&
1115 787 1213 807 coram

155 814 239 882 gphbis
262 823 423 854 proponere
443 814 612 853 voluerunt,
630 815 754 855 benigne
776 815 932 846 audivimus
945 840 955 854 ,
972 817 1005 847 &
1029 816 1215 847 intelleximus

207 860 314 888 genter.

195 889 271 921 Sane
293 889 445 921 litterarum
469 891 587 929 ipsarum
603 915 613 930 ,
631 893 703 922 inter
725 901 827 923 caetera
840 917 849 931 ,
867 900 951 923 tenor
972 894 1115 931 apperuit,
1135 892 1214 930 quod

160 937 210 966 tn,
225 927 370 967 diligenter
385 930 561 960 considerans
583 940 704 968 paternae
724 931 882 962 dilectionis
902 932 1057 969 affec‘fflm,
1074 941 1161 969 quem
1182 930 1215 960 ad

160 969 202 998 tui
217 966 333 997 honoris
343 992 352 1005 ,
370 970 467 1006 tuique
483 969 578 1009 Regni
593 978 776 1008 augmentum
791 971 925 1000 continue
946 970 1074 1000 direxisse
1095 969 1216 999 dinosci-

161 1015 246 1044 mur,
264 1007 507 1044 comprehendere
530 1017 625 1038 mente
644 1018 704 1038 non
730 1018 856 1046 poteras,
874 1017 977 1047 tuaque
996 1007 1140 1039 credulitas
1156 1017 1217 1038 non

161 1044 283 1075 habebat
296 1068 306 1083 ,
332 1045 412 1083 quod
434 1046 579 1076 nonnullae
600 1046 762 1077 collationes
783 1047 816 1078 ὃς
837 1049 1017 1078 executiones
1039 1056 1134 1077 earum
1152 1069 1162 1084 ,
1187 1048 1217 1075 in

161 1083 231 1113 dieti
255 1083 350 1123 Regni
372 1085 511 1123 partibus,
535 1085 715 1122 auCtoritate,
740 1093 825 1123 prout
843 1085 1027 1123 afferebatur,
1053 1083 1219 1123 Apostolicii

162 1121 331 1160 publicatae,
348 1122 384 1152 de
400 1123 494 1153 nostra
509 1123 678 1154 conscientia
694 1124 871 1154 emanassent.

204 1160 355 1191 Ferebatur
372 1172 493 1200 namque
508 1163 536 1191 in
560 1163 680 1200 partibus
701 1162 876 1200 supradietis,
900 1162 977 1201 quod
999 1163 1034 1192 ad
1055 1161 1151 1192 dileffi
1173 1160 1221 1190 filii

163 1198 254 1229 nostri
278 1199 324 1229 M.
349 1200 460 1231 Sanies:
482 1200 584 1231 Mariae
607 1203 636 1231 in
658 1200 776 1231 Porticu
798 1201 924 1231 Diaconi
948 1200 1101 1231 Cardinalis
1116 1199 1220 1229 instan—

166 1239 234 1268 tiam
244 1261 254 1276 ,
271 1237 456 1269 Praebendam
471 1249 557 1269 unam
571 1241 601 1269 in
617 1238 806 1277 Eboracensi,
825 1241 857 1270 ὃ(
873 1239 954 1269 aliam
971 1241 1000 1269 in
1025 1238 1219 1268 Lincolniensi

165 1275 312 1315 Ecclesiis,
331 1277 452 1308 Baiilicce
476 1277 573 1307 Saneii
594 1276 690 1316 Petri,
715 1279 748 1308 &
772 1277 907 1314 Hospitali
931 1277 1026 1307 Sanc‘ii
1051 1276 1168 1314 Spiritus
1190 1277 1219 1305 iri

164 1314 245 1345 Saxia
258 1314 295 1345 de
308 1314 413 1354 Urbe,
433 1315 597 1353 Apostolica
613 1315 688 1345 sedes
709 1315 841 1345 distinete
863 1315 1039 1353 contulerat,
1056 1314 1222 1352 graviffimis

164 1353 244 1423 &per
255 1354 317 1398 ¹hoc
334 1354 544 1385 executionibus
561 1353 708 1384 subsecutis
718 1377 727 1392 ,
746 1355 779 1384 ὃς
795 1353 922 1384 inauditis
937 1353 1010 1391 apud
1026 1353 1130 1384 incolas
1153 1353 1222 1383 dieii

197 1402 213 1422 e
232 1402 270 1422 ni.

230 1439 248 1459 it
271 1431 388 1468 quibus,
406 1430 426 1460 fi
447 1430 562 1461 fortasse
584 1431 747 1461 sortirentur
761 1429 916 1468 effectum,
930 1429 1018 1460 divini
1035 1429 1127 1461 cultus
1140 1430 1224 1460 dimi-

165 1470 248 1498 nutio
271 1470 446 1506 sequeretur:
471 1470 681 1507 primitivorum
702 1468 860 1500 voluntates
881 1470 1066 1507 donantium,
1092 1468 1224 1506 propulso

165 1507 272 1544 pietatis
288 1507 397 1546 studio,
413 1508 604 1538 mutarentur:
625 1507 723 1547 Regni
737 1509 887 1538 memorati
908 1509 1071 1546 pauperibus
1096 1506 1224 1537 elemosi-

167 1555 269 1575 narum
285 1545 392 1585 largitio
407 1547 539 1577 consueta
553 1546 700 1576 deficeret:
722 1555 785 1584 tua,
801 1546 1004 1583 haeredumque
1025 1554 1141 1576 tuorum
1164 1555 1225 1575 ma-

93 1596 110 1613 ·.
165 1583 266 1614 nifesta
279 1584 464 1615 exhaeredatio
478 1585 657 1623 proveniret,
673 1594 706 1615 ac
721 1585 912 1622 perniciosum
927 1584 1090 1622 exemplum
1100 1608 1108 1622 ,
1126 1585 1154 1613 in
1171 1593 1224 1621 po-

111 1630 116 1633 ·
141 1629 144 1635 ³
161 1621 280 1652 ‘steiurn-
290 1623 478 1662 prsebereturz,
516 1637 520 1640 ·
814 1636 818 1640 -
923 1645 930 1652 .
975 1633 983 1638 Α

203 1660 286 1691 Dum
309 1661 468 1700 hujusmodi
488 1661 666 1692 alienationes
687 1669 830 1699 perpetuae
851 1662 901 1692 sibi
918 1661 1019 1693 similes
1036 1660 1224 1700 adeugerenr,

168 1709 218 1736 per
238 1709 321 1738 quas,
340 1701 430 1731 brevis
453 1701 588 1737 temporis
608 1700 736 1730 elabente
752 1701 914 1739 curriculo,
932 1700 1040 1739 praesati
1056 1699 1153 1739 Regni
1168 1698 1226 1729 Ec-

167 1737 259 1768 clesiae
274 1738 412 1776 jadturam
433 1738 647 1769 deformationis
668 1739 860 1777 incurrerent,
878 1740 930 1776 &,
947 1737 1150 1776 stipendiorum
1166 1747 1229 1775 per-

165 1777 301 1814 ceptione
320 1776 444 1807 ceffante
457 1801 467 1815 ,
487 1776 625 1807 destitutae
649 1776 850 1808 Ministrorum
873 1778 1010 1816 obsequio
1032 1785 1230 1814 remanerent,

168 1823 266 1845 earum
282 1816 466 1853 proventibus
479 1816 573 1845 alienis
589 1816 840 1847 commoditatibus
853 1816 998 1855 assignatis.

207 1853 317 1892 Quod,
332 1854 442 1893 judicio
458 1854 573 1894 Regio,
588 1862 698 1894 gratum
714 1853 783 1885 Deo
799 1855 919 1885 minime
943 1854 1107 1893 videbatur,
1125 1854 1173 1891 qui
1189 1853 1228 1883 sic

168 1893 294 1929 ampliari
309 1893 443 1924 desiderat
458 1894 583 1923 nominis
599 1892 638 1923 sui
654 1892 782 1931 cultum,
801 1902 832 1924 ut
853 1894 934 1923 unius
952 1893 972 1913 ²*
992 1892 1092 1924 Altaris
1113 1891 1227 1930 ditatio,

167 1930 276 1961 alterius
291 1931 376 1969 spolia
391 1941 451 1961 non
469 1931 588 1969 usurpet.

207 1969 307 2007 Qare
324 1969 530 2009 Magnitudinis
547 1969 648 2009 Regiae
663 1969 775 2008 supplex
797 1970 935 2009 flagitabat
958 1969 1104 2007 instantia,
1121 1977 1153 1999 ut
1174 1979 1228 1999 nos

170 2007 307 2046 praemissa
321 2033 330 2047 ‚
354 2008 614 2046 circumspectionis
634 2017 755 2046 paternae
778 2008 871 2039 studio
894 2009 1001 2045 aequius
1023 2008 1231 2045 discernentes,

169 2048 246 2077 circa
261 2047 384 2085 ea,zelo
399 2046 478 2077 ducti
494 2048 807 2086 propitio,congruum
823 2048 856 2078 ὃς
868 2047 974 2077 salubre
989 2045 1121 2076 adhibere
1137 2056 1231 2076 reme-

171 2085 252 2115 dium
268 2095 437 2116 curaremus.

212 2123 313 2161 Nam,
332 2132 414 2161 prout
428 2125 458 2153 in
473 2123 568 2163 calce,
584 2123 631 2154 seu
645 2123 702 2154 fine
716 2123 915 2162 praedistarum
935 2123 1088 2154 litterarum
1111 2122 1233 2153 habeba-

172 2169 219 2192 tur
234 2172 268 2192 ex
290 2162 393 2193 reffum
403 2186 412 2199 ,
421 2162 562 2199 tepescere
576 2172 638 2193 non
651 2162 756 2192 valeres
766 2185 775 2201 ,
784 2164 852 2200 quin
869 2162 1124 2193 exhaeredationem
1133 2170 1211 2192 tuam
1221 2185 1231 2200 ,

173 2211 239 2239 quae
285 2211 386 2231 oron-„ie
402 2200 504 2238 Regiae
521 2200 623 2231 statum
640 2202 727 2240 tangit
749 2202 846 2239 (prout
869 2202 909 2232 tui
929 2201 1046 2232 vinculo
1069 2200 1233 2237 sacramenti

173 2238 375 2279 perstringeris)
392 2249 444 2277 pro
457 2239 562 2270 viribus
577 2240 708 2270 evitares:

213 2277 324 2316 Porro,
342 2277 381 2308 fili
396 2277 549 2316 karissime,
568 2277 728 2308 mirandum
743 2287 804 2308 non
819 2278 964 2309 immerito
986 2278 1069 2308 nobis
1089 2278 1234 2316 occurrit,

174 2316 254 2354 quod
277 2316 356 2354 super
379 2316 532 2347 collatione
552 2316 773 2347 Praebendarum
795 2317 929 2354 ipsarum,
949 2327 1033 2355 quatri
1058 2316 1235 2354 Apostolicae

169 2355 237 2385 sedis
251 2355 415 2393 praecellens
429 2355 596 2393 au&oritas,
612 2355 678 2385 zelo
696 2355 803 2392 pietatis
825 2354 957 2393 induem,
975 2354 1072 2384 fecisse
1094 2354 1234 2392 conspici-

176 2402 240 2430 tur,
258 2402 316 2423 tam
338 2393 472 2430 curiosas,
490 2393 524 2423 δε
547 2393 656 2423 seriosas
677 2393 778 2423 litteras
800 2392 939 2431 direxisti3
956 2392 1031 2430 quasi
1050 2393 1166 2423 collatio
1188 2403 1236 2423 ea-

177 2431 244 2462 dem
261 2441 311 2471 per
327 2431 420 2462 sedem
435 2431 520 2468 ipsam
536 2430 594 2461 fieri
608 2431 721 2462 fortasse
735 2432 873 2469 nequirit,
891 2430 937 2460 seu
951 2431 1023 2461 facia
1045 2431 1127 2461 suerit
1148 2432 1177 2460 in
1194 2431 1234 2460 tui

176 2470 392 2510 derogationem
413 2470 612 2508 honoris,›aut
634 2469 715 2507 ipsius
738 2469 835 2509 Regni
859 2469 1069 2508 praejudicium,
1087 2469 1134 2500 vel
1144 2469 1236 2508 jairu-

174 2519 252 2540 ram:

216 2546 309 2615 Qssod
325 2546 478 2585 profedib,
496 2547 525 2576 in
541 2545 692 2578 collatione
713 2545 890 2585 hujusmodi,
908 2556 975 2584 pura
997 2547 1116 2577 intentio
1140 2544 1236 2576 nostra

175 2596 238 2616 non
276 2586 367 2623 abuit,
385 2595 453 2616 curii
467 2585 613 2623 personam
629 2585 749 2625 Regiam
764 2585 859 2623 suique
873 2586 988 2616 lionoris
1011 2586 1043 2615 &
1066 2584 1235 2615 exaltationis

176 2623 268 2654 felicia
287 2625 480 2662 incrementa,
495 2624 591 2662 tuique
612 2623 710 2663 Regni
728 2623 830 2653 statum
851 2625 1000 2661 votivum,
1018 2624 1051 2654 &
1074 2623 1236 2661 prosperum

175 2662 285 2693 sincere
305 2662 481 2693 dilexerimus
498 2662 650 2701 haetenus,
668 2663 701 2693 δε
723 2661 834 2701 diligere
856 2672 917 2693 non
933 2661 1088 2700 cestemus3
1105 2672 1141 2692 eo
1158 2661 1237 2700 quod

176 2701 207 2730 iri
223 2709 268 2739 te,
287 2709 385 2738 utpote
400 2700 552 2731 Catholico
568 2701 718 2739 Principe,
736 2700 870 2731 Romana
893 2700 988 2731 Mater
1010 2700 1135 2731 Ecclesia
1157 2701 1238 2732 inve-

179 2738 250 2770 niffe
266 2739 416 2770 dinoscitur
426 2762 435 2778 ,
454 2738 532 2777 quod
545 2740 575 2770 in
592 2739 700 2770 devoto
714 2741 748 2771 &
763 2739 837 2769 fideli
852 2740 965 2777 reperiri
980 2738 1039 2770 filio
1053 2738 1207 2770 consuevit.

216 2776 254 2808 Et
271 2777 387 2816 quidem
410 2787 469 2808 non
492 2786 644 2816 negamuS,
661 2787 716 2808 nec
738 2778 822 2808 etiam
844 2776 1015 2817 diffitemur,
1031 2779 1119 2816 quin,
1132 2778 1176 2807 ob
1196 2787 1239 2807 re-

176 2818 334 2847 verentiam
346 2815 404 2848 Dei
417 2815 535 2847 &Beati
549 2816 642 2855 Petri,
661 2815 868 2854 Apostolorum
882 2816 1039 2854 Principis,
1057 2817 1135 2854 super
1151 2826 1239 2854 quem

178 2853 352 2886 Universalis
366 2854 502 2885 Ecclesiae
517 2854 654 2886 struffliia
668 2854 812 2893 consistit,
828 2854 1052 2885 Praebendarurn
1066 2855 1186 2893 ipsarum
1201 2855 1240 2884 al-

177 2900 267 2924 teram
285 2893 377 2924 eidem
393 2893 532 2931 Basilicae,
549 2902 581 2925 ut
594 2893 628 2924 ad
643 2893 753 2924 laudem
768 2894 801 2925 &
836 2893 935 2923 loriam
956 2894 1060 2924 summi
1081 2893 1169 2933 Regis
1191 2893 1241 2923 de-

177 2932 291 2962 centius
305 2932 339 2962 &
354 2931 548 2962 honorabilius
561 2932 755 2964 conservetur:
775 2942 808 2962 ac
849 2931 1011 2963 raebendam
1026 2932 1163 2970 reliquam
1172 2932 1239 2962 Ho-

178 2969 266 3008 spitali
291 2968 428 3008 praedieto
445 2993 455 3008 ,
487 2969 523 2999 ad
549 2970 776 3001 sustentationem
800 2970 981 3002 infirmorum
1003 2972 1038 3003 &
1059 2980 1215 3008 pauperum
1230 2993 1240 3009 ,

181 3017 307 3046 quorum
328 3007 413 3046 illuc,
429 3016 515 3046 prout
534 3009 696 3040 intellexiffe
718 3018 747 3041 te
765 3008 904 3040 credimus
919 3031 930 3047 ,
954 3010 1100 3040 innumera
1121 3009 1242 3039 confluit

185 3044 358 3084 multitudo,
373 3046 479 3084 pietatis
494 3044 600 3086 affeetu
620 3047 767 3086 suadente,
781 3047 943 3079 duxerimus
965 3047 1177 3086 concedendas,
1194 3046 1240 3078 fu-

186 3085 256 3115 turis
271 3083 446 3122 poffidendas
459 3085 633 3122 temporibus
646 3086 682 3116 ab
697 3086 810 3117 eisdem.

218 3122 319 3162 Nam,
337 3123 408 3154 curn
426 3122 545 3153 Praelato
567 3123 682 3154 cuilibet
702 3124 837 3156 Ecclefiae
856 3125 912 3155 suae
928 3125 1084 3163 praedium,
1103 3124 1148 3155 seu
1163 3124 1241 3155 Prae-

178 3161 328 3200 bendam,
344 3161 380 3191 de
392 3161 526 3192 consensu
542 3160 665 3199 Capituli
677 3163 798 3200 ejusdem
811 3163 946 3194 Ecclefiae
961 3164 1090 3201 religioso
1106 3164 1174 3194 loco
1187 3163 1241 3193 do-

183 3210 268 3239 nare,
286 3199 333 3231 seu
355 3199 486 3230 conferre
503 3199 534 3230 sit
555 3199 680 3238 licitum3
697 3210 730 3231 ac
753 3202 910 3240 hujusmodi
922 3202 1056 3241 donatio,
1069 3203 1115 3233 seu
1130 3201 1242 3232 collatio

186 3246 295 3276 teneat,
314 3239 349 3270 &
371 3237 466 3269 solidae
489 3238 575 3268 robur
595 3238 720 3269 obtineat
731 3239 881 3271 firmitatis·
901 3241 991 3272 multo
1007 3241 1120 3278 fortius,
1139 3240 1243 3270 multo-

187 3285 244 3313 que
266 3277 468 3314 rationabilius,
487 3277 521 3308 &
544 3275 679 3306 liberioris
701 3277 780 3308 titulo
800 3265 959 3318 potestatis,
978 3279 1142 3311 earumdem
1165 3278 1244 3309 Prae-

186 3312 342 3345 bendaruin
366 3315 480 3345 collatio
499 3315 636 3355 perpetuis
655 3314 781 3346 duratura
801 3319 991 3358 temporibus,
1009 3326 1067 3348 tam
1079 3317 1245 3349 venerabili-

187 3352 238 3396 bus
253 3353 286 3383 &
300 3352 448 3392 religiosis,
462 3362 496 3383 ac
507 3354 562 3421 {iis
576 3352 647 3383 locis
661 3362 711 3390 per
725 3363 778 3384 nos
791 3354 849 3385 fieri
863 3358 971 3396 potuit,
987 3358 1050 3395 qui,
1068 3356 1134 3386 licet
1143 3357 1244 3385 imme-

188 3391 232 3420 riti
241 3413 252 3429 ,
267 3391 400 3423 universis
414 3391 492 3421 orbis
535 3390 639 3422 eclesiis
653 3391 776 3429 supernae
788 3392 971 3431 dispositionis
987 3395 1100 3426 arbitrio
1116 3393 1245 3432 praeside-

189 3438 262 3459 mus.

225 3466 375 3507 Rogamus
396 3468 479 3504 igitur
500 3466 703 3498 Excellentiam
724 3468 868 3508 Regiam,
887 3468 1034 3502 hoft'amur
1049 3495 1058 3510 ,
1073 3471 1106 3501 &
1130 3471 1245 3509 requin-

190 3515 254 3537 mus
270 3507 300 3536 in
317 3505 390 3537 Filio
404 3505 463 3536 Dei
479 3505 583 3544 Patris,
620 3508 743 3546 uatinus²
780 3508 903 3539 raemissis
914 3510 1034 3541 ‘solliciti
1046 3509 1246 3541 consideratio-

191 3555 229 3575 ne
244 3544 375 3583 pensatis,
393 3545 428 3575 &
441 3543 543 3576 attenta
557 3554 588 3574 m
626 3545 740 3576 itatione
775 3546 891 3586 'cuffis‚
907 3556 966 3579 tam
1000 3549 1043 3586 ia,
1061 3557 1175 3586 tamque
1190 3548 1247 3578 lau-

177 3598 179 3600 ·
192 3582 290 3613 dabilis
299 3605 310 3621 ,
329 3583 362 3614 ὃς
378 3582 447 3613 Deo
461 3591 535 3622 grata
548 3581 767 3614 Praebendamm
780 3585 894 3616 collatio
907 3596 966 3624 pree
987 3587 1104 3617 hilarum
1114 3609 1124 3624 ,
1142 3596 1194 3623 pro
1203 3586 1248 3616 di-

193 3621 261 3652 vina
271 3644 281 3660 ,
298 3622 332 3653 ὃ(
346 3621 467 3660 ejusdem
481 3620 566 3659 sedis,
582 3631 615 3652 ac
628 3621 727 3652 nostra
737 3624 908 3662 reverentia,
922 3635 982 3655 non
997 3624 1116 3656 molesta
1129 3624 1174 3656 seu
1187 3633 1249 3664 gra-

195 3661 255 3697 viS,
273 3660 318 3690 sed
332 3660 432 3699 placita
446 3660 480 3691 ὅτ
492 3668 606 3698 accepta
621 3659 653 3690 fit
666 3661 759 3699 pon'us
771 3662 843 3692 votis
854 3663 916 3693 tuis.

233 3698 304 3736 Spes
323 3699 400 3728 enim
421 3708 482 3729 non
504 3697 587 3729 dubia
605 3698 706 3729 nostris
726 3698 887 3744 suggerebat
909 3700 1074 3740 affeffibus,
1101 3701 1180 3740 quod
1203 3709 1251 3739 tu,

193 3743 328 3775 tanquam
350 3736 420 3768 filius
441 3736 645 3767 benedictionis
664 3739 698 3769 &
713 3745 825 3776 gratiae,
843 3737 964 3777 Rexque
976 3739 1140 3770 Catholicus
1155 3741 1189 3772 &
1203 3740 1253 3770 de—

197 3782 298 3817 votus²
311 3776 370 3814 jus,
389 3774 487 3821 siquod
499 3776 530 3805 in
545 3774 706 3811 Piaebendis
722 3775 825 3806 eisdem
838 3776 890 3806 tibi
903 3777 976 3808 forte
989 3786 1180 3816 competeret,
1199 3788 1253 3808 no-

197 3810 241 3841 bis
262 3823 315 3850 pro
336 3813 430 3844 divina
454 3814 488 3844 &
510 3812 643 3851 Apostoli
665 3815 818 3845 reverentia
833 3814 986 3853 praelibati,
1004 3815 1040 3847 de
1057 3816 1254 3849 Munificentia

196 3847 310 3891 Regia,
326 3852 463 3890 promptis
480 3851 587 3883 offerre
601 3853 697 3883 animis
712 3851 857 3883 debuiffes.

26 1907 154 1942 *11.495.

235 3923 302 3956 Dat.
317 3927 390 3971 apud
405 3928 522 3961 Urbem
545 3928 681 3962 Veterem
705 3937 739 3969 15
762 3927 903 3961 Kalendas
927 3928 1084 3971 octobris,
1102 3931 1256 3964 Pontifica-

198 3961 246 3995 tfis
259 3963 349 3997 nostri
361 3976 438 3999 anno
452 3969 545 3999 tertio.

896 4035 951 4067 Sub
965 4035 1015 4077 filo
1025 4037 1153 4070 tanabeo.

236 4071 310 4103 Tum.
335 4073 360 4105 1.
379 4073 412 4102 Ρ.
430 4075 489 4111 ,ΠΙἰ

1254 144 1731 191 PUBLICA.
2257 165 2316 207 75

1250 316 1432 374 Protestatia
1446 321 1552 365 Regis,
1580 320 1669 364 fasta
1687 320 1780 366 fiaeper
1808 321 1995 368 admtffione,
2020 327 2077 372 [ἐκ
2105 333 2301 374 acceptatione
2319 279 2447 358 Αἓξὲξ

1369 364 1482 398 decimae
1495 393 1504 409 ,
1520 365 1581 409 fibi
1597 371 1628 400 in
1637 367 1803 413 fhbfidium
1819 373 1912 404 Terrae
1922 373 2030 418 ,ῥιπῆς
2046 375 2176 420 Conceffe.
2317 361 2382 388 Edv.
2402 368 2428 386 1.

1290 449 1322 480 N
1341 450 1459 480 nomine
1473 450 1596 481 Domini
1610 451 1712 483 Arnen.
2319 468 2370 492 An.
2390 464 2433 492 18.

1318 487 1351 532 In
1365 488 1506 533 praesentia
1521 491 1594 534 mei,
1614 490 1744 529 Notarii,
1763 493 1796 523 δε
1817 494 1929 525 testium
1949 496 2183 539 subscriptorum,
2200 498 2302 531 discre—
2319 507 2350 530 Ε.
2373 512 2394 530 i.

1250 533 1293 556 tus
1302 537 1351 570 *vir
1363 526 1401 571 M
1437 527 1501 571 ister
1512 527 1684 571 Willielnius
1697 529 1732 559 de
1748 529 1902 562 Grenefeld
1922 533 2083 566 Canonicus
2103 536 2286 569 Eboraceiifis
2324 544 2396 569 L.A.
2405 539 2431 577 f.

1251 565 1284 595 &
1300 564 1409 608 illustris
1454 574 1510 605 egis
1522 565 1633 609 Anglis:
1649 567 1776 597 Clericus
1789 579 1821 599 ac
1835 569 2066 611 Consiliarius,in
2081 576 2158 613 cujus
2170 563 2303 608 oreiderri
2323 579 2349 606 8.
2370 583 2415 606 Pe-

1251 601 1395 633 Dominus
1410 603 1475 633 Rex
1491 605 1581 641 posuit
1595 606 1682 636 verba
1696 606 1756 644 sua,
1775 607 1810 636 de
1823 607 1932 644 speciali
1945 612 2077 643 mandato
2092 614 2172 649 ipsius
2178 624 2229 653 ,cx
2242 626 2305 653 par-
2325 628 2362 645 nes
2378 620 2431 644 Ca-

1252 649 1280 683 te
1302 642 1335 672 &
1358 651 1409 680 pro
1431 650 1506 685 parte
1526 642 1570 672 sua
1592 643 1824 681 protestationem
1836 646 1903 678 fecit
1916 649 1948 678 in
1961 649 2083 689 scriptis,
2101 651 2227 683 formam
2242 663 2307 692 quae
2325 663 2416 684 meras.

1249 684 1277 709 ie
1298 688 1371 710 uitur
1383 689 1585 711 continentem.

1303 728 1321 747 n
1336 717 1394 747 Dei
1408 721 1524 749 nomine
1537 720 1641 750 Arnen.

1277 755 1563 802 *Curn'saiictiffimus
1580 759 1607 787 iii
1622 757 1740 789 Christo
1755 758 1852 801 Pater,
1870 761 2015 795 Dominus
2037 764 2215 805 Nicholaus‚
2234 767 2306 798 divi-

1253 804 1290 824 na
1305 794 1498 839 provrdentisr,
1518 794 1592 840 Papa
1606 804 1716 840 quartus
1734 799 1831 838 nobis,
1849 800 2010 841 Edwardo,
2029 803 2086 834 Dei
2110 805 2214 844 gratia,
2232 804 2309 842 Regi

1254 832 1382 871 Angli-ae,
1400 832 1532 877 Domino
1547 834 1711 872 Hiberniae,
1728 837 1762 865 &
1777 835 1854 868 Duci
1870 839 2027 878 Aquitaniae
2039 842 2179 873 decimani
2194 844 2240 875 sex
2259 854 2309 873 an-

1254 880 1358 915 norum
1367 895 1376 908 ,
1390 872 1469 914 prius
1484 872 1634 903 colle6³oem
1647 874 1811 904 auetoritate
1824 876 1940 908 Consilii
1958 880 2169 920 Lugdunensis,
2187 883 2216 912 in
2228 882 2308 922 Reg-

1255 919 1297 939 nis
1311 908 1422 952 ,Anghae
1436 911 1469 940 δε
1484 911 1607 949 Scotiae,
1625 922 1659 942 ac
1675 913 1703 941 in
1717 912 1816 943 Terris
1836 915 1949 947 Walliae
1969 920 2003 949 &
2024 920 2176 958 Yberniae,
2195 930 2310 950 necnon

1256 947 1398 991 deeimam
1410 948 1443 979 &
1457 949 1644 979 obventiones
1662 950 1681 969 ἔκ
1700 950 1745 980 sex
1763 960 1920 992 annorum,
1938 957 1966 985 in
1989 956 2152 988 Dominicis
2184 958 2311 998 Regiis,

1257 986 1421 1030 &Terrisss
1439 996 1493 1031 pro
1504 987 1600 1031 fiituro
1615 996 1762 1028 ternpore,
1780 991 1948 1030 colligendas
1963 1005 2015 1032 pro
2027 996 2126 1026 Terrae
2138 982 2239 1027 sa'ndiae
2246 997 2310 1026 sub-

1256 1024 1326 1054 iidio
1337 1025 1523 1063 concesserit3
1541 1025 1670 1063 adjectis,
1688 1027 1717 1056 in
1730 1026 1815 1057 dietae
1828 1031 2015 1063 concessionis
2028 1033 2122 1065 litteris
2153 1035 2311 1073 hujusmodi

1258 1062 1443 1101 conditione,
1461 1064 1518 1094 sive
1532 1064 1640 1102 modo,
2130 1059 2139 1072 ²

1296 1101 1453 1139 Postquam
1475 1104 1502 1132 in
1521 1101 1624 1132 statuto
1645 1101 1755 1141 passagii
1775 1106 1898 1136 termino
1912 1106 2070 1139 duxerimus
2081 1112 2314 1154 transfretandos,

1258 1147 1353 1209 proutt
1363 1140 1583 1179 magnitudinem
1604 1140 1730 1171 nostram
1749 1142 1877 1182 decebit,
1894 1145 1928 1176 ὃς
1949 1148 2072 1184 requiret
2089 1152 2236 1189 negotium
2250 1162 2312 1183 rtie-

1260 1188 1342 1209 mora
1355 1187 1423 1218 iim,

2330 954 2459 988 *114961

1493 1256 1603 1288 Coram
1617 1259 1698 1291 vobis
1711 1257 1922 1290 venerabilibus
1937 1257 2081 1301 Patribus,

1298 1331 1472 1378 Barbatzierfi
1486 1331 1523 1367 (ῥ’
1541 1333 1680 1375 lVellenfi,
1700 1333 1817 1375 Elienfi,
1835 1336 2031 1377 Londonienfi,
2049 1335 2086 1373 ὠ
2098 1339 2316 1382 KarleolenfiE-

1299 1369 1565 1440 Agl'ggggsdsseffis
1580 1411 1613 1441 &
1626 1410 1752 1441 fidelibus
1766 1410 1884 1450 nostris,

1300 1448 1338 1487 J.
1354 1450 1430 1477 Duce
1442 1450 1600 1477 Britanniae
1608 1472 1618 1488 ,
1636 1447 1674 1483 «ᾗ»
1688 1452 1789 1479 Comite
1803 1450 2017 1492 Richemundiae,

1299 1490 1334 1516 G.
1348 1489 1448 1516 Comite
1460 1485 1628 1526 Gloucestriae
1634 1510 1645 1526 ,

1299 1527 1340 1555 Η.
1354 1528 1455 1554 Comite
1468 1525 1622 1564 Lincolnyae
1630 1548 1641 1564 ,

1303 1565 1347 1594 W
1362 1564 1393 1593 de
1406 1562 1534 1593 Valentia
1549 1568 1649 1594 Comite
1662 1564 1836 1595 Penbrokiae:

1302 1602 1337 1641 J.
1354 1603 1385 1631 de
1397 1603 1495 1632 Saudo
1506 1602 1638 1641 Johamze
1645 1626 1655 1642 ‚

1303 1642 1349 1670 W.
1361 1640 1385 1670 le
1397 1643 1541 1679 Latimer,

1303 1678 1436 1719 Magistro
1450 1682 1494 1709 W.
1508 1681 1540 1709 de
1555 1679 1717 1718 Monteforti
1732 1684 1840 1711 Derane
1854 1682 2029 1724 Londonierffl
2036 1706 2046 1722 ,

1303 1721 1401 1747 Fratre
1416 1719 1459 1747 W.
1476 1718 1508 1747 de
1520 1718 1645 1748 Hotlmn.

1305 1755 1438 1795 Magistro
1452 1757 1489 1795 J.
1506 1758 1538 1786 de
1546 1759 1628 1797 'Lacy
1637 1780 1646 1795 ,
1658 1756 1824 1787 Cancellario
1836 1758 2007 1800 Cycestrenfi,

1304 1795 1350 1826 Ac
1373 1795 1482 1832 insuper
1503 1804 1602 1826 coram
1624 1797 1705 1827 vobis
1728 1799 1827 1826 Fratre
1842 1800 1874 1826 R.
1891 1799 1944 1835 Epi
1956 1806 2013 1836 copo
2029 1798 2240 1841 Groffitanenfi,
2255 1801 2322 1841 fidis

1340 1832 1498 1873 Apostolicae
1510 1835 1633 1873 Nuncio,
1651 1836 1684 1866 ὃς
1698 1835 1754 1864 aliis
1769 1836 1798 1864 in
1813 1835 1911 1866 nostro
1974 1836 2055 1868 nsilio
2070 1837 2243 1870 constitutis:

1303 1909 1433 1940 Necnon
1444 1920 1549 1955 'coram
1573 1911 1656 1956 vobis
1672 1910 1804 1950 Magistro
1816 1911 1951 1951 Johanne
1963 1914 1995 1943 de
2016 1914 2152 1954 Cadamo,
2169 1916 2325 1956 Apostolicd

1344 1950 1509 1978 austorrtate
1522 1951 1640 1978 Natam
1648 1949 1768 1988 publico,

1308 2024 1502 2069 Protestamur
1520 2025 1554 2056 &
1575 2024 1695 2056 dicimus
1710 2049 1721 2064 ,
1744 2025 1822 2063 quod
1842 2026 2012 2058 intendimus
2027 2052 2036 2066 ,
2059 2029 2188 2068 legitimis
2206 2031 2327 2069 impedi-

1273 2073 1374 2094 mentis
1393 2064 1518 2102 sublatis,
1536 2074 1566 2093 in
1585 2063 1685 2094 Terrae
1708 2064 1807 2094 sanciae
1828 2064 1979 2096 subsidium
1992 2089 2002 2105 ,
2021 2068 2050 2096 in
2070 2067 2172 2099 statuto
2192 2071 2327 2106 generalis

1272 2102 1383 2147 passagii
1403 2104 1543 2146 termino,
1561 2102 1752 2141 transfretare,
1769 2112 1853 2147 prout
1873 2104 1986 2135 decebit
2006 2104 2107 2136 statum
2127 2106 2274 2147 nostrum,
2292 2110 2327 2140 &

1271 2148 1392 2185 requiret
1413 2149 1562 2181 negotium
1581 2149 1788 2180 memoratum,
1801 2150 1878 2180 Juxta
1901 2142 2027 2173 nostram
2048 2144 2258 2182 possibilitatem
2272 2147 2329 2178 sive

1270 2190 1358 2211 vires:
2119 2194 2122 2199 ·

1309 2218 1365 2256 Et,
1384 2218 1400 2248 a
1414 2218 1551 2258 praemissa
1557 2217 1766 2288 §retestatione
1779 2229 1840 2249 non
1854 2219 2032 2257 recedendo,
2049 2219 2154 2251 dffitam
2169 2222 2329 2254 concellio-

1272 2257 1556 2326 ffim'd‘edmaiiumili
1606 2258 1814 2327 (ἓᾚεεπῐοηυῐη
1822 2258 1857 2296 ,ἐι
1873 2257 1936 2288 sede
1951 2257 2116 2296 Apostolica
2130 2260 2211 2290 nobis
2218 2260 2331 2301 faetam,

1308 2304 1444 2326 mittimus
1479 2305 1526 2326 um
1557 2304 1597 2325 ter
1634 2305 1645 2313 ⁷
1678 2304 1769 2327 evote.

1310 2372 1394 2402 Pacta
1407 2371 1458 2401 fuit
1471 2370 1645 2410 suprascripta
1658 2371 1820 2408 protestatio
1835 2382 1885 2411 per
1899 2372 2087 2410 supradistum
2098 2373 2268 2412 Magistrum
2274 2375 2328 2405 W.

1273 2420 1349 2440 anno
1363 2411 1379 2439 a
1392 2409 1550 2439 Nativitate
1565 2409 1685 2439 Domini
1697 2410 1847 2440 millesimo
1859 2410 2055 2442 ducentesimo
2067 2412 2265 2452 nonagefimo‚
2281 2413 2330 2443 Iri-

1273 2449 1401 2479 ditstione
1416 2456 1511 2485 quarta
1545 2447 1729 2478 pontificatus
1744 2448 1867 2479 Domini
1881 2448 2015 2480 Nicholai
2039 2449 2078 2480 Pa
2099 2461 2123 2481 ae
2165 2452 2233 2481 uarti
2254 2461 2330 2482 antio

1273 2487 1357 2517 tertio
1369 2509 1379 2524 ,
1399 2494 1492 2523 quarta
1505 2470 1614 2530 &leima
1637 2486 1682 2530 dic
1696 2487 1798 2531 mensis
1810 2487 1964 2531 Oitobris,
1981 2488 2055 2526 apud
2070 2461 2210 2530 &ypsion
2224 2489 2313 2529 Regis
2322 2513 2333 2529 ,

1273 2527 1302 2556 in
1316 2525 1434 2556 Camerti
1450 2523 1544 2554 Palatii
1558 2524 1663 2562 praefati
1676 2524 1800 2555 Domini
1814 2526 1918 2565 Regis,

1312 2600 1497 2632 Praesentibus
1512 2599 1667 2632 Nobilibus
1683 2601 1771 2640 Viris,

1315 2677 1451 2708 Dominis
1461 2701 1472 2715 ,

1277 2715 1422 2754 Reginaldo
1437 2717 1468 2746 de
1479 2718 1566 2756 Grey,

1825 2718 1929 2753 Bogeno
1945 2717 1975 2746 de
1988 2717 2133 2756 Knoville,

1279 2754 1393 2785 Nicolao
1408 2755 1440 2784 de
1451 2758 1570 2804 Segrave
1578 2778 1588 2794 ,

1827 2755 1872 2786 Ac
1886 2756 1942 2786 aliis
1954 2755 2069 2787 testibus
2080 2733 2243 2794 sapradieti's.

1316 2831 1355 2862 Et
1375 2831 1442 2869 Ego
1460 2830 1606 2871 Johannes
1629 2834 1730 2861 Erturi
1743 2832 1775 2861 de
1789 2832 1923 2870 Cadamo,
1943 2830 2118 2869 Apostolicae
2130 2833 2200 2863 sedis
2213 2832 2336 2863 :rudiori-

1281 2877 1336 2900 tate
1350 2870 1488 2901 Notarius
1503 2871 1648 2909 publicus,
1667 2871 1717 2901 hiis
1728 2871 1860 2900 omnibus
1875 2871 2006 2910 interfui,
2025 2872 2135 2908 propria
2151 2881 2235 2901 manu
2251 2871 2334 2909 scrip-

1281 2908 1319 2945 si,
1336 2910 1386 2945 &,
1403 2909 1437 2939 ad
1463 2910 1600 2947 majorem
1621 2909 1790 2939 evidentiam
1812 2908 2021 2946 praemissbrum
2042 2918 2168 2949 rogatus,
2187 2911 2244 2940 mei
2265 2910 2335 2949 signi

1279 2948 1461 2978 annotatione
1473 2948 1503 2977 in
1515 2948 1745 2985 hancpublicam
1761 2947 1883 2977 formam
1898 2946 2000 2986 redegi.

1464 3071 1513 3103 De
1525 3073 1690 3117 arreragiis
1707 3069 1864 3114 Francifto
1885 3071 2022 3110 Accurfii
2030 3071 2147 3116 ftlmis.

1351 3153 1376 3184 E
1386 3153 1434 3192 X,
1451 3153 1635 3184 Thesaurario
1648 3154 1681 3185 &
1695 3153 1862 3185 Camerariis
1875 3155 1926 3186 suis
1941 3155 2062 3186 salutem.
2355 3158 2430 3188 Ann.
2442 3158 2482 3191 D.

1381 3192 1511 3223 Liberate
1524 3215 1535 3230 ‚
1552 3192 1588 3222 de
1605 3192 1752 3236 Thesauro
1773 3193 1873 3224 nostro
1887 3218 1897 3233 ,
1922 3194 2005 3232 Lapo
2026 3194 2062 3225 de
2085 3194 2184 3226 Pistor.
2205 3195 2336 3225 ducentas
2383 3206 2468 3235 1290.

1284 3230 1396 3261 Marcas
1409 3256 1418 3269 ,
1437 3241 1490 3268 pro
1509 3231 1636 3260 ducentis
1659 3230 1764 3262 Marcis
1779 3255 1788 3270 ,
1807 3242 1874 3271 quas
1887 3256 1897 3271 ,
1924 3243 1974 3273 per
1994 3242 2167 3272 praeceptum
2187 3232 2335 3271 nostrum,
2353 3240 2405 3265 An.
2425 3236 2466 3265 18.

1282 3269 1470 3300 liberaverunt
1485 3268 1631 3299 Francisco
1646 3269 1788 3308 Accursii,
1808 3271 1921 3310 Legum
1936 3271 2109 3309 Professori,
2128 3282 2180 3309 pro
2201 3272 2335 3311 arreragiis
2354 3279 2383 3301 E.
2408 3284 2432 3301 1.

1281 3309 1366 3338 annui
1379 3308 1456 3338 feodi
1469 3308 1506 3338 sui
1522 3307 1697 3346 quadraginta
1710 3308 1893 3346 Marcaruni,
1913 3309 1990 3347 quod
2006 3311 2030 3339 ei
2044 3309 2246 3347 conceffimus,
2354 3313 2478 3343 Liberate,

1321 3346 1457 3385 Scilicet,
1480 3346 1515 3376 de
1537 3346 1615 3376 annis
1633 3346 1726 3386 Regni
1745 3347 1835 3377 nostri
1856 3348 2054 3378 tertiodecimo
2067 3371 2077 3386 ‚
2103 3347 2338 3386 quartodecimo,
2355 3353 2406 3378 An.
2427 3351 2469 3377 18.

1283 3385 1516 3423 quintodecimo,
1535 3383 1742 3424 sextodecimo,
1760 3387 1794 3417 &
1810 3385 1924 3416 decimo
1938 3386 2072 3424 septimo,
2357 3393 2487 3417 F..1.m.t.

1319 3423 1357 3453 Et
1370 3434 1435 3462 quas
1449 3423 1551 3454 eisdem
1567 3421 1777 3454 Mercatoribus
1790 3424 1898 3455 solvere
1912 3424 2090 3462 promisimus
2103 3425 2132 3454 iri
2147 3423 2232 3455 Festo
2244 3424 2341 3455 Sanffl

1287 3462 1437 3493 Michaelis
1453 3463 1585 3500 proximo
1598 3463 1754 3498 praeterito:

1288 3541 1293 3546 ι
1316 3501 1506 3570 t{liithcigientes
1519 3500 1554 3530 ab
1567 3499 1670 3531 eisdem
1683 3500 1890 3533 Mercatoribus
1905 3501 1993 3532 literas
2007 3500 2112 3532 nostras
2126 3508 2266 3541 patentes,
2275 3512 2342 3540 quas

1285 3549 1314 3570 m
1335 3550 1351 3570 e
1385 3550 1400 3570 a
1421 3548 1477 3569 ent.

1323 3616 1365 3647 T.
1381 3616 1420 3646 R.
1434 3615 1506 3654 apud
1521 3614 1759 3655 Kingesclipston.
1774 3616 1910 3647 vicesimo
1926 3616 2009 3647 tertio
2021 3614 2068 3646 die
2080 3615 2227 3647 OCtobris.

1292 3751 1319 3778 >k
1345 3752 1393 3784 De
1410 3746 1581 3791 Sneceffione
1597 3747 1642 3781 ad
1654 3751 1799 3781 Coronam
1823 3748 1955 3794 Angliae‚
1968 3747 2097 3782 Gilberti
2113 3751 2234 3783 Comitis
2250 3749 2342 3782 Glon-
2362 3771 2482 3805 *1149*

1640 3795 1742 3840 cestriae
1760 3795 1995 3843 Jnramentum.
2365 3807 2441 3838 Ann.
2452 3791 2494 3837 D:

1358 3883 1441 3914 Tous
1462 3892 1527 3913 ceus
1541 3904 1552 3921 ‚
1570 3881 1606 3912 ke
1625 3881 1714 3912 cestes
1731 3881 1823 3912 letires
1843 3890 1961 3912 orrount
1982 3891 2022 3912 ou
2041 3890 2157 3914 verrunt
2178 3882 2292 3914 Gilbert
2311 3880 2348 3911 de
2366 3855 2481 3911 2129&-

1371 3921 1455 3959 Clar,
1473 3919 1619 3951 Cunte-de
1632 3919 1806 3951 Gloucestre
1818 3930 1834 3950 e
1846 3919 1882 3949 de
1896 3919 2054 3959 Hertford,
2072 3920 2167 3951 salutz.
2366 3926 2396 3949 Ε.
2416 3931 2440 3948 i.

1333 3961 1431 3990 Come
1444 3958 1540 3989 nostre
1553 3958 1679 3997 Seygnur
1695 3959 1721 3988 le
1736 3958 1800 3998 Rey
1835 3968 1883 3996 par
1895 3958 1923 3989 sa
1936 3968 2035 3999 grace,
2052 3969 2101 3990 me
2115 3967 2160 3998 eyt
2175 3958 2244 3990 volu
2258 3956 2347 3987 doner
2366 3965 2396 3987 L.
2407 3962 2442 3985 A.
2450 3957 2478 3993 f.

1297 3999 1391 4030 Dame
1399 3998 1510 4037 Johane
1523 3996 1552 4040 sa.
1561 3996 1617 4026 filie
1629 4007 1645 4026 a
1658 3997 1782 4034 femme,
1797 3980 1854 4035 J'o,
1871 4006 1925 4035 por
1939 4005 2013 4031 tetes
2025 3997 2125 4030 doutes
2139 3996 2305 4034 esuspecion
2312 3995 2348 4024 de
2370 3998 2429 4031 169.
2444 3996 2470 4023 h.

1297 4037 1354 4068 mal
1367 4035 1479 4074 ouster,
1496 4044 1530 4076 ay
1541 4044 1603 4073 Jure
1617 4035 1660 4066 sur
1674 4035 1757 4075 seynz
1772 4072 1785 4082 V
2308 4070 2333 4100 E
2363 4039 2433 4100 genes

1808 4082 1826 4104 2
2335 4080 2354 4099 n
2387 4079 2494 4100 amerar.
