2570 4261
651 146 764 187 ΕΤ
847 147 1115 188 ACTA
1200 146 1681 193 PUBLICA

0 237 34 261 ln.
47 227 79 258 D
103 232 237 270 universi,
259 231 292 263 δε
314 231 409 272 singuli
424 232 451 262 in
465 229 610 272 praemiffis
626 231 646 251 ²*
667 231 834 270 exequendis
850 231 960 262 solliciti
970 242 987 270 ’ς
1011 232 1088 270 quod
1106 232 1163 262 sine

0 275 68 307 2504
104 269 254 306 dilatione,
273 270 375 309 absque
388 271 445 300 ullo
460 270 608 306 mandato,
626 279 680 300 nec
694 270 821 309 expediet
836 280 906 300 unus
921 271 1005 300 alium
1015 294 1024 309 ,
1043 280 1164 307 exequa-

0 317 21 335 Β-
39 315 63 342 3·
109 309 178 338 mini
189 318 219 338 ea
236 308 351 338 fideliter
363 310 397 339 δε
410 307 577 345 prudenter,
595 309 632 337 ita
647 316 740 337 tamen
754 307 829 346 quod
850 308 879 337 in
894 310 1058 339 executione
1071 309 1165 345 hujus-

0 346 18 378 i,
29 344 96 379 45⁶·
109 346 189 376 modi
202 347 268 377 alter
281 347 396 376 alterum
409 356 468 375 non
487 346 635 383 impediat,
652 356 706 375 nec
721 346 868 383 perturber.

145 385 219 415 Non
234 384 408 414 obstantibus
428 385 448 413 si
464 383 599 422 aliquibus
611 407 621 421 ,
646 384 724 422 quod
745 386 1004 423 excommunicari,
1022 383 1165 422 suspendi,

107 423 152 453 vel
166 423 294 453 interdici
308 432 368 452 non
382 422 510 458 valeant,
531 433 545 451 a
559 421 621 451 sede
638 421 801 459 Apostolica
816 423 847 452 sit
861 423 1018 452 indultum:
1045 423 1083 452 Et
1101 422 1164 464 qui-

108 461 227 491 bussibet
240 460 296 490 aliis
317 459 496 496 indulgentiis·
510 482 518 496 ,
544 459 690 499 privilegiis
704 482 714 497 ,
739 459 783 500 seu
805 460 916 497 litteris,
931 462 966 490 ab
987 461 1083 490 eadem
1104 460 1166 489 sede

107 500 245 536 obtentis,
263 497 308 527 vel
328 498 506 534 obtinendis,
525 507 572 533 per
591 507 654 536 quse
670 497 804 535 praedicta
825 499 978 536 impediri,
1003 499 1046 528 vel
1060 498 1166 528 differri

107 538 227 574 posfint,
247 536 280 566 &
295 535 330 566 de
345 537 446 574 quibus
464 536 610 575 specialem
631 544 759 576 oporteat
774 537 803 566 in
823 537 1002 576 praesentibus
1016 537 1074 566 fieri
1087 547 1168 567 meri-

108 584 225 606 tionem.

123 649 214 693 ‘Dan
234 650 368 689 Lugdun,
387 651 461 682 sexto
486 648 548 680 Kal.
575 649 672 688 Maii,
698 649 880 681 pontificatus
903 651 990 681 nostri
1015 661 1090 683 anno
1109 652 1168 691 sep-

108 696 190 719 timo.
1092 697 1096 701 ’

539 764 662 794 Plumbeo
675 765 762 803 Sigillo
770 767 901 804 pendente
916 776 934 794 a
941 765 994 807 filo
1008 766 1130 796 canabeo.

441 889 527 921 Bulla
543 884 578 921 de
593 893 704 936 negotio
724 891 837 924 Crucis.

0 996 43 1016 sm,
56 984 96 1015 D,
114 974 337 1038 INnocentius
349 973 519 1019 Episcopus,
537 975 628 1006 servus
641 975 784 1006 servorum
799 974 859 1005 Dei
872 998 882 1013 ,
905 969 1173 1043 Vss'sserssffibpsfsa‘

0 1033 74 1063 [²50·
116 1014 305 1082 ngssgssden.
345 1012 579 1082 ρωῖἕιῖἓῗῗεεᾶ
659 1013 1002 1092 Dffiss‘gfsstszsssfgogi'j
1012 1020 1174 1082 ἳξιῧὶἱῶἒὲ

0 1075 17 1092 τ’
39 1073 82 1128 ,34⁴
117 1090 313 1131 Apostolicam
328 1089 566 1120 benedictionem.

155 1126 234 1159 Cum
250 1128 390 1159 cariffimo
404 1129 433 1158 in
451 1128 568 1159 Christo
583 1127 642 1158 filio
657 1127 756 1160 nostro
844 1127 919 1167 Regi
938 1127 1048 1168 Angliae
1063 1125 1175 1170 illustri,

117 1168 151 1206 ad
167 1167 363 1206 exequendum
379 1167 601 1207 magnificentius
615 1175 715 1198 votum
737 1166 829 1197 crucis
848 1167 989 1197 decimam
1005 1164 1176 1196 Eccleliasti-

117 1216 220 1237 corum
234 1214 425 1244 proventuum
440 1206 485 1236 Re
505 1207 534 1236 ni
550 1205 596 1235 Ari
616 1205 678 1243 liae,
692 1216 725 1236 ac
738 1206 852 1235 aliarum
867 1213 1016 1242 terrarum,
1034 1214 1097 1243 quae
1113 1204 1176 1233 sunt

115 1246 197 1284 ipsius
206 1244 390 1283 jurisdictioni
405 1244 482 1283 subje
512 1253 537 1274 ae
553 1267 563 1282 ,
609 1253 624 1273 e
639 1244 735 1273 vestro
757 1244 790 1274 &
810 1242 928 1273 aliorum
942 1242 1038 1281 Regni
1052 1241 1174 1281 ejusdem

113 1284 218 1314 assensu
231 1283 391 1314 duxerimus
403 1291 453 1322 per
466 1283 618 1313 triennium
634 1280 865 1324 concedendam,
1155 1318 1160 1323 Ι

153 1322 328 1353 Fraternitati
346 1320 446 1352 vestrae
462 1344 471 1358 ,
496 1319 675 1360 praesentium
694 1320 857 1350 austeritate
870 1342 880 1357 ,
907 1318 1072 1349 mandamus
1086 1326 1176 1357 quati⁴

115 1360 184 1398 nus,
199 1360 346 1400 postquam
360 1358 492 1389 statutum
508 1358 590 1388 fuerit
603 1358 660 1395 ejus
670 1357 824 1396 passagium
836 1357 869 1387 &
878 1358 1001 1395 juratum
1034 1366 1082 1394 per
1095 1357 1175 1387 bien-

115 1400 197 1429 nium
210 1406 273 1429 ante
286 1397 361 1427 idem
376 1397 531 1435 passagium
545 1396 686 1426 decimam
707 1396 793 1434 ipfiim
806 1418 816 1434 ,
841 1405 954 1426 necnon
968 1405 997 1426 re
1018 1396 1177 1432 emptiones

116 1446 266 1474 votorum,
283 1435 308 1466 le
328 1443 369 1465 ata
384 1435 497 1473 relieta,
515 1435 559 1464 seu
573 1434 628 1465 alio
645 1434 734 1464 modo
750 1434 883 1465 concessa
902 1434 932 1463 in
947 1433 1085 1473 praedictis
1098 1433 1178 1473 Reg-

116 1485 156 1505 no
170 1476 203 1506 &
216 1474 293 1505 terris
319 1473 426 1503 ubsidio
439 1472 538 1503 Terrae
558 1472 658 1503 san&ae
674 1495 684 1511 ,
703 1483 719 1503 a
730 1478 859 1513 tempore
873 1473 1118 1512 crucesignationis
1134 1473 1176 1511 ip-

115 1514 185 1552 sius,
200 1511 361 1544 dummodo
371 1511 428 1542 aliis
442 1511 572 1542 concessa
607 1511 652 1542 vel
665 1511 795 1542 affiunata
814 1521 873 1542 non
889 1510 940 1541 sint
952 1534 962 1550 ‚
985 1512 1018 1543 &
1039 1511 1106 1540 alios
1126 1520 1176 1551 per

117 1562 187 1590 VOS,
225 1561 274 1581 uos
285 1550 320 1580 ad
333 1549 390 1580 hoc
405 1549 523 1580 idoneos
537 1551 565 1581 vi
586 1550 659 1580 eritis
670 1572 680 1588 ,
705 1538 741 1580 d²e
760 1549 878 1580 consilio
892 1549 974 1587 ipsius
988 1549 1075 1588 Regis
1087 1548 1177 1580 fideli-

117 1599 159 1621 ter
174 1561 351 1630 coclligentes,
371 1589 558 1619 'conservetisi
578 1588 604 1619 sa
619 1588 648 1618 in
663 1587 800 1629 aliquibus
819 1588 883 1619 tutis
902 1588 972 1619 locis
987 1611 997 1628 ‚
1019 1587 1178 1628 assignaturi

115 1639 148 1659 ea
162 1628 269 1669 integre
302 1627 419 1658 raedffito
427 1626 502 1666 Regi
539 1598 608 1657 cgm
622 1627 672 1657 iter
685 1626 828 1665 arripuerit
843 1625 1064 1657 transmarinum.

148 1667 227 1698 Non
240 1667 280 1698 ob
306 1666 414 1697 antibus
426 1665 459 1696 ali
481 1667 506 1696 ui
529 1676 560 1696 us
574 1665 751 1712 indulgentiis
763 1688 774 1704 ,
793 1664 957 1706 privilegiis,
971 1665 1016 1696 seu
1034 1663 1128 1696 litteris
1145 1665 1176 1696 in

117 1706 259 1744 generali,
276 1705 320 1737 vel
335 1704 441 1744 speciali
455 1715 470 1734 a
505 1704 669 1744 Apostolica
684 1703 746 1734 sede
759 1704 884 1734 obtentis
898 1704 932 1734 &
951 1702 1129 1744 obtinendis,
1144 1704 1178 1736 &

115 1744 285 1783 quibussibet
298 1742 358 1773 aliis
367 1753 417 1783 per
431 1753 495 1781 quae
509 1743 536 1773 id
552 1741 702 1781 impediri,
719 1740 765 1773 vel
777 1742 881 1773 differri
895 1741 1000 1780 valeat,
1015 1743 1049 1775 &
1064 1741 1100 1773 de
1116 1744 1179 1786 qui-

115 1783 170 1814 bus
180 1782 327 1821 specialem
343 1788 472 1818 oporteat
488 1782 517 1812 in
537 1781 717 1819 praesentibus
729 1780 788 1811 fieri
806 1781 981 1812 mentionem
994 1803 1004 1819 ,
1025 1781 1059 1814 &
1071 1780 1178 1812 consti-

116 1822 226 1852 tutione
240 1820 275 1850 de
289 1819 396 1850 duabus
408 1819 487 1850 dietis
499 1820 572 1850 edita
585 1821 613 1850 in
629 1819 756 1850 concilio
772 1820 902 1856 generali.

156 1858 388 1891 Contradi&ores
403 1868 451 1896 per
466 1858 611 1889 censuram
633 1857 857 1890 Ecclesiasticam
872 1882 882 1898 ,
907 1856 1090 1899 appellatione
1102 1857 1181 1897 post-

119 1898 223 1939 posits,
237 1896 457 1937 compescendo.

158 1936 268 1975 Qiod,
285 1935 304 1965 si
320 1944 380 1965 non
404 1944 503 1966 omnes
516 1935 569 1965 hiis
587 1936 753 1974 exequendis
774 1935 918 1975 potueritis
938 1933 1064 1966 interesse
1078 1958 1088 1974 ,
1112 1944 1178 1976 qua-

116 1982 202 2013 tuor,
221 1975 349 2012 veltres,
364 1981 412 2004 aut
425 1973 483 2004 duo
497 1974 621 2005 vestrum
637 1984 667 2005 ea
678 1973 883 2005 nichilominus
895 1981 1077 2013 exequantur.

0 1150 6 1167 ,·
20 1143 77 1167 Au-

0 1188 29 1215 gr.

155 2050 225 2084 Dat.
239 2051 372 2092 Lugdun.
386 2060 406 2082 2
418 2049 484 2082 Kal.
499 2050 591 2090 Maii,
610 2050 795 2083 Pontificati'is
809 2051 896 2084 nostri
909 2058 986 2083 anno
996 2050 1123 2092 septimo.

862 2128 953 2169 sigillo
972 2126 1076 2167 avulso.

247 2265 336 2298 Bulla
355 2265 435 2313 quod
444 2267 564 2311 fratres
573 2266 777 2313 praedicato'res
794 2271 929 2314 equitare
940 2265 1050 2314 poffint.

0 2369 51 2390 nn.
61 2358 101 2389 D.

0 2407 79 2445 t250.

0 2448 26 2484 ῃ.
45 2445 90 2474 34.

0 2498 14 2540 ,ᾳ
28 2485 86 2541 ἑμ-

0 2561 40 2590 gr.

121 2350 151 2412 Ι
159 2351 343 2382 Nnocentius
355 2350 526 2392 Episcopus,
540 2353 632 2384 servus
647 2353 791 2384 servorum
807 2353 883 2392 Dei,
897 2353 1040 2385 carissimo
1054 2354 1084 2386 in
1095 2353 1184 2384 Chri-

161 2390 205 2420 sto
220 2389 296 2428 filio,
400 2390 480 2429 Regi
496 2392 611 2429 Angliae
623 2392 720 2422 illustri
740 2392 853 2422 salutem
868 2393 901 2423 &
922 2391 1121 2432 Apostolicam
1134 2394 1184 2423 be-

122 2428 322 2458 nedifflonem.

161 2466 337 2497 Celsitudinis
349 2475 405 2497 tuae
419 2468 548 2505 precibus
561 2468 717 2508 benignum
731 2468 919 2506 impertientes
930 2466 1066 2499 assensum
1074 2491 1084 2507 ,
1098 2469 1187 2499 fratri-

124 2505 192 2542 bus,
213 2505 440 2542 praedicatoribus
453 2507 485 2536 ὃς
499 2507 671 2545 minoribus,
688 2513 761 2545 quos
775 2515 872 2538 tecum
890 2507 997 2537 duxeris
1009 2507 1078 2538 ultra
1092 2515 1187 2546 mare,

123 2543 287 2584 equitandi,
313 2544 443 2582 quotiens
463 2554 478 2574 a
492 2552 520 2574 te
533 2545 652 2584 requisiti
665 2541 768 2576 fuerint
781 2568 790 2582 ,
819 2555 879 2575 non
901 2544 1031 2575 obstante
1045 2547 1188 2576 contrario

124 2581 226 2612 statuto
241 2584 352 2612 suorum
365 2581 517 2621 ordinum,
535 2583 649 2613 liberam
663 2583 848 2614 concedimus
863 2584 1032 2614 facultatem.

163 2658 232 2689 Dat.
247 2658 382 2697 Lugdun.
396 2668 415 2688 2
430 2658 494 2690 Kal.
511 2658 602 2698 Maii,
620 2658 806 2692 Pontificati'is
822 2659 911 2691 nostri
924 2669 1000 2692 anno
1013 2659 1139 2701 septimo.

501 2792 549 2827 De
564 2795 676 2840 negotio
699 2788 812 2827 Crucis.

0 2891 52 2912 .nn.
67 2881 108 2912 D.

3 2929 83 2959 1250.

0 2962 28 2986 ?n.
46 2969 91 2996 34.

128 2872 255 2935 REX
275 2877 443 2909 Dublinenfi
456 2878 694 2918 Archiepiscopo,
710 2878 833 2910 salutem.
903 2910 905 2913 ,

220 2917 355 2948 Summus
369 2915 500 2946 Pontifex
511 2916 584 2955 Jehu
600 2916 709 2947 Christi
724 2917 850 2948 Vicarius
860 2940 873 2959 ,
897 2918 931 2949 δε
950 2918 1097 2950 beatorum
1111 2918 1187 2949 Petri

130 2955 163 2986 &
175 2955 255 2985 Pauli
268 2954 424 2990 successor,
441 2965 501 2985 non
512 2956 602 2985 solum
614 2956 692 2994 quod
707 2957 833 2995 expedit,
852 2959 889 2987 let
907 2956 985 2995 quod
1000 2957 1081 2988 decet
1095 2956 1124 2987 in
1139 2967 1190 2987 ne-

5 3016 13 3024 .
28 3018 39 3033 ,
150 2995 210 3024 otio
223 2993 324 3023 sanita:
337 2991 454 3031 CruciS,
472 2993 549 3031 cujus
561 2994 737 3031 signaculum
754 3003 897 3032 portamus
911 2997 939 3025 in
960 2995 1098 3033 humero,
1114 3005 1187 3033 pon-

0 3039 20 3061 ῖκ
32 3039 90 3062 Au-
130 3002 225 3062 {crans
240 3033 271 3061 in
283 3031 379 3061 statera
395 3030 566 3061 discretionis
579 3055 588 3069 ,
610 3033 753 3070 praecipue
767 3033 834 3063 fecit
850 3032 932 3063 nobis
951 3034 1067 3070 gratiam
1083 3033 1187 3073 specia-

0 3083 43 3109 Ψ.
128 3070 185 3099 lem
194 3092 203 3107 ,
222 3065 432 3108 promotoribus
446 3070 525 3107 ipsius
538 3071 641 3109 negotii
653 3071 730 3110 plura
743 3094 752 3109 ,
775 3080 912 3112 praetextu
928 3072 1032 3102 nostrae
1046 3073 1188 3110 crucesig-

6 3112 29 3139 1.
43 3120 110 3146 457.
128 3109 263 3145 nationis,
281 3107 428 3145 indulgens
459 3109 535 3145 juxta
547 3108 624 3146 quod
636 3110 665 3138 in
679 3109 774 3140 litteris
786 3110 853 3148 suis,
868 3120 933 3149 quas
949 3108 968 3130 *ἱ
983 3111 1063 3141 vobis
1077 3112 1110 3142 δε
1125 3112 1186 3150 qui-

127 3146 240 3176 busdam
253 3145 379 3176 fratribus
392 3129 488 3175 vestris
501 3146 725 3186 transmittimus,
742 3150 913 3179 continetur.

166 3184 248 3215 Cum
262 3184 346 3221 igitur
356 3193 565 3222 proponamuS,
585 3194 638 3222 pro
651 3185 750 3216 nostris
763 3188 880 3225 viribus,
898 3187 1039 3218 vindicare
1055 3188 1184 3227 injuriam

128 3222 276 3260 crucifixi,
303 3222 354 3260 ὃς,
371 3222 404 3252 ad
424 3223 617 3252 exaltationem
640 3222 703 3252 fidei
724 3224 881 3256 christianae
895 3226 1078 3265 nostrumque
1092 3227 1186 3257 hono-

127 3272 205 3299 rem,
223 3261 282 3291 tarn
297 3268 440 3299 potenter,
455 3263 541 3299 quam
561 3258 709 3299 magnifice
722 3263 752 3292 in
766 3266 875 3302 propria
888 3264 1002 3304 persona
1015 3264 1110 3296 nostra
1122 3275 1185 3295 exe-

126 3302 177 3338 qui
191 3308 290 3330 votum
306 3298 452 3336 nostrum,
646 3324 653 3331 ,,

165 3338 361 3380 Paternitatem
376 3337 499 3367 vestram
513 3346 643 3377 rogamus
657 3346 790 3376 quatenus
803 3350 851 3380 per
872 3340 1005 3372 Civitates
1023 3343 1057 3372 &
1072 3342 1184 3373 Dioce-

127 3377 184 3415 ses,
201 3387 235 3407 ac
250 3372 413 3407 Provincias
426 3397 435 3413 ,
457 3385 603 3419 totamque
616 3375 786 3407 Hiberniam
802 3381 962 3418 proponatis
976 3403 987 3418 ,
1014 3381 1048 3411 ὃς
1062 3382 1184 3419 proponi

129 3426 179 3454 per
190 3415 308 3454 aliquos,
327 3424 396 3453 quos
408 3413 441 3443 ad
453 3413 510 3444 hoc
526 3414 643 3444 idoneos
657 3415 788 3445 noveritis
802 3439 811 3454 ‚
833 3417 951 3449 verbum
967 3420 1073 3457 crucis,
1090 3430 1123 3450 ac
1141 3430 1185 3450 ea-

126 3454 259 3484 rumdem
275 3454 425 3483 litterarum
438 3461 566 3481 tenorem
581 3453 715 3489 publicari
730 3477 739 3491 ,
759 3454 869 3495 aliisque
883 3458 995 3493 copiam
1008 3457 1128 3488 habendi
1143 3458 1185 3488 fa·-

127 3494 221 3531 ciatis,
236 3491 389 3522 secundum
402 3490 478 3528 quod
494 3490 613 3520 videritis
625 3491 767 3530 expedire,
783 3502 852 3532 cum
864 3494 1004 3534 diligentia
1016 3496 1111 3527 debita
1121 3506 1184 3527 exe-

127 3539 241 3571 quentes
254 3536 442 3569 quaecumque
455 3531 483 3558 in
499 3528 710 3571 eisdem-litteris
723 3531 842 3562 videritis
857 3535 1009 3563 contineri:

163 3569 204 3600 Ita
219 3569 294 3608 quod
309 3569 366 3598 tam
381 3578 431 3597 vos
446 3590 455 3604 ,
476 3570 560 3606 quam
574 3567 612 3596 illi
627 3589 647 3610 ,λ
662 3568 761 3610 quibus
777 3569 934 3606 hujusmodi
954 3571 1085 3602 officium
1100 3583 1184 3604 com-

129 3608 270 3643 miseritis,
285 3608 340 3637 sitis
354 3607 470 3636 universi
481 3629 490 3644 ,
505 3608 537 3637 ὃς
554 3606 648 3648 singuli
663 3615 693 3634 in
714 3608 856 3643 praemissis
877 3609 1044 3649 exequendis
1059 3611 1185 3650 solliciti,

128 3656 178 3685 per
191 3646 268 3685 quod
281 3645 393 3676 fidelitas
409 3646 442 3675 ὃς
459 3645 601 3681 prudentia
616 3643 705 3687 vestra
718 3644 816 3675 debeat
829 3649 1034 3678 commendari.

168 3683 265 3714 Dicias
283 3693 376 3714 autem
395 3683 494 3713 litteras
508 3707 516 3720 ,
542 3691 608 3720 quas
631 3680 711 3711 Prior
728 3682 828 3713 sanctae
841 3685 985 3716 Trinitatis
1004 3686 1185 3718 Dublinensis

124 3723 210 3753 vobis
220 3722 339 3760 deferet,
359 3723 387 3751 in
405 3722 506 3751 eodem
516 3721 657 3758 Prioratu,
674 3730 741 3750 cum
758 3722 904 3759 publicatae
915 3723 1034 3763 fuerint,
1050 3726 1124 3757 salvo
1136 3727 1185 3756 de-

131 3761 200 3800 poni
217 3762 250 3791 &
265 3760 399 3790 custodiri
411 3761 526 3789 faciatis:

168 3798 208 3829 lta
221 3799 299 3838 quod
312 3798 345 3829 ad
359 3809 417 3838 eas,
435 3809 502 3828 curn
516 3797 624 3828 necesse
639 3797 738 3834 fuerit,
752 3796 836 3836 poffit
849 3798 947 3829 haberi
960 3801 1093 3833 recursus,

168 3872 255 3905 Teste
266 3875 351 3913 Rege
362 3875 435 3913 apud
449 3875 613 3906 Wodestok
621 3897 630 3912 ,
648 3884 681 3914 ¹3
700 3874 744 3905 die
751 3873 839 3913 Junii.

171 3949 342 3994 Confimilitw
348 3951 478 3990 firibitur
492 3951 632 3991 caffalenst
647 3949 863 3994 Arcbiepzfiopo,
879 3959 985 3990 excepta
996 3953 1072 3997 quod
1086 3954 1186 3986 litteras

134 3988 257 4019 Domini
270 3988 372 4027 Papae,
389 4001 453 4030 quas
461 3991 601 4020 Walterus
616 3989 744 4020 Maunlel
758 3999 782 4018 ei
796 3989 885 4019 defert
919 3991 983 4030 post
997 3993 1118 4032 ipsarum
1134 4003 1186 4032 pu-

134 4027 335 4096 blitzcssttiossni?
352 4028 458 4096 deponi
467 4029 569 4062 faciatis
581 4038 665 4068 penes
677 4027 870 4067 praedicatores
883 4013 1058 4062 Caffalenses.

1220 272 1222 274 Ι
1244 234 1314 259 Item
1328 233 1627 273 constmilitersci-ibitJ'r
1641 241 1799 268 Armatam
1814 239 2027 279 Archipi'sropo,
2047 237 2084 273 (ἐν
2101 238 2261 277 Priorifra-
2278 236 2353 267 Ann-
2370 229 2412 267 Π

1205 271 1277 297 trum
1288 272 1491 307 Pr*²'d¹'sa¹'<’5'²“⁴²1
1505 297 1513 310 a
1539 273 1575 307 ὦ
1593 276 1718 313 Mirssro
1732 277 1861 315 flatrum
1882 282 2026 316 minorum,
2049 277 2261 306 Promitxfiti'ibns
2298 279 2380 313 1250.

1207 306 1365 385 Hibt}71iae;
1385 319 1490 347 excepto
1503 313 1575 350 quud
1585 313 1616 341 de
1628 314 1781 353 depsſstmne
1792 315 1892 345 litterae
1903 315 2010 354 Papalis
2018 338 2027 354 ,
2046 319 2078 344 iis
2090 314 2264 353 tramfixiiffae,
2281 319 2341 341 Hm·
2362 323 2387 350 3⁴

1207 356 1259 374 non
1287 353 1310 374 .t
1327 352 1432 377 mentio.

1209 471 1297 503 Balla
1315 468 1349 503 de
1373 471 1537 505 revocando
1555 471 1673 515 sternte
1698 473 1866 517 Hibernia,
1890 490 1925 509 ne
1951 478 2058 510 Clerici
2078 479 2194 526 Angllae
2211 477 2268 511 cid-

1280 524 1471 553 mitterentur
1489 525 1519 553 in
1539 525 1719 554 casimirum
1740 524 1937 566 Ecclkfiarum
1950 525 2087 570 pri-dicia
2107 537 2199 560 terrae.

1209 603 1431 663 INnocentius
1446 605 1616 644 Episcopus,
1635 606 1726 636 servus
1740 607 1882 638 servorum
1897 608 1953 638 Dei
1969 625 1978 646 ,-
1996 611 2197 642 venerabilibus
2217 612 2269 642 sra-
2283 605 2357 637 ΑΠΠ·
2374 604 2418 634 [λ’

1249 642 1334 672 tribus
1348 643 1570 681 Arcliiepiscopis
1586 667 1595 682 ,
1621 646 1654 674 ὃς
1674 644 1818 684 Episcopis
1832 669 1842 684 ,
1862 657 2017 686 eorumque
2032 647 2074 677 Ca
2096 650 2167 678 itulis
2182 673 2190 687 ,
2218 650 2266 689 per
2308 654 2358 683 125
2363 652 2392 673 0·

1211 678 1368 710 chrniam
1383 681 1555 720 constitutis,
1573 683 1684 712 salutem
1698 686 1730 714 &
1745 683 1942 724 Apostolicani
1958 657 2196 717 benedici'ionem.
2281 688 2333 711 Am
2352 692 2396 719 34⁴

1248 717 1327 748 Cum
1346 720 1433 753 (licut
1447 730 1479 750 ex
1501 729 1577 758 parte
1596 721 1724 751 cariffimi
1738 723 1766 751 in
1787 722 1904 752 Christo
1924 723 1971 753 filii
1991 724 2078 753 nostri
2184 726 2230 755 Re
2250 728 2272 756 is
2283 728 2314 749 H·
2334 731 2357 757 3·

1214 756 1327 794 Angliae
1340 757 1447 787 illustris
1458 759 1509 788 fuit
1524 767 1576 798 pro
1596 760 1696 790 ositum
1715 770 1813 790 coram
1825 762 1922 797 nobis)
1943 772 1977 791 ex
1990 762 2112 801 quodam
2131 764 2179 799 (ut
2193 766 2221 794 vi
2236 774 2272 794 ,e-
2290 765 2326 787 Ex
2342 762 2403 792 ΛΨ.

1214 795 1267 836 tur)
1284 795 1371 838 livore
1387 804 1416 826 ut
1432 797 1537 834 nullus,
1595 799 1687 827 atione
1703 799 1853 837 Anghcus,
1869 801 2016 838 recipiatur
2038 802 2067 830 in
2083 800 2212 832 Ecclesiis
2226 811 2276 834 ve*-
2290 806 2353 834 ²037*

1214 831 1273 860 stris
1286 843 1314 876 in
1327 833 1514 865 Canonicum
1526 836 1654 866 duxeritis
1668 836 1862 875 statuendum,

1254 870 1348 914 Qua,
1368 873 1396 901 in
1412 875 1492 902 omni
1508 883 1609 911 gente,
1628 875 1674 912 qui
1690 875 1756 904 facit
1767 875 1900 913 justitiam
1920 884 2050 914 acceptus
2063 877 2103 907 est
2116 878 2200 917 Deo,
2220 888 2274 910 nec

1214 907 1400 940 sanctuarium
1424 910 1481 940 Dei
1498 912 1559 948 jure
1582 914 1717 942 convenit
1739 911 1910 944 haereditario
1936 915 2067 952 possideri
2081 938 2090 953 ‚
2117 917 2278 948 fraternitati

1215 946 1314 989 yestrae
1330 957 1378 984 per
1400 949 1563 986 Apostolica
1584 951 1681 987 scripta
1703 952 1866 982 mandamus
1886 954 2012 991 quatinus
2031 953 2164 984 statutum
2183 956 2272 995 ipsum

1217 984 1287 1027 infra
1302 985 1447 1023 mensem,
1465 987 1527 1024 post
1542 990 1733 1028 receptionem
1747 992 1942 1029 praesentium,
1964 991 2020 1021 fine
2032 990 2196 1023 difficultate
2209 1003 2277 1031 qua-⁴

1218 1022 1300 1059 libet,
1319 1025 1470 1054 revocetis:

1260 1061 1393 1100 Alioquin
1405 1063 1606 1094 venerabilibus
1627 1064 1753 1095 fratribus
1772 1066 1871 1096 nostris
1976 1067 2198 1107 Archiepiscopo
2214 1068 2278 1099 Du-

1221 1099 1337 1129 blinensi
1345 1122 1355 1138 ‚
1374 1101 1407 1132 &
1511 1101 1653 1141 Episcopo
1661 1103 1815 1133 Ossoriensi
1829 1103 1929 1134 nostris
1941 1105 2037 1135 damus
2050 1107 2143 1136 litteris
2156 1109 2184 1136 in
2199 1116 2280 1136 man-

1219 1137 1288 1181 fiatis
1303 1161 1312 1176 ,
1337 1146 1375 1207 ιέῑζ
1381 1139 1433 1183 ipsi
1452 1148 1555 1170 extunc
1570 1141 1733 1171 auctoritate
1746 1141 1840 1172 nostr&
1860 1143 1937 1172 idem
1956 1143 2090 1173 statutum
2107 1144 2281 1176 denuncient

1218 1184 1326 1206 irritum
1388 1187 1478 1208 inane.

1219 1252 1328 1322 0<stDattj.
1354 1253 1488 1293 Lugdun.
1513 1254 1618 1287 ostavo
1642 1255 1704 1286 Kal.
1731 1256 1853 1287 octobr.
1878 1255 2064 1287 Pontificatfis
2089 1256 2179 1288 nostri
2202 1264 2279 1289 anno

1271 1302 1303 1322 av
1328 1311 1333 1321 r

1640 1370 1766 1401 Plumbeo
1778 1371 1869 1409 sigillo
1876 1374 2010 1412 pendente
2022 1383 2041 1401 a
2052 1371 2099 1412 filo
2116 1373 2238 1404 canabeo.

1448 1494 1536 1527 Bulla
1554 1494 1589 1527 de
1610 1494 1770 1541 Caffatione
1789 1499 1906 1529 Statnti
1917 1495 2058 1542 praelim

1221 1577 1444 1639 INnocentius
1458 1578 1630 1619 Episcopus,
1647 1580 1737 1611 servus
1753 1582 1895 1612 servorum
1910 1580 1967 1612 Dei
2005 1577 2206 1614 venerabilibus
2227 1583 2282 1614 fra÷
2296 1584 2373 1616 Ann.
2389 1579 2431 1617 DL·

1233 1652 1240 1657 ,
1261 1617 1348 1647 tribus
1396 1647 1404 1656 ,
1453 1617 1673 1659 Archiepiscopo
1688 1619 1871 1663 Dublinensi,
1890 1621 1922 1651 &
1976 1604 2119 1660 Episcopo
2133 1623 2280 1652 Ossbrien-
2316 1633 2400 1661 1250.

1223 1654 1259 1692 ii,
1277 1654 1403 1694 salutern,
1421 1657 1455 1687 ὃς
1471 1656 1667 1696 Apostolicam
1684 1659 1922 1689 benedictionem.
2198 1692 2200 1696 f
2294 1667 2347 1691 Aa.
2369 1673 2413 1700 34.

1258 1691 1355 1732 Cum,
1374 1694 1443 1725 ficut
1458 1704 1490 1724 ex
1510 1703 1587 1735 parte
1602 1695 1731 1726 cariffirni
1753 1699 1781 1727 in
1803 1696 1920 1727 Christo
1938 1696 1984 1727 filii
1999 1697 2086 1728 nostri
2190 1697 2280 1739 Regis
2295 1707 2329 1729 H.
2347 1711 2371 1738 3.

1223 1729 1334 1770 Angliae
1348 1733 1455 1763 illustris
1471 1734 1521 1764 fuit
1536 1735 1709 1772 propositum
1721 1746 1818 1766 coram
1833 1736 1932 1774 nobis,
1950 1734 2008 1770 &a
2016 1736 2088 1776 ficut
2101 1740 2131 1766 in
2137 1741 2223 1776 priori
2237 1748 2283 1767 us-
2299 1745 2338 1768 Ex
2354 1743 2412 1767 Au<

1223 1779 1272 1809 que
1285 1774 1314 1800 in
1327 1769 1385 1801 haec
1397 1770 1485 1802 verba
1493 1795 1503 1809 ,
1520 1777 1580 1802 viz.
2299 1786 2365 1816 togr.

1262 1807 1409 1847 Quocirca
1428 1810 1589 1841 fraternitati
1613 1808 1712 1842 vestrae
1734 1821 1783 1850 per
1810 1811 1976 1851 Apostolica
2002 1813 2101 1851 scripta
2123 1815 2288 1846 mandamus

1224 1848 1370 1886 quatinus,
1390 1849 1408 1879 fi
1422 1849 1548 1889 praedicti
1562 1849 1789 1890 Archiepiscopi,
1807 1850 1958 1890 Episcopi,
1975 1861 2129 1891 eorumque
2142 1853 2289 1893 Capitula,

1225 1885 1390 1917 mandatum
1405 1887 1535 1918 nostrum
1545 1910 1554 1926 ,
1571 1889 1641 1919 infra
1657 1890 1846 1928 praescriptum
1861 1898 1988 1927 tempus,
2010 1890 2183 1929 neglexerint
2197 1891 2289 1922 adim-

1224 1924 1315 1968 plere,
1325 1935 1385 1994 geos
1399 1935 1502 1957 extunc
1516 1927 1682 1958 audioritate
1702 1927 1797 1959 nostra
1812 1927 1889 1958 idem
1911 1929 2045 1959 statutum
2060 1928 2236 1961 denuncietis
2251 1931 2290 1960 ii*-

1227 1971 1316 1993 ritum
1373 1974 1464 1994 inane.

1226 2039 1333 2111 οέὲῧὲ
1349 2040 1481 2081 Lugdun.
1494 2041 1599 2074 octavo
1617 2041 1734 2073 Kalend.
1753 2042 1880 2075 octobr.
1899 2043 2087 2076 Pontificati'is
2105 2044 2195 2076 nostri
2213 2046 2291 2076 anno

1918 2160 2044 2192 Plumbeo
2059 2161 2158 2200 Sigillo.

1531 2284 1558 2311 *ᾗ
1585 2286 1675 2319 Bulla
1695 2285 1730 2319 de
1748 2290 1859 2333 negotio
1878 2289 1992 2320 Crucis.
2308 2285 2435 2331 *1458ss-

1227 2366 1448 2430 INnocexitius
1462 2371 1633 2411 Episcopus,
1650 2373 1743 2404 servus
1758 2372 1902 2404 servorum
1923 2373 1998 2411 Dei,
2017 2373 2225 2403 venerabilibus
2239 2372 2294 2403 fr'a-
2306 2370 2381 2401 Ami.
2391 2369 2433 2399 D;

1267 2409 1354 2440 tribus
1464 2410 1689 2450 Archiepiscopo
1704 2412 1912 2447 Cantuarienli,
1931 2413 1964 2442 &
2039 2411 2183 2451 Episcopo
2197 2411 2292 2442 Here·
2327 2417 2379 2446 125
2383 2417 2411 2437 0-

1227 2447 1364 2486 fordensi,
1382 2447 1495 2479 salutem
1510 2451 1543 2480 ὃς
1560 2451 1586 2481 Α
1607 2449 1757 2480 ostolicam
1773 2450 2010 2480 benedictionem.
2305 2452 2357 2475 Aa.
2374 2456 2419 2483 34·

1267 2485 1346 2516 Cum
1360 2486 1502 2518 carissimo
1522 2489 1552 2517 in
1604 2487 1690 2518 hristo
1709 2488 1768 2518 filio
1790 2488 1888 2518 nostro
1970 2488 2044 2527 Regi
2067 2488 2177 2527 Angliae
2194 2487 2291 2518 illustri
2306 2491 2339 2513 H·
2357 2495 2381 2522 3·

1226 2523 1365 2554 decimam
1383 2524 1643 2556 Ecclesiasticorum
1658 2530 1848 2564 proventuum
1869 2527 1952 2566 usque
1968 2527 2000 2556 ad
2022 2528 2175 2557 triennium
2191 2549 2200 2565 ,
2223 2536 2292 2556 nec-
2306 2529 2345 2551 Ex
2359 2527 2418 2551 ΑΨ

1228 2572 1288 2591 non
1301 2563 1510 2602 redemptiones
1524 2567 1658 2595 votorum
1673 2566 1705 2596 δε
1727 2565 1916 2596 obventiones
1928 2588 1936 2601 ,
1961 2566 1993 2596 δί
2011 2565 2097 2603 legata
2110 2588 2119 2603 ,
2138 2566 2170 2595 δε
2187 2565 2236 2594 alia
2257 2574 2291 2594 ex
2306 2571 2370 2600 togr.

1228 2609 1406 2668 quacumque
1419 2602 1513 2641 causa,
1532 2603 1660 2643 deputata
1671 2603 1771 2632 Terrae
1794 2603 1897 2634 sancitae
1917 2603 2035 2633 subsidio
2049 2627 2058 2642 ,
2083 2605 2112 2633 in
2128 2605 2207 2634 terris
2223 2604 2294 2642 ejus-

1249 2648 1294 2669 em
1308 2639 1395 2679 Regis
1409 2641 1568 2672 duxerimus
1580 2641 1782 2679 concedenda,

1268 2677 1441 2709 Fraternitati
1455 2680 1554 2710 vestrae
1566 2689 1615 2717 pei·
1631 2680 1792 2717 Apostolica
1809 2681 1906 2719 scripta
1922 2680 2086 2710 mandamus
2101 2681 2226 2719 quatinus
2240 2703 2250 2718 ,
2274 2681 2293 2711 si

1230 2718 1376 2754 praefatum
1390 2716 1522 2757 Regem,
1541 2719 1617 2757 quod
1637 2719 1723 2756 absit,
1749 2728 1897 2758 antequam
1918 2720 1969 2748 iter
1992 2719 2205 2749 transmarinum
2226 2720 2296 2749 arri-

1229 2755 1304 2795 piat,
1323 2756 1458 2787 decedere
1472 2780 1481 2796 ,
1504 2757 1550 2788 vel
1569 2756 1692 2787 evidenti
1707 2757 1865 2787 necestitate
1882 2759 2032 2795 contigerit
2049 2757 2200 2794 impediri,
2226 2767 2292 2786 om-

1232 2794 1292 2831 nia,
1310 2805 1374 2833 quae
1387 2795 1553 2834 colligentur
1568 2805 1600 2825 ex
1624 2795 1693 2833 hiiS,
1712 2796 1878 2825 conservetis
1897 2797 1925 2825 iii
1943 2797 2006 2824 tutis
2027 2796 2096 2825 locis
2109 2819 2118 2834 ,
2145 2797 2174 2825 iii
2193 2795 2295 2825 Terrae

1229 2832 1331 2863 sandiae
1345 2833 1494 2864 subsidium
1504 2859 1514 2871 ,
1526 2834 1560 2863 de
1573 2834 1672 2864 nostro
1685 2834 1865 2877 beneplacito
1881 2834 2089 2870 convertenda,

1267 2870 1500 2902 Contradicstores
1513 2882 1563 2909 per
1579 2872 1721 2902 censuram
1742 2872 1963 2903 hcclefiasticam
1978 2895 1988 2910 ,
2008 2873 2193 2912 appellatione
2214 2871 2292 2912 post<

1230 2909 1334 2948 posits,
1352 2911 1571 2948 compescendo.

1266 2987 1333 3018 Dat.
1349 2987 1481 3028 Lugdun.
1497 2986 1559 3017 Kal.
1576 2986 1699 3018 Ostobr.
1714 2987 1898 3018 Pontificatsis
1911 2987 2002 3017 nostri
2017 2998 2093 3018 anno
2106 2988 2222 3019 οέὶανο.

1648 3063 1771 3093 Plumheo
1780 3063 1869 3101 sigillo
1878 3065 2007 3102 pendente
2021 3075 2039 3092 a
2051 3063 2098 3104 filo
2111 3064 2235 3095 canabeo.

1229 3192 1277 3223 De
1293 3189 1513 3234 Anniverfizrio
1531 3187 1579 3221 die
1598 3191 1721 3221 Matris
1744 3191 1830 3236 Regis
1846 3187 2017 3221 celebrando
2039 3194 2070 3221 in
2089 3192 2290 3222 Normwnias

1228 3273 1315 3329 RE
1325 3273 1356 3304 X
1372 3273 1502 3304 universis
1509 3271 1684 3312 Abbatibus,
1702 3273 1859 3313 Prioribus,
1878 3275 1911 3306 ὅτ
1925 3274 1982 3304 aliis
1995 3274 2060 3306 viris
2076 3275 2222 3314 religiosis,
2239 3279 2289 3313 per
2304 3273 2381 3304 Ann.
2395 3275 2439 3306 D,-

1291 3313 1504 3343 Normanniam
1519 3313 1694 3350 constitutis,
1712 3313 1836 3344 salutem.
2325 3323 2409 3351 1250.

1265 3351 1409 3382 Naturalis
1423 3350 1536 3380 dileetio
1550 3350 1654 3380 nostrae
1671 3353 1812 3390 genitricis
1826 3361 1878 3381 nos
1896 3350 1951 3380 esse
1971 3361 2030 3381 non
2053 3352 2113 3381 sinit
2131 3351 2286 3381 imiiiemo-
2301 3356 2343 3379 An
2365 3363 2412 3389 34.

1227 3401 1285 3428 res;
1303 3390 1356 3427 set,
1375 3390 1442 3419 sicui
1457 3388 1511 3426 ipsa
1525 3398 1583 3418 non
1599 3389 1656 3419 sine
1671 3391 1808 3427 corporali
1823 3389 1945 3428 angustia
1961 3400 2029 3427 nos,
2054 3390 2146 3419 donec
2164 3390 2287 3420 nascere-
2302 3395 2335 3417 H.
2361 3401 2385 3427 3.

1228 3439 1291 3459 mur
1305 3451 1314 3465 ,
1336 3428 1450 3467 gestavit
1465 3429 1493 3456 iti
1509 3435 1604 3465 utero,
1623 3428 1659 3458 sie
1675 3438 1743 3458 cum
1758 3428 1959 3458 beneficiorum
1980 3429 2133 3466 'nv-amine,
2152 3429 2284 3467 quamdiu
2299 3433 2357 3456 Ru.
2373 3440 2418 3466 34.

1227 3468 1392 3504 vixerimus,
1412 3466 1586 3502 imprimetur
1603 3467 1658 3504 ejus
1670 3469 1807 3497 memoria
1824 3466 1910 3496 menti
1927 3468 1975 3494 iios
1993 3476 2044 3494 rit:
2301 3472 2333 3494 H.
2352 3478 2377 3504 3.

1265 3505 1397 3537 Volentes
1416 3504 1503 3540 igitur
1520 3505 1680 3534 amicorum
1704 3505 1863 3535 nostrorum
1885 3504 2044 3533 mendicare
2068 3503 2191 3543 stiffi-agia
2219 3505 2230 3543 (
2258 3507 2287 3536 ui
2303 3515 2339 3534 m.
2362 3515 2386 3533 r.

1226 3554 1279 3584 pro
1294 3543 1393 3574 nostris
1405 3541 1511 3571 delictis
1522 3551 1580 3571 non
1594 3542 1746 3573 sufficimus
1760 3543 1972 3572 satisfactionem
1987 3543 2159 3581 condignam
2175 3553 2232 3581 prae
2259 3555 2289 3575 a·

1227 3583 1268 3620 re)
1288 3581 1494 3612 universitatem
1515 3579 1635 3610 vestram
1658 3583 1822 3618 requirimus
1835 3604 1844 3619 ,
1870 3582 1903 3610 ὅ(
1922 3589 2051 3618 rogamus
2070 3582 2196 3620 quatinus
2211 3582 2289 3613 diem

1226 3620 1320 3651 obitsis
1333 3619 1424 3650 matris
1437 3618 1539 3648 nostrae
1555 3619 1744 3657 martyrilogio
1760 3619 1854 3648 vestro
1878 3619 1958 3647 scribi
1973 3641 1982 3655 ,
2008 3619 2040 3648 ὃ(
2056 3629 2109 3656 pro
2126 3620 2183 3656 ejus
2196 3623 2289 3652 anima

1229 3659 1391 3700 (praesertim
1411 3657 1574 3688 aniversario
1588 3658 1651 3694 die)
1671 3659 1804 3688 celebrari
1827 3657 1917 3686 milliis
1931 3679 1941 3695 ,
1965 3658 1997 3688 ec
2013 3657 2152 3688 orationes
2169 3658 2229 3689 fieri
2247 3660 2289 3690 fa'-

1257 3707 1313 3728 atis.

1229 3709 1255 3729 el
1267 3736 1312 3766 Ad
1327 3734 1399 3765 istud
1413 3742 1506 3764 autem
1519 3734 1665 3772 negotium
1683 3734 1790 3771 plenius
1807 3733 2003 3771 exequendum
2016 3755 2026 3771 ,
2049 3733 2184 3765 dilectum
2205 3737 2288 3766 nobis

1226 3777 1339 3807 fratrem
1360 3773 1509 3803 Thomam
1531 3794 1541 3808 ,
1574 3771 1756 3802 Monachum
1781 3771 1817 3801 de
1838 3771 2002 3801 Shireburn.
2026 3772 2143 3802 latorem
2168 3775 2286 3813 praesen-

1227 3813 1315 3852 tium,
1333 3812 1368 3843 ab
1381 3810 1503 3849 ejusdem
1516 3810 1571 3839 loci
1586 3809 1681 3840 Priore
1700 3811 1887 3847 licentiarum,
1906 3809 2054 3847 specialiter
2067 3811 2246 3843 destinamus.

1264 3852 1297 3883 In
1310 3853 1402 3890 cujus,
1419 3850 1478 3880 &c-

1267 3927 1355 3960 Teste
1369 3925 1451 3965 Rege
1464 3924 1536 3962 apud
1550 3922 1675 3956 VVestm.
1691 3925 1807 3964 septimo
1818 3923 1864 3954 die
1876 3923 2023 3956 Octobris,

2169 4063 2291 4103 Relaxffl
