2570 4261
66 181 146 212 Ἀγιη.
158 178 199 209 D.

96 228 179 258 1310.

68 260 134 286 Ἐάν.
150 267 176 284 2.

68 405 99 429 Ε.
118 410 147 430 2.

67 482 98 505 z.
120 460 166 513 '3.'

68 525 104 542 m.
131 514 172 541 18.

65 2147 142 2179 Ann.
157 2145 199 2176 D.

87 2194 172 2227 ¹3¹0-
919 2220 923 2224 ὑ
1038 2220 1043 2224 .
1190 2218 1195 2223 ⁸

93 2237 118 2252 n.
158 2246 163 2251 .
214 2222 320 2261 nostri,
334 2221 471 2260 johannis
485 2221 520 2251 de
539 2221 659 2260 Segrave
672 2243 681 2259 ,
706 2221 818 2259 plenam
839 2219 970 2249 fiduciam
984 2227 1141 2256 optinentes
1156 2241 1166 2257 ,
1187 2218 1276 2258 ipsum

63 2267 176 2338 34

66 2387 101 2405 m.
122 2386 165 2407 11.

74 3392 162 3429 Claus.
178 3400 203 3429 3.

74 3434 105 3457 E.
121 3439 147 3457 2.

76 3477 112 3495 m.
127 3477 153 3503 7.

86 3937 103 3954 ‘¹
120 3938 173 3966 111.

88 3983 152 4012 ²04·

211 96 292 135 166

395 262 444 294 De
460 256 633 292 inhibitione
648 259 859 290 'firmamenti
877 255 960 302 apud
979 258 1104 302 Bangey.

218 344 370 413 REX,
387 344 494 375 dilectis
509 345 542 375 &
559 342 684 374 fidelibus
700 334 768 380 suu,
787 337 968 379 ComitibuS,
985 339 1158 378 Batonibus,
1176 337 1281 382 Militi«

158 382 164 389 ’
287 386 356 422 bus,
374 383 407 415 δε
423 382 558 413 omnibus
571 382 627 412 aliis
640 380 714 419 apud
730 380 861 421 Bungeye
872 403 883 420 ,
908 379 943 410 ad
964 377 1153 409 tomeandum
1167 378 1220 408 hac
1236 386 1281 407 m-

220 420 301 453 stzmti
313 423 358 452 die
370 421 476 460 Lu'nae,
494 421 695 458 conventuris,
713 419 835 449 salutem.
1219 453 1224 459 ι

258 458 431 492 Mandamus
445 460 546 498 vobis,
562 459 611 489 sub
629 456 804 488 forisfactura
823 457 973 494 omnium,
991 464 1056 495 quae
1075 454 1156 484 nobis
1173 452 1279 484 fonsfii-

218 505 283 530 Cere
297 500 440 537 poteritis,
455 497 572 528 firmiter
583 496 754 534 inhibentes,
772 497 810 525 ne
822 495 867 525 die
898 493 1034 532 raedffiko,
1052 492 1182 531 velalio,
1203 490 1277 529 apud

214 536 320 568 diciam
334 537 455 575 Villam,
469 536 514 566 seu
533 536 622 574 alibi,
645 536 674 565 in
695 533 805 572 Regno
823 544 863 564 no
890 543 922 563 ro
937 556 947 570 ,
962 541 1108 570 torneare,
1125 530 1279 568 burdeare‚

208 576 299 615 Justas
314 576 423 614 facere,
441 575 598 605 Aventuras
610 583 752 612 quaerere,
766 572 812 603 seu
825 572 875 603 alia
887 571 961 602 fadta
975 571 1133 601 Armorum
1148 578 1278 600 exercere

213 616 398 654 praesumatis,
415 613 472 644 fine
486 612 582 644 nostra
591 612 701 643 licentia
715 611 832 651 speciali.

250 691 341 724 Teste
354 691 436 731 Rege
449 690 523 730 apud
535 689 579 721 W
580 687 824 720 estmonasterium
833 710 843 727 ‚
860 688 945 718 tertio
958 686 1004 717 die
1019 685 1128 716 Martii.

251 769 362 800 Eodem
379 768 468 799 modo
482 767 645 798 mandatum
659 764 700 796 est
707 764 890 803 Comitibus,
909 764 970 795 &c.
984 762 1056 801 apud
1069 761 1218 803 Sudbury,
1232 760 1277 791 die

215 807 326 846 Lunae,
343 808 477 847 proximo
497 805 558 844 post
576 805 698 846 mediam
717 803 934 843 quadragefimae
949 824 958 840 ,
982 802 1115 842 proximo
1132 801 1277 837 futurum,

213 847 248 877 ad
262 845 448 877 torneandum
457 868 467 885 ‚
485 843 545 879 &aa
560 844 690 883 utsupra.

245 922 336 955 Teste
350 930 380 953 ut
394 922 481 960 supra.

150 1075 156 1080 .
214 1046 240 1072 *ἓ
271 1045 369 1095 Q⁰d
394 1044 528 1090 Custodes
551 1045 792 1092 Templariorum
814 1044 876 1088 sint
907 1041 1085 1075 intendentes
1119 1038 1276 1087 Inquistto-

697 1091 790 1126 ribus.

189 1201 196 1207 -
218 1180 349 1258 REX
367 1181 515 1249 Univdersis
536 1181 569 1212 &
585 1180 693 1248 Γιηςυὲἰῗ
711 1178 851 1209 Ministris
865 1177 933 1217 suis,
951 1175 1126 1207 Custodibus
1140 1171 1279 1210 Templa-

255 1229 566 1303 cSss‘ssffq'CSffe‘lssss'Z}
579 1220 992 1301 {Ziataisuf‘setrrlhquifitoribus',

253 1298 300 1329 Ad
323 1297 521 1338 inquirendum
545 1304 645 1326 contra
670 1295 810 1326 Ordinem
830 1293 1061 1332 Templariorum
1075 1313 1086 1330 ‚
1120 1289 1153 1320 &
1179 1296 1279 1319 contra

155 1353 161 1361 ·
215 1336 357 1376 Magnum
380 1335 589 1373 Praeceptorem
607 1334 677 1365 dieti
698 1333 813 1364 Ordinis
826 1356 836 1371 ,
866 1333 896 1362 in
919 1331 948 1362 R
985 1340 1024 1361 no
1044 1327 1142 1360 nostro
1169 1326 1278 1366 Angliae

214 1376 418 1414 constitutum,
433 1374 465 1404 &
480 1374 599 1404 {imiliter
619 1381 718 1403 contra
736 1372 882 1404 finoulares
900 1370 951 1400 Per
964 1379 1031 1400 onas
1047 1368 1080 1399 &
1096 1366 1202 1397 Fratres
1221 1365 1280 1395 Or-

154 1432 161 1439 ·
214 1414 285 1445 dinis
297 1414 383 1451 illius,
400 1423 488 1450 nuper
501 1422 549 1450 per
561 1412 659 1442 litteras
672 1399 850 1451 Apostolicas
862 1409 1019 1447 deputatis,
1104 1444 1118 1450 ..

254 1453 345 1493 Qiod
360 1452 447 1482 iidem
462 1450 573 1481 Praelati
589 1451 621 1481 &
637 1449 813 1490 Inquisitores
831 1449 868 1479 de
889 1447 951 1486 ipsis
964 1445 1159 1489 Templarns)
1184 1444 1218 1475 &
1231 1453 1280 1473 eo—

213 1501 276 1522 rum
292 1491 473 1530 corporibus,
491 1491 620 1527 quotiens
636 1489 775 1518 voluerint
791 1513 800 1528 ,
821 1487 951 1517 ordinent
970 1484 1118 1529 &saciant
1133 1484 1180 1522 id,
1199 1481 1277 1521 quod

211 1530 250 1560 eis
283 1528 433 1560 secundem
446 1528 538 1558 levem
551 1527 789 1565 Ecclesiasticam,
805 1525 944 1556 videbitur
959 1522 1137 1559 faciendum,

248 1553 285 1599 ἐι
300 1568 383 1599 vobis
395 1552 619 1598 mandaverimus
635 1565 712 1603 quod
727 1589 737 1605 ‚
758 1566 792 1595 ad
809 1565 866 1595 hoc
887 1562 1048 1594 faciendum
1058 1584 1068 1600 ,
1092 1560 1145 1590 sitis
1160 1559 1278 1598 praefatis

209 1606 335 1638 Praelatis
347 1606 379 1636 &
393 1605 604 1644 Inquisitoribus
618 1605 791 1635 intendentes
805 1614 812 1633 ι
835 1603 919 1634 vobis
933 1601 1098 1632 mandamus
1109 1599 1186 1643 quod
1199 1598 1279 1628 Prae-

210 1645 270 1676 latis
280 1646 313 1677 δε
326 1644 537 1683 Inquifitoribus
551 1644 629 1682 ipsu,
645 1644 673 1673 in
687 1643 852 1683 separatione
866 1641 1011 1672 distorum
1025 1639 1104 1670 Tem
1125 1638 1257 1668 lariorum
1267 1660 1278 1676 ,

210 1684 246 1714 ab
260 1685 383 1714 invicem
398 1682 526 1713 facienda
562 1683 594 1713 &
608 1683 637 1711 in
652 1682 728 1719 aliis,
743 1691 807 1721 quse
821 1681 907 1711 iidem
920 1679 1030 1709 Praelati
1053 1679 1085 1708 &
1115 1676 1277 1715 nquisitores

211 1723 240 1754 in
255 1722 416 1791 filaqpme’
434 1706 587 1753 secund'um
605 1721 696 1760 legem
717 1719 881 1759 praed16t2m
894 1741 904 1757 ,
926 1716 1057 1749 facienda
1077 1716 1216 1754 viderint,
1233 1716 1276 1745 in-

213 1769 260 1792 ten
280 1770 337 1791 atis.

247 1837 334 1869 Teste
348 1837 431 1878 Rege
443 1837 517 1877 apud
531 1835 819 1868 Westmonasterium
828 1858 838 1874 ‚
856 1834 961 1866 octavo
974 1833 1021 1863 die
1036 1832 1143 1863 Martii.

665 1916 718 1945 Per
730 1911 811 1953 ipfiaem
825 1914 922 1950 Regem
936 1910 974 1947 ὠ
992 1909 1143 1942 Concilium.

402 2061 460 2092 Pro
479 2056 624 2105 Johanne
642 2056 678 2090 de
694 2059 828 2104 Segrave
848 2054 967 2100 Custode
986 2059 1096 2091 Scotiae.

284 2143 349 2176 EX
368 2145 518 2183 omnibus,
533 2142 566 2174 ad
583 2153 672 2182 quos,
689 2143 750 2173 &c.
767 2142 887 2173 salutem.

316 2183 363 2214 De
379 2182 525 2221 fidelitate,
540 2182 810 2220 circumspefflone,
828 2182 860 2212 &
879 2179 1012 2211 industrii
1026 2179 1121 2211 dilecti
1141 2180 1174 2210 &
1190 2178 1277 2209 fidelis

213 2261 410 2293 constituimus
423 2259 582 2291 Custodem
595 2258 720 2289 nostrum
736 2259 819 2288 totius
830 2258 930 2288 Terrae
945 2256 1048 2287 nostrae
1066 2258 1171 2288 Scotiae
1185 2279 1196 2295 ,
1219 2257 1276 2286 tam

213 2301 281 2331 citra
296 2309 372 2330 mare
406 2299 491 2337 quam
505 2298 589 2336 ultra,
606 2296 739 2335 quamdiu
760 2297 842 2326 nobis
856 2296 1003 2333 placuerit:

252 2338 293 2369 Ita
306 2322 388 2376 quod³
396 2337 495 2367 habeat
507 2337 540 2368 &
555 2338 671 2366 retineat
683 2335 718 2365 de
734 2336 842 2373 propria
855 2334 957 2364 familia
977 2334 1019 2364 sua
1035 2334 1063 2363 in
1079 2331 1176 2363 eadem
1189 2341 1259 2363 terra
1269 2355 1278 2371 ,

214 2387 268 2416 pro
281 2376 406 2407 custodia
419 2375 557 2414 ejusdem,
571 2375 642 2405 dum
657 2374 815 2405 custodiam
831 2374 908 2404 illam
924 2373 961 2404 sic
983 2373 1124 2411 habuerit,
1142 2371 1278 2411 sexaginta

212 2416 345 2447 homines
359 2414 393 2446 ad
406 2424 483 2445 arma
497 2415 647 2444 continue:

249 2453 287 2485 Et
301 2464 354 2492 pro
368 2454 411 2484 sua
424 2477 433 2493 ,
457 2463 490 2483 ac
509 2452 708 2492 praedic‘torum
722 2451 872 2481 hominum
887 2450 1100 2487 sustentatione,
1118 2457 1148 2480 ut
1163 2459 1216 2489 pro
1228 2459 1277 2479 va-

212 2493 280 2533 diis,
298 2492 420 2523 restauro
441 2501 597 2530 equorum,
615 2491 648 2522 &
670 2490 726 2520 aliis
739 2513 748 2527 ,
775 2500 790 2519 a
805 2490 885 2519 nobis
923 2490 1053 2527 ercipiat‚
1073 2488 1156 2524 usque
1174 2488 1208 2518 ad
1224 2487 1277 2517 Fe-

212 2532 290 2564 stum
303 2532 400 2561 Sancti
414 2529 563 2560 Michaelis
579 2530 713 2566 proximo
733 2529 858 2558 futurum
865 2551 874 2567 ,
891 2499 922 2558 (ip
926 2527 1085 2558 custodiam
1103 2527 1179 2556 illam
1197 2535 1277 2556 tanto

208 2579 342 2609 tempore
354 2570 488 2607 tenuerit,
508 2568 584 2598 mille
598 2569 631 2599 &
644 2568 789 2598 trescentas
805 2566 935 2603 Mamas,
951 2566 987 2597 de
1021 2567 1099 2596 uibus
1113 2567 1277 2604 quingentas

212 2609 327 2640 Marcas
342 2609 391 2639 fibi
405 2618 463 2646 prae
484 2608 612 2636 manibus
632 2606 749 2636 fecimus
763 2606 868 2635 liberari
881 2629 891 2644 ,
913 2606 946 2636 &
966 2616 994 2635 re
1008 2604 1082 2635 iduas
1100 2604 1278 2643 0&mgmtas

213 2646 326 2679 Marcas
339 2657 386 2687 per
401 2655 499 2677 manus
515 2645 670 2676 Camerarii
688 2645 776 2674 nostri
797 2643 904 2675 Scotiae
925 2644 976 2674 sibi
993 2644 1187 2674 mandavimus
1204 2643 1275 2672 libe-

210 2695 279 2717 rari:

251 2724 290 2756 Et
302 2747 312 2764 ,
335 2724 354 2755 fi
372 2726 484 2755 minore
498 2732 627 2763 tempore
641 2721 800 2752 custodiam
821 2721 985 2760 praedi&am
1001 2720 1127 2751 habuerit
1140 2742 1150 2758 ,
1173 2719 1218 2749 vel
1231 2718 1276 2749 di-

216 2763 280 2794 &os
292 2765 424 2803 sexaginta
439 2763 569 2793 homines
582 2762 676 2792 secum
689 2761 824 2791 continue
837 2770 897 2790 non
909 2761 1067 2798 retinuerit,
1084 2768 1153 2789 tunc
1165 2758 1276 2796 minus,

212 2812 265 2840 pro
280 2802 334 2833 rata
347 2802 496 2840 temporis,
513 2810 629 2831 necnon
642 2809 762 2830 numero
774 2799 941 2837 hominum,
955 2799 1005 2838 qui
1019 2798 1068 2829 sibi
1081 2797 1116 2828 de
1128 2797 1209 2828 dieto
1223 2807 1277 2827 nu-

213 2850 294 2909 melro
307 2841 477 2910 de‘feoegcm'
497 2839 533 2869 de
547 2838 656 2869 summa
670 2839 801 2878 percipiat
814 2837 962 2869 antedicta.

265 2889 284 2909 n
297 2889 389 2917 cujus,
440 2889 465 2910 c.

253 2955 342 2985 Teste
354 2955 438 2995 Rege
452 2954 524 2995 apud
540 2955 678 2995 Langele,
692 2955 805 2985 decimo
817 2954 862 2985 die
876 2953 984 2985 Martii.

216 3089 264 3122 De
291 3087 468 3133 Templariis
483 3115 493 3130 ‚
523 3099 578 3134 per
602 3092 815 3121 Vicecomitem
838 3086 969 3121 Eboraci
989 3089 1101 3133 vagari
1117 3085 1277 3132 permiffis,

591 3137 682 3182 fizlvo
699 3135 899 3179 custodiendis.

73 3239 147 3269 Am·
162 3237 204 3268 D·
220 3222 305 3280 RE
315 3221 345 3253 X
365 3221 540 3253 vicecomiti
555 3221 677 3252 Eboraci
691 3222 813 3253 salutern.

74 3286 185 3354 ἐξιῇ
210 3299 387 3367 ‚quirendum
408 3309 507 3330 contra
526 3298 667 3329 Ordinem
681 3299 912 3342 Templariorum
928 3322 938 3337 ,
963 3300 996 3329 &
1018 3307 1118 3328 contra
1138 3296 1281 3335 Magnum

75 3358 103 3381 Ε.
124 3364 148 3382 2.

310 3261 391 3292 Cum
407 3261 552 3292 Dominus
567 3260 700 3291 Summus
716 3261 848 3291 Pontifex
869 3269 960 3291 certos
974 3259 1166 3298 Inquisitore,
1184 3258 1219 3288 ad
1238 3261 1282 3288 in-

247 3347 430 3377 raeceptorem
446 3337 568 3375 ejusdem
581 3336 710 3375 Ordinis,
730 3347 758 3366 m
776 3337 882 3376 Regno
903 3337 1002 3367 nostro
1018 3337 1132 3374 Angliae
1145 3335 1282 3366 constitu-

221 3383 301 3414 tum,
316 3387 431 3407 necnon
444 3385 541 3406 contra
557 3375 702 3414 singulares
717 3375 843 3412 personas
857 3375 974 3406 Ordinis
991 3375 1059 3405 illius
1074 3398 1084 3413 ,
1107 3374 1185 3414 super
1202 3376 1283 3404 certis

223 3413 372 3457 Articulis,
388 3415 449 3453 ipsis
465 3414 673 3452 Inquisitoribus
692 3413 742 3456 sub
762 3412 929 3450 Apostolica
950 3414 1025 3444 Bulla
1041 3412 1128 3443 missis
1141 3435 1152 3451 ,
1174 3412 1208 3443 &
1226 3413 1283 3442 aliis

222 3453 322 3491 quibus
336 3454 373 3483 eis
386 3453 524 3484 videbitur
537 3453 684 3492 expedire,
694 3461 753 3490 Jam
765 3451 874 3482 duxerit
887 3451 1072 3490 affignandos:

213 3508 220 3512 —
263 3489 484 3529 Nosque-nuper
498 3492 684 3530 praecepimus
700 3490 925 3520 Vicecomitibus
937 3489 1038 3519 nostris
1046 3489 1283 3527 Northumbriae‚

222 3527 389 3566 Cumbriae,
403 3529 669 3567 XVestmerlandiae,
690 3528 857 3558 Lancastriae
868 3552 877 3567 ‚
896 3527 1132 3566 Notinghamiae,
1150 3527 1285 3566 Derbiae,

223 3566 289 3596 Salo
310 3568 361 3604 iae,
380 3568 412 3598 ὃς
428 3566 587 3597 staffordiae
601 3590 611 3606 ,
635 3577 683 3606 per
698 3567 799 3609 diversa
815 3567 908 3609 brevia
925 3566 1020 3597 nostra
1032 3590 1041 3604 ‚
1065 3566 1140 3606 quod
1157 3565 1205 3605 ipfi
1219 3575 1285 3595 om-

223 3614 273 3634 nes
318 3605 464 3643 emplarios
484 3607 514 3634 in
530 3605 637 3636 Ballivis
655 3605 706 3635 suis
721 3628 730 3643 ,
755 3607 809 3635 {me
824 3604 955 3635 dilatione
976 3607 1038 3643 capi
1087 3606 1120 3636 &
1141 3614 1189 3634 eos
1202 3603 1287 3645 usque

226 3641 359 3686 Castrum
372 3643 499 3674 nostrum
513 3643 634 3674 Eboraci
648 3643 715 3673 duci
730 3643 866 3681 facerent,
885 3653 933 3680 per
948 3652 975 3673 te
988 3646 1018 3673 in
1031 3628 1134 3674 Oastro
1148 3642 1285 3680 praediero

226 3681 453 3711 custodiendum:
475 3682 580 3720 tibique
595 3683 780 3721 praecepimus
795 3682 871 3719 quod
892 3691 993 3711 omnes
1012 3683 1140 3719 praefatos
1151 3680 1287 3719 Templa-

229 3719 448 3788 Elojfiagrasefatis
459 3719 683 3787 Vicsssggmiftibus
696 3721 836 3788 recipssgeisi
844 3743 857 3763 ,-
867 3721 901 3751 &
915 3721 946 3749 in
963 3719 1065 3751 Castro
1084 3718 1223 3758 praedic‘to
1235 3718 1286 3749 sub

370 3767 452 3787 ecura
466 3768 500 3788 cu
568 3769 592 3788 ia
619 3768 711 3788 aceres
726 3768 761 3788 cu
839 3768 873 3787 ri:

252 3795 313 3835 ¹Ac·
326 3797 379 3831 jam
394 3796 606 3826 intellexerimus
622 3796 700 3834 quod
716 3818 725 3832 ‚
748 3796 927 3834 Templarios
941 3796 1109 3835 praedistos,
1127 3794 1176 3825 sub
1194 3794 1288 3825 custo-

231 3830 275 3860 dia
287 3832 332 3874 tua
349 3833 509 3876 existentes,
528 3836 618 3873 vagari
632 3835 785 3872 permittis,
799 3835 829 3863 in
844 3843 1044 3872 contemptum
1066 3833 1189 3863 mandati
1203 3833 1288 3862 nostri

231 3869 374 3913 praedieiig
392 3881 440 3907 per
455 3872 530 3908 quod
542 3873 577 3902 de
590 3874 655 3911 fuga
668 3872 789 3909 ipsorum
803 3873 987 3902 verisimiliter
1003 3873 1093 3903 timeri
1107 3871 1228 3912 poterit,
1245 3872 1289 3902 ni—

234 3909 253 3936 il
267 3915 346 3949 citius
361 3909 437 3945 super
451 3909 508 3938 hoc
521 3910 592 3940 aliud
608 3910 764 3940 remedium
778 3919 949 3948 apponatur,

273 3944 291 3962 ²*
306 3944 376 3973 Tibi
391 3948 566 3985 praecipimus
577 3970 587 3986 ‚
610 3949 680 3978 ficus
699 3948 761 3977 alias
775 3949 961 3985 praecepimus
1011 3948 1129 3978 firmiter
1143 3947 1289 3985 injungen-

231 3989 288 4020 tes,
308 3982 385 4021 quod
397 3992 496 4014 ornnes
507 3985 684 4022 Templarios
699 3986 864 4024 praedictos,
883 3987 913 4017 in
927 3971 1054 4018 custodia
1068 3994 1115 4018 tua
1126 3985 1290 4024 existentes,

687 80 1491 135 coNvENTIONEffi

1547 82 1580 123 L
1608 84 1629 125 1
1656 84 1696 124 T
1723 85 1756 125 E
1784 85 1827 126 R
1855 85 1911 126 AE
1928 115 1942 136 ,

1317 167 1367 198 sub
1385 167 1431 198 tali
1451 166 1579 199 custodia
1596 168 1678 200 facias
1696 169 1828 209 detineri,
1844 171 1921 210 quod
1936 168 1972 200 de
1986 168 2048 207 ipfis
2065 168 2229 207 respondere
2247 167 2334 208 possis
2345 167 2380 200 ad
2392 166 2469 198 Anu.
2483 146 2525 202 D}

1318 206 1482 236 mandatum
1496 206 1646 246 nostrum,
1660 208 1694 238 &
1708 207 1781 248 hoc,
1795 209 1862 241 ficut
1876 218 1904 240 te
1914 207 2099 247 indempnem
2107 209 2270 239 conservare
2280 207 2381 239 volue-
2414 215 2500 246 1310.
2555 225 2559 228 —

1317 245 1371 283 ris,
1390 244 1470 274 nullo
1484 244 1575 275 modo
1587 247 1706 277 o'mittas.
2393 246 2462 274 Ἐάν.
2475 256 2502 274 ²-
2527 255 2533 258 ·

1353 320 1444 351 Teste
1460 319 1543 360 Rege
1555 322 1629 360 apud
1644 321 1954 362 westmonasterium,
1974 332 2019 353 12.
2031 322 2076 354 die
2090 322 2198 354 Martii.

1315 449 1366 480 De
1381 447 1516 492 Perssmis
1532 447 1670 494 eligendis
1687 447 1733 481 ad
1744 447 1947 542 Jdinassdum
1966 447 2003 482 de
2009 447 2095 492 statu
2111 451 2227 497 Regni,
2251 454 2288 490 (ῤ’
2308 453 2379 486 Ho-

1761 507 1830 543 pztu
1876 508 1946 543 egts.

1375 579 1409 649 {l
1419 578 1481 612 Roi
1500 591 1528 612 as
1544 589 1614 613 touz
1633 591 1705 612 ceux
1718 604 1728 620 ,
1753 582 1802 621 qui
1822 580 1911 613 cestes
1929 582 2023 615 lettres
2039 591 2156 615 verront
2169 608 2180 623 ,
2202 592 2242 615 ou
2259 573 2465 625 orront,A¹²¹¹·
2480 576 2523 608 D·

1411 627 1457 649 uz·
2410 623 2425 644 1
2451 624 2496 645 10-
2510 631 2516 638 ‘-

1352 656 1450 687 Corne
1462 668 1549 697 nous,
1567 658 1591 688 al
1605 657 1719 689 honour
1732 658 1768 689 de
1782 657 1858 689 Dieu
1872 659 1905 690 ὃς
1919 669 1973 699 por
1993 660 2019 691 le
2037 661 2103 691 bien
2122 659 2159 691 de
2179 670 2266 699 nous,
2287 662 2322 694 &
2338 661 2376 694 de
2385 623 2444 681 Α”Ξ
2459 663 2486 691 3·

1313 695 1410 726 nostre
1423 696 1567 734 Reaume,
1584 707 1663 727 eoms
1674 706 1790 736 grantez
1803 697 1838 727 de
1854 697 1948 728 nostre
1960 698 2096 730 fraunche
2109 699 2244 739 volume,
2260 709 2288 730 as
2304 700 2376 731 Pre-
2385 694 2415 718 E.
2438 701 2464 720 ²·

1312 733 1385 772 latz,
1404 732 1530 773 Conres,
1548 736 1582 766 &
1597 735 1703 766 Barons
1717 735 1753 765 de
1766 735 1862 766 nostre
1871 736 1912 766 dit
1920 735 2065 768 Roiaume
2099 738 2167 776 qu'il
2181 738 2302 778 puiffent
2312 740 2375 770 essi-
2390 732 2450 757 Par,
2462 739 2489 767 3·

1313 782 1344 801 re
1359 774 1493 803 certeinrz
1506 774 1634 813 persones
1648 775 1695 804 des
1709 773 1819 804 Prelatz
1831 797 1841 812 ,
1867 773 1976 805 Contes
1987 798 1998 814 ,
2021 776 2055 806 &
2067 761 2172 807 l3arons
2183 800 2193 815 ‚
2217 777 2252 809 ὅτ
2265 777 2312 808 des
2327 788 2377 809 au·
2387 771 2415 795 E.
2437 778 2464 795 ²·

1313 818 1367 840 tres
1380 834 1389 849 ,
1412 811 1450 841 les
1465 821 1556 850 queux
1569 811 1588 842 il
1602 813 1665 842 lour
1679 811 1815 842 semblera
1828 812 1968 844 suffisantz
1987 814 2114 852 d'apeller
2127 825 2143 846 a
2157 824 2210 845 eux
2222 838 2233 854 ,
2255 815 2377 848 duraunt
2387 815 2425 834 ⁷7¹·
2448 807 2491 837 ¹⁶⁴

1315 849 1340 879 le
1354 857 1426 879 tems
1439 849 1475 880 de
1488 851 1550 881 lour
1564 851 1642 888 poair
1657 849 1728 886 (cest
1740 861 1756 881 a
1769 850 1861 890 favet,
1876 852 1961 892 jusqes
1974 862 1989 881 a
2007 852 2031 882 la
2045 852 2110 882 Fest
2121 853 2156 883 de
2169 853 2247 884 Seint
2263 854 2374 886 Michel

1313 888 1465 932 precheine
1478 890 1588 928 avenir,
1608 889 1642 920 &
1654 889 1691 919 de
1707 888 1732 919 la
1745 889 1802 920 dire
1816 889 1839 919 F
1840 889 1882 920 est
1901 900 1937 920 en
1951 901 1990 920 un
2009 901 2045 921 an
2059 892 2190 928 prechein
2209 892 2306 930 suiant)
2323 903 2376 932 pur

1313 926 1441 957 ordenier
1456 927 1489 958 &
1504 927 1621 972 establer
1635 926 1722 958 l’estat
1745 926 1780 958 de
1796 927 1892 958 nostre
1908 928 1999 959 hostel
2013 952 2022 968 ,
2045 930 2079 960 &
2098 929 2134 960 de
2155 930 2250 961 nostre
2267 929 2378 963 Roiau-

1314 965 1777 1049 meelgzlsogrcagitroorggscpssstgffis
1790 1014 1842 1035 nos
1856 1005 1963 1044 lettres,
1976 1016 1992 1036 a
2006 1014 2078 1037 ceux
2108 1008 2157 1047 qui
2170 1005 2292 1048 deyuent
2304 1007 2377 1039 estre

1313 1040 1408 1086 essuz,
1426 1052 1519 1087 queux
1532 1043 1601 1082 qu'il
1615 1043 1719 1081 forent,
1737 1052 1784 1080 par
1798 1044 1836 1074 les
1852 1044 1912 1074 ditz
1919 1043 2046 1083 Prelarz,
2065 1029 2192 1084 Oontes,
2208 1046 2240 1076 &
2255 1046 2376 1086 Barons,

1314 1080 1389 1118 plem
1404 1092 1482 1119 poair
1496 1081 1531 1112 de
1541 1082 1662 1112 ordener
1681 1081 1767 1111 l’estat
1785 1082 1820 1112 de
1843 1082 1939 1113 nostre
1953 1082 2056 1113 Hostel
2072 1106 2082 1122 ‚
2107 1084 2140 1114 &
2155 1083 2192 1114 de
2205 1084 2301 1115 nostre
2313 1085 2378 1116 Ro-

1314 1120 1409 1149 iaume
1424 1120 1573 1158 desusditz‚
1590 1130 1626 1150 en
1641 1121 1697 1150 tieu
1712 1121 1832 1151 maniere
1845 1131 1900 1161 que
1921 1121 1982 1151 lour
2003 1121 2177 1152 ordenances
2196 1123 2285 1153 soient
2300 1123 2379 1155 faites

1314 1157 1340 1188 al
1354 1158 1467 1189 honour
1477 1158 1513 1188 de
1528 1158 1622 1197 Dieu,
1641 1159 1675 1189 &
1691 1158 1716 1189 al
1732 1158 1860 1197 honour,
1877 1170 1893 1190 e
1906 1169 1940 1190 au
1955 1159 2038 1198 profit
2051 1160 2087 1191 de
2108 1160 2187 1191 Seint
2207 1160 2296 1201 Egliie
2308 1185 2318 1200 ,
2343 1164 2378 1194 ὃ(

1315 1197 1340 1226 al
1354 1196 1447 1227 honur
1460 1197 1495 1227 de
1507 1207 1596 1236 nous,
1614 1198 1647 1228 ὃς
1657 1208 1672 1228 a
1687 1196 1782 1228 nostre
1796 1197 1895 1236 profit,
1914 1199 1947 1229 &
1959 1209 1992 1228 au
2008 1198 2091 1236 profit
2103 1199 2139 1229 de
2153 1199 2248 1230 nostre
2281 1201 2379 1241 oeple,

1314 1234 1413 1266 solone
1426 1235 1500 1267 droit
1517 1237 1550 1267 &
1564 1237 1645 1267 reson
1654 1259 1664 1275 ,
1681 1236 1715 1267 δε
1728 1236 1754 1266 le
1766 1236 1902 1268 serement
1916 1246 1971 1276 que
1988 1247 2059 1268 nous
2068 1237 2175 1269 feismes
2189 1248 2204 1268 a
2215 1248 2256 1269 no
2295 1249 2312 1270 e
2325 1249 2378 1271 co-

1314 1283 1473 1305 ronement.

1352 1311 1393 1357 Et
1403 1314 1515 1344 voloms
1528 1323 1582 1354 que
1597 1314 1634 1344 les
1648 1313 1740 1353 essuz,
1757 1314 1790 1345 &
1804 1322 1871 1344 toux
1884 1322 1956 1344 ceuz
1971 1337 1981 1353 ,
2000 1324 2054 1352 que
2071 1314 2132 1346 sont
2153 1314 2190 1346 de
2203 1315 2300 1347 nostre
2319 1316 2380 1348 Sei-

1314 1359 1426 1391 gnurie,
1445 1353 1478 1383 δε
1494 1352 1530 1383 de
1544 1352 1639 1383 nostre
1655 1353 1816 1392 ligeaunce,
1833 1353 1869 1383 les
1883 1352 2092 1391 ordenaunces,
2108 1363 2162 1391 que
2181 1355 2258 1385 faites
2273 1355 2379 1387 serrone

1315 1399 1364 1427 par
1377 1390 1414 1420 les
1429 1389 1556 1430 Prelatz,
1575 1390 1699 1430 Comes,
1718 1391 1750 1422 &
1767 1390 1870 1421 Barons
1881 1414 1890 1429 ,
1917 1392 1964 1428 qui
1979 1402 1994 1421 a
2009 1401 2044 1422 ce
2059 1391 2163 1422 serront
2174 1392 2265 1432 essuz,
2282 1394 2316 1424 δε
2329 1405 2379 1425 au-

1314 1436 1367 1458 tres
1381 1438 1429 1467 par
1439 1439 1508 1468 eux,
1524 1440 1538 1460 a
1551 1440 1585 1460 ce
1598 1430 1731 1469 appelez‚
1746 1430 1875 1467 teignent
1889 1431 1922 1461 ὅ(
1951 1429 2046 1460 ardent
2058 1439 2095 1460 en
2108 1438 2177 1461 touz
2188 1431 2247 1461 leur
2280 1434 2378 1473 olna,

1314 1468 1348 1498 &
1360 1468 1427 1506 qu'il
1440 1468 1466 1498 se
1485 1468 1605 1506 puissent
1620 1479 1635 1498 a
1649 1478 1683 1499 ce
1698 1467 1833 1507 asseurer,
1849 1468 1916 1506 lier,
1986 1470 2136 1499 entreiurer
2157 1470 2223 1500 sanz
2241 1480 2259 1501 c
2280 1471 2379 1512 alenge

1313 1505 1350 1536 de
1363 1516 1452 1545 nous,
1469 1517 1507 1537 ou
1522 1507 1557 1537 de
1572 1516 1639 1537 noz.

1350 1543 1408 1582 Et,
1427 1546 1595 1589 silaventure
1615 1546 1731 1586 aviegne
1745 1568 1754 1584 ,
1781 1555 1836 1586 que
1856 1546 1942 1585 partie
1957 1544 1994 1576 de
2010 1554 2064 1576 eux
2079 1568 2089 1584 ,
2116 1547 2164 1584 qui
2180 1545 2286 1578 serront
2303 1547 2383 1579 essuz

1312 1592 1365 1622 pur
1380 1583 1417 1614 lec
1431 1584 1500 1615 dites
1515 1584 1686 1615 ordenances
1698 1585 1764 1615 faire
1779 1607 1789 1623 ‚
1815 1584 1900 1615 soient
1915 1583 2064 1614 destorbez
2083 1594 2132 1622 par
2147 1593 2225 1616 mort
2238 1609 2248 1624 ‚
2273 1596 2312 1617 ou
2329 1596 2380 1625 par

1314 1621 1446 1661 maladie‚
1464 1633 1503 1654 ou
1527 1623 1648 1654 resnable
1666 1623 1808 1654 encheson
1822 1623 1893 1662 (que
1911 1621 1989 1653 Dieu
2009 1622 2139 1661 defende)
2160 1633 2209 1661 par
2222 1626 2286 1664 quei
2305 1624 2325 1655 il
2339 1636 2379 1656 ne

1313 1661 1434 1700 puiffent
1449 1660 1488 1691 les
1502 1661 1572 1692 dites
1584 1661 1755 1692 ordenances
1768 1661 1883 1699 perfaire
1896 1673 1907 1699 3
1951 1671 1986 1692 ue
2002 1661 2122 1702 adonqes
2142 1662 2207 1693 bien
2222 1663 2230 1692 l
2251 1671 2263 1694 r
2274 1673 2290 1693 a
2305 1672 2378 1703 eux,

1312 1701 1360 1739 qui
1375 1700 1481 1731 serront
1494 1699 1621 1738 presentz
1636 1710 1689 1740 pur
1707 1700 1826 1731 mesmes
1846 1701 1882 1730 les
1903 1710 1937 1731 or
1956 1710 2074 1732 enances
2093 1700 2178 1740 faire,
2194 1700 2223 1731 d'
2249 1711 2278 1732 er
2292 1710 2377 1733 avant

1310 1747 1346 1768 en
1362 1738 1399 1769 les
1411 1739 1480 1769 dites
1492 1739 1682 1776 ordenances,
1699 1748 1747 1776 par
1765 1747 1818 1769 eux
1832 1761 1842 1776 ,
1868 1749 1906 1768 ou
1921 1739 2042 1777 appeller
2062 1747 2151 1769 autres
2163 1750 2177 1769 a
2192 1749 2246 1770 eux
2259 1750 2274 1770 a
2293 1740 2378 1771 celles

1310 1776 1483 1809 ordenances
1498 1777 1584 1816 faire,
1603 1777 1700 1808 solone
1714 1787 1749 1808 ce
1762 1777 1826 1815 qu'il
1841 1785 1972 1814 verrent,
1990 1787 2044 1816 que
2061 1787 2095 1808 ce
2109 1777 2161 1808 soit
2179 1777 2239 1817 plus
2253 1788 2270 1809 a
2282 1779 2376 1810 honur

1309 1814 1346 1845 de
1359 1825 1446 1855 nous,
1463 1816 1543 1859 &flu
1556 1815 1640 1856 profit
1652 1816 1688 1846 de
1703 1825 1773 1846 nous
1811 1815 1844 1846 &
1860 1815 1896 1846 de
1910 1815 2006 1846 nostre
2020 1815 2128 1854 poeple.

1310 1892 1320 1923 l
1338 1853 1392 1924 ἵξῃ
1407 1854 1617 1924 τεΐωεέιςηεηεε
1629 1853 1665 1885 de
1677 1863 1750 1894 queu
1761 1838 1845 1885 cirose
1854 1876 1865 1893 ,
1883 1864 1955 1885 nous
1969 1864 2068 1886 avoms
2081 1854 2121 1885 fet
2135 1853 2201 1885 faire
2216 1853 2304 1886 cestes
2316 1861 2377 1886 noz

1321 1902 1337 1923 e
1375 1902 1403 1924 es
1418 1902 1486 1924 over
1499 1903 1534 1924 es.

1346 1969 1430 2000 Don.
1445 1981 1461 2001 a
1471 1969 1599 2002 Westrn.
1616 1971 1642 2001 le
1661 1970 1705 2000 16.
1720 1971 1782 2009 jour
1797 1970 1834 2001 de
1848 1969 1943 2002 Marz.

1311 2095 1360 2128 De
1378 2091 1533 2128 excambio
1554 2097 1666 2128 Mariae
1682 2095 1730 2128 De
1747 2096 1843 2137 Brus,
1863 2105 1918 2140 pro
1934 2094 2062 2130 Whero
2081 2096 2187 2141 Comyn
2204 2097 2236 2129 in
2251 2095 2379 2141 Pristmae

1762 2146 1927 2177 Scotorum.

2392 2206 2468 2238 Ann.
2478 2206 2521 2240 D:

2411 2254 2446 2286 13
2453 2255 2496 2276 ιο.

1353 2304 1446 2344 Qia,
1462 2305 1496 2334 ad
1511 2306 1718 2344 requisitionem
1731 2305 1825 2335 dilecti
1839 2307 1871 2336 ὅ(
1885 2304 1972 2335 fidelis
1984 2303 2086 2342 nostri,
2101 2302 2224 2334 Galfridi
2234 2302 2271 2334 de
2285 2302 2375 2336 Mou-
2390 2288 2448 2350 {¹²¹2
2459 2295 2485 2323 3'

1313 2343 1395 2383 bray,
1413 2344 1447 2373 &
1468 2344 1588 2374 aliorum
1607 2345 1763 2374 amicorum
1782 2344 1902 2373 Walteri
1924 2343 2042 2382 Comyn
2056 2365 2066 2381 ,
2091 2343 2119 2371 in
2139 2341 2252 2372 Prisona
2273 2341 2376 2372 Scoto-
2391 2346 2423 2389 ς’]
2453 2346 2459 2352 “
2521 2367 2523 2372 .

1313 2391 1392 2420 rum,
1412 2381 1601 2412 Inimicorum
1622 2383 1655 2413 &
1671 2382 1832 2412 Rebellium
1853 2380 2017 2412 nostrorum
2032 2404 2042 2420 ,
2066 2380 2221 2419 existentis,
2238 2379 2377 2411 conceffi-
2422 2362 2478 2400 aus.
2494 2370 2523 2398 3·

1313 2430 1376 2451 mus
1391 2420 1469 2458 quod
1483 2419 1577 2450 Maria
1588 2421 1624 2451 de
1639 2420 1724 2458 Erus,
1744 2420 1822 2450 Priso
1839 2420 1875 2450 de
1889 2420 2000 2458 Scotia,
2018 2420 2047 2449 in
2066 2417 2169 2450 Castro
2187 2418 2289 2450 nostro
2305 2428 2378 2458 prae-
2390 2423 2420 2466 m·
2432 2410 2472 2466 28.»

1312 2459 1392 2490 disto
1407 2458 1538 2496 existens,
1557 2469 1609 2499 pro
1621 2459 1758 2500 praedic'lo
1772 2459 1903 2489 &Valrero
1914 2459 2100 2496 deliberetur,
2422 2461 2427 2467 '

1348 2497 1439 2528 Vobis
1453 2498 1616 2528 mandamus
1636 2499 1714 2536 quod
1735 2498 1819 2536 ipsam
1840 2497 1963 2528 Mariam
1981 2507 1997 2528 a
2016 2496 2119 2527 Castro
2140 2496 2278 2536 praedic‘to
2291 2519 2302 2536 ,
2326 2506 2380 2536 pro

1312 2536 1431 2577 praefato
1442 2536 1574 2567 Waltero
1581 2560 1591 2576 ,
1608 2537 1772 2568 deliberetis.

1311 2229 1366 2284 R
1375 2226 1438 2295 {EX
1458 2227 1563 2276 diletflo
1578 2228 1612 2259 &
1627 2228 1699 2260 fideli
1712 2228 1777 2266 suo,
1793 2227 1924 2258 Henrico
1935 2227 1971 2258 de
1983 2226 2061 2258 Bello
2076 2226 2195 2266 Monte,
2214 2226 2378 2260 Constabu-

1386 2276 1443 2296 ario
1457 2266 1549 2296 castri
1565 2268 1603 2297 sur
1618 2267 1655 2298 de
1671 2267 1876 2306 Rokesburgh,
1893 2267 2014 2296 salutem.

1350 2614 1440 2645 Teste
1452 2613 1535 2653 Rege
1547 2613 1621 2652 apud
1635 2612 1940 2651 Westmonasterium,
1956 2613 2097 2645 tricesimo
2110 2611 2158 2642 die
2172 2611 2280 2644 Martii.

1313 2737 1372 2771 Ad
1388 2740 1503 2784 Papam
1515 2765 1524 2780 ‚
1550 2737 1631 2785 quod
1641 2749 1770 2784 paratus
1787 2736 1824 2781 est
1842 2737 1947 2782 facere
1973 2735 2119 2784 quicquid
2127 2738 2193 2779 fine
2209 2735 2378 2770 exhaereda-

1424 2791 1501 2819 tione
1517 2790 1554 2825 (ῥ’
1573 2787 1675 2830 laestone
1694 2790 1805 2820 Coronae
1824 2789 1860 2824 φ’·
1877 2785 1972 2833 Juris
1990 2788 2074 2833 Regii
2081 2784 2155 2829 fieri
2167 2783 2267 2832 potest.

1364 2872 1536 2904 Anfflffimo
1551 2874 1579 2903 in
1596 2871 1714 2903 Christo
1726 2872 1799 2903 Patri
1837 2870 1972 2902 Domino
1990 2870 2028 2900 C.
2049 2869 2158 2902 Divina
2176 2869 2373 2910 Providentia,
2390 2853 2465 2887 Am·
2481 2857 2525 2889 D·

1365 2911 1553 2942 Sacrosantftae
1575 2911 1734 2950 Romanae,
1754 2921 1787 2942 ac
1801 2894 1971 2940 Universalis
1990 2908 2142 2948 Eccleiiae,
2159 2908 2281 2940 Summo
2294 2909 2372 2941 Pon·
2407 2903 2494 2935 ¹3¹0·

1313 2950 1381 2981 tifici
1391 2975 1400 2989 ,
1418 2949 1572 2980 Edwardus
1606 2950 1666 2981 &c.
1681 2951 1783 2980 devota
1793 2947 1901 2993 pedum
1913 2948 2006 2992 oscula
2020 2948 2177 2978 beatorum.
2386 2937 2439 2961 ²¹²²·
2461 2945 2488 2972 3·

1354 2989 1473 3029 Qanto
1483 2973 1624 3031 specialius
1640 2989 1669 3019 in
1691 2987 1801 3018 Paterni
1823 2987 1938 3017 Amoris
1956 2986 1975 3006 ²*
1994 2985 2142 3017 dulcedine
2155 3009 2165 3025 ,
2183 2995 2267 3026 prout
2280 2986 2373 3018 nostra
2387 2977 2417 3001 E.
2436 2983 2463 3002 ²·
2512 3023 2523 3028 g

1315 3035 1392 3058 tenet
1409 3028 1509 3065 opimo
1522 3050 1533 3066 ,
1557 3037 1609 3058 nos
1634 3035 1777 3065 portamur
1789 3047 1799 3063 ‚
1822 3035 1901 3056 tanto
1927 3033 2092 3063 torquemur
2112 3024 2230 3056 amarius
2253 3026 2273 3056 fi
2295 3026 2375 3064 quic·
2388 3016 2458 3040 ΒΜ·
2473 3022 2500 3050 3·

1314 3065 1607 3135 amfflqsb
1626 3076 1640 3096 ²
1661 3064 1780 3142 {sam
1867 3063 1977 3133 aad
1991 3063 2375 3142 ffiafflevpoffmsffi
2437 3060 2482 3116 ²11·

1316 3144 1401 3182 libet,
1418 3150 1465 3172 aut
1473 3126 1622 3172 offensam?
1964 3126 1974 3140 ³
2388 3127 2403 3143 ⁸
2416 3128 2473 3155 ῙῙῙ·

1356 3181 1490 3220 Receptis
1505 3182 1598 3220 itaque
1616 3179 1717 3210 vestrae
1738 3178 1893 3210 Sanffltatis
1912 3178 2009 3210 litteris
2022 3202 2033 3216 ,
2058 3187 2107 3216 per
2121 3178 2308 3209 venerabilem
2322 3178 2379 3209 Pa·
2388 3174 2455 3202 ²05·

1319 3229 1391 3251 trem
1405 3218 1633 3249 Dominum---
1647 3217 1841 3248 Piffiiavensem
1849 3217 2043 3263 Episcopum,
2058 3217 2177 3248 latorem
2188 3218 2380 3256 praesentium,

1316 3258 1499 3297 praesentatis,
1517 3256 1664 3294 auditaque
1677 3257 1758 3294 ips-ius
1771 3255 1933 3295 credentia,
1952 3256 2059 3293 plenius
2071 3256 2104 3286 δι’
2125 3255 2288 3294 intellectis,
2305 3266 2358 3286 nos
2366 3264 2381 3295 ,'

1317 3297 1352 3328 ad
1366 3296 1454 3327 nostn'
1468 3296 1639 3326 memoriam
1653 3295 1816 3326 reducentes
1828 3293 1922 3332 quod,
1936 3303 1951 3324 a
1963 3302 2095 3332 tempore
2105 3292 2195 3323 nostri
2206 3293 2323 3332 suscepti
2333 3304 2377 3325 re-

1320 3336 1458 3373 giminis,
1481 3333 1561 3371 super
1581 3335 1700 3401 negbotiis
1714 3357 1724 3373 ‚
1747 3343 1800 3364 nos
1821 3333 1854 3364 &
1872 3332 2012 3376 Regnum
2034 3331 2161 3375 nostrum
2183 3333 2380 3371 tangentibus,

1320 3384 1390 3404 cum
1403 3372 1503 3403 nostris
1515 3381 1625 3410 proceri
1647 3382 1677 3402 us
1692 3395 1702 3410 ,
1744 3381 1846 3403 uorum
1865 3369 2026 3400 Confihum
2045 3371 2074 3401 in
2091 3369 2189 3400 talibus
2206 3371 2278 3401 adeo
2295 3371 2379 3401 nobis

1319 3411 1502 3443 necessarium
1515 3409 1623 3449 existit,
1637 3411 1714 3448 quod
1724 3382 1787 3441 time
1806 3410 1868 3448 ipsis
1887 3409 2040 3449 quicquam
2055 3409 2134 3447 super
2154 3408 2207 3438 hiis
2222 3418 2302 3449 agere
2315 3419 2377 3440 non

1319 3451 1460 3487 valemus,
1477 3457 1591 3488 propter
1612 3449 1701 3487 aliqua
1719 3448 1922 3487 impedimenta
1933 3469 1943 3484 ,
1967 3457 2030 3486 quae
2042 3447 2077 3477 ad
2092 3445 2177 3478 vestri
2194 3446 2377 3488 Apostolatfis

1321 3489 1446 3519 auditum
1458 3487 1598 3517 credimus
1611 3487 1766 3527 pervenisse
1779 3510 1789 3525 ,
1807 3487 1873 3516 licet
1885 3486 1920 3516 ad
1933 3487 1997 3515 haec
2011 3484 2200 3515 ammovenda
2218 3495 2318 3516 curam
2331 3484 2381 3515 ad-

1322 3526 1504 3595 gibuigemus
1520 3525 1616 3562 saepius
1631 3525 1794 3566 diligentem
1807 3547 1818 3563 ‚
1839 3524 1941 3555 habere
1960 3524 2136 3561 nequivimus
2157 3523 2333 3562 colloquium
2346 3530 2379 3553 ut

1341 3575 1400 3634 eliet
1419 3573 1496 3641 quod
1517 3600 1679 3638 responsum
1697 3601 1775 3640 super
1792 3600 1928 3640 aliquibus
1941 3622 1952 3638 ,
1974 3599 2053 3638 quod
2068 3609 2084 3630 a
2099 3600 2183 3630 nobis
2204 3599 2293 3630 vestra
2310 3597 2380 3628 Cle-

1325 3643 1431 3672 mentia
1443 3640 1606 3685 litteratorie
1622 3649 1686 3670 ante
1699 3641 1762 3670 haec
1783 3647 1911 3679 tempora
1926 3638 2078 3677 postulavit
2089 3661 2100 3677 ,
2122 3639 2152 3668 in
2169 3637 2293 3677 suspenso
2305 3636 2380 3675 posi-

1323 3688 1385 3710 tum
1402 3690 1418 3710 e
1449 3687 1506 3709 itit·

1361 3687 1479 3748 Hacx'tde
1489 3701 1571 3746 gausa
1578 3740 1588 3755 ‚
1606 3715 1804 3754 cupientesque
1814 3716 1888 3746 votis
1899 3715 2018 3754 paternis
2029 3715 2102 3746 filiali
2111 3713 2276 3750 devotione,
2290 3722 2378 3752 quan-

1324 3763 1385 3786 tum
1399 3755 1545 3796 possumus
1560 3777 1569 3792 ‚
1591 3765 1712 3785 annuere
1730 3754 1833 3792 absque
1850 3754 1920 3791 juris
1932 3753 2020 3783 nostri
2037 3750 2244 3795 Regii-laesione
2258 3772 2268 3788 ,
2293 3761 2378 3789 quos-

1324 3794 1390 3824 dam
1404 3793 1439 3823 de
1454 3791 1582 3823 Consilio
1604 3792 1704 3823 nostro
1716 3815 1726 3830 ,
1749 3791 1899 3823 nobiscum
1919 3800 1988 3822 tunc
2005 3798 2140 3827 temporis
2152 3787 2296 3830 existentes
2308 3812 2318 3827 ‚
2342 3789 2378 3820 ad

1325 3831 1500 3899 traegandum
1519 3830 1598 3871 super
1620 3832 1763 3862 contentis
1780 3832 1811 3861 in
1829 3829 1909 3860 dietis
1928 3829 2025 3860 litteris
2042 3827 2137 3859 vestris
2155 3825 2284 3857 duxunus
2301 3827 2383 3868 affig-

1326 3880 1382 3900 nan
1402 3879 1447 3900 os:

1325 3908 1681 3984 serenares,
1693 3901 2386 3980 mem&

1327 3985 1396 4016 bant
1408 3984 1492 4016 nobis
1505 3983 1585 4024 supet
1597 3983 1650 4015 hiis
1662 3982 1805 4014 consulere
1818 3981 1845 4013 se
1856 3990 1917 4012 non
1930 3978 2018 4019 posse.
2354 4016 2392 4051 Et
