2570 4261
24 2091 27 2095 ·
37 2082 131 2100 meras.

786 211 886 253 ET
942 212 1178 255 ACTA
1231 207 1640 255 PUBLICA.

19 328 86 364 Am
109 300 149 359 D‘
168 301 232 345 mus
252 301 282 332 in
296 299 436 332 servitium
450 298 525 337 Dei,
542 297 587 329 vel
595 296 744 340 Ecclefiae,
758 304 804 326 aut
815 298 845 327 in
859 299 1048 343 commodum.
1055 300 1149 339 Regni
1163 299 1224 330 An-

36 378 71 399 12
73 353 119 397 6'1.
143 351 149 357 ·
168 339 420 409 ggffthgegirindum
441 338 518 376 quod
538 345 665 368 tenemur
683 336 715 367 &
735 345 765 365 in
778 334 868 366 forma
880 345 953 375 pacis
966 337 1108 374 praedi&ae
1119 338 1226 376 plenius

16 411 78 438 Hm·
99 415 123 443 3·
205 415 240 446 In
254 402 347 454 cujus,
363 415 423 446 &c.

206 495 281 526 Data
300 493 372 532 apud
391 492 516 524 Westm.
533 491 647 523 decimo
659 493 704 523 die
717 492 897 531 Decembris,
913 504 987 526 anno
1000 494 1122 526 Domini
1136 494 1225 525 mille-

170 534 240 566 simo
252 531 445 563 ducentesimo
455 532 617 571 sexagesimo
630 532 729 569 primo.

171 612 259 668 RE
268 611 300 642 X
317 611 465 650 universis,
480 610 623 649 praesentes
637 609 736 642 litteras
751 611 925 651 inspet‘hris,
938 614 1056 646 salutern.

186 690 192 695 ι
241 649 390 680 Noveritis
405 649 499 694 quod,
517 659 584 679 cum
604 658 652 687 per
666 659 763 693 pacem
779 651 813 681 &
827 653 1078 692 compositionem,
1096 654 1166 682 inter
1179 661 1226 682 ca-

170 687 307 720 rissimum
330 687 492 719 Dominum
513 688 547 717 &
571 686 809 726 consanguineum
822 688 949 720 nostrum
964 691 1143 721 Ludovicum
1156 690 1229 719 illus-

168 736 243 758 trem
265 726 378 766 Regem
398 726 573 756 Francorum
587 748 596 763 ,
614 726 647 755 &
663 736 714 755 nos
727 735 814 765 nuper
832 726 972 768 habitam,
990 730 1066 759 idem
1082 729 1227 759 Dominus

170 765 236 796 Rex
249 773 386 796 teneretur
402 764 483 794 nobis
494 763 558 793 dare
572 763 696 793 valorem
710 772 789 794 terrae
802 765 928 803 Agenesii
944 768 972 797 in
984 769 1119 807 pecunia,
1137 767 1228 805 singu-

173 804 204 848 lis
222 804 298 834 annis
315 801 443 847 solvenda
461 802 541 832 certis
553 802 693 840 terminis,
711 802 779 832 sicut
798 803 827 832 in
840 804 930 835 forma
947 807 1020 843 pacis
1033 805 1153 843 ejusdem
1171 805 1229 842 ple-

172 852 234 872 nius
246 848 422 879 continetur,

210 878 342 909 Tandem
355 902 364 917 ,
386 879 423 910 de
442 877 557 908 assenss'u
579 877 658 914 ipsius
671 876 793 907 Domini
810 878 895 918 Regis
910 880 943 910 ὃς
958 880 1074 919 nostro,
1088 880 1165 918 super
1183 890 1231 910 va-

171 917 233 986 igitr?
250 925 332 985 tprrae
352 916 494 955 praedictae
510 939 520 954 ,
536 916 676 946 mediante
689 916 832 946 bonorum
848 919 979 957 consilio,
996 920 1181 950 convenimus
1200 919 1230 948 in

228 965 245 985 c
270 964 396 986 ummam
509 976 513 980 ι

215 993 375 1031 Videlicet,
393 978 443 1024 t'ria
463 992 562 1030 millia,
580 991 758 1033 septingentas
771 1016 780 1031 ,
798 995 896 1034 viginti
915 995 993 1025 libras
1007 1018 1018 1033 ,
1035 994 1104 1024 oc‘to
1119 994 1234 1033 solidos,

174 1033 209 1063 &
222 1031 265 1062 sex
280 1032 406 1062 denarios
417 1031 528 1061 Turon.

213 1070 311 1108 Qam
330 1071 458 1110 pecuniae
474 1069 612 1099 summam
630 1069 734 1100 solvere
752 1077 859 1100 tenetur
881 1071 957 1101 idem
978 1070 1043 1100 Rex
1063 1071 1144 1100 nobis
1155 1093 1164 1109 ,
1189 1070 1236 1101 vel

177 1108 277 1139 nostro
291 1117 368 1139 certo
383 1107 514 1139 mandato
530 1107 642 1137 Parisius
656 1108 727 1148 apud
742 1107 916 1148 Templum,
934 1109 1056 1140 terminis
1069 1108 1237 1147 subnotatis,

179 1148 208 1177 in
241 1146 354 1177 raedicta
366 1147 457 1177 forma
469 1146 542 1186 pacis
554 1146 681 1183 expressis
690 1169 699 1184 ,

246 1185 356 1215 idelicet
384 1184 560 1216 medietatem
580 1185 610 1212 in
633 1184 784 1223 Qimdena
811 1183 982 1215 Ascenfionis
1001 1183 1188 1222 Dominicae3
1203 1185 1237 1216 &

180 1223 357 1254 medietatem
383 1224 463 1254 aliam
489 1224 519 1252 in
542 1222 694 1290 {pindena
720 1222 862 1252 Omnium
882 1222 1050 1252 Sanctorum
1072 1223 1236 1260 annuatim,

179 1261 312 1301 quamdiu
325 1271 419 1292 tamen
433 1261 546 1291 debebit
581 1261 618 1290 eri
629 1260 884 1300 solutiopraedieta,
901 1260 1054 1290 secundum
1067 1261 1237 1291 conventio-

180 1311 228 1331 nes
242 1302 271 1330 in
287 1301 418 1338 pra-dicta
436 1300 526 1330 forma
543 1299 616 1338 pacis
636 1300 789 1337 expressas,
808 1297 884 1328 salvis
902 1299 957 1327 aliis
978 1297 1185 1329 conditionibus
1202 1300 1236 1329 &

180 1339 266 1379 pastis
282 1349 344 1376 quae
358 1339 388 1369 in
400 1338 492 1368 forma
505 1336 579 1376 pacis
588 1336 707 1372 ejusdem
724 1336 829 1373 plenius
841 1337 1029 1365 continentur.

216 1377 249 1408 In
258 1378 334 1415 cujus
348 1377 387 1407 rei
394 1375 586 1407 testimonium
599 1373 742 1412 praesentes
749 1373 849 1404 litteras
858 1373 943 1413 sigillo
951 1372 1049 1404 nostro
1061 1374 1236 1414 fignavimus.

215 1456 290 1488 Data
304 1456 377 1496 apud
390 1454 515 1485 Westm.
532 1453 705 1484 duodecimo
719 1453 764 1484 dic
776 1453 960 1492 Decembris,
977 1464 1053 1485 anno
1067 1454 1237 1486 incarnatio-

177 1495 221 1526 nis
234 1495 398 1526 Dominicae
410 1494 556 1524 millesimo
569 1492 759 1523 ducentesimo
773 1492 935 1531 sexagesimo
949 1494 1052 1532 primo.

181 1629 302 1661 Littera
334 1629 464 1675 Angerii
487 1627 522 1660 de
549 1630 712 1662 Ganaretto
726 1653 736 1668 ‚
768 1628 852 1658 Civis
879 1627 980 1659 Baion.
1011 1625 1046 1659 de
1067 1627 1242 1671 juramento

224 1675 363 1722 prestito,
389 1675 469 1722 quod
478 1675 578 1720 fidelis
598 1679 655 1708 erit
670 1677 799 1708 Domino
814 1672 970 1707 Edwardo
983 1700 993 1716 ,
1019 1677 1105 1722 Regis
1129 1674 1245 1721 Angliae

226 1728 444 1772 primogenito,
470 1733 573 1756 contra
593 1735 688 1757 omncs
708 1726 853 1756 viventes.

35 1803 109 1835 Ann.
126 1803 168 1834 D.

60 1844 143 1873 1261.

36 1885 88 1909 Ad.
104 1882 152 1917 46·

37 1925 74 1948 H.
92 1929 118 1956 3.

37 1963 68 1986 L.
102 1962 129 1985 Β.
148 1956 174 1993 f.

39 1998 101 2031 164.
115 2006 140 2023 a.

189 1814 412 1874 UNiverfis,
435 1813 469 1844 ad
492 1820 562 1852 quos
582 1811 726 1851 praestntes
738 1812 837 1843 litterae
853 1814 1043 1853 pervenerint,
1062 1813 1196 1852 Augerius
1214 1812 1249 1844 de

277 1852 451 1890 GanerettO,
468 1851 546 1882 Civis
560 1851 656 1882 Baion.
668 1850 782 1881 salutem
797 1853 826 1882 in
841 1848 983 1883 Domino.

228 1891 354 1922 Noverit
372 1890 548 1922 Univei'sitas
571 1889 659 1920 vestra
678 1899 725 1919 me
743 1891 772 1919 iri
791 1890 932 1927 praesentia
951 1889 1167 1921 excellentissimi
1184 1890 1252 1928 viri,

196 1930 320 1961 Domini
333 1931 391 1960 mei
414 1927 566 1959 *Domini
580 1927 843 1965 Edwardi,illustris
858 1928 945 1968 Regis
957 1929 1068 1968 Angliae
1081 1929 1252 1967 piimogeni-

196 1970 218 2000 ti
231 1993 241 2008 ,
277 1954 427 2007 τοῐῃίἷιίῖἒ,
445 1967 478 1998 &
491 1967 571 1997 taetis
583 1966 767 1997 sacrosanctis
782 1966 938 2007 Evangeliis
950 1967 1130 2005 corporaliter
1142 1966 1254 2004 jurasse,

198 2017 256 2047 quo
292 2016 346 2046 ego
369 2016 434 2043 ero,
453 2005 488 2036 de
510 2013 631 2043 caetero,
649 2004 740 2035 eidem
760 2005 894 2036 Domino
915 2016 981 2036 meo
994 2013 1084 2044 tutus,
1100 2005 1202 2043 fidelis,
1219 2005 1253 2036 &

36 2042 105 2072 ΡΜΣ
121 2038 171 2062 Ca·
197 2045 343 2083 honestus,
364 2045 397 2075 &
412 2044 544 2075 omnibus
556 2043 689 2073 mandatis
704 2044 757 2073 suis
770 2045 915 2074 intendens
927 2045 960 2075 ὃς
973 2043 1120 2074 obediens:

232 2083 302 2114 Nec
315 2091 412 2114 contra
424 2082 530 2121 ipsum,
552 2090 600 2112 aut
614 2082 797 2112 Senescallum
811 2083 855 2112 vel
870 2082 986 2113 Ballivos
1007 2081 1069 2112 suos
1099 2081 1144 2112 vel
1158 2089 1255 2112 contra

39 2149 58 2168 a«
195 2122 443 2153 Communitatem
457 2143 467 2159 ,
493 2120 537 2150 seu
557 2128 663 2159 partem
686 2120 905 2151 Communitatis
918 2144 928 2158 ,
946 2121 1045 2160 aliquas
1090 2121 1163 2150 ciam
1185 2129 1256 2150 con-

74 2150 95 2177 Ῐ·
112 2158 175 2185 734·
194 2160 365 2198 venticulas,
388 2160 432 2190 vel
446 2161 545 2198 juratas
564 2168 612 2198 per
632 2168 679 2188 me
695 2181 704 2196 ,
719 2159 763 2189 vel
778 2169 825 2195 per
838 2159 941 2197 alium,
960 2159 1014 2196 set,
1032 2158 1051 2188 si
1062 2158 1163 2189 scirem
1179 2158 1257 2196 quod

195 2200 294 2238 aliquis
310 2197 443 2237 praediCta
456 2205 621 2234 conaretur,
639 2196 732 2227 statim
747 2196 880 2228 Domino
893 2207 960 2228 meo
974 2197 1126 2238 praedictO,
1135 2196 1186 2228 ‘vel
1202 2198 1257 2235 ejus

200 2237 333 2269 mandato
347 2235 444 2267 eadem
457 2235 614 2266 nunciabo:

232 2276 271 2307 Et
284 2275 361 2314 quod
375 2282 427 2315 pro
441 2274 635 2304 immutatione
652 2272 736 2303 status
747 2272 875 2304 Civitatis
895 2273 990 2304 Baion.
1010 2273 1081 2303 faeta
1096 2282 1111 2303 a
1125 2272 1258 2304 Domino

195 2315 362 2359 Edwardo,
372 2324 432 2344 non
446 2313 561 2344 nocebo
570 2335 580 2350 ,
598 2321 652 2342 nec
666 2311 848 2342 machinabor
860 2312 962 2351 aliquid
977 2321 1075 2343 contra
1088 2312 1208 2351 aliquem
1222 2312 1258 2343 de

195 2363 294 2385 Vicinis
308 2362 385 2383 meis.

233 2391 272 2422 Et
285 2392 349 2421 haec
362 2390 459 2421 omnia
471 2389 584 2427 promisi
596 2388 711 2420 fideliter
723 2387 891 2418 observanda
904 2388 953 2419 sub
966 2388 1123 2419 incursione
1136 2388 1258 2427 personae

198 2440 271 2461 meae
281 2453 291 2468 ,
310 2431 343 2461 &
358 2429 489 2458 omnium
502 2437 594 2457 rerum
606 2436 740 2457 mearum.

236 2468 283 2498 Ad
304 2469 439 2504 majorem
459 2466 542 2496 etiarn
563 2465 734 2495 securitatem
754 2464 905 2494 faciendam
922 2464 1014 2495 eidem
1028 2464 1161 2495 Domino
1175 2475 1261 2503 meo,

196 2506 362 2544 fidejussores
374 2504 469 2534 inveni
482 2504 516 2534 &
531 2504 659 2541 liberavi,
673 2502 793 2540 scilicet,
808 2501 924 2532 Petrum
937 2502 972 2533 de
986 2502 1127 2541 Gaveret,
1145 2502 1262 2533 Petrum

198 2544 269 2574 Arn.
293 2544 328 2573 de
355 2542 426 2573 Luc.
442 2540 605 2578 Johannem
625 2540 661 2571 de
678 2540 800 2570 Norton
813 2562 823 2577 ,
845 2542 878 2571 &
893 2540 1076 2571 Edmundum
1088 2541 1123 2571 de
1139 2541 1260 2571 Soubist.

200 2582 287 2613 Cives
298 2581 393 2612 Baion.
411 2580 459 2618 qui
472 2580 498 2610 se
512 2579 603 2609 modis
613 2579 745 2609 omnibus
757 2578 894 2615 praedietis
908 2588 960 2616 pro
973 2588 1020 2609 me
1042 2579 1244 2617 obligaverunt.

239 2620 307 2650 Nos
327 2629 396 2650 vero
413 2618 561 2648 memorati
582 2616 678 2647 Petrus
705 2615 814 2646 Gavert
829 2639 839 2654 ,
865 2616 961 2647 Petrus
981 2617 1051 2646 Arri.
1068 2616 1211 2654 Johannes
1228 2617 1263 2647 de

201 2658 339 2695 Norton,
356 2656 540 2691 confitemur,
556 2656 589 2686 &
601 2655 692 2695 palam
706 2653 889 2694 protestamur
904 2654 981 2692 quod
997 2655 1145 2692 praeditstus
1167 2655 1264 2695 Auge-

202 2699 257 2728 rius
269 2697 365 2727 omnia
379 2693 511 2733 praedicta
523 2693 638 2724 fideliter
652 2694 686 2724 ὅ(
707 2692 763 2722 sine
774 2692 843 2724 dolo
859 2695 980 2731 tenebit,
998 2694 1032 2724 &
1050 2693 1105 2730 ipsa
1121 2695 1263 2731 promitti·-

205 2745 267 2766 mus
275 2745 326 2773 pro
334 2743 383 2770 e0,
396 2733 446 2763 sub
455 2732 610 2762 incursione
625 2731 802 2770 personarum
810 2732 980 2762 &omnium
992 2741 1084 2761 rerum
1096 2731 1262 2763 nostrarum.

239 2773 273 2803 In
288 2774 365 2810 cujus
379 2772 418 2801 rei
433 2770 627 2801 testimonium
649 2779 700 2800 nos
719 2779 819 2800 omnes
841 2770 1018 2808 praesentibus
1042 2770 1135 2801 litteris
1148 2770 1265 2810 figulum

206 2811 337 2843 nostrum
351 2809 535 2848 apposuimus.

38 2115 151 2137 Stactar-

243 2892 311 2923 Dat.
332 2890 404 2922 Burd
442 2914 448 2920 .
467 2889 620 2920 undecimo
633 2890 678 2920 die
694 2889 878 2930 Decembris,
893 2899 968 2922 anno
989 2889 1111 2921 Domini
1123 2889 1268 2921 millesimo

204 2930 400 2962 ducentesimo
423 2929 577 2968 exagesuno
591 2930 693 2967 primo.

240 3063 290 3095 De
308 3058 420 3093 duobus
435 3061 511 3095 mill.
535 3063 640 3094 Marc.
653 3055 787 3110 sterling.
805 3059 930 3106 Ecclefiae
947 3065 1078 3095 Romana
1089 3056 1240 3107 sblv'endix

463 3119 518 3154 pro
537 3107 647 3142 duobus
663 3115 747 3143 annis
757 3114 828 3157 jam
844 3111 1012 3156 tranfhfflss

62 3207 138 3238 Ann.
154 3205 193 3235 D.
284 3198 402 3242 Rbanus
420 3197 589 3242 Episcopus,
606 3198 696 3242 servus
714 3192 855 3231 servorum
871 3200 944 3237 Dei,
960 3200 1100 3231 carissimo
1113 3201 1141 3230 in
1156 3189 1273 3229 Christo

90 3244 175 3274 1261.
255 3237 418 3306 dictfllcssem.
484 3236 581 3267 illustri
601 3236 676 3276 Regi
690 3237 800 3277 Angliae
813 3262 824 3278 ,
841 3240 953 3270 salutem
968 3240 1002 3270 &
1016 3238 1211 3277 Apostolicam
1225 3238 1276 3267 be-

63 3285 170 3358 1²5²?ss
218 3286 409 3357 neHonorem
422 3321 519 3350 tuum,
537 3313 575 3342 fili
597 3312 866 3355 cariffime‚„de·cere
889 3316 1045 3352 credimus,
1059 3324 1093 3344 ac
1106 3315 1158 3344 tuis
1169 3314 1202 3344 ὃ(
1217 3312 1277 3342 Re-

65 3363 106 3387 fx
121 3363 179 3387 Au-
219 3354 268 3393 gni
291 3361 331 3382 tui
351 3351 521 3389 profectibus
539 3351 668 3388 expedire
683 3359 729 3388 ut,
746 3355 824 3392 quod
839 3354 909 3392 juste
920 3355 1003 3385 debes
1015 3352 1199 3383 SacrosanCtae
1214 3351 1278 3381 Ro-

62 3404 129 3434 ngr.
223 3401 314 3422 mance
327 3390 461 3421 Ecclesiae
476 3391 556 3419 matri
568 3397 649 3427 tuae‚-
659 3390 696 3419 sic
729 3399 854 3431 romptus
868 3393 996 3430 exolvas,
1014 3391 1091 3432 quod
1105 3391 1219 3429 gratiam
1231 3399 1278 3419 ac-

219 3431 311 3500 59ng
330 3438 365 3459 ex
382 3427 497 3466 debito,
511 3428 545 3457 &
558 3437 696 3458 commen
715 3429 753 3459 ari
774 3438 910 3460 mereatur
924 3430 1071 3460 Celsitudo
1088 3429 1176 3468 Regia
1192 3437 1224 3457 ex
1238 3427 1279 3457 af-

261 3506 341 3536 Cum
361 3506 444 3535 icitur
465 3504 561 3534 census
580 3513 686 3533 annuus
703 3504 780 3535 mille
800 3505 964 3536 Marcarum
984 3505 1179 3544 sterlingorum
1196 3526 1205 3542 ,
1223 3514 1237 3533 a
1253 3512 1280 3533 te

223 3544 356 3576 Ecclesiae
372 3529 521 3586 Romame
540 3541 649 3585 debitus
660 3565 669 3579 ,
691 3551 744 3585 pro
756 3543 864 3573 duobus
881 3545 957 3574 annis
975 3544 1129 3581 transaditis,
1146 3543 1228 3582 usque
1246 3542 1281 3572 ad

222 3583 338 3614 Festum
356 3582 430 3612 beati
461 3579 611 3610 Michaelis
638 3589 769 3619 proximo
795 3583 963 3619 praeteritum
982 3581 1177 3621 computandis
1190 3603 1199 3618 ,
1222 3590 1281 3609 non

222 3623 305 3654 fuerit
320 3620 483 3661 persolutus3
500 3618 702 3649 Excellentiam
721 3621 1008 3658 tuamrequirendam
1027 3621 1155 3651 duximus
1169 3642 1178 3658 ,
1196 3620 1229 3648 &
1242 3618 1282 3647 af-

225 3661 349 3692 feetione
369 3666 478 3695 paterna
500 3656 653 3695 rogandam
667 3680 677 3694 ,
703 3658 829 3696 quatinus
849 3658 964 3689 censum
984 3658 1092 3696 ipsum,
1111 3668 1161 3695 pro
1181 3656 1282 3687 eisdem

226 3700 321 3738 annis,
340 3697 444 3727 dilecto
463 3694 521 3725 filio
536 3696 611 3725 fratri
621 3694 744 3734 johanni
764 3694 799 3725 de
812 3694 928 3735 Canna,
946 3696 1049 3727 ordinis
1061 3697 1176 3726 fratrum
1191 3696 1284 3724 mino-

227 3747 308 3775 rum,
325 3737 371 3766 has
385 3735 435 3766 tibi
447 3734 546 3764 litteras
559 3735 748 3771 praesentanti,
766 3734 881 3763 nomine
893 3733 992 3764 nostro
1005 3735 1037 3765 &
1050 3734 1170 3772 ejusdem
1183 3733 1285 3762 Eccle-

226 3776 291 3813 siae,
307 3776 347 3805 ob
359 3774 540 3804 reverentiam
557 3772 729 3809 Apostolicae
743 3770 809 3800 sedis
830 3771 863 3801 &
877 3771 1014 3809 nostram,
1031 3773 1138 3803 sublato
1150 3772 1285 3803 dilationis

227 3815 262 3844 &
274 3812 443 3843 difficultatis
456 3810 601 3841 obstaculo
610 3833 619 3847 ,
636 3819 763 3847 prompta
777 3809 921 3839 voluntate
933 3810 1084 3849 persolvas,

266 3849 307 3880 Ita
318 3852 400 3894 ⁷quod
415 3874 424 3888 ‚
441 3859 468 3880 te
487 3850 579 3879 matris
599 3849 707 3885 justitiae
722 3848 850 3878 debitum
868 3847 994 3886 hylariter
1006 3849 1170 3886 exolvente,
1186 3847 1287 3886 Regiae

230 3887 386 3919 devotionis
407 3887 622 3919 commendetur
639 3888 775 3918 sinceritas
790 3909 799 3923 ‚
810 3887 855 3927 J&
867 3887 952 3925 gratia
965 3885 1059 3917 nostra
1073 3888 1142 3925 tibi,
1159 3887 1288 3917 fratrum-

230 3935 286 3966 que
298 3926 460 3957 nostrorum
474 3926 587 3956 dileetio
600 3925 706 3963 semper
721 3926 863 3955 accrescat.

268 4003 335 4036 Dat.
351 4005 487 4046 Viterbii,
498 4007 592 4039 Idibus
605 4006 773 4038 Decembris
781 4029 790 4045 ,
806 4001 990 4035 Pontificatfis
1002 4003 1090 4034 nostri
1103 4009 1178 4034 anno
1186 4006 1287 4042 primo.

802 4083 927 4115 Plumbeo
939 4082 1028 4122 Sigillo
1040 4095 1058 4113 a
1063 4084 1116 4125 filo
1131 4084 1252 4115 canabe&

267 4119 337 4154 Tom³
355 4124 374 4154 ,7
402 4126 431 4155 P,
452 4125 491 4154 ΙΙ.

2264 215 2316 263 67

2331 321 2406 352 Arm.
2420 321 2459 353 Da

1282 392 1401 423 Littera
1419 391 1490 435 Regi
1509 392 1638 423 Franciae
1650 417 1659 433 ,
1676 391 1711 424 de
1723 393 1852 424 Pecunia
1870 394 1951 424 Duci
1966 394 2123 424 Britanniae
2131 389 2287 435 sblvcnda.
2328 361 2445 435 minz?

1262 477 1407 535 REGI
1429 477 1555 508 Franciae
1572 501 1581 516 ,
1604 478 1669 509 Rex
1690 478 1800 518 Angiiae
1819 480 1930 511 salutern
1943 503 1953 518 ,
1977 481 2010 512 &
2026 479 2138 510 sincerae
2157 478 2313 509 dilefflonis
2330 476 2380 499 Λα·
2398 475 2444 508 46·

1333 516 1477 546 affedium.
2329 515 2363 538 H.
2386 521 2408 547 3,

1297 553 1377 585 Cum
1396 562 1538 585 teneamur
1559 554 1697 585 exsolvere
1709 577 1718 593 ,
1737 556 1813 584 annis
1835 555 1956 595 singulis,
1973 556 2077 587 diledm
2096 557 2178 586 nobis
2187 555 2312 594 Johanni
2330 550 2463 584 C·2²⁴s4⁶³

1261 591 1297 635 de
1311 592 1462 631 Britannia,
1480 595 1527 632 qui
1541 592 1625 623 filiam
1641 593 1763 624 nostram
1778 593 1883 623 duxerit
1897 596 1925 624 in
1938 604 2068 631 uxorem,
2082 594 2205 624 valorem
2220 594 2312 623 hono*
2331 591 2365 613 A.
2383 595 2407 622 3·

1262 640 1296 659 ris
1317 631 1537 661 Richemundiae
1549 655 1558 669 ,
1583 632 1675 662 donec
1696 633 1719 660 ei
1740 632 1768 660 iii
1782 631 1838 660 aliis
1856 634 1930 661 terris
1941 632 2160 671 assignaverimus
2174 631 2257 669 usque
2280 631 2315 662 ad
2333 633 2369 652 m·
2382 632 2423 660 ι7·
2439 623 2464 651 ⁴¹·

1263 668 1387 713 valorem
1406 669 1519 699 honoris
1543 669 1666 707 praediffi
1681 693 1690 708 ,
1709 671 1741 700 &
1763 678 1797 699 ex
1815 671 1898 700 causis
1912 670 2044 710 plerisque
2058 671 2173 709 pecunia
2185 680 2254 707 opus
2268 669 2317 699 ha-

1263 706 1403 737 buerimus
1417 709 1589 745 temporibus
1603 707 1673 746 istis,
1688 717 1720 738 ac
1736 707 1826 737 eidem
1840 707 1874 738 de
1888 710 2017 745 proximo
2033 709 2153 738 termino
2164 709 2219 745 jam
2231 715 2317 738 trans⁴

1262 745 1327 774 aeto
1337 745 1484 775 satisfacere
1497 746 1661 784 debeamus3

1299 782 1490 816 Sinceritatem
1506 784 1625 815 vestram
1637 793 1780 822 rogamuS,
1799 784 1831 814 &
1845 786 2006 823 requirimus
2025 791 2126 814 attente
2161 784 2282 820 uatinus,
2298 782 2319 812 si

1265 820 1370 862 placet,
1385 832 1436 850 nos
1450 831 1513 861 erga
1529 824 1674 860 praefatum
1684 821 1844 859 Johannem
1858 822 1892 852 de
1911 823 1986 853 mille
2002 793 2223 858 Marcis*(}uper
2236 821 2320 852 dena-
2339 814 2354 830 ‘

1266 868 1336 895 rios,
1352 869 1421 898 quos
1435 869 1486 896 pro
1501 862 1592 891 valore
1605 869 1684 891 terrae
1698 860 1824 898 Agenesii
1838 861 1919 891 nobis
1931 861 2071 891 annuatim
2078 860 2182 890 debetis
2191 882 2200 897 ,
2217 867 2320 897 opten-

1268 904 1298 925 tu
1319 906 1434 940 precum
1456 897 1609 928 nostrarum
1624 922 1634 937 ,
1651 900 1805 936 acquietare
1824 900 1929 937 velitis3
1948 908 1978 929 ut
1991 897 2090 929 exinde
2103 897 2201 928 vestrae
2214 896 2322 927 Domi-·

1269 942 1375 964 nationi
1388 935 1575 966 actuberiores
1587 945 1728 967 teneamur
1741 937 1887 975 gratiarum
1900 938 2032 968 actiones.

2370 811 2470 850 1-735'1

1308 1014 1396 1045 Teste
1411 1014 1491 1054 Rege
1502 1016 1575 1055 apud
1587 1015 1709 1046 Westm.
1729 1016 1765 1045 28
1785 1015 1830 1045 die
1843 1014 2018 1047 Decembris2

1465 1146 1624 1193 Ejufhrodi
1643 1149 1760 1180 Littera
1774 1145 1817 1179 ad
1830 1148 1958 1179 Franciae
1976 1149 2130 1193 Reginam.

1334 1234 1433 1274 Eginae
1454 1235 1596 1274 Franciae,
1622 1234 1688 1266 Rex
1707 1234 1815 1274 Angliae
1835 1234 1964 1272 salutern,
1991 1234 2024 1265 δὲ
2041 1234 2153 1264 smeerae
2171 1233 2326 1265 dileffionis
2345 1231 2422 1262 Ann.
2436 1231 2477 1262 D:

1345 1274 1451 1313 semper
1463 1275 1605 1305 affectum.
2368 1270 2449 1299 1261.

1311 1313 1390 1344 Cum
1410 1322 1570 1350 teneamur,
1589 1312 1648 1348 ὠς.
1669 1319 1700 1342 ut
1724 1321 1790 1350 upra
1804 1309 1898 1350 usque,
1916 1310 2126 1347 Sinceritatem,
2145 1320 2212 1340 curn
2232 1320 2266 1340 ue
2280 1320 2327 1348 per
2348 1313 2400 1335 An.
2414 1309 2459 1343 46-

1274 1352 1409 1383 Nuncios
1423 1351 1570 1382 &litteras
1584 1350 1686 1380 nostras
1738 1351 1866 1380 ominum
1881 1348 2009 1379 nostrum
2025 1350 2058 1379 ὃς
2079 1347 2202 1378 vestrum
2248 1357 2328 1387 egem
2348 1355 2383 1377 H·
2403 1356 2426 1382 3·

1274 1391 1458 1430 requiramus,
1476 1398 1505 1420 ut
1527 1389 1582 1427 ipse
1600 1399 1652 1419 nos
1670 1397 1732 1427 erga
1754 1390 1899 1426 praefatum
1910 1386 2069 1425 Johannem
2082 1387 2117 1416 de
2130 1387 2205 1417 mille
2221 1386 2327 1416 Marcis
2362 1383 2473 1412 ibidem

1272 1429 1349 1465 super
1375 1428 1499 1458 denarios
1513 1450 1523 1466 ,
1547 1437 1617 1466 quos
1637 1436 1689 1466 pro
1709 1426 1801 1457 valore
1821 1435 1902 1455 terrae
1922 1425 2071 1464 Agenensis
2084 1425 2167 1455 nobis
2183 1426 2326 1455 annuatim

1271 1467 1376 1498 solvere
1390 1474 1514 1503 tenetur,
1531 1473 1648 1504 optentu
1663 1474 1777 1503 precum
1789 1464 1944 1494 nostrarum
1957 1464 2112 1501 acquietare
2123 1463 2206 1502 velit,
2225 1462 2322 1493 Since·

1273 1507 1383 1536 ritatem
1398 1503 1518 1535 vestram
1533 1513 1660 1543 rogamus
1671 1512 1774 1534 attente
1786 1511 1916 1542 quatenus
1931 1511 1993 1541 erga
2005 1501 2150 1539 praefatum
2164 1500 2328 1531 Dominum

1276 1544 1406 1583 Regem,
1424 1544 1444 1573 fi
1459 1543 1566 1580 placet,
1586 1541 1692 1580 modis,
1709 1543 1807 1581 quibus
1819 1540 1946 1578 expedire
1962 1540 2108 1577 noveritis,
2125 1537 2224 1569 instare
2238 1539 2328 1570 velitis

1275 1591 1306 1612 ut
1327 1582 1381 1621 ipse
1403 1582 1528 1619 petitioni
1548 1580 1650 1610 nostrae
1669 1589 1771 1610 annuat
1791 1581 1820 1608 in
1840 1579 1892 1610 hac
1915 1587 2006 1617 parte,
2023 1587 2070 1619 per
2086 1577 2162 1616 quod
2176 1577 2276 1609 vestrae
2288 1576 2331 1608 di:

1280 1621 1395 1653 leffioni
1410 1619 1558 1659 specialiter
1573 1627 1713 1650 teneamur
1728 1618 1761 1648 ad
1779 1625 1873 1657 grates.

1316 1700 1405 1733 Teste
1418 1709 1448 1732 ut
1460 1700 1544 1740 supra

1323 1788 1360 1814 In
1373 1785 1508 1822 fllargine.

1324 1863 1396 1893 Alia
1415 1862 1510 1893 littera
1530 1863 1633 1893 direHa
1644 1861 1705 1904 fuit
1726 1862 1807 1890 eidem
1827 1863 1935 1897 Reginae
1948 1884 1957 1897 ,
1980 1860 2069 1903 quod,
2078 1858 2102 1900 fi
2121 1858 2265 1889 Dominus
2278 1845 2345 1897 Rei

1289 1902 1415 1932 Franciae
1436 1912 1494 1932 non
1513 1911 1614 1932 annuat
1631 1901 1757 1940 precibus
1778 1898 1901 1930 Domini
1916 1898 1962 1929 Re
1991 1909 2018 1935 s,
2033 1907 2079 1928 aut
2094 1897 2161 1935 suis,
2178 1896 2254 1935 quod
2267 1896 2346 1932 labo-'3

1289 1950 1329 1970 ret
1350 1941 1384 1970 ad
1407 1948 1538 1970 mutuum
1562 1939 1785 1970 contrahendum
1805 1947 1873 1968 cum
1895 1936 1953 1967 Cre
1972 1937 2085 1967 itoribus
2097 1958 2108 1975 ,
2131 1935 2295 1966 conditione
2312 1934 2346 1964 &

1292 1979 1383 2009 modo
1397 1979 1495 2016 quibus
1507 1980 1653 2017 negotium
1664 1977 1732 2008 illud
1744 1976 1841 2006 melius
1855 1977 1955 2013 poterit
1967 1973 2103 2013 expedire.

1325 2113 1444 2145 Litt'era
1464 2112 1545 2144 Duci
1564 2112 1723 2143 Britanniae
1730 2108 1820 2156 fitper
1837 2118 1954 2142 extenta
1973 2107 2087 2141 honoris
2103 2104 2314 2140 RIchmundiaea

1292 2199 1388 2261 RE
1398 2198 1429 2229 X
1445 2199 1525 2230 Duci
1540 2198 1688 2229 Britanniae
1700 2198 1829 2236 salutem,
1846 2197 1878 2228 δι’.
1892 2198 2004 2228 sincerae
2017 2195 2173 2226 dilefflonis
2185 2194 2330 2225 affefflm.
2372 2189 2446 2229 Αῃῃ,
2461 2192 2500 2228 D:

1409 2237 1602 2268 Sinceritatem
1615 2236 1735 2269 vestram
1749 2237 1879 2266 nolumus
1896 2236 2021 2274 ignorare
2040 2234 2133 2272 quod,
2151 2233 2257 2264 dilecto
2270 2233 2352 2263 nobis
2392 2238 2445 2267 126
2453 2246 2475 2266 12

1294 2276 1407 2309 Eudoni
1419 2275 1455 2307 de
1470 2275 1639 2307 Kaerderian
1653 2274 1787 2306 Militi&
1800 2273 1874 2304 fideli
1888 2273 1982 2304 vestro
1993 2273 2028 2303 ad
2045 2282 2096 2302 nos
2109 2281 2197 2310 nuper
2215 2271 2351 2305 acceden-
2371 2280 2422 2304 Aa.
2438 2277 2485 2311 46.

1295 2318 1341 2354 ti,
1361 2316 1513 2353 optulimus
1536 2313 1612 2352 quod
1626 2337 1636 2352 ,
1658 2313 1677 2343 fi
1696 2314 1774 2353 super
1794 2322 1902 2343 exrenta
1923 2311 2037 2342 honoris
2055 2309 2296 2347 Richemundiae,
2314 2308 2348 2339 ad
2374 2320 2407 2343 H.
2425 2324 2450 2350 3,
2485 2339 2491 2344 „

1295 2365 1379 2394 quam
1397 2362 1431 2383 ex
1451 2362 1526 2392 pai-te
1543 2352 1631 2383 vestra
1651 2352 1737 2382 fuerat
1754 2351 1912 2392 deputatus,
1925 2360 1995 2381 cum
2015 2348 2111 2379 Milite
2131 2348 2300 2391 illo,¹quem
2316 2341 2350 2377 ad
2371 2350 2508 2389 claustra:

1297 2394 1354 2423 hoc
1368 2391 1561 2431 assignavimus
1576 2401 1628 2429 pro
1643 2400 1719 2430 parte
1731 2389 1839 2427 nostra,
1854 2389 2006 2420 convenire
2024 2397 2082 2417 non
2094 2387 2183 2424 posset
2198 2395 2228 2415 in
2243 2386 2351 2424 aliquo,
2372 2395 2406 2419 Η,
2428 2400 2454 2426 3.

1297 2431 1374 2470 quod
1388 2431 1437 2461 sibi
1450 2429 1587 2460 videretur
1602 2428 1814 2468 corrigendum,

1335 2468 1403 2500 Nos
1423 2469 1507 2499 aliurn
1523 2467 1714 2507 assignaremus
1733 2467 1798 2497 loco
1817 2464 1903 2495 nostri
1923 2487 1933 2502 ,
1955 2465 2002 2504 qui
2023 2463 2167 2501 negotium
2188 2461 2357 2500 praedistum

1297 2508 1379 2546 plene
1401 2508 1428 2537 in
1449 2507 1582 2537 omnibus
1603 2505 1755 2536 secundum
1775 2506 1896 2535 formam
1917 2503 2113 2534 conventionis
2125 2523 2135 2538 ,
2150 2502 2220 2531 inter
2234 2510 2303 2538 nos,
2322 2500 2356 2530 δί

1297 2549 1348 2577 v'os
1361 2545 1480 2583 habitae,
1499 2544 1618 2582 expleret
1630 2553 1698 2574 cum
1712 2542 1777 2581 ipso.
2238 2577 2240 2579 ‚

1304 2616 1306 2619 ,
1339 2583 1502 2623 Optulimus
1514 2582 1622 2618 insuper
1636 2582 1727 2611 eidem
1741 2590 1771 2611 ut
1784 2579 1923 2617 denarios,
1940 2587 2009 2623 quos
2025 2587 2076 2615 pro
2090 2576 2183 2607 valore
2196 2584 2275 2620 terra:
2285 2573 2360 2615 Age·

1299 2622 1364 2652 nesii
1378 2632 1393 2651 a
1410 2621 1541 2651 Domino
1558 2620 1639 2659 Rege
1654 2619 1778 2649 Franciae
1793 2617 1887 2647 illustri
1903 2623 2024 2656 reeipere
2037 2616 2188 2653 debemus,
2206 2625 2235 2644 in
2251 2623 2357 2652 partem

1299 2660 1485 2690 satisfactionis
1503 2667 1622 2688 eXtentae
1641 2657 1783 2697 praediCtae
1796 2655 2006 2696 affignaremus,
2026 2654 2057 2685 &
2073 2652 2211 2683 residuum
2224 2653 2260 2683 de
2276 2652 2361 2683 Scae-¹

1301 2699 1377 2729 cario
1390 2696 1488 2728 nostro
1504 2699 1608 2736 integre
1623 2695 1725 2726 exsolvi
1739 2695 1899 2725 faceremus.
2357 2727 2362 2732 .

1339 2737 1416 2775 Qiae
1436 2735 1539 2775 singula
1585 2735 1649 2765 licet
1669 2734 1703 2764 ab
1725 2744 1760 2764 eo
1780 2732 1909 2763 nondum
1928 2737 2068 2769 acceptata
2082 2753 2091 2768 ,
2109 2730 2202 2761 sumus
2214 2729 2246 2761 ὃ(
2262 2730 2365 2760 erimus

1302 2779 1335 2806 ex
1357 2776 1411 2804 lere
1428 2775 1511 2812 parati
1525 2757 1563 2804 ad
1572 2772 1670 2803 vestrae
1684 2771 1891 2810 beneplacitum
1906 2768 2062 2801 voluntatis.

1353 2824 1373 2844 n
1383 2812 1435 2843 hiis
1447 2813 1480 2843 &
1493 2811 1549 2843 aliis
1569 2812 1651 2842 nobis
1662 2810 1869 2849 beneplacitum
1883 2808 2008 2840 vestrum
2023 2805 2186 2846 significetis.

2375 2439 2409 2457 m.
2427 2427 2508 2464 ¹7³³*

1342 2894 1429 2926 Teste
1442 2893 1522 2932 Rege
1535 2890 1609 2930 apud
1623 2891 1744 2922 Westm.
1760 2890 1798 2921 28
1813 2889 1858 2920 die
1875 2887 2052 2920 Decembris.

1352 3024 1511 3073 Ejusmodi
1529 3027 1646 3057 Littera
1668 3024 1808 3071 Johanni
1820 3022 1887 3067 filio
1898 3018 2029 3067 praedisli
2042 3021 2138 3053 Ducis
2151 3020 2319 3051 Britannice.

1308 3117 1394 3171 RE
1404 3115 1434 3146 X
1449 3115 1586 3154 johanni,
1622 3112 1790 3151 rimogenito
1803 3111 1893 3141 Ducis
1906 3105 2061 3140 Britanniae.
2318 3146 2323 3150 .
2339 3145 2342 3150 Ι
2389 3103 2465 3134 Anii.
2481 3093 2523 3134 D:

1414 3155 1510 3185 Sciatis
1530 3122 1630 3192 quodp,
1653 3150 1757 3180 diletffm
1775 3150 1858 3179 nobis
1875 3147 1990 3178 Eudoni
2010 3147 2044 3178 de
2068 3145 2237 3178 Kaerderian
2250 3169 2260 3184 ,
2278 3144 2365 3175 Militi
2415 3143 2501 3173 1261.

1309 3192 1435 3232 praedicti
1453 3193 1532 3230 patris
1551 3189 1650 3227 vestri,
1668 3198 1756 3228 nuper
1774 3188 1808 3218 ad
1831 3197 1882 3218 nos
1896 3187 2054 3223 accedenti,
2071 3185 2221 3222 optulimus
2235 3183 2329 3226 quod,
2346 3183 2364 3213 fi
2385 3180 2501 3221 Aa346:

1309 3233 1388 3270 super
1406 3239 1515 3260 extenta
1535 3229 1648 3258 honoris
1670 3226 1888 3257 Richemundiae
1903 3248 1913 3262 ,
1937 3225 1972 3255 ad
1991 3233 2076 3262 quarn
2096 3233 2130 3252 ex
2147 3231 2223 3264 parte
2241 3221 2366 3260 praedicti
2385 3224 2422 3263 H.¹
2441 3228 2466 3255 3.

1310 3272 1390 3311 patris
1398 3268 1480 3300 vestri
1490 3268 1631 3305 deputatus
1644 3266 1768 3295 extiterat
1778 3287 1788 3302 ,
1803 3273 1870 3294 curn
1883 3262 1977 3293 Milite
1989 3263 2055 3300 illo,
2071 3271 2155 3304 quern
2169 3261 2203 3303 ad
2215 3260 2272 3289 hoc
2287 3259 2367 3298 assig-
2386 3257 2487 3285 Ibidem:

1313 3310 1439 3340 navimus
1458 3317 1510 3346 pro
1528 3313 1603 3346 parte
1622 3303 1732 3341 nostra,
1748 3303 1900 3334 convenire
1925 3311 1984 3332 non
2007 3300 2095 3338 posset
2116 3309 2147 3329 in
2165 3298 2276 3337 aliquo,
2292 3296 2370 3336 quod

1313 3348 1362 3378 sibi
1376 3345 1513 3376 videretur
1525 3341 1740 3381 corrigendum,
2134 3376 2140 3381 ᾗ
2286 3374 2290 3378 .

1352 3384 1420 3416 Nos
1440 3384 1525 3414 alium
1543 3380 1736 3420 affignarernus
1749 3403 1758 3418 ,
1778 3379 1844 3410 loco
1859 3377 1966 3415 nostri,
1984 3378 2031 3415 qui
2047 3383 2191 3415 negotium
2206 3373 2374 3418 praedrdfflrri

1316 3422 1467 3454 secundum
1488 3422 1609 3451 formam
1628 3419 1840 3456 conventionis,
1858 3419 1929 3447 inter
1950 3425 2017 3454 nos,
2037 3415 2070 3444 &
2091 3423 2141 3444 vos
2154 3412 2275 3449 habitae,
2294 3412 2376 3449 plene

1317 3464 1347 3493 in
1360 3462 1490 3491 omnibus
1505 3458 1624 3497 expleret
1638 3464 1706 3487 'cum
1719 3457 1786 3495 ipso.
2113 3490 2118 3495 1
2253 3489 2258 3494 “

1354 3499 1392 3530 Et
1405 3498 1480 3537 quod
1492 3497 1632 3533 denarios,
1667 3499 1715 3525 uos
1727 3498 1779 3532 pro
1794 3493 1887 3523 valore
1901 3495 1980 3522 teiiae
1995 3489 2126 3532 Agenesii-
2139 3489 2152 3518 a
2167 3487 2301 3532 Domino
2316 3487 2378 3519 Re÷

1318 3548 1352 3579 ge
1368 3538 1492 3568 Franciae
1507 3535 1628 3572 recipere
1662 3534 1793 3570 ebemus,
1810 3531 1890 3561 vobis
1912 3532 1941 3560 in
1961 3534 2067 3569 partem
2083 3526 2268 3558 satisfactionis
2280 3534 2378 3557 exten-

1317 3587 1354 3614 tae
1369 3574 1510 3614 praedietae
1522 3572 1732 3610 assignaremus,
1750 3571 1783 3601 ὃς
1796 3569 1933 3599 residuum
1946 3568 1982 3598 de
1996 3565 2141 3597 Scaccario
2155 3563 2255 3595 nostro
2269 3565 2377 3604 integre

1321 3616 1472 3645 faceremus
1487 3612 1601 3642 exsolvi:

1356 3653 1374 3672 *⁴
1395 3652 1470 3690 Qiae
1485 3649 1600 3689 singula,

1321 3691 1410 3721 sumus
1419 3692 1451 3719 &
1463 3690 1563 3719 erimus
1575 3686 1609 3716 ad

1322 3740 1355 3760 ex
1376 3729 1502 3801 lgferum
1514 3761 1649 3793 Nuncios
1663 3760 1771 3790 nostros
1788 3759 1914 3799 speciales
1927 3757 2011 3796 usque
2024 3751 2140 3787 Parisius
2154 3756 2378 3797 transmittimus,

1322 3809 1353 3835 'ut
1373 3805 1452 3836 vobis
1475 3801 1578 3832 ibidem
1594 3823 1604 3838 ,
1627 3800 1683 3830 sine
1706 3808 1794 3828 morae
1812 3795 1954 3836 dispendio
1968 3817 1979 3833 ,
1995 3795 2032 3825 de
2052 3796 2175 3825 termino
2193 3793 2306 3832 vestro,
2324 3795 2379 3832 jam

1323 3844 1478 3882 praeterito,
1496 3839 1642 3870 satisfacere
1654 3839 1816 3875 procurent:
2021 3875 2023 3877 Ι
2072 3872 2077 3877 .

1358 3882 1445 3920 Super
1461 3879 1559 3919 quibus
1579 3878 1612 3908 &
1632 3876 1688 3905 aliis
1701 3898 1710 3914 ,
1735 3872 1834 3904 statum
1856 3871 1980 3902 vestrum
2001 3871 2244 3913 contingentibus,
2259 3868 2381 3903 vestram

1325 3920 1405 3950 nobis
1420 3918 1592 3950 voluntatem
1605 3913 1761 3953 significetis
1774 3910 1955 3943 confidenter.

1619 3645 1683 3677 licet
1696 3648 1711 3676 31
1726 3644 1861 3684 p'raedieto
1876 3645 1963 3674 milite
1977 3641 2105 3673 nondum
2119 3645 2277 3680 acceptata,
2294 3640 2298 3644 ’
2329 3643 2377 3672 rati

1623 3684 1828 3724 beneplacitum
1835 3683 1903 3713 dieti
1912 3681 2098 3721 progenitoris
2110 3676 2193 3710 vestri
2205 3680 2238 3710 &
2253 3684 2300 3711 vel
2316 3690 2378 3711 rum
2395 3643 2414 3664 ⁴¹²
2426 3645 2447 3672 Ι.
2465 3640 2529 3680 738²

1364 3998 1451 4043 Teste
1466 4002 1495 4028 ut
1512 3996 1596 4036 supra.

2306 4062 2367 4099 &a

1364 4082 1404 4111 -Et
1418 4077 1575 4111 mandatum
1587 4066 1624 4117 est
1638 4072 1776 4112 uxorifioae
1790 4064 1972 4141 qf⁰d2stmm
1978 4070 2058 4110 suum
2071 4064 2386 4132 Regifignfi52153ffl⁴
