2570 4261
69 243 147 275 Ann.
163 243 205 273 D.

69 291 177 356 stit.

68 360 86 375 ⁸*
102 360 124 386 l.
139 367 205 394 512.

70 600 147 632 Anii.
164 599 204 629 D.

60 675 69 683 ν
92 648 174 676 1254.

68 681 122 706 Λα.
145 678 189 714 38-

69 721 104 744 Η
122 725 134 751 3

69 758 109 781 Ex

68 798 133 828 togr.

152 763 183 781 u-

64 2569 142 2601 Ann⁴
156 2570 197 2601 D.

94 2618 176 2648 ¹254-

64 2651 117 2676 Au.
135 2650 180 2685 38.

63 2691 102 2715 H.
118 2695 143 2723 3.

66 2729 108 2752 Ex
120 2728 178 2754 Au-

63 2769 128 2799 ιαμ.

67 3150 105 3177 Ἰ
136 3158 199 3186 5ης

74 3858 152 3888 Arm.
169 3857 208 3888 D.

96 3905 181 3936 1254.

74 3939 128 3962 Aa.
147 3938 191 3972 33.

75 3977 109 4001 H.
132 3982 157 4009 3.

75 4015 115 4037 ,Ἐκ
130 4016 189 4038 Au-

75 4055 139 4085 tegr-

221 164 296 203 182

221 334 248 361 δὲ
273 330 465 375 Confirmatio
495 329 670 362 Donationis
691 330 794 373 primae
820 338 839 358 a
860 327 986 365 Domino
1011 329 1094 372 Papa
1114 326 1281 358 Innocentio

259 381 348 425 fahiae
373 377 407 410 de
436 380 532 422 Regno
554 376 659 408 Siciliae
672 401 682 416 ,
715 378 746 408 in
763 386 860 407 tenore
887 375 975 406 litera:
992 372 1141 421 Aaagistri
1160 369 1284 405 Alberti

259 428 347 473 fltc'he
371 425 406 457 de
433 435 535 456 macm
561 423 735 466 donatione,
761 435 830 455 cum
855 421 1021 456 nominibus
1039 424 1160 455 illorum
1174 447 1183 463 ‚
1209 431 1282 466 quo-

266 487 335 507 rum
353 471 480 505 arbitrio
489 469 624 515 stabitur
634 471 725 518 stcper
744 468 968 504 conditionibus.

223 526 356 556 Continet
373 524 465 553 etiam
482 532 595 554 novam
613 518 808 563 conccffionem
826 524 858 552 in
871 518 1014 565 feudum.

259 606 439 637 Nnocentius
452 605 623 644 Episcopus,
641 605 732 636 servus
746 604 889 635 servorum
906 603 981 642 Dei,
1001 601 1141 634 carissimo
1156 603 1185 633 in
1201 600 1286 632 Chri-

271 645 315 675 sto
329 645 386 675 filio
401 644 556 675 Edmundo
572 645 649 681 Regi
661 644 765 674 Siciliae
778 643 891 681 illustri,
909 642 1023 673 salutem
1039 642 1072 672 &
1089 640 1286 681 Apostolicam

223 683 464 714 benedietionem.

259 723 390 760 Specialis
407 721 566 752 dilectionis
582 721 717 753 affectum
731 742 741 758 ,
777 729 843 750 uem
865 719 998 749 habemus
1013 718 1046 748 ad
1069 717 1240 749 carissimum
1256 719 1286 748 in

223 760 340 791 Christo
367 761 454 790 filium
480 759 608 790 nostrum
714 759 760 788 illu
791 768 848 787 rem
875 757 987 797 Regem
1013 758 1124 800 Angliae
1140 780 1150 796 ,
1176 767 1285 795 patrem

223 809 322 837 tuum,
341 800 485 838 cupientes
503 799 531 827 in
554 798 604 828 suis
626 796 780 827 evidentius
800 796 946 826 ostendere
968 805 1017 835 per
1031 797 1186 834 eflectum,
1203 796 1286 833 Reg-

222 848 292 869 num
308 838 427 875 Siciliae,
442 838 474 868 ἃ
487 844 576 866 totam
593 846 692 867 terram
706 845 772 873 quae
786 835 825 865 est
840 836 910 865 citra
930 835 1048 872 Fatum,
1068 835 1151 874 usque
1164 834 1198 865 ad
1214 845 1287 865 con-

220 876 283 908 finia
298 886 433 907 terrarum
453 875 587 905 Ecclesia:
603 874 747 904 Romame
759 897 768 913 ,
785 874 818 903 ad
838 873 955 903 eandem
971 873 1125 903 Ecclesiam
1138 873 1287 912 devoluta,

219 917 288 954 ribi,
323 925 388 945 uem
407 915 441 945 ad
463 913 491 943 id
512 915 584 944 inter
606 915 672 944 alios
691 913 768 943 orbis
788 912 933 950 Principes
951 912 1162 952 praeelegimus,
1172 913 1287 951 jampri-

219 954 287 985 dem
325 955 432 984 unimus
447 952 599 982 offerenda.

255 993 284 1023 T
287 1003 302 1022 e
326 994 405 1031 igitur
421 1015 431 1030 ,
450 992 485 1021 de
503 991 608 1021 alsensu
627 989 751 1029 ejusdem
771 989 859 1029 Regis
874 1012 883 1028 ,
910 988 1084 1020 oblationem
1105 989 1286 1028 hujusmodi,

219 1039 363 1070 tamquam
385 1031 464 1070 ipiius
485 1029 619 1060 Ecclefiae
638 1031 745 1059 devoto
765 1029 798 1059 δε
818 1028 961 1058 catholico
977 1027 1125 1066 Principe,
1143 1029 1285 1059 humiliter

217 1078 404 1108 acceptante,
429 1069 544 1099 dilectus
566 1067 635 1098 filius
659 1066 796 1106 Magister
819 1067 970 1104 Albertus,
995 1066 1134 1097 Notarius
1165 1066 1260 1098 noster
1275 1090 1285 1105 ,

218 1108 395 1147 Apostolicae
414 1107 480 1138 sedis
503 1107 626 1145 Legatus
640 1130 650 1144 ,
675 1108 720 1136 cui
742 1106 819 1135 velut
839 1106 876 1135 illi
893 1128 901 1143 ,
920 1107 967 1144 qui
987 1114 1066 1137 tuum
1087 1106 1228 1136 honorem
1250 1106 1283 1136 ὃς

218 1146 408 1176 commodum
422 1146 526 1176 zelatur
541 1154 571 1175 ut
587 1146 731 1185 proprium
748 1167 757 1182 ,
777 1145 922 1184 negotium
938 1143 1026 1184 ipsum
1042 1152 1138 1175 tecum
1151 1144 1284 1175 consum-

217 1185 356 1216 mandum
367 1184 403 1215 de
414 1185 530 1215 consilio
545 1185 578 1215 &
591 1183 694 1214 assensu
709 1183 824 1213 fratrum
838 1182 999 1213 nostrorum
1015 1182 1211 1214 commisimus
1224 1206 1233 1222 ,
1249 1184 1284 1213 ti-

219 1224 249 1254 bi
266 1224 369 1263 tuisque
384 1222 554 1262 heredibus,
571 1223 598 1252 in
615 1222 749 1260 feudum,
766 1223 793 1251 in
808 1230 973 1261 perpetuum
986 1221 1123 1258 Regnum
1137 1222 1170 1252 &
1182 1230 1282 1252 terram

240 1264 354 1293 raedicta
370 1263 503 1300 (excepta
518 1260 639 1291 Civitate
660 1261 846 1291 Beneventan.
863 1262 872 1297 )
899 1260 934 1290 de
954 1260 1064 1298 speciali
1082 1260 1213 1290 mandato
1231 1271 1285 1291 no-

219 1271 279 1332 iii-o
300 1300 435 1332 conceiiit
449 1324 457 1337 ,
474 1310 557 1338 prout
578 1301 606 1329 in
622 1300 680 1338 ejus
695 1299 794 1338 literis,
812 1298 877 1329 inde
896 1299 1036 1330 confectis
1052 1299 1186 1339 (quarum
1202 1308 1284 1329 teno-

219 1349 282 1370 rem
299 1340 334 1370 de
346 1341 435 1369 verbo
446 1340 479 1369 ad
493 1339 612 1370 verbum
625 1338 806 1380 praesentibus
819 1336 896 1368 inseri
908 1336 1028 1368 fecimus
1045 1337 1054 1375 )
1073 1338 1178 1377 plenius
1191 1339 1286 1369 conti-

220 1386 309 1408 netur.
472 1402 474 1404 .

256 1416 324 1447 Nos
337 1418 427 1456 itaque
447 1415 660 1446 concessionem
674 1414 792 1444 eandem
812 1424 897 1446 ratam
918 1415 952 1446 &
966 1422 1071 1453 gratam
1085 1414 1234 1453 habentes,
1251 1425 1285 1446 ac

217 1455 360 1485 defeftum
374 1477 384 1493 ,
398 1453 489 1493 'siquis
513 1464 546 1484 ex
570 1463 748 1492 quacumque
769 1453 848 1484 causa
862 1453 904 1483 vel
919 1453 1070 1483 omissione
1083 1454 1112 1483 in
1133 1464 1163 1484 ea
1179 1455 1286 1492 extitit,

216 1493 373 1533 supplentes
392 1492 427 1522 de
448 1492 623 1531 Apostolicae
644 1491 816 1532 plenitudine
830 1491 968 1529 potestatis
985 1515 994 1530 ,
1013 1491 1150 1531 Regnum
1166 1493 1199 1523 &
1211 1493 1285 1523 Ter-

218 1543 277 1562 ram
299 1531 429 1571 praediffli
444 1554 452 1569 ,
474 1541 541 1562 cum
561 1532 694 1561 omnibus
711 1530 817 1568 juribus
831 1553 840 1568 ,
859 1531 1027 1568 honoribus,
1046 1530 1233 1569 districtibus,
1250 1532 1283 1562 &

218 1571 391 1610 pertinentiis
409 1569 460 1599 suis
481 1570 614 1607 (excepta
628 1568 753 1599 Civitate
767 1568 917 1600 Benevent.
933 1579 1001 1600 curn
1022 1570 1078 1607 ejus
1089 1570 1212 1609 juribus,
1230 1570 1285 1600 lio-

218 1611 352 1647 noribus,
368 1607 556 1646 distriffibus,
575 1609 608 1639 δε
622 1608 789 1646 pertinentiis
800 1616 806 1639 ri
826 1608 955 1637 universis
977 1608 1026 1637 tibi
1040 1630 1050 1645 ,
1069 1609 1117 1646 qui
1133 1608 1169 1639 de
1184 1608 1287 1639 volun-

219 1656 273 1678 tate
296 1647 424 1686 praedieti
444 1647 530 1686 Regis
546 1647 602 1677 hoc
619 1645 775 1686 acceptasse
789 1645 939 1676 dinosceris
954 1669 963 1684 ‚
989 1646 1093 1685 tuisque
1107 1647 1284 1686 haeredibus,

222 1687 250 1716 in
265 1686 399 1724 feudum,
418 1686 447 1716 in
462 1695 629 1724 perpetuum
644 1684 809 1724 Apostolica
827 1685 991 1715 auctoritate
1004 1707 1013 1724 ,
1031 1685 1067 1715 de
1081 1686 1284 1724 praedictorum

222 1726 338 1755 fratrum
358 1723 520 1754 nostrorum
536 1724 653 1754 consilio
668 1746 678 1761 ,
696 1723 913 1761 confirmamus,
933 1724 966 1753 &
984 1723 1122 1762 praesentis
1136 1724 1227 1763 scripti
1241 1734 1288 1762 pa-

222 1764 345 1794 trocinio
359 1765 619 1801 communimus,ea
633 1763 684 1792 tibi
699 1761 734 1792 de
746 1771 836 1800 nove,
844 1763 872 1791 in
885 1761 1000 1792 feudum
1016 1761 1102 1800 (salvis
1117 1762 1288 1794 libertatibus

218 1804 252 1833 ἃ
273 1802 495 1832 immunitatibus
514 1801 699 1832 Ecclesiarum
720 1801 922 1839 praedietorum
945 1800 1041 1839 Regni
1060 1802 1092 1832 &
1107 1810 1186 1832 terrae
1200 1825 1209 1841 ,
1227 1804 1284 1833 tam

219 1842 248 1871 in
264 1841 464 1879 electionibus,
477 1841 562 1879 quam
578 1841 607 1870 in
622 1840 676 1870 aliis
690 1849 732 1868 eas
747 1840 963 1878 pertinentibus)
980 1839 1176 1870 concedentes.

257 1879 359 1909 Tenor
371 1888 464 1909 autem
479 1880 619 1909 literarum
636 1877 762 1915 praedicti
778 1877 875 1917 Legati
890 1878 948 1908 talis
962 1877 1020 1914 est,

257 1917 411 1948 Excellenti
426 1919 489 1947 viro
506 1917 640 1947 Domino
654 1916 824 1953 Edmundo,
844 1925 912 1947 nato
927 1916 1049 1946 Domini
1066 1915 1107 1947 H.
1124 1916 1211 1956 Regis
1223 1917 1285 1948 An-

239 1956 282 1986 liae
298 1956 420 1994 illustris,
440 1956 587 1994 Albeitus,
607 1956 729 1986 Domini
744 1955 828 1993 Papse
843 1954 978 1985 Notarius
994 1977 1004 1993 ,
1023 1954 1199 1992 Apostolicae
1213 1957 1281 1987 sedis

217 1965 245 2025 ἰ
282 2005 354 2031 atus,
373 1994 502 2032 salutem,
520 1996 553 2025 ὃ(
569 2003 689 2032 paratam
703 1993 736 2023 ad
751 1993 881 2031 obsequia
897 1994 1079 2024 voluntatem.

258 2004 302 2063 ὅτ
321 2034 424 2063 iinccra
438 2034 471 2064 &
486 2034 651 2064 inconcussa
665 2033 782 2062 devotio
796 2055 806 2070 ,
825 2041 909 2070 quam
926 2032 1071 2062 Dominus
1084 2032 1124 2062 H.
1141 2033 1204 2063 Rex
1221 2033 1284 2063 An-

218 2072 282 2111 gliae
304 2072 411 2102 illustris
431 2081 506 2112 pater
525 2073 614 2102 vester
634 2072 717 2101 habet
736 2070 770 2101 ad
788 2071 950 2101 Romanam
970 2069 1125 2101 Ecclesiam
1138 2073 1167 2101 in
1183 2073 1283 2110 vobis,

218 2119 330 2177 paterna
351 2110 464 2150 vestigia
484 2111 673 2149 imitantibus,
692 2106 752 2144 &a
766 2116 798 2138 ut
812 2112 841 2139 in
853 2108 908 2150 tpsc'z
929 2108 1077 2148 conceffione
1097 2118 1182 2149 ante,
1201 2110 1232 2140 de
1247 2120 1284 2151 14

219 2152 243 2178 h
256 2152 331 2177 artri.

255 2187 357 2225 Nulli,
374 2196 460 2226 ergo,
477 2187 536 2218 &c.

258 2263 325 2295 Dat.
340 2263 433 2302 Asisii,
451 2273 470 2294 2
484 2263 526 2295 Id.
542 2263 629 2302 Maii,
646 2263 830 2295 Pontificatsis
842 2263 931 2294 nostri
940 2272 1017 2294 anno
1030 2263 1193 2295 undecimo.

664 2340 718 2371 Sub
725 2340 788 2383 filis
796 2339 907 2380 stricis,
915 2340 994 2379 flavi
1008 2340 1133 2381 rubeique
1147 2341 1243 2371 coloris.

273 2478 363 2512 Bulla
379 2477 414 2512 de
433 2477 612 2512 renovandis
632 2479 739 2511 litteris
755 2477 917 2510 collationis
939 2476 975 2510 de
993 2481 1089 2525 Regno
1113 2480 1229 2513 Siciliae.

217 2563 440 2627 INnoccntius
453 2565 554 2603 Episco
577 2575 606 2595 us
620 2588 629 2602 ,
649 2564 740 2595 servus
759 2562 903 2594 servorum
920 2562 977 2593 Dei
990 2587 999 2602 ,
1017 2563 1122 2595 dilecto
1141 2565 1200 2596 filio
1215 2565 1284 2597 Ma-

266 2603 352 2642 gistro
367 2604 486 2634 Alberto
499 2627 508 2642 ,
562 2605 651 2634 orario
664 2602 780 2639 nostrO,
799 2602 972 2641 Apostolicae
989 2602 1056 2634 ledis
1071 2604 1198 2643 Legato,
1216 2604 1285 2636 salu-

217 2650 276 2672 tem
287 2642 320 2672 &
340 2641 532 2680 Apostolicam
547 2642 786 2672 benedictionem.

255 2680 378 2710 Gratum
393 2682 514 2719 gerimus
527 2682 560 2711 ὅς
572 2688 721 2718 acceptum
731 2702 740 2718 ,
755 2678 930 2718 diligentiam
945 2687 1022 2710 tuam
1033 2679 1124 2720 dignis
1139 2682 1169 2710 in
1178 2680 1286 2712 Domi-

218 2729 259 2749 no
275 2718 400 2749 laudibus
419 2719 652 2750 commendantes
666 2741 676 2756 ,
696 2718 776 2757 super
801 2728 836 2747 eo
850 2717 927 2755 quod
941 2720 1104 2757 negotium,
1124 2720 1176 2749 tibi
1189 2721 1224 2750 ab
1243 2720 1285 2751 Α-

217 2757 355 2794 postolica
373 2757 435 2788 sede
456 2759 642 2789 commissum
687 2766 754 2787 cum
770 2755 912 2787 carissimo
928 2757 957 2786 in
981 2757 1098 2787 Christo
1110 2757 1168 2788 filio
1184 2758 1284 2789 nostro

214 2795 372 2826 Edinundo
386 2796 468 2837 Rege
480 2797 585 2827 Siciliae
599 2779 694 2826 illustri
708 2795 877 2826 laudabiliter
890 2795 1100 2826 consummasti.

249 2833 329 2864 Cum
342 2836 424 2874 igitur
437 2835 635 2873 collationem,
652 2834 701 2864 libi
716 2844 732 2864 a
747 2843 773 2864 te
787 2833 822 2864 de
835 2833 894 2873 ipso
909 2834 1018 2876 Regno
1032 2835 1154 2872 factam,
1172 2834 1283 2866 duxeri-

216 2882 279 2902 mus
293 2895 302 2910 ,
315 2874 350 2903 de
370 2874 484 2904 fratrum
503 2874 667 2904 nostrorum
688 2872 808 2903 consilio
822 2895 831 2910 ,
847 2873 1071 2904 contirmandam
1086 2897 1096 2912 ,
1115 2873 1259 2908 descitum
1270 2897 1280 2912 ,

213 2911 350 2979 liquisstcx'
369 2922 534 2952 quacunque
553 2913 631 2944 caula
652 2912 683 2942 in
701 2921 733 2942 ea
753 2912 842 2942 exritit
855 2934 865 2949 ,
884 2911 1038 2951 supplentes
1057 2912 1092 2944 de
1106 2913 1281 2951 plenitudine

222 2959 290 2987 pote
317 2958 381 2987 atis,

254 2988 390 3018 Volumus
410 2989 443 3018 &
463 2998 512 3028 per
532 2988 693 3026 Apostolica
715 2989 767 3019 tibi
787 2988 888 3027 scripta
901 3012 911 3027 ,
931 2988 1046 3020 firmiter
1066 2988 1259 3028 praecipiendo
1273 3012 1283 3029 ‚

215 3026 381 3056 mandamus
399 3030 524 3094 quatinus
539 3050 549 3065 ,
568 3027 738 3058 carissimum
758 3028 787 3056 in
809 3027 928 3057 Christo
945 3028 1034 3058 filiurn
1056 3027 1187 3058 nostrum
1200 3050 1210 3065 ,

216 3064 329 3104 Regem
344 3065 410 3103 Ang
422 3066 456 3094 ize
474 3065 605 3095 illustrem
616 3089 625 3104 ,
647 3066 681 3095 ad
703 3066 872 3096 mittendum
889 3068 1067 3104 quamtocius
1083 3067 1207 3097 eundem
1221 3066 1283 3098 Re-

217 3112 282 3142 gem
306 3105 335 3134 in
358 3113 443 3133 manu
464 3104 529 3134 forti
543 3104 577 3134 ad
595 3105 832 3144 prosequendum,
851 3115 935 3142 prout
950 3105 1033 3135 decet
1047 3114 1155 3136 tantum
1173 3104 1283 3137 Princi-

219 3152 285 3179 pem
299 3165 309 3181 ,
329 3142 444 3172 viriliter
464 3143 497 3173 &
519 3151 648 3182 potenter
669 3143 744 3172 idern
767 3145 917 3180 negotium
939 3145 1089 3183 inducens,
1104 3145 1137 3175 ὃς
1150 3145 1169 3163 *
1186 3144 1282 3178 induci

219 3181 320 3210 faciens
335 3180 428 3210 modis
441 3181 543 3218 quibus
558 3181 689 3222 expedire
703 3180 819 3219 videris,
838 3183 993 3213 recundum
1008 3183 1189 3220 prudentiam
1202 3183 1255 3213 tibi
1268 3185 1284 3214 a

220 3219 354 3249 Domino
368 3219 478 3257 datam,
1219 3247 1223 3254 .

257 3256 425 3288 Collationis
445 3265 502 3288 tuae
523 3258 622 3288 litteras
642 3257 736 3288 eidem
756 3257 834 3295 Regi
855 3258 958 3289 Siciliae
973 3269 1092 3290 renoves
1105 3283 1114 3298 ,
1133 3259 1182 3291 sub
1197 3261 1284 3300 priori

217 3295 280 3325 data
303 3297 330 3325 in
352 3297 431 3326 illum
453 3296 574 3326 modum
587 3319 597 3335 ,
613 3306 699 3334 quem
722 3297 752 3325 in
766 3297 988 3328 confirmationis
1004 3298 1107 3329 nostrae
1123 3299 1235 3337 litteris,
1255 3301 1283 3329 in

217 3334 316 3371 quibus
330 3334 480 3365 litterarum
493 3344 604 3365 tuarum
619 3335 841 3365 renovandarum
854 3345 936 3366 tenor
952 3337 1076 3367 inseritur
1091 3361 1101 3376 ,
1119 3338 1283 3377 perspexeris

218 3372 365 3402 contineri.
402 3373 475 3403 Eam
489 3375 518 3402 in
532 3374 599 3411 hiis,
617 3374 650 3404 δε
663 3374 738 3412 aliis,
754 3383 817 3413 quae
832 3377 969 3413 pertinent
983 3377 1016 3406 ad
1030 3375 1238 3406 festinationem
1249 3376 1283 3407 &

218 3411 430 3446 promotionem
454 3411 575 3451 ejusdem
594 3413 700 3451 negotii
716 3437 724 3450 ,
744 3413 958 3443 sollicitudinem
971 3438 980 3451 ,
1001 3424 1083 3452 prout
1100 3416 1174 3445 bene
1195 3414 1285 3445 fecisti

221 3447 370 3490 haetenus,
386 3451 528 3480 habiturus
543 3473 552 3489 ,
569 3452 647 3490 quod
668 3451 786 3491 proinde
805 3451 887 3491 pollis
901 3453 974 3490 apud
992 3452 1092 3483 Deum
1105 3454 1138 3484 ὃς
1155 3453 1285 3484 homines

222 3494 282 3514 non
297 3490 438 3518 immerito
451 3490 653 3520 commendari.

224 3559 325 3628 ciggit.
346 3562 422 3594 Asisii
435 3587 445 3602 ,
462 3565 584 3596 secundo
604 3565 646 3597 Id.
670 3566 768 3605 Maii,
787 3565 973 3598 Pontificatus
993 3567 1081 3599 nostri
1104 3578 1180 3600 anno
1196 3567 1287 3598 unde-

651 3681 776 3711 Plumbeo
789 3681 876 3719 sigillo
884 3682 1017 3720 pendente
1031 3693 1050 3711 a
1056 3681 1110 3724 filo
1125 3682 1249 3713 canabeo.

346 3808 395 3839 De
417 3810 536 3854 Magno
554 3814 656 3858 Sigillo
667 3814 852 3858 fabricando
867 3827 922 3862 pro
937 3820 1033 3865 Regno
1050 3819 1166 3852 Siciliae.

264 3890 450 3921 NHOCsssstiUS
466 3891 629 3934 Episcopus,
649 3899 739 3930 servus
752 3900 895 3931 servorum
910 3901 986 3940 Dei,
1001 3901 1143 3933 carissimo
1158 3903 1187 3932 in
1204 3901 1290 3932 Chri-

266 3928 309 3972 sto
323 3929 380 3972 silio
486 3931 564 3968 Regi
579 3935 689 3973 Angliae
702 3937 820 3976 illustri,
841 3939 953 3970 salutem
973 3942 1007 3972 &
1024 3940 1223 3982 Apostolicam
1240 3941 1290 3972 be-

228 3967 430 3997 nedietioncm.

242 4043 255 4054 ,Δ
266 4004 360 4049 υῑοειο
377 4007 476 4049 limus,
493 4007 570 4051 quod
584 4010 632 4038 tibi
648 4010 769 4053 sitscordi
781 4036 791 4050 ,
816 4016 962 4049 negotium
975 4017 1052 4054 quod
1067 4018 1095 4046 in
1110 4016 1226 4054 persona‘i
1241 4027 1288 4048 ca-

225 4043 323 4074 riisimi
336 4053 363 4073 in
380 4043 494 4076 Christo
509 4047 557 4076 tilii
571 4048 656 4077 nostri
671 4048 835 4089 hdmundi,
853 4052 940 4091 Regis
956 4053 1061 4085 Siciliae
1076 4054 1184 4086 illustris
1195 4078 1206 4093 ,
1227 4059 1285 4088 nati

697 153 1499 206 CONVENrtoNEQ

1555 152 1950 204 LITERAE,

1319 241 1376 277 tui,
1394 239 1564 277 assumpsisse
1580 239 1730 271 dinosceris
1744 262 1754 277 ‚
1777 238 1909 269 certiores
1928 237 2006 277 quod
2025 237 2103 269 idern
2125 237 2191 269 Rex
2203 261 2214 277 ‚
2241 237 2388 279 affumptae
2403 233 2478 265 Arm·
2491 231 2535 263 D·
2560 235 2562 237 ’

1319 279 1458 318 dignitatis
1472 278 1599 317 fastigio,
1616 278 1766 309 reddiderit
1778 277 1813 307 de
1827 285 1878 306 tuo
1891 277 2069 315 beneplacito
2080 276 2107 307 se
2120 278 2275 322 insignem,

2423 279 2511 312 1254.

1357 317 1556 347 Desideramus
1572 318 1606 348 &
1622 317 1754 347 volumus
1765 338 1775 353 ,
1798 315 1942 352 Regalem
1964 314 2205 352 magnificentiam
2219 317 2324 347 attente
2342 325 2390 346 ro-
2401 316 2466 340 Hm·
2484 320 2512 347 3·

1319 364 1432 394 gantes,
1449 356 1577 393 quatinus
1591 356 1715 394 protinus
1724 354 1821 393 jubeas
1835 353 1913 391 quod
1924 352 2000 383 idem
2014 353 2080 385 Rex
2093 353 2187 385 statim
2201 354 2320 394 sigillum
2327 353 2390 385 Re-

1320 394 1399 433 gium
1407 417 1417 432 ,
1436 394 1539 424 faciens
1551 394 1697 432 fabricari,
1715 393 1812 431 nobis,
1829 391 1900 422 infra
1910 391 2025 422 Festum
2038 393 2112 423 beati
2127 392 2279 424 Michaelis
2292 394 2390 432 proxi-

1320 442 1372 462 mo
1387 441 1554 471 venturum,
1568 433 1646 472 quod
1659 432 1799 468 allumpto
1812 431 1927 476 negotio
1940 430 2061 470 expresse
2076 431 2233 470 consentit,
2252 431 2388 471 significet

1320 469 1372 500 suis
1384 471 1540 509 patentibus
1555 471 1651 502 litteris
1665 470 1766 507 Regiis
1780 468 1858 499 Bulla
1872 469 1953 500 aurea
1967 470 2169 508 communiti53
2189 479 2274 510 tuque
2291 470 2388 500 simili-

1321 516 1362 538 ter
1377 509 1447 538 infra
1459 509 1582 540 eundem
1594 510 1750 540 terminum
1765 507 1844 547 super
1860 507 1935 545 hoc,
1952 508 1986 538 &
2002 509 2079 546 quod
2091 508 2120 538 id
2134 507 2169 538 de
2181 508 2228 539 tua
2241 509 2386 541 voluntate

1322 547 1452 615 proctigit
1465 569 1475 584 ‚
1501 549 1593 579 mittas
1611 548 1695 578 nobis
1715 555 1774 577 tuas
1786 553 1909 587 patentes
1920 546 2020 578 litteras
2036 547 2067 577 in
2080 547 2182 586 quibus
2201 547 2333 578 nomines
2345 549 2390 587 ip-

1335 595 1384 616 um
1430 594 1521 624 egem.

1344 661 1429 705 ¹Dat.
1444 661 1541 700 Afifii,
1558 660 1665 692 octavo
1685 660 1747 692 Kal.
1763 659 1843 699 Junii
1857 683 1868 699 ,
1892 659 2078 692 Pontificatus
2093 660 2182 692 nostri
2201 671 2280 693 anno
2297 661 2389 694 unde-

1323 710 1414 731 cimo.

1683 766 1808 798 Plumbeo
1823 765 1912 806 sigillo
1920 768 2051 807 pendente
2064 781 2083 799 a
2092 768 2142 810 filo
2156 768 2281 800 canabeo.
2318 779 2321 781 ⁷

1323 895 1372 926 De
1388 896 1520 927 Henrico
1546 892 1699 926 Frederici
1725 894 1876 941 quondam
1900 897 2095 942 Imperatoris
2114 908 2152 928 ex
2177 892 2307 940 Iflzbella
2333 897 2388 927 So-

1371 954 1438 1022 relnc
1459 945 1546 991 Regis
1564 943 1668 986 Filio,
1693 945 1724 975 in
1751 944 1858 977 Sicilia
1877 955 1994 976 mortuo
2006 971 2017 988 ,
2041 956 2150 977 necnon
2169 943 2204 977 de
2229 943 2320 977 fatto
2338 946 2389 977 Si-

1369 1002 1395 1023 s!
1410 1003 1450 1025 tae.

1321 1077 1403 1145 Isto
1416 1115 1474 1146 filio

1320 1154 1522 1185 nedistionem.

1359 1076 1544 1107 Nnocentius
1558 1075 1730 1121 Episcopus,
1748 1077 1841 1109 servus
1853 1077 1996 1109 servorum
2011 1075 2085 1115 Dei,
2103 1077 2245 1108 carissimo
2259 1077 2287 1108 in
2299 1076 2388 1108 Chi-i-
2405 1074 2480 1105 Ann.
2492 1074 2537 1106 D.

1580 1116 1656 1156 Regi
1671 1116 1781 1157 Angliae
1796 1115 1893 1147 illustri
1908 1139 1917 1155 ,
1941 1116 2055 1147 salutem
2070 1116 2103 1146 &
2122 1116 2317 1155 Apostolicam
2336 1118 2386 1147 be-
2405 1123 2518 1190 Αηξὲ.

2433 1165 2458 1181 n.
2511 1175 2519 1181 .

1359 1192 1466 1232 Regale
1479 1203 1566 1233 genus
1581 1192 1709 1233 Angliae,
1728 1193 1805 1235 quod
1820 1192 1929 1233 speciali
1944 1192 2067 1232 quodam
2089 1191 2211 1231 affeetu,
2229 1193 2386 1224 &intimae
2405 1197 2438 1219 H·
2456 1201 2481 1228 3·

1320 1229 1478 1262 dilectionis
1504 1233 1688 1271 praerogativa
1705 1233 1900 1272 prosequimur
1913 1254 1922 1268 ,
1945 1232 2062 1262 exaltare
2082 1232 2160 1269 super
2178 1241 2294 1262 caetcros
2311 1232 2387 1262 orbis
2407 1234 2444 1257 Ex
2458 1234 2519 1258 Aa·

1321 1269 1415 1309 Reges
1434 1271 1466 1301 &
1483 1269 1627 1309 Principes
1642 1273 1786 1309 cupientes
1802 1294 1812 1309 ,
1836 1270 1972 1301 dilectum
1992 1270 2079 1300 filiurn
2095 1269 2266 1309 Magistrum
2287 1270 2388 1314 Alber-
2403 1275 2468 1306 togr.

1320 1316 1382 1338 tum
1397 1331 1406 1346 ,
1432 1308 1590 1340 Notarium
1604 1309 1732 1341 nostrum
1746 1333 1756 1348 ,
1781 1309 1956 1347 Apostolicae
1972 1308 2040 1339 sedis
2061 1308 2201 1347 Legatum
2214 1331 2225 1348 ,
2247 1310 2296 1350 qui
2314 1319 2387 1347 ejus-

1320 1345 1386 1377 dem
1401 1348 1508 1385 generis
1521 1348 1663 1379 honorem
1677 1350 1711 1380 &
1723 1348 1913 1379 commodum
1927 1347 2032 1378 zelatur
2046 1355 2077 1377 ut
2091 1348 2256 1391 proprium,
2273 1348 2307 1378 ad
2323 1358 2386 1385 par-

1321 1393 1360 1415 tes
1375 1386 1430 1416 illas
1444 1387 1630 1425 principaliter
1645 1388 1697 1418 hac
1712 1387 1748 1417 de
1770 1387 1847 1417 causa
1862 1386 2058 1417 transmisimus
2071 1409 2081 1423 ,
2102 1394 2131 1416 ut
2147 1385 2223 1416 idem
2239 1396 2328 1424 genus
2342 1387 2388 1416 lo-

1321 1424 1463 1462 cupletans
1475 1425 1508 1456 &
1521 1425 1641 1456 exaltans
1651 1448 1661 1464 ,
1685 1426 1827 1456 conferret
1840 1426 1866 1454 ei
1885 1424 2021 1464 Regnum
2037 1424 2140 1454 Siciliae
2149 1447 2158 1462 ,
2175 1425 2253 1464 quod
2265 1425 2387 1462 opulen-

1321 1463 1360 1531 {iii
1373 1463 1405 1532 &1
1419 1463 1523 1494 deliciis
1536 1464 1585 1495 alia
1600 1463 1702 1504 Regna
1724 1464 1824 1495 mundi
1843 1464 1950 1501 superat
1962 1486 1972 1501 ,
1998 1462 2032 1494 ad
2048 1462 2213 1493 Romanam
2227 1462 2386 1495 Ecclesiam

1341 1512 1396 1532 evo
1407 1511 1495 1532 utum.

1358 1539 1396 1571 Et
1413 1564 1421 1579 ,
1446 1541 1511 1571 licet
1525 1540 1604 1580 super
1619 1540 1676 1571 hoc
1691 1540 1774 1572 fuerit
1790 1539 1858 1571 hinc
1874 1539 1939 1571 inde
1980 1539 2125 1578 letumque
2140 1539 2287 1571 traditarum
2301 1564 2311 1578 ,
2335 1549 2388 1580 pro

1321 1588 1356 1608 eo
1369 1587 1462 1609 tamen
1476 1580 1551 1618 quod
1566 1581 1594 1609 in
1606 1579 1709 1610 eodem
1723 1579 1830 1619 Regno
1843 1580 1933 1610 adhuc
1959 1587 2081 1617 upererat
2096 1579 2194 1609 unicus
2207 1588 2295 1618 nepos
2308 1587 2389 1618 tuus,

1322 1619 1359 1646 n'e
1372 1617 1499 1648 videretis
1511 1619 1581 1649 sitire
1595 1618 1755 1657 sanguinem
1768 1619 1931 1658 proprium,
1947 1617 1980 1648 &
1993 1618 2189 1655 proximorum
2199 1625 2316 1647 tuorum
2326 1617 2391 1657 spo-

1321 1655 1357 1686 lia
1373 1658 1528 1695 concupire
1542 1681 1551 1694 ‚
1576 1665 1685 1687 tanturn
1701 1658 1841 1688 honorem
1856 1658 1890 1688 &
1904 1656 2093 1687 commodum
2109 1656 2233 1694 recipere
2253 1657 2339 1694 usque
2353 1656 2389 1688 ad

1322 1694 1385 1724 haec
1402 1703 1529 1732 tempora
1543 1695 1680 1726 distulisti.

1358 1732 1414 1763 Sed
1423 1734 1550 1775 ,eodem
1565 1742 1668 1773 nepote
1683 1742 1734 1764 tuo
1749 1734 1835 1774 impie
1849 1756 1858 1772 ,
1885 1741 1916 1765 ut
1930 1732 2053 1764 asseritur
2066 1755 2076 1771 ,
2101 1731 2209 1764 sublato
2222 1733 2259 1763 dc
2274 1733 2390 1773 medio,

1322 1780 1371 1809 tu,
1388 1771 1542 1803 deiiderans
1557 1782 1624 1803 curn
1640 1772 1804 1812 Apostolica
1819 1772 1881 1802 sede
1897 1772 1985 1803 filium
1999 1771 2101 1802 habere
2115 1781 2322 1812 communem,
2338 1772 2391 1803 de-

1321 1809 1426 1841 vovisti
1458 1813 1575 1851 erpetuo
1590 1811 1623 1842 ad
1638 1813 1694 1849 ejus
1706 1811 1854 1849 obsequia,
1873 1810 2046 1842 carissimum
2061 1811 2091 1841 in
2100 1808 2218 1840 Christo
2234 1810 2322 1841 filium
2335 1820 2390 1842 no-

1322 1848 1411 1879 strum
1434 1820 1622 1880 {dmundum
1635 1873 1645 1888 ,
1670 1849 1805 1880 illustrem
1821 1849 1934 1890 Regem
1955 1848 2060 1880 Siciliae
2076 1871 2087 1888 ,
2111 1857 2209 1880 natum
2231 1857 2330 1888 tuum,
2348 1849 2390 1880 sa-

1321 1889 1397 1917 cieris
1410 1888 1519 1927 ipsum,
1537 1888 1573 1918 de
1605 1888 1692 1919 raefati
1707 1889 1806 1928 Legati
1831 1888 1975 1926 manibus,
1993 1887 2122 1919 habentis
2141 1887 2220 1926 super
2235 1887 2294 1918 hoc
2307 1899 2322 1918 a
2336 1897 2390 1918 no-

1322 1926 1364 1955 bis
1377 1926 1546 1964 potestatem
1562 1898 1711 1964 pssnariam
1727 1950 1736 1965 ,
1761 1928 1884 1966 recipere
1904 1926 2072 1967 praediecum
2095 1925 2233 1966 Regnum
2248 1926 2282 1957 ad
2296 1926 2392 1957 hono-

1320 1964 1462 2033 ‘zmstpei
1483 1966 1517 1996 ὃς
1536 1965 1671 1997 Ecclefiae
1684 1989 1693 2004 ,
1719 1975 1752 1996 ac
1774 1966 1998 2004 tranquillitatem
2019 1966 2052 1997 &
2072 1974 2173 2003 pacem
2191 1965 2275 1996 totius
2292 1965 2392 2007 populi

1321 2013 1337 2033 c
1361 2014 1382 2033 ri
1409 2014 1471 2033 iani.

1359 2041 1449 2082 Super
1463 2052 1520 2081 quo
1533 2042 1700 2074 Celsitudini
1720 2051 1778 2074 tuae
1795 2042 1940 2073 referimus
1954 2043 2080 2073 actiones
2094 2042 2275 2073 multimodas
2290 2043 2391 2081 gratia-

1321 2090 1384 2110 rum
1398 2103 1408 2119 ,
1434 2082 1521 2121 parati
1541 2082 1575 2113 ὃς
1595 2081 1722 2120 prompti
1743 2081 1777 2112 ad
1793 2083 1908 2119 omnia,
1925 2091 1989 2121 quae
2008 2081 2116 2122 placere
2129 2081 2291 2111 noverimus
2309 2080 2390 2112 cordi

1322 2127 1382 2150 tuo.

1358 2156 1438 2188 Cum
1453 2159 1535 2198 igitur
1552 2158 1736 2190 collationem
1753 2181 1763 2196 ,
1788 2157 1927 2197 praediEm
1948 2157 2025 2196 Regi
2039 2157 2077 2188 ab
2099 2156 2200 2188 eodem
2219 2156 2327 2197 Legato
2349 2156 2390 2188 fa-

1320 2196 1415 2235 &am,
1433 2197 1611 2235 duxerimus,
1628 2197 1664 2227 de
1677 2196 1797 2227 statium
1811 2196 1975 2227 nostrorum
1994 2196 2129 2233 consilio,
2145 2195 2389 2234 confirmandam,

1320 2235 1466 2266 defectum
1480 2259 1489 2273 ,
1516 2236 1595 2275 liquis
1608 2245 1642 2265 ex
1657 2245 1836 2275 quacumque
1850 2235 1927 2266 causa
1949 2235 1980 2265 in
1994 2245 2026 2266 ea
2044 2235 2133 2265 eXtitit
2148 2257 2158 2273 ,
2181 2233 2335 2275 supplentes
2352 2234 2390 2267 de

1320 2273 1492 2313 plenitudine
1505 2273 1646 2312 porcstatis
1653 2297 1663 2312 ,

1360 2312 1604 2351 magnificentiam
1617 2311 1741 2352 RegIam
1752 2321 1898 2352 rogamus,
1915 2311 1948 2342 &
1962 2310 2108 2341 hortamur
2123 2319 2226 2343 atterite
2243 2312 2390 2351 quatinus,

1322 2351 1497 2381 confidet-ato
1512 2351 1674 2391 diligenter,
1690 2351 1708 2381 si
1726 2351 1832 2389 placet,
1850 2350 1944 2390 quod,
1962 2359 2032 2380 cum
2052 2359 2152 2380 ornnes
2166 2350 2202 2380 de
2217 2350 2266 2380 illo
2280 2350 2390 2388 Regno

1323 2389 1550 2428 redemptionem
1562 2401 1577 2421 a
1592 2391 1673 2420 nobis
1690 2398 1821 2427 expetant
1841 2389 1860 2408 ᾖ
1875 2389 1977 2428 jugiter
1995 2389 2029 2420 &
2046 2388 2194 2426 expectent
2205 2411 2215 2427 ,
2240 2391 2390 2428 negotium

1321 2427 1414 2467 ipsum
1434 2438 1468 2458 ex
1490 2428 1527 2459 sui
1549 2438 1643 2459 natura
1667 2428 1789 2458 multum
1810 2428 2041 2458 accelerationem
2061 2425 2183 2467 postulat
2204 2427 2238 2458 &
2258 2428 2391 2467 requirit,

1322 2467 1456 2507 quodque
1468 2467 1566 2498 dilatio
1580 2468 1609 2497 in
1624 2467 1722 2498 talibus
1736 2465 1880 2497 consuevit
1893 2467 2048 2496 maximum
2060 2475 2156 2506 parere
2168 2465 2390 2505 detrimentum,

1321 2505 1491 2545 praedictum
1506 2505 1621 2545 Regem
1636 2505 1671 2536 ad
1686 2504 1912 2545 prosequendum
1927 2505 1958 2535 in
1973 2514 2061 2535 manu
2073 2504 2140 2535 forti
2151 2504 2323 2545 assumptum
2338 2515 2390 2535 ne-

1320 2545 1432 2583 gotium
1448 2545 1485 2575 sic
1501 2546 1529 2574 in
1542 2543 1657 2582 militia,
1675 2543 1812 2584 pecunia,
1829 2543 1862 2574 ὃς
1877 2542 1951 2582 aliis,
1969 2553 2034 2582 quae
2046 2552 2188 2582 oportuna
2203 2543 2324 2581 fuerint,
2343 2545 2389 2574 vi-

1322 2583 1422 2622 riliter,
1440 2583 1582 2622 celeriter,
1602 2584 1635 2615 ὃ(
1656 2591 1787 2623 potenter
1801 2583 1945 2626 accingas,
1965 2581 2041 2621 quod
2056 2582 2090 2612 ad
2110 2581 2254 2621 fastigium
2266 2581 2390 2621 ejusdem

1325 2620 1423 2661 Regni
1457 2623 1507 2653 ubi
1520 2622 1668 2662 recipietur
1687 2631 1754 2652 curn
1773 2620 1911 2651 defiderio
1924 2643 1935 2659 ,
1956 2629 1987 2651 ut
2001 2621 2153 2651 matutinus
2164 2620 2284 2660 lucifer,
2304 2619 2388 2661 poffit

1322 2668 1353 2689 m
1371 2661 1420 2690 oni
1441 2670 1491 2698 ce,
1507 2668 1592 2698 prout
1605 2659 1688 2690 decet
1701 2668 1810 2690 tantum
1826 2657 2005 2698 Principem,
2023 2659 2176 2696 pervenire.

1381 2699 1486 2729 citurus
1499 2708 1552 2737 pro
1565 2707 1644 2728 certo
1657 2697 1750 2736 quod,
1768 2707 1835 2727 curn
1849 2696 1925 2727 idern
1941 2697 2087 2735 negotium
2108 2697 2139 2728 sit
2154 2696 2213 2727 Dei
2228 2720 2238 2735 ,
2262 2706 2321 2727 non
2333 2697 2389 2728 ho-

1324 2737 1424 2775 minis,
1439 2737 1577 2775 praedieto
1593 2735 1667 2777 Regi
1703 2737 1810 2775 rospera
1824 2735 1928 2766 cunita
1938 2734 2106 2773 succedent,
2123 2735 2228 2775 nosque
2242 2735 2292 2765 fibi
2306 2745 2389 2766 cura-

1323 2776 1417 2806 bimus
1429 2777 1459 2805 in
1473 2775 1594 2814 personis
1607 2776 1641 2805 δε
1659 2784 1688 2804 re
1711 2784 1741 2804 us
1754 2797 1764 2812 ,
1788 2774 1822 2804 δι
1839 2773 1895 2804 aliis
1914 2772 2020 2810 modis,
2039 2772 2206 2811 quibuscum
2229 2782 2264 2802 ue
2284 2774 2389 2812 poteri-

1322 2824 1384 2844 mus
1397 2837 1408 2853 ,
1432 2812 1643 2852 opulentiffime
1663 2812 1831 2850 subvenire,
1857 2812 1942 2851 parati
1964 2811 2089 2850 obligare
2104 2821 2156 2841 nos
2169 2812 2202 2842 &
2254 2821 2389 2842 omanam

1321 2851 1477 2883 Ecclesiam
1486 2875 1496 2891 ,
1515 2851 1685 2891 fidejussorio
1698 2852 1832 2888 nomine,
1850 2860 1902 2888 pro
1916 2849 1969 2880 hiis
1982 2859 2046 2891 quae
2063 2850 2113 2881 fibi
2124 2849 2229 2881 fuerint
2244 2849 2279 2880 ad
2293 2849 2388 2889 prose-

1321 2892 1465 2922 cutionem
1478 2890 1600 2929 ejusdem
1612 2891 1721 2930 negotii
1730 2898 1880 2928 oportuna.

1359 2968 1427 2999 Dat.
1443 2967 1538 3007 Asisii,
1556 2967 1598 3000 Id.
1614 2966 1706 3006 Maii,
1723 2964 1908 2997 Pontificatfis
1921 2964 2010 2995 nostri
2023 2975 2098 2996 anno
2112 2965 2276 2996 undecimo.

1663 3043 1788 3074 Plumheo
1803 3041 1892 3080 Sigillo
1900 3042 2032 3082 pendente
2045 3053 2063 3071 a
2067 3041 2120 3085 filo
2134 3043 2256 3073 canabeo.

1701 3089 1707 3102 ι

1320 3185 1452 3222 Conradi
1470 3190 1676 3221 Romanorum
1703 3189 1740 3225 ὠ·
1758 3187 1864 3219 Sicilia
1882 3188 1969 3233 Regis
1986 3183 2115 3233 Fpistola
2136 3189 2210 3234 Regi
2227 3185 2263 3219 de
2283 3188 2391 3220 Adone

1601 3238 1722 3268 Fratris
1738 3237 1860 3281 AVepotis
1874 3237 1962 3282 Regis
1981 3235 2107 3281 anglia.

2408 2394 2540 2430 *1-514·

1407 3328 1536 3359 Ollemus
1555 3329 1661 3360 auditus
1677 3329 1799 3368 vestros,
1818 3330 1938 3366 vulgatis
1959 3329 2031 3360 forte
2052 3328 2137 3359 famae
2157 3328 2316 3369 praeloquiis
2330 3328 2388 3359 stu-
2405 3335 2480 3367 Αῃῃ,
2496 3335 2538 3367 Ι),

1405 3368 1547 3408 pesastos,
1566 3367 1617 3398 illis
1631 3368 1734 3405 pulsare
1749 3370 1926 3407 rumoribus,
1945 3377 2067 3406 quorum
2084 3369 2118 3399 &
2132 3367 2255 3399 vestram
2270 3377 2387 3408 exagge-
2428 3383 2510 3413 ¹254-

1322 3413 1392 3435 taret
1405 3406 1500 3437 relatio
1513 3406 1666 3445 lacrymosa
1680 3406 1864 3446 memoriam,
1883 3408 1916 3438 ὃς
1932 3405 2023 3438 cordis
2037 3405 2120 3437 vestri
2132 3406 2307 3444 praesumitur
2322 3415 2386 3436 cor·
2402 3416 2454 3441 An,
2476 3413 2522 3450 38,

1323 3451 1434 3488 ruptura
1449 3444 1598 3483 quietem,
1619 3445 1663 3475 sed
1677 3455 1710 3475 ex
1725 3455 1760 3476 eo
1799 3447 1921 3485 raecipue
1941 3455 1993 3476 nos
2007 3468 2018 3484 ,
2040 3445 2082 3476 his
2101 3444 2223 3483 casibus,
2242 3445 2386 3483 personam
2404 3456 2438 3480 H,
2454 3461 2479 3488 3,

1323 3483 1364 3513 ele
1385 3493 1456 3512 imus
1474 3483 1596 3513 relatoris
1610 3506 1620 3521 ,
1644 3483 1720 3522 quod
1734 3507 1744 3522 ,
1787 3495 1836 3514 um
1857 3484 2037 3515 acerbitatem
2051 3482 2155 3513 doloris
2176 3482 2267 3513 nostri
2279 3483 2388 3513 silentio

1324 3531 1360 3551 co
1382 3521 1459 3551 ibere
1477 3522 1523 3551 vix
1544 3521 1689 3559 possumus
1705 3546 1715 3562 ,
1736 3523 1767 3553 in
1788 3524 1870 3553 vobis
1885 3523 2012 3553 maeroris
2028 3522 2168 3559 impetum
2181 3544 2192 3560 ,
2212 3520 2390 3562 persuasionis

1324 3559 1430 3590 nostrae
1443 3559 1586 3598 remedio,
1605 3560 1711 3592 facilius
1726 3561 1864 3592 credimus
1879 3560 2073 3601 mitigandum.

1363 3597 1398 3628 N
1401 3607 1435 3628 ec
1448 3599 1541 3628 mirari
1557 3608 1605 3629 vos
1619 3600 1749 3631 volumus
1768 3601 1788 3631 si
1802 3600 1838 3631 de
1852 3600 1900 3637 iis,
1917 3609 1982 3639 quae
1996 3598 2079 3628 inviti
2090 3597 2251 3635 referimus,
2266 3595 2300 3627 ad
2313 3595 2390 3626 noti-

1324 3636 1393 3667 tiam
1412 3636 1532 3666 vestram
1555 3639 1698 3668 nunciatio
1719 3638 1774 3670 sera
1795 3636 1961 3678 pet-veniat,
1985 3646 2056 3666 cum
2075 3635 2208 3667 mileum
2231 3644 2265 3665 ex
2282 3635 2388 3665 recenti

1327 3673 1442 3705 vulnere
1455 3674 1592 3706 maestitiae
1609 3677 1770 3715 praevaleret
1784 3676 1970 3715 immensitas,
1988 3675 2021 3706 &
2039 3683 2073 3705 ex
2087 3675 2177 3706 oculis
2193 3672 2293 3704 nostris
2307 3681 2388 3703 natu-

1324 3723 1363 3743 rae
1383 3712 1552 3752 suggerentis
1573 3715 1723 3753 imperium
1742 3715 1851 3752 fluxum
1874 3722 2038 3753 emungeret
2060 3714 2104 3745 lac
2139 3721 2270 3748 marum,
2295 3711 2387 3750 sicque

1325 3750 1478 3781 fluctuabat
1491 3753 1593 3782 mentis
1605 3753 1710 3784 nostrae
1721 3755 1829 3785 turbata
1841 3763 1902 3784 tran
1923 3753 2010 3784 uilitas
2024 3760 2073 3791 ut,
2140 3749 2324 3793 extinguenda
2335 3753 2391 3780 do-

1325 3789 1393 3819 lotis
1407 3789 1538 3820 incendia
1553 3813 1564 3829 ,
1587 3792 1739 3823 necessario
1759 3793 1880 3824 solatoris
1895 3802 1911 3822 a
1922 3793 2004 3822 terius
2021 3790 2140 3821 lenitivis
2153 3788 2307 3828 liquoribus
2323 3798 2389 3828 ege-

1326 3837 1426 3858 remus.

1367 3865 1435 3904 Jam
1450 3868 1523 3897 vero
1536 3889 1546 3905 ‚
1570 3867 1636 3899 dato
1657 3877 1784 3907 tempore
1804 3869 1927 3898 luctibus
1973 3866 2049 3906 quod
2070 3862 2188 3895 eventfis
2205 3872 2264 3894 tarn
2284 3865 2388 3896 turbidi

1327 3904 1441 3972 {ualitas
1462 3905 1589 3943 exigebat
1605 3929 1614 3944 ,
1641 3908 1793 3944 lugubrem
1813 3907 1926 3937 obitum
1975 3904 2060 3935 enrici
2077 3901 2208 3933 carissimi
2228 3903 2320 3936 fratris
2339 3913 2393 3935 no-

1353 3943 1390 3978 ti,
1411 3944 1523 3982 nepotis
1535 3944 1620 3975 vestri
1629 3969 1638 3983 ,
1655 3947 1737 3975 vobis
1754 3944 1859 3974 infestis
1872 3944 2027 3974 rumoribus
2038 3941 2213 3979 nuntiamus;

1364 3980 1413 4011 De
1430 3982 1508 4021 cujus
1522 3984 1583 4013 casu
1600 3992 1658 4014 tam
1678 3982 1839 4020 horrendo,
1853 3983 1919 4012 licet
1931 4003 1941 4018 ,
1963 3989 1997 4010 ex
2016 3979 2157 4010 decisione
2177 3981 2284 4017 carnis,
2299 3980 2394 4011 nostra

1327 4018 1387 4049 satis
1402 4021 1551 4050 amaricata
1565 4021 1616 4051 sint
1631 4022 1763 4059 peelora,
1780 4020 1848 4050 dum
1861 4017 2078 4059 pretiosissimam
2092 4018 2214 4057 pectoris
2228 4018 2317 4049 nostri
2331 4029 2394 4055 par-

1328 4066 1388 4089 tem
1403 4058 1551 4097 perdidisse
1565 4059 1712 4098 dolemus,
1728 4067 1761 4089 ex
1773 4067 1809 4088 eo
1821 4065 1916 4088 tamen
1927 4057 2072 4088 turbamur
2083 4056 2204 4088 amarius
2215 4056 2309 4098 quod,
2323 4056 2394 4091 dum

2359 4093 2395 4132 ⁸d
