2570 4261
60 219 147 253 Ann.
160 219 202 250 D.

90 260 173 298 1296.

71 300 137 326 Edv.
160 307 169 324 ι
178 319 185 326 .

76 1392 207 1425 *ll.7ir.

78 1477 154 1509 Ann.
165 1476 205 1506 D.

106 1516 188 1554 1296.

77 1561 131 1586 Λα.
149 1567 194 1592 ²4-

79 1597 108 1623 Ε.
136 1606 157 1623 r.

75 1633 179 1663 ibidem.

90 2364 165 2395 Ann.
182 2361 224 2393 D.

112 2402 195 2441 1296.

90 2446 142 2470 Aa.
161 2451 205 2477 ²4·

92 2486 121 2507 E.
145 2490 168 2506 i.

93 2523 148 2546 er.
163 2518 222 2544 Alc-

93 2568 162 2586 mm.
181 2566 225 2590 ²4-

93 2601 123 2624 Ε.
152 2605 174 2621 r.
190 2605 226 2621 m.

97 2645 139 2670 ¹7-
156 2634 180 2663 d.

122 3623 196 3653 ann.
212 3622 253 3653 D.
269 3608 335 3666 U

145 3661 226 3699 1296.

124 3704 176 3727 Aa.
198 3709 242 3733 24.

127 3743 158 3764 E.
183 3747 204 3764 1.

127 3780 181 3802 Rot.
197 3774 244 3802 Ale

129 3823 198 3840 man.
214 3823 260 3847 24.

130 3856 158 3877 13.
180 3862 203 3879 1.
219 3861 243 3878 m

135 3891 175 3916 μό,

219 131 300 182 ³58

218 216 329 252 sorum,
346 211 457 243 absente
471 209 569 247 tertio,
589 206 701 243 plenam
718 203 750 233 ὃς
764 200 883 230 liberam
902 195 1072 236 potestatem
1087 216 1098 232 ,
1114 193 1149 224 &
1160 188 1278 231 speciale

373 261 383 279 '1
1235 250 1237 253 .

218 253 427 325 mt'if'iiaagiiriidi,
445 285 562 316 nomine
577 280 695 316 nostro,
712 278 747 308 de
760 277 862 315 treugis
877 276 948 304 inter
963 273 1080 309 Regem
1096 268 1225 299 Franciae
1246 266 1280 296 δί

218 330 349 360 valitores
368 325 430 356 suos
451 333 485 353 ex
500 330 576 359 parte
596 318 669 356 una,
683 318 717 348 ἅτ
733 325 786 345 nos
800 324 833 344 ac
850 312 988 342 Valitores
1001 309 1114 340 nostros
1130 316 1165 338 ex
1179 306 1280 342 altera,

219 369 300 406 super
322 365 426 403 guerris
441 385 451 399 ,
475 357 688 390 distensionibus
705 378 714 392 ,
740 354 774 384 &
792 351 936 383 discordiis
951 348 1195 388 quibuscumque,
1211 345 1281 373 inter

220 398 344 436 eundem
365 403 478 440 Regem
501 400 534 429 &
556 396 582 427 V
584 396 694 425 alitotes
714 392 798 429 sum,
822 391 855 421 δε
876 399 929 419 nos
949 398 982 418 ac
1005 387 1144 418 Valitores
1167 381 1282 413 nostros

303 451 337 471 is:

219 453 300 511 exErtt
319 480 401 509 etiam
425 474 533 506 easdem
556 480 665 510 treugas
676 467 792 499 ineundi
807 468 840 499 &
854 464 1003 503 firmandi,
1021 474 1055 494 ac
1070 461 1168 504 omnia
1181 459 1233 489 alia
1249 457 1282 488 ὃ(

221 519 325 556 singula
338 514 476 551 faciendi,
494 520 560 550 quae
573 510 608 541 ad
624 507 835 548 praemistorum
847 503 1057 542 expeditionem
1078 500 1181 531 fuerint
1195 505 1285 534 opor-

270 567 299 586 a:

218 567 295 625 tmEt
319 603 372 624 nos
392 592 425 622 ὃς
439 590 538 620 omnia
551 589 630 619 bona
645 585 741 617 nostra
754 582 987 622 obligaverimus,
1003 578 1038 608 ad
1052 576 1153 607 omnia
1166 572 1284 604 fideliter

219 632 392 666 observanda
406 655 416 669 ,
443 639 508 667 quae
529 638 578 666 per
598 624 750 664 praedieros
766 647 775 659 ,
794 621 962 656 Comitem,
980 617 1142 653 Ottonem,
1156 614 1189 645 &
1201 611 1284 656 Tbe-

219 673 369 704 saurarium
384 693 394 706 ,
416 668 461 698 scu
484 667 555 697 duos
577 665 700 703 ipsorum
715 685 725 701 ,
742 670 773 691 ut
787 657 963 698 praemissum
975 655 1032 693 est,
1051 654 1183 696 tractata,
1199 658 1284 695 inita,

219 712 329 742 firmata
344 733 354 747 ,
380 709 414 739 ὃς
433 706 506 738 faeta
528 705 632 735 fuerint
651 703 680 731 iri
704 698 849 739 praemissis
862 720 872 737 ,
890 704 975 736 prout
988 696 1017 724 in
1033 693 1172 732 praenietis
1187 689 1284 720 litteris

219 749 321 782 nostris
338 747 445 786 plenius
460 745 638 775 continetur:
764 777 768 781 ι
866 775 870 779 ,
931 773 936 778 .
962 772 966 777 .

259 787 351 819 Vobis
364 784 491 816 fidelibus
507 783 540 813 &
554 779 666 811 subditis
681 776 783 809 nostris
798 774 915 805 firmiter
930 768 1102 811 injungendo
1109 766 1284 803 mandamus,

220 838 274 859 vos
294 827 421 861 amicos,
440 822 588 856 vasitores,
608 819 641 848 ὃς
661 814 874 847 confoederatos
895 811 1005 842 nostros
1022 816 1168 878 rogantes,
1187 813 1284 844 quate-

225 877 277 897 nus
287 890 296 905 ,
315 865 383 895 sicut
398 872 450 892 nos
465 884 473 897 ,
491 859 634 889 honorem
649 865 681 885 ac
695 851 887 885 commodum
902 849 1033 880 nostrum
1066 847 1189 889 iligitis,⁷

259 903 382 935 Praefato
404 898 548 930 Cardinali
563 920 572 935 ,
596 897 629 926 ὃς
652 892 805 924 venerabili
827 890 903 921 Patri
928 888 1062 920 Domino
1084 885 1116 930 S,
1136 882 1281 922 Episcopo

222 942 408 977 PenestrinO,
426 938 556 969 Collevae
572 935 637 971 su0,
653 935 682 963 in
696 929 856 970 hujusmodi
866 928 985 967 negotio
998 951 1008 965 ,
1026 935 1075 965 per
1089 924 1201 955 dietum
1216 921 1283 952 Do-

223 984 337 1013 minum
351 979 496 1010 summum
536 972 684 1005 ontificem
700 971 852 1010 deputato:
1211 999 1216 1004 ἢ

259 1020 297 1051 Et
313 1018 451 1056 praesatis,
468 1014 599 1050 Comiti,
618 1010 741 1047 Ortoni,
756 1009 790 1039 &
803 1003 990 1037 Thesaurario
1000 1026 1008 1042 ,
1024 1002 1070 1046 seu
1085 1001 1197 1033 duobus
1210 997 1283 1041 ¹P.s.0‘

222 1070 286 1090 rum
303 1057 418 1096 pareatis
429 1057 463 1086 &
477 1051 624 1084 intendatis
639 1051 667 1079 in
681 1048 833 1083 omnibus,
851 1053 985 1085 tanquam
1000 1043 1082 1072 nobis
1094 1065 1104 1078 ,
1121 1040 1199 1077 super
1214 1038 1285 1080 hiiS,

217 1098 287 1136 'quae
310 1106 344 1127 ex
367 1104 445 1132 parte
464 1091 560 1123 nostra
579 1089 661 1121 vobis
676 1082 889 1122 demandanda,
908 1085 954 1113 seu
969 1079 1142 1121 injungenda
1155 1077 1285 1108 duxerint

222 1139 251 1168 in
286 1133 411 1167 reniislis.

273 1186 291 1205 n
305 1175 398 1212 cujus,
416 1171 478 1202 &c-

260 1251 330 1282 Dat.
345 1248 419 1288 apud
431 1245 623 1284 Rokesburgh
643 1253 686 1273 12.
704 1241 752 1272 die
769 1239 850 1271 Maii.

360 1375 386 1401 ,ᾗ
412 1374 556 1421 Ejrtfilem
572 1373 660 1418 fere,
686 1382 754 1403 cum
767 1371 885 1415 priore,
911 1367 1018 1398 tenoris
1039 1366 1156 1396 Lirem.

229 1461 361 1525 REX
389 1456 803 1497 Archicpiscopis,Episcopis,
821 1451 919 1488 &caet
928 1450 962 1490 su
980 1461 1012 1480 ra
1024 1452 1160 1488 proximo,
1180 1446 1212 1477 de
1223 1455 1289 1489 ver·

309 1501 339 1530 bo
363 1501 403 1530 ad
420 1499 534 1530 verbum
548 1521 557 1536 ,
585 1497 662 1537 usque
675 1495 712 1525 ibi
727 1505 777 1533 pro
792 1491 911 1523 sedandis
924 1491 964 1521 dis
977 1489 1092 1520 ‘ensione
1107 1488 1152 1518 seu
1169 1495 1289 1523 guerra,

228 1539 265 1575 όν
289 1546 351 1569 tunc
365 1538 464 1579 statim
479 1538 619 1577 sequitur,
639 1537 708 1565 inter
723 1551 780 1556 ---
798 1530 912 1570 Regem
932 1529 1137 1559 Romanorum
1151 1524 1287 1555 illustrem

232 1581 264 1612 δε
279 1589 331 1609 nos
346 1587 380 1608 ex
395 1587 470 1616 parte
486 1576 557 1614 una,
573 1575 606 1605 &
624 1574 751 1605 Franciae
765 1570 881 1610 Regem
902 1577 935 1599 ex
948 1566 1033 1598 alter-21
1045 1565 1161 1603 exorta,
1180 1562 1290 1594 dederi-

230 1628 293 1648 mus
311 1619 342 1648 ὅ(
365 1615 586 1647 concesserimus
634 1622 683 1652 per
705 1611 767 1641 alias
788 1608 895 1638 nostras
912 1614 1035 1645 patentes
1048 1605 1163 1641 litteras,
1181 1602 1290 1633 disceris

229 1658 262 1688 δε
279 1656 405 1686 fidelibus
419 1653 519 1685 nostris
535 1653 570 1683 Α.
591 1637 703 1681 Comiti
715 1647 859 1680 Sabaudiae
890 1645 1113 1681 Consanguineo
1128 1642 1228 1674 nostro
1245 1642 1292 1671 ka-

229 1695 354 1732 rislinio,
373 1694 478 1724 Ottoni
498 1692 534 1722 de
554 1689 751 1721 Grandislbno
765 1711 775 1725 ,
797 1688 831 1718 δε
845 1670 978 1716 rihkero
993 1685 1028 1726 de
1046 1682 1194 1721 Langeton
1208 1681 1291 1711 The-

230 1734 347 1764 saurario
362 1732 479 1769 nostro,
497 1730 542 1761 seu
557 1730 667 1760 duobus
681 1727 822 1766 ipsorum,
841 1724 951 1754 absente
965 1731 1064 1760 tertio,
1081 1721 1195 1760 plenam
1212 1721 1245 1751 &
1260 1719 1293 1749 li-

231 1773 330 1803 beram
345 1771 513 1810 potestatem
529 1770 561 1800 δε
574 1767 688 1807 speciale
705 1764 886 1801 mandatum,

269 1810 425 1842 Trac'tandi
439 1834 448 1848 ,
474 1809 593 1839 nomine
613 1806 712 1836 nostro
728 1829 737 1842 ,
761 1803 798 1834 de
816 1802 919 1841 treugis
933 1800 1012 1838 super
1031 1799 1137 1837 guerris
1156 1821 1166 1837 ,
1187 1795 1293 1827 diffen-

233 1848 374 1888 sionibus,
393 1850 425 1880 &
439 1846 581 1878 discordiis
597 1843 840 1883 quibuscumque,
849 1842 921 1871 inter
934 1838 1084 1877 praefatum
1099 1837 1215 1874 Regem
1225 1835 1292 1866 Ro-

234 1899 387 1920 manorum
410 1889 443 1920 δε
464 1886 605 1917 Valitores
626 1884 687 1913 suos
707 1883 740 1913 &
763 1891 816 1911 nos
829 1904 838 1918 ,
857 1880 889 1911 ὃς
904 1878 1041 1909 Valitores
1056 1875 1185 1914 nostros,
1203 1875 1236 1906 &
1253 1874 1297 1905 di-

234 1928 315 1958 Ctum
339 1927 452 1966 Regem
469 1925 593 1955 Franciae
609 1923 642 1953 δε
659 1921 797 1952 valituros
813 1918 875 1949 suos
898 1917 1018 1954 exortis,
1035 1915 1069 1946 &
1084 1916 1169 1945 etiarn
1185 1912 1296 1944 easdem

234 1974 344 2003 treugas
366 1964 480 1996 ineundi
502 1963 535 1994 &
550 1960 696 1998 firmandi,
713 1969 746 1990 ac
761 1959 858 1989 omnia
873 1957 940 1994 alia,
956 1953 1016 1990 &a
1034 1961 1066 1984 ut
1071 1953 1158 1993 fiepra
1173 1952 1252 1994 usque
1266 1955 1297 1982 in

226 2003 322 2046 finem.

274 2082 342 2113 Dat.
361 2089 391 2113 ut
405 2082 492 2120 supra.

240 2213 307 2245 Rex
325 2212 400 2256 petit
427 2219 446 2240 a
469 2207 551 2239 Duce
578 2199 745 2237 Brabantiae
767 2202 803 2238 ὠ·
823 2211 843 2232 a
866 2200 981 2231 Comite
997 2198 1108 2238 Burri,
1132 2193 1212 2243 quod
1221 2205 1298 2242 prae·

313 2342 377 2374 EX
391 2367 401 2381 ,
423 2341 484 2372 &c.
500 2337 607 2370 Nobili
627 2337 690 2367 viro
705 2359 714 2373 ,
733 2335 766 2365 &
781 2333 840 2363 filio
854 2332 904 2363 suo
915 2330 1071 2368 karissimo,
1088 2330 1231 2369 johanni,
1249 2327 1296 2359 ezi-

323 2382 390 2412 dem
405 2378 492 2410 cratia
529 2377 608 2408 Duci
623 2375 705 2405 Lotr·
723 2373 875 2403 Brabantiae
892 2372 924 2402 ὃς
944 2370 1086 2409 Lenburg.
1107 2368 1232 2399 salutern.

337 2259 433 2304 fimes
451 2253 579 2297 interfint
598 2249 650 2284 ubi
667 2249 820 2283 trac‘batur
838 2246 873 2281 de
887 2248 1013 2294 Tieugis
1029 2244 1195 2279 antediflis.

275 2420 354 2452 Cum
371 2445 380 2458 ,
404 2405 438 2450 {d
458 2402 607 2447 insinntem
627 2412 836 2453 requisitionem
854 2409 1026 2441 Venerabilis
1042 2408 1129 2438 Patris
1143 2431 1152 2445 ,
1174 2406 1299 2436 Domini

241 2460 272 2491 B.
291 2459 424 2499 Episcopi
448 2455 610 2487 Albanensis
623 2476 633 2491 ,
667 2452 778 2483 sanctae
802 2449 946 2480 Romanae
964 2447 1100 2478 Ecclesite
1120 2445 1277 2477 Cardinalis
1291 2469 1301 2483 ,

240 2499 326 2528 amici
342 2498 432 2528 nostri
447 2494 576 2526 carissimi
585 2518 594 2530 ,
613 2492 750 2522 mittimus
763 2488 796 2519 ad
810 2497 899 2527 partes
913 2487 1036 2517 Franci-ae
1051 2485 1172 2516 dilectos
1184 2485 1218 2515 &
1232 2483 1302 2514 fide-

242 2538 279 2567 les
302 2537 412 2567 nostros
428 2560 437 2573 ,
455 2535 489 2564 Α.
509 2533 659 2563 Comitem
674 2527 821 2559 Sabaudiae
837 2526 1092 2562 consanguineum
1103 2523 1234 2554 nostrum
1251 2532 1298 2553 ca-

244 2575 381 2606 rissimum
397 2599 406 2613 ,
426 2574 568 2603 Ottonem
590 2569 626 2600 de
641 2567 854 2604 Grandissono,
872 2567 905 2597 &
920 2565 961 2594 W
964 2565 1082 2595 alterum
1096 2563 1133 2593 de
1150 2562 1301 2601 Langeron

243 2615 460 2645 Thesauratium
476 2611 624 2646 nostruin,
642 2608 742 2646 quibus
758 2606 953 2636 commisimus
968 2603 1137 2642 potestatem
1151 2600 1303 2638 traetandi,

246 2653 359 2683 ineundi
372 2678 381 2691 ,
406 2653 438 2683 ἃ
453 2649 581 2680 firmandi
596 2648 742 2685 Treugas,
760 2645 832 2674 inter
847 2642 964 2680 Regem
980 2642 1106 2672 Franciae
1119 2641 1153 2672 &
1167 2639 1305 2670 Valitores

245 2692 308 2722 suos
331 2701 363 2721 ex
384 2700 460 2728 parte
480 2698 532 2718 una
547 2712 556 2725 ,
582 2687 614 2716 δε
637 2695 688 2715 nos
710 2685 742 2714 ὃς
763 2682 900 2713 Valitores
920 2681 1030 2711 nostros
1051 2690 1084 2711 ex
1100 2678 1198 2717 alteri,
1225 2677 1305 2715 super

246 2731 367 2770 guerris,
385 2726 598 2759 dissentionibus
617 2725 649 2755 &
664 2720 826 2758 discordiis,
844 2721 917 2751 inter
934 2721 1057 2750 eundem
1073 2719 1187 2756 Regem
1201 2717 1235 2748 &
1252 2725 1305 2746 nos

245 2779 362 2800 exortis:

285 2808 353 2838 Nos
365 2831 374 2845 ,
401 2805 573 2844 praesentiam
595 2800 716 2832 vestram
731 2800 759 2828 in
773 2797 890 2828 trac‘iatu
905 2795 1064 2835 hujusmodi
1079 2794 1142 2825 fore
1157 2793 1257 2825 utilem
1272 2792 1305 2824 δε

246 2846 428 2877 necessariam
450 2842 621 2874 attendentes
635 2864 644 2877 ,
668 2837 862 2869 Nobilitatcm
878 2836 1002 2866 vestram
1019 2832 1172 2864 affectuose
1188 2832 1307 2870 requiri-

245 2895 309 2916 mus
330 2886 363 2916 ὅε
387 2892 518 2923 rogamus
528 2904 537 2919 ,
556 2880 684 2918 quatinus
698 2876 732 2906 ad
747 2875 823 2905 diem
838 2876 870 2905 &
883 2874 996 2910 locum,
1016 2883 1064 2911 per
1076 2872 1190 2902 dietum
1203 2869 1306 2902 Cardi-

246 2924 339 2953 mlem
356 2947 366 2960 ,
391 2923 423 2953 &
446 2918 634 2951 venerabilem
651 2917 780 2952 Patrem,
798 2914 963 2943 Dominum
978 2912 1007 2942 S.
1024 2911 1199 2949 Episcopum
1215 2910 1307 2940 Pene-

248 2961 367 2992 strinum
381 2985 390 2998 ,
417 2960 571 2995 Collegam
591 2957 671 2986 suum
686 2978 695 2992 ,
715 2955 743 2983 in
755 2953 812 2982 lioc
829 2951 960 2991 Negotio
975 2960 1024 2988 per
1040 2950 1205 2980 Dominum
1219 2949 1307 2978 Sum-

250 3010 331 3030 mum
348 2998 518 3029 Pontificem
532 2996 695 3033 deputatum
709 3016 718 3030 ‚
741 3001 793 3028 pro
809 2990 940 3020 habendo
956 2990 1074 3020 tractatu
1089 2986 1249 3026 hujusmodi
1264 2995 1306 3016 as-

251 3037 397 3077 signandos
413 3060 422 3073 ,
447 3046 518 3074 quos
538 3035 605 3064 dicti
624 3032 718 3062 fideles
737 3028 825 3059 nostri
841 3028 885 3058 vel
902 3029 967 3059 alter
981 3037 1083 3058 eorum
1097 3027 1179 3057 vobis
1193 3026 1306 3055 'intima-

251 3078 340 3112 bunt,
360 3075 536 3112 personaliter
553 3072 703 3108 accedatis,
721 3068 800 3106 super
814 3066 894 3097 dictis
914 3069 1014 3106 treugis
1030 3075 1100 3096 curn
1112 3064 1194 3095 dietis
1207 3062 1309 3093 nostris

255 3115 381 3145 fidelibus
398 3113 546 3143 trac‘liituri.

288 3190 399 3222 Datum
414 3188 486 3227 apud
502 3186 711 3225 Roizesburgh‚
735 3192 776 3213 12.
793 3181 840 3212 die
858 3182 937 3213 Maii.

291 3265 457 3336 v(‡‹f3i*ls1niilis
470 3264 559 3294 littera
571 3263 607 3293 de
620 3263 709 3293 verbo
721 3259 756 3291 ad
769 3260 890 3292 verbum
901 3259 1027 3299 dirigitur
1040 3256 1175 3288 Domino
1190 3253 1232 3284 H.
1248 3252 1312 3284 Co-

258 3314 319 3337 miti
354 3316 403 3335 arr.

295 3381 364 3413 Dat.
381 3390 412 3413 ut
425 3380 511 3420 supra.

315 3525 363 3556 De
378 3524 465 3570 plena
481 3519 619 3570 potestate
624 3518 755 3566 jurandi
772 3517 887 3563 easdem
897 3509 1263 3562 Treugiisyobftrvandar.

344 3606 471 3651 Niversis
485 3605 591 3675 Cshfisti
603 3604 744 3641 fidelibus,
763 3601 798 3633 ad
813 3611 902 3641 quos,
919 3602 979 3632 &c.
996 3596 1166 3634 Edwardus,
1185 3595 1245 3626 Dei
1260 3605 1322 3636 gra-

360 3653 416 3682 tia,
433 3649 494 3676 &0
519 3656 534 3675 a
545 3654 629 3674 utem.

296 3681 434 3725 ‚Noverit
446 3683 621 3714 Universitas
637 3679 727 3711 vestra
743 3679 840 3717 quod,
857 3688 925 3708 curri
942 3687 1011 3714 nos,
1028 3676 1069 3707 ob
1082 3673 1266 3705 reverentiam
1282 3671 1323 3701 se-

274 3719 316 3749 dis
336 3720 510 3763 apostolicae,
529 3723 561 3752 ἃ
582 3720 615 3750 ad
637 3719 784 3749 instantem
805 3716 1016 3754 requisitionem
1037 3711 1203 3746 venerabilis
1217 3710 1322 3748 Patris,

276 3758 396 3801 Domini
412 3759 440 3788 Β.
449 3760 582 3798 Episcopi
599 3756 760 3789 Albanensis
769 3779 780 3793 ,
795 3755 906 3786 sanet-:2
918 3754 1058 3784 Romanae
1072 3749 1206 3783 Ecclefiae
1221 3747 1324 3778 Cardi-

275 3796 363 3839 nalis,
375 3798 455 3827 amici
466 3797 553 3827 nostri
563 3797 735 3835 ,dederimus
747 3795 780 3824 &
794 3793 1012 3824 concesserimus
1026 3791 1134 3821 diletffis
1149 3790 1182 3819 &
1197 3786 1323 3818 fidelibus

276 3833 393 3877 nos'tris,
412 3834 446 3863 A.
462 3834 573 3864 Comiti
586 3835 731 3865 Sabaudiae
744 3831 858 3862 Consan
899 3832 963 3860 ineo
978 3829 1078 3860 nostro
1088 3825 1248 3863 cariffimo‚
1266 3824 1324 3855 Ot—

278 3880 341 3902 tom
361 3871 397 3913 de
417 3872 625 3910 Grandissono,
644 3874 676 3904 ὅ(
696 3871 829 3901 ΧᾸΜΙῑετο
872 3879 887 3899 e
908 3869 1057 3907 Langeton
1072 3864 1259 3898 Tbesaurario
1271 3873 1326 3893 no-

280 3910 338 3940 stro
347 3932 356 3947 ,
373 3913 418 3939 sen
431 3909 539 3953 duobus
552 3921 651 3940 eorum
660 3935 669 3948 ,
688 3920 736 3948 per
748 3909 811 3939 alias
822 3908 925 3938 litteras
937 3906 1061 3944 nostras,
1078 3904 1191 3944 plenam
1204 3900 1326 3940 potesta-

279 3957 339 3979 tem
354 3948 387 3978 &
401 3947 514 3983 speciale
528 3949 687 3979 mandatum
698 3973 706 3985 ,

314 3984 484 4028 Trasiandi,
501 3986 613 4027 ineundi
634 3996 666 4015 ac
683 3984 827 4021 sii-mandi,
844 3982 943 4013 nostro
962 3984 1081 4014 nomine
1095 4004 1106 4019 ,
1121 3979 1265 4017 Treugas‚
1284 3977 1329 4007 su-

277 4034 327 4062 per
350 4033 454 4063 guerris
467 4047 477 4060 ,
495 4022 703 4055 dissentionibus
719 4047 728 4060 ,
746 4025 778 4055 &
797 4021 942 4054 discordiis
962 4020 1187 4060 quibuscumque
1200 4039 1212 4055 ‚
1227 4016 1331 4047 exortis

679 97 1486 159 CONVENTIONES,
1541 96 1931 143 LITERAE,

1318 184 1390 213 inter
1410 182 1526 223 Regem
1550 182 1757 214 Romanorum
1776 183 1811 214 ὃς
1831 181 1970 213 Valitores
1989 180 2052 212 suos
2070 181 2108 213 ὅτ
2128 191 2184 213 nos
2196 192 2232 214 ac
2245 182 2385 214 vasiwroe

1319 221 1432 251 nostros
1445 231 1480 252 ex
1494 231 1571 259 parte
1588 221 1661 260 unzi,
1679 223 1713 253 &
1730 221 1844 260 Regem
1861 221 1989 251 Franciae
2003 220 2037 251 δε
2053 219 2080 251 V
2080 220 2192 251 altiores
2204 221 2269 253 filos
2279 232 2315 252 ex
2322 231 2386 261 par-

1322 269 1350 290 te
1361 260 1463 305 altera,
1480 262 1516 292 &
1532 262 1631 290 omnia
1643 262 1695 291 alia
1709 261 1743 291 δε
1757 260 1864 300 singula
1878 259 2018 298 faciendi,
2036 268 2101 297 qiiae
2121 258 2156 290 ad
2175 261 2388 298 praemifforutn

1322 299 1534 342 expeditionem
1547 298 1651 330 fuerint
1665 308 1824 337 oportuna,

1362 337 1406 368 Ut
1421 337 1487 375 ipsae
1501 338 1652 381 treugae,si
1666 348 1732 377 quas
1747 338 1810 370 iniri
1823 336 1989 376 contingat,
1998 335 2107 368 fii-mitis
2118 335 2320 377 observentur,
2336 338 2389 370 da-

1324 385 1388 406 mus
1403 377 1437 407 δε
1453 376 1658 421 concedimus,
1677 386 1726 414 per
1739 376 1903 414 praesentes,
1915 374 2044 415 prefatis,
2061 374 2193 415 Comiti,
2211 375 2333 416 Ottoni,
2351 379 2387 410 &

1322 413 1527 451 Thesaurario,
1545 415 1578 446 &
1598 415 1715 446 cuilibet
1735 425 1838 446 eorum
1853 415 1884 445 in
1896 413 2034 452 solidum,
2052 414 2165 458 plenam
2176 417 2212 447 &
2231 416 2249 435 Ἃ*
2268 416 2388 447 liberam
2405 407 2457 436 *11

1324 452 1496 495 potestatem
1510 453 1543 483 &
1557 453 1674 490 speciale
1687 453 1866 491 mandatum,
1884 460 2064 484 uramentum
2072 453 2106 482 in
2121 463 2245 485 asumarn
2258 454 2386 486 nostram

1324 490 1474 534 praesstandi
1487 490 1524 521 de
1538 492 1678 535 praediffilis
1691 493 1796 535 treugis
1812 462 2008 522 obigrvandis:
2027 492 2076 528 δε,
2091 501 2143 528 per
2163 503 2316 531 poenarum
2338 504 2389 532 ap-

1324 529 1515 573 positionem,
1533 531 1567 560 &
1580 529 1760 560 restitutionis
1774 530 1966 568 dampnorum
2003 539 2052 567 per
2065 528 2189 562 subditos
2203 533 2237 563 &
2258 532 2389 564 valitoree

1326 567 1440 611 nostros
1455 568 1630 612 ipsishtreugis
1646 568 1831 614 pendentibus
1851 552 2085 607 inserendorum,
2102 570 2332 607 promissionem·
2353 573 2388 603 &

1348 605 1482 636 uamlibet
1496 607 1597 646 aliam,
1613 606 1650 638 de
1665 617 1726 651 qua·
1740 607 1820 645 ipsis,
1837 606 1969 646 Comiti,
1987 606 2111 646 ottoni,
2129 609 2163 639 &
2184 595 2371 641 Thesauraiio

1337 654 1372 674 eu
1390 644 1503 675 duobus
1526 655 1647 684 eorum,
1664 654 1750 676 tertio
1770 645 1900 684 absente,
1917 646 2049 684 expedire
2063 646 2221 686 videbitur,
2237 634 2391 687 obligatio-²

1325 693 1393 714 nem
1407 683 1493 727 distas
1507 693 1615 724 treugas
1627 683 1765 723 vallandi,
1783 685 1818 716 ὃς
1832 685 1918 715 etiam
1929 683 2095 716 roborandi.

1362 721 1400 752 In
1413 731 1491 760 cnjus
1504 723 1565 754 &c.

1363 798 1454 830 Teste
1466 799 1550 839 Rege
1563 799 1637 838 apud
1650 799 1852 839 Rokesburgh.
1870 808 1915 829 12.
1931 798 1978 830 die
1993 798 2075 832 Maii

1356 920 1563 965 Instrufiiones
1573 934 1628 969 pro
1648 926 1764 957 Comite
1782 920 1958 967 Lancastriae
1965 923 2057 970 siaper
2069 895 2204 970 praefati‘s
2217 927 2355 974 Treugis.

1326 1009 1381 1064 R

1389 1006 1454 1038 EX
1483 1007 1627 1052 karissimo
1651 1007 1728 1038 fratri
1753 1009 1788 1040 &
1813 1007 1888 1038 fideli
1912 1006 1963 1038 suo
1987 1007 2147 1039 Edmundo
2164 1007 2278 1040 Comiti
2297 1010 2387 1043 Lanc.

1400 1055 1508 1077 tenenti
1520 1047 1620 1078 locum
1637 1046 1769 1077 nostrum
1783 1048 1812 1076 in
1827 1046 1942 1077 Ducatu
1956 1046 2057 1077 nostro
2074 1047 2253 1085 Aquitanniae
2263 1049 2387 1081 salutem.

2403 174 2479 206 Anu.
2493 172 2535 208 D.

2425 215 2509 254 1296.

2404 255 2470 282 Edv.
2491 263 2520 283 ι.
2542 291 2545 298 ¹

2463 412 2536 444 ηιξ.

2406 1014 2482 1045 Ann.
2494 1016 2535 1049 D,
2553 1026 2569 1046 Δ·

2436 1058 2519 1092 1296.

1365 1083 1490 1128 Veniens
1511 1085 1546 1115 ad
1567 1085 1742 1129 praesentiam
1755 1085 1882 1116 nostram
1896 1085 2062 1116 venerabilis
2077 1086 2176 1124 Pater,
2195 1085 2340 1119 Dominus
2355 1088 2387 1119 B.
2404 1096 2445 1121 An
2473 1105 2495 1121 2.

1325 1121 1483 1162 Episcopus
1499 1124 1680 1168 Albanensis,
1697 1125 1809 1156 Sanetae
1824 1123 1969 1154 Romanae
1982 1123 2118 1155 Ecclefiae
2130 1123 2299 1164 Cardinalis,
2317 1128 2388 1157 arni-
2405 1135 2432 1158 Ε.
2450 1117 2462 1160 ⁴i
2489 1106 2518 1131 ἦ.

1328 1171 1378 1212 ciis
1393 1163 1490 1193 noster
1504 1162 1675 1207 karissimus,
1695 1173 1749 1202 pro
1761 1162 1880 1194 sedanda
1892 1162 2062 1193 dissentione
2076 1162 2122 1193 seu
2136 1163 2254 1203 guerra,
2271 1165 2389 1195 interii·
2406 1173 2448 1197 1³01
2470 1156 2538 1201 ’itas-

1326 1200 1445 1232 lustiem
1470 1202 1635 1240 Pnncxpem
1656 1202 1782 1233 Franciae
1805 1201 1938 1241 Regem,
1955 1201 1988 1231 ὃ(
2007 1211 2059 1232 nos
2079 1201 2190 1232 dudum
2210 1202 2393 1244 exorti,·per
2407 1192 2460 1236 con:
2475 1221 2521 1246 24.

1328 1238 1495 1271 Dominum
1511 1242 1655 1286 summum
1669 1241 1842 1272 Pontificem
1855 1239 2021 1279 destinatus,

1367 1279 1412 1309 Ex
1428 1290 1505 1324 parte
1519 1279 1600 1318 ipsius
1614 1281 1647 1311 ὃς
1662 1279 1707 1311 sua
1723 1280 1797 1318 apud
1814 1287 2023 1319 nos,tanquam
2037 1280 2112 1317 pacis
2126 1280 2160 1311 &
2174 1279 2396 1312 concordiaeze-

1330 1316 1403 1361 lator
1418 1318 1541 1362 fervidus
1555 1320 1589 1350 &
1604 1319 1833 1358 fidelis,sollicite
1846 1317 1947 1349 institit
1961 1319 1995 1349 &
2011 1317 2397 1357 instanter,ut‚reformati'o-

1331 1366 1362 1386 ni
1375 1367 1450 1401 pacis
1465 1357 1594 1402 nostrum
1607 1357 1743 1388 vellemus
1756 1359 1886 1388 animum
1899 1357 2040 1388 inclinare.

1366 1395 1405 1440 ht
1425 1403 1557 1440 quia,'ut
1580 1396 1666 1439 dixit,
1684 1405 1843 1436 treugarum
1868 1396 1948 1426 initio
1971 1396 2048 1433 pacis
2059 1395 2219 1434 hujusmodi
2232 1395 2324 1434 posset
2338 1397 2396 1428 effe

1330 1434 1487 1472 plurimum
1510 1434 1656 1466 induistiva
1670 1459 1680 1473 ‚
1709 1437 1821 1472 rogavit
1840 1443 1871 1466 ut
1894 1434 1974 1472 super
1997 1435 2099 1474 treugis
2116 1435 2242 1466 ineundis
2262 1435 2396 1467 nostrum

1330 1472 1460 1518 praestare
1473 1474 1609 1518 vellemus
1620 1473 1759 1504 assensum
1767 1496 1778 1512 ,
1795 1483 1865 1504 cum
1877 1471 2071 1504 sollicitudinis
2080 1473 2199 1505 intentae
2211 1472 2307 1505 studio
2323 1474 2398 1506 mul-

1330 1512 1459 1550 tiplicatis
1471 1511 1607 1543 instantiis

1367 1551 1584 1595 Nichilominus
1605 1535 1803 1595 supplicando,
1821 1557 1853 1581 ut
1873 1549 1968 1581 donec
1985 1549 2085 1588 plenus
2100 1550 2232 1582 tradlatus
2245 1561 2315 1582 cum
2328 1551 2380 1583 illis

1333 1599 1404 1629 quos
1426 1599 1470 1620 res
1492 1598 1597 1630 tangit,
1615 1589 1695 1628 super
1713 1589 1796 1620 dietis
1814 1590 1918 1629 treugis
1937 1588 2066 1620 ineundis
2109 1588 2182 1619 osset
2200 1589 2298 1620 haberi
2337 1575 2398 1622 tani

1332 1639 1382 1672 per
1394 1637 1513 1668 terram,
1533 1629 1619 1667 quam
1634 1638 1684 1666 per
1696 1637 1791 1667 mare,
1808 1628 1877 1659 hinc
1892 1627 1959 1659 inde
1990 1628 2062 1659 inter
2104 1637 2181 1659 entes
2195 1614 2399 1666 praefatil-“ran-

1333 1677 1387 1698 ciae
1410 1667 1499 1708 Regis
1520 1669 1554 1699 &
1577 1667 1685 1699 nostras
1706 1676 1740 1698 ac
1759 1668 1831 1697 inter
1851 1666 1932 1705 ipsius
1955 1652 2082 1697 Eranciae
2097 1666 2187 1706 Regis
2221 1668 2398 1708 uoscumque

2410 1250 2438 1274 El
2453 1258 2520 1278 Lm.

2415 1289 2458 1314 16.
2472 1288 2497 1315 d.

1335 1705 1475 1736 Valitorcs
1491 1706 1524 1736 &
1538 1706 1648 1737 nostros
1658 1729 1668 1745 ,
1686 1706 1812 1737 omnino
1827 1705 1842 1735 31
1857 1704 2084 1745 quibuscumque
2097 1715 2186 1743 proce
2208 1706 2271 1737 ibus
2291 1707 2399 1738 bellicis
2452 1712 2456 1715 “

1335 1745 1370 1776 &
1383 1744 1730 1788 invasionibus—hostilibus
1751 1743 1918 1782 cessaretur3
1936 1753 2080 1784 exponens
2098 1743 2257 1782 dispendia,
2274 1745 2398 1784 pericula

1336 1784 1375 1828 &t¹
1393 1783 1516 1828 dampna
1536 1785 1637 1828 quibus
1657 1791 1773 1822 propter
1791 1792 1920 1824 guerram
1936 1782 2119 1821 praedistam,
2137 1781 2260 1815 mundus
2273 1783 2398 1822 subjacet

1337 1823 1389 1852 hus
1400 1822 1520 1866 ‘dieb-us,
1537 1821 1682 1863 potissime
1694 1830 1811 1862 propter
1824 1831 1876 1853 vos
1892 1821 1926 1851 &
1939 1820 2001 1851 alias
2016 1820 2126 1851 Gentes
2140 1821 2266 1860 nostras,
2283 1823 2313 1852 in
2328 1821 2398 1855 Vas-

1338 1870 1423 1891 conia
1434 1861 1600 1906 existentes,
1615 1871 1648 1892 ac
1661 1861 1771 1892 Gentes
1786 1860 1876 1900 Regis
1892 1860 2017 1891 Franciae
2031 1868 2064 1890 ex
2077 1859 2202 1891 adverso.

1378 1899 1451 1944 Sane
1462 1900 1527 1945 licet
1540 1901 1582 1931 ob
1597 1899 1737 1941 praedietae
1753 1899 1899 1930 Romanae
1912 1898 2048 1929 Ecclesiae
2061 1899 2264 1938 reverentiam,
2282 1899 2317 1931 δε
2329 1897 2402 1932 dieti

1340 1937 1497 1970 Cardinalis
1514 1939 1678 1978 honorem,
1695 1938 1776 1977 ipsius
1796 1937 1993 1977 petitionibus,
2011 1945 2149 1975 quantum
2170 1936 2333 1977 possumus,
2349 1948 2402 1969 an-

1339 1987 1474 2022 nuentes,
1493 1987 1608 2023 propter
1617 1977 1770 2016 praemiffas
1785 1977 1876 2008 causas
1887 1978 1921 2008 &
1934 1975 1997 2006 alias
2013 1976 2218 2014 occupationes
2231 1975 2340 2007 nostras
2370 1979 2403 2008 in

1339 2021 1421 2086 :gseiprs
1433 2016 1747 2089 fiiifflssegssesegcda
1758 2015 1997 2086 cgnecgafferimus,
2015 2014 2035 2045 si
2048 2014 2179 2054 praefatus
2195 2013 2262 2045 Rex
2275 2001 2405 2048 Franz-iae

1379 2094 1426 2125 Ut
1446 2095 1533 2134 usque
1554 2094 1588 2126 ad
1610 2062 1909 2138 Ρείὶυτῐιςῖἳῖαὲἰνίεὲἷὶε
1929 2091 2069 2131 Domini,
2087 2092 2222 2131 proximo
2235 2097 2409 2132 venturum,¹

1341 2141 1401 2178 tam
1414 2143 1464 2172 per
1478 2143 1597 2173 terram,
1615 2133 1704 2173 quam
1718 2143 1768 2172 per
1782 2142 1860 2164 mare
1872 2140 1946 2162 inter
1961 2130 2073 2162 Gentes
2087 2131 2196 2169 praefati
2216 2130 2305 2171 Regis
2319 2131 2408 2162 Fran-

1341 2182 1395 2203 ciae
1408 2173 1442 2204 &
1457 2172 1582 2212 nostras,
1599 2183 1633 2204 ac
1648 2174 1719 2203 inter
1734 2171 1815 2210 ipfius
1828 2171 1920 2209 Regis
1934 2169 1957 2200 F
1958 2171 2061 2201 ranciae
2082 2169 2278 2208 quoscumque
2298 2169 2411 2201 Valito-

1343 2221 1385 2242 res
1398 2212 1432 2242 &
1445 2211 1557 2258 nostros
1565 2236 1576 2257 ,
1594 2213 1610 2242 a
1625 2210 1852 2254 quibuscumque
1865 2209 1972 2240 bellicis
1986 2209 2096 2239 actibus
2109 2209 2143 2240 δε
2156 2207 2306 2240 hostilibus
2327 2210 2407 2242 inva-

1345 2250 1469 2283 sionibus
1484 2251 1552 2282 hinc
1566 2250 1632 2282 inde
1645 2249 1794 2281 cessaretur
1806 2249 1948 2286 omnino,

1382 2289 1426 2334 ᾼε
1443 2289 1537 2320 eidem
1551 2289 1692 2321 Cardinali
1707 2289 1739 2320 &
1755 2287 1901 2326 Episcopo
1914 2284 2042 2317 Penestr.
2054 2284 2185 2325 Collegae
2196 2285 2247 2317 suo
2256 2309 2266 2324 ‚
2283 2288 2410 2317 commi-

1342 2327 1475 2367 serimuS,
1493 2329 1514 2360 si
1535 2329 1602 2360 Rex
1623 2329 1752 2359 Franciae
1771 2326 1840 2358 velit
1861 2325 1938 2356 idem
1959 2325 2068 2362 facere,
2087 2324 2120 2355 &
2143 2323 2252 2355 effectu
2266 2325 2412 2363 complent

1342 2367 1546 2406 prosequente,
1563 2375 1594 2398 ut
1609 2367 1696 2398 iidem
1709 2364 1890 2403 cardinales,
1901 2365 1965 2396 vice
1981 2364 2015 2395 &
2025 2363 2192 2394 auctoritate
2208 2362 2412 2402 nostra,Gen-

1343 2406 1511 2451 tesmostras
1531 2408 1712 2446 ubicunque,
1730 2413 1789 2435 tarn
1810 2413 1861 2442 per
1880 2412 2000 2441 terram,
2038 2401 2106 2432 uam
2128 2411 2178 2439 per
2193 2411 2288 2441 mare,
2303 2403 2335 2433 in
2350 2402 2412 2432 An-

1344 2445 1419 2489 glia,
1437 2445 1598 2484 vasconia,
1615 2446 1649 2477 ὃς
1669 2445 1751 2483 alibi,
1769 2444 1800 2473 in
1819 2441 1957 2481 potestate
1977 2451 2017 2472 no
2057 2450 2073 2471 a
2086 2439 2268 2480 constitutas,
2286 2441 2413 2472 omnino

1345 2485 1450 2515 ceslare
1465 2484 1569 2516 faciant
1583 2486 1600 2515 a
1612 2482 1774 2522 praerniffi83

1384 2523 1430 2553 Ac
1444 2525 1529 2555 etiam
1543 2525 1642 2562 vobis,
1660 2532 1692 2553 ac
1707 2520 1842 2552 omnibus
1855 2518 1999 2550 Gentibus
2012 2519 2046 2550 &
2068 2517 2183 2549 subditis
2203 2516 2308 2549 nostris
2329 2528 2414 2549 man-

1347 2561 1526 2602 daverimus,
1544 2572 1574 2594 ut
1596 2561 1736 2601 praedictis
1757 2558 1955 2591 cardinalibus
1977 2558 2006 2588 in
2029 2556 2178 2596 praemiffis
2190 2558 2306 2595 pareatis
2320 2558 2353 2589 δε
2368 2558 2413 2588 in-

1347 2601 1482 2640 tendatis,
1500 2610 1583 2640 prout
1604 2603 1634 2632 in
1656 2600 1714 2631 aliis
1733 2597 1837 2630 nostris
1858 2596 2017 2636 patentibus
2035 2596 2150 2635 litteris,
2166 2593 2246 2627 dieto
2268 2594 2412 2635 Episcopo

1347 2639 1501 2671 Albanensi
1514 2641 1635 2679 traditis,
1652 2639 1761 2678 plenius
1777 2636 1956 2668 continetur:

1386 2679 1534 2710 Nolumus
1548 2688 1643 2710 tamen
1659 2678 1693 2708 ad
1709 2676 1858 2708 metatum
1873 2674 1994 2713 ipsarum
2007 2681 2170 2710 treugarum
2183 2671 2356 2710 procedere,
2374 2672 2413 2702 ir-

1349 2718 1483 2761 requisito
1503 2718 1624 2749 consilio
1644 2715 1800 2748 Nobilium
1819 2714 1853 2744 &
1875 2713 1996 2743 aliorum
2017 2711 2145 2741 fidelium
2159 2710 2324 2741 nostrorum
2339 2720 2415 2748 prae-

1348 2756 1419 2787 diisti
1436 2755 1569 2788 Ducatsis
1581 2755 1671 2787 nostri
1684 2753 1862 2792 Aquitaniae,
1881 2751 1930 2790 qui
1943 2750 2027 2780 nobis
2042 2749 2177 2780 haetenus
2196 2748 2357 2779 constanter
2377 2750 2414 2780 &

1348 2793 1465 2826 fideliter
1478 2794 1658 2826 adhaeserunt.

1390 2835 1488 2874 Qare
1501 2834 1586 2865 vobis
1600 2831 1784 2868 mandamus,
1801 2828 1947 2867 quatinus,
1964 2827 2073 2858 vocatis
2093 2823 2213 2855 Comite
2235 2824 2414 2864 Lincolniae,

1350 2874 1504 2905 Amaneno
1521 2872 1557 2902 de
1571 2872 1717 2908 Lebreto,
1736 2870 1769 2900 &
1785 2866 1923 2905 aliquibus
1938 2866 1993 2896 aliis
2006 2864 2043 2895 de
2058 2863 2163 2903 Regno
2177 2863 2328 2903 Angliae&
2337 2863 2413 2894 Ter-

1348 2923 1377 2943 ra
1391 2912 1539 2943 Vasconiae
1560 2909 1736 2946 Nobilibus,
1753 2906 1902 2939 vobiscum
1923 2905 1953 2934 in
1973 2903 2023 2933 illis
2046 2904 2168 2941 partibus
2181 2902 2359 2941 constitutis,
2377 2902 2413 2934 δε

1347 2951 1486 2989 aliquibus
1503 2949 1623 2980 Civibus
1636 2948 1672 2980 de
1687 2946 1783 2978 Baion.
1792 2945 1826 2975 &
1841 2944 1962 2974 aliorum
1976 2942 2112 2973 locorum
2126 2942 2248 2980 partium
2260 2940 2415 2972 earundem

1349 2989 1552 3021 habitatoribus
1567 3012 1577 3026 ,
1597 2996 1668 3026 quos
1691 2986 1725 3016 ad
1745 2985 1803 3015 hoc
1826 2981 1949 3013 videritis
1972 2980 2132 3012 evocandos
2147 2992 2157 3018 ·,
2173 2979 2327 3017 habitisque
2345 2987 2415 3010 cum

1351 3030 1474 3066 eissuper
1489 3028 1607 3066 negotio
1626 3023 1782 3056 hu'usmodi
1794 3021 1995 3052 deliberatione
2009 3017 2288 3058 plenaria,Corisilio
2309 3019 2343 3049 &
2359 3026 2415 3048 tra-

1351 3070 1428 3100 &atu
1437 3091 1446 3106 ,
1464 3076 1532 3096 cum
1546 3065 1627 3096 dictis
1672 3061 1854 3098 ardinalibus,
1871 3059 1918 3091 vel
1933 3068 2000 3090 curn
2014 3058 2132 3097 praefato
2144 3056 2279 3088 Domino
2293 3056 2415 3095 Episco-

1352 3119 1393 3147 po
1407 3104 1558 3137 Albanensi
1572 3104 1632 3134 solo
1649 3103 1679 3141 (fi
1692 3101 1776 3132 alium
1790 3098 1898 3129 ibidem
1911 3098 2009 3129 venire
2024 3107 2084 3127 non
2097 3095 2254 3132 contingat)
2276 3104 2309 3126 ac
2330 3096 2417 3125 etiam

1352 3156 1422 3178 cum
1437 3144 1546 3175 diletslis
1561 3144 1594 3173 ὃς
1609 3141 1736 3172 fidelibus
1750 3137 1870 3175 nostris,
1889 3135 2009 3167 Comite
2030 3133 2175 3166 Sabaudiae
2191 3133 2415 3171 Consanguineo

1354 3185 1471 3221 nostro,
1489 3182 1602 3212 Ottone
1624 3180 1660 3210 de
1681 3177 1893 3214 Grandissono,
1911 3177 1945 3207 &
1964 3174 2098 3205 waltero
2118 3173 2155 3203 de
2168 3172 2317 3212 Langeton
2332 3172 2416 3202 The-

1355 3223 1474 3256 saurario
1488 3220 1589 3250 nostro
1597 3242 1607 3258 ,
1623 3218 1668 3249 vel
1681 3227 1751 3248 cum
1764 3216 1876 3246 duobus
1890 3214 2014 3252 ipsorum
2029 3212 2144 3250 (quibus
2157 3210 2236 3249 super
2248 3211 2301 3241 hiis
2313 3220 2365 3254 per¹
2369 3210 2417 3242 lit-

1355 3272 1425 3295 teras
1438 3259 1544 3290 nostras
1556 3256 1754 3288 commisimus
1766 3253 1934 3294 potestatem
1943 3276 1953 3292 ,
1971 3252 1991 3282 si
2003 3261 2052 3282 eos
2065 3249 2101 3280 ad
2113 3258 2201 3287 partes
2215 3249 2273 3279 illas
2287 3257 2418 3318 contffie-
2476 3269 2478 3271 >

2387 3297 2419 3317 io

1356 3303 1393 3332 rit
1413 3297 1566 3333 declinare)
1588 3296 1725 3333 tractetis,
1742 3295 1775 3325 &
1797 3295 1827 3323 iri
1847 3293 1953 3323 eodem
1971 3290 2088 3329 negotio
2107 3288 2262 3319 deliberato
2284 3286 2356 3318 Con

1357 3338 1512 3375 ordinetis,
1528 3342 1612 3403 prpii‘itt
1625 3334 1706 3378 ipsius
1719 3333 1824 3377 negotii
1841 3331 1956 3370 qualitas
1970 3329 2073 3367 exigit,
2089 3328 2123 3359 &
2136 3326 2255 3358 Honori
2269 3325 2371 3357 nostro
2382 3326 2419 3358 δε

1358 3388 1422 3460 cof
1433 3415 1463 3460 Si
1476 3385 1554 3445 vag
1557 3384 1592 3443 {id
1600 3373 1772 3449 igiatigffilnlgse
1773 3380 1837 3454 rrildsi
1842 3394 1994 3454 perierint,
2000 3406 2082 3437 certis
2095 3404 2231 3449 decausis
2243 3402 2418 3447 &firmini-

1359 3454 1463 3498 pediti,
1481 3461 1551 3483 tunc
1561 3451 1668 3494 aliquos
1681 3449 1717 3479 de
1728 3448 1871 3487 praedietis
1884 3445 2042 3490 Nobilibus
2056 3445 2090 3475 &
2104 3443 2243 3488 Cmbus,
2261 3445 2281 3473 si
2303 3452 2358 3481 pro
2376 3450 2416 3472 eis

1360 3492 1500 3536 sufficiens
1522 3490 1617 3520 haberi
1637 3487 1720 3526 possit
1739 3487 1915 3530 condud‘tus,
1933 3483 2102 3528 informatos
2113 3480 2267 3527 pleniusde
2280 3480 2416 3517 traetaru,

1362 3542 1451 3578 quern
1469 3537 1542 3574 inter
1562 3538 1617 3559 vos
1634 3528 1714 3565 super
1733 3526 1791 3570 hoo
1814 3526 1908 3569 haberi
1929 3530 2094 3561 cmiigent,
2111 3520 2147 3551 ad
2160 3521 2286 3559 ipsorum
2299 3517 2418 3563 praesen-

1361 3581 1447 3608 tiam,
1463 3569 1508 3599 die
1522 3568 1555 3597 &
1567 3566 1651 3605 loco,
1669 3565 1821 3609 dequibus
1834 3564 1915 3594 vobis
1929 3561 2060 3606 constare
2071 3560 2193 3598 facient,
2211 3557 2420 3624 transmittait-lilsig

1360 3606 1672 3684 {ssgfflfiffifff
1679 3599 1999 3679 affinsssffiessrg‘cffi'ssiff
2014 3594 2421 3676 Ῥέξῗὲῗὲρᾬᾲῡέἓαςᾶἓιω

1362 3687 1457 3768 ᾗἣἙ-ῑ,
1475 3721 1497 3751 fi
1511 3730 1566 3758 pro
1580 3720 1632 3773 illis
1644 3719 1680 3750 de
1694 3718 1851 3763 Vasconia,
1867 3714 2028 3747 condustus
2040 3711 2171 3744 veniendi
2184 3710 2218 3741 ad
2231 3710 2349 3747 iocum,
2366 3718 2422 3746 pro

1363 3758 1700 3834 Sffiffssseffiississ
1714 3752 2112 3839 ffegssffffssffiffissfffi
2124 3747 2425 3825 ’ἷῧῗὲῗνὲῗὲέξιιῗὲζ

1365 3849 1437 3877 quos
1448 3835 1632 3867 consulendos
1647 3835 1792 3877 duxeritis,
1809 3834 1982 3875 ordinatam,
2001 3838 2051 3866 per
2066 3828 2168 3870 litteras
2178 3824 2424 3868 patentes,vestro

1366 3880 1400 3909 &
1421 3873 1578 3945 333an
1598 3873 1841 3942 ςφηδξυὲεηιὲρωῐέἑ
1854 3869 1948 3939 ¹tigillis
1966 3862 2260 3932 pendieisntibusniliigillo
2287 3863 2424 3902 inclusa,

1367 3925 1425 3954 prae
1486 3923 1507 3943 is
1551 3922 1632 3943 omiti
1667 3923 1682 3942 a
1703 3922 1737 3942 au
1757 3920 1794 3941 iae
1865 3918 1907 3939 uis
2083 3901 2153 3931 mm!
2195 3909 2274 3933 traus-

1406 3990 1474 4021 Dat.
1487 3989 1561 4027 apud
1575 3987 1790 4026 Rokesburgh,
1806 3985 1926 4016 decim
1937 3987 2038 4021 quarto
2051 3976 2098 4009 die
2109 3971 2189 4008 Maii.

2024 4047 2027 4050 ’
2074 4044 2083 4047 ’
2385 4038 2430 4067 De

2434 3402 2554 3442 {1173-
