2570 4261
74 208 150 240 Ann-
165 207 206 238 D.

98 257 109 277 1
116 255 180 286 303¹.

75 287 142 314 Edv.
164 294 174 312 ι
182 304 188 312 .

79 541 195 580 *11938

82 1412 156 1443 Arm.
173 1410 212 1441 D.

102 1459 186 1490 1303.

81 1494 124 1517 An
146 1498 189 1525 31.

82 1532 145 1555 Er.

81 1570 198 1601 Pat.31.

83 1650 118 1669 m.
132 1651 174 1669 η.
192 1641 216 1670 d.

194 2568 196 2571 >
243 2549 342 2575 Frater
356 2544 486 2574 Robertus
497 2543 528 2572 de
539 2542 645 2580 Reafing
654 2564 664 2579 ,

228 137 280 178 30

223 207 373 239 Brabantiae
388 203 520 237 stetisset,
539 200 698 234 ducendam
713 197 747 228 ad
762 194 964 232 negotiandum
976 194 1012 225 de
1026 193 1130 224 eisdem
1145 194 1227 237 lanis,
1245 192 1277 235 &t

223 247 257 277 ad
279 243 465 276 commodum
486 242 563 272 suum
586 239 651 270 inde
668 236 776 266 ibidem
795 233 978 271 faciendum,
1012 240 1092 270 prout
1114 232 1164 262 sibl
1180 231 1281 262 Viderit

407 281 467 310 dire

227 284 611 360 ωεὲιείἀεαξξιεῐηεὶεῗαέὶοῑεε,
627 312 663 343 de
675 310 751 342 Villa
766 310 802 341 de
815 309 930 350 Caleys,
946 308 982 339 de
997 306 1128 346 potestate
1142 307 1285 345 vestra,&

229 360 314 390 dietae
332 358 405 395 pacis
418 355 627 394 perturbatores,
645 359 746 380 navem
760 348 852 386 illam,
870 349 899 377 in
915 346 1008 391 eundo
1021 345 1096 383 super
1110 355 1184 376 mare
1199 345 1288 388 versus

229 398 315 428 dicias
336 404 420 433 partes
446 392 613 428 Brabantiae,
630 390 659 419 vi
680 389 714 418 ὅτ,
733 388 814 417 armis
834 386 1036 423 ingredientes,
1053 394 1114 414 eam
1136 394 1205 414 cum
1220 383 1287 413 lanis

227 437 278 466 illis
296 434 377 471 usque
387 432 493 462 dietam
505 429 609 460 Villam
623 427 658 457 de
671 425 769 466 Caleys
781 426 903 467 nequiter
910 423 1132 460 abduxerunt„ac
1148 431 1210 451 eam
1216 431 1287 464 cum

229 473 332 504 eisdem
345 471 410 500 lanis
425 467 540 506 praesato
557 467 675 502 Rogero
688 464 778 494 adhuc
793 463 916 493 detinent
925 484 934 499 ‚
950 462 983 492 &
997 460 1130 498 quosdam
1142 461 1287 502 homines,

228 513 258 541 in
281 509 379 540 eadem
400 508 464 537 navi
484 515 551 536 tunc
573 504 716 535 existentes
749 501 960 537 interfecerunt,
983 499 1016 529 ὅ(
1038 497 1169 542 quosdam
1182 506 1287 541 carceri

226 548 390 582 liberarunt,
407 547 436 575 in
452 545 470 564 ²*
487 544 567 582 ipsius
582 543 691 579 Rogeri
712 525 867 577 dampnum
886 548 944 568 non
966 536 1134 575 modicum,
1151 537 1184 567 &
1196 535 1286 579 jactu-

227 597 304 623 ram,
321 595 353 615 ac
369 583 629 622 depauperationem
643 578 838 616 manifestam,
854 578 887 608 &
900 583 996 606 contra
1012 574 1135 605 formam
1153 583 1229 613 pacis
1244 572 1286 603 su-

262 624 368 655 edictae.

229 636 474 698 prCompatientae
488 660 573 695 igitur
585 657 714 694 dampnis
726 655 763 696 ὃς
773 652 994 695 gravaminibuS,
1014 661 1078 689 quae
1097 651 1193 694 diCtus·
1207 648 1289 696 Mer:

227 710 303 732 cator
318 699 442 730 sustinuit
457 700 487 728 in
502 695 554 729 hac
567 704 656 734 parte,
673 695 706 724 δε
718 693 875 723 affectantes
889 701 931 729 ei,
949 698 1082 729 quantum
1098 699 1166 721 cum
1183 687 1288 727 justina

226 740 396 779 poterimus,
410 737 567 773 subvenire,
593 773 597 777 Ι
946 768 950 772 .
1035 767 1040 772 ι
1265 765 1270 770 ι

234 803 237 806 ,
267 777 327 808 Vos
340 775 489 807 affeetuose
500 774 663 811 requirimus
674 770 707 801 &
725 778 856 806 rogamus
864 776 1004 806 ,quatinus
1015 765 1287 809 eid-ethercatori,

228 816 265 847 de
285 816 351 846 navi
371 816 404 846 &
425 814 489 844 lanis
511 810 666 849 praediCtis,
684 808 794 846 plenam
815 807 847 837 &
864 807 989 836 debitam
1005 804 1224 841 restitutionem,
1242 803 1287 832 vel

228 862 437 892 competentem
448 849 661 881 satisfactionem
669 870 680 886 ,
696 856 728 877 ac
740 845 775 876 de
786 845 868 875 dictis
880 844 1051 875 incarceratis
1059 842 1286 873 deliberationem

228 893 285 923 fieri
298 893 409 923 faciatis.
759 923 775 927 ..
1256 917 1265 926 Α

265 931 304 961 Ita
319 930 392 968 quod
404 928 481 958 idem
504 924 665 961 Mercator,
682 923 715 954 &
732 922 794 959 alu,
812 921 846 951 dc
866 921 972 958 Regno
984 920 1017 951 &
1032 919 1163 958 potestate
1176 917 1285 956 nostra,

229 966 307 1000 did&
322 977 388 1006 pace
403 965 520 1003 gaudere
532 963 652 1000 valeant,
671 964 737 991 sicut
749 968 852 998 optant.
880 998 884 1002 ι
1066 997 1070 1001 -

236 1034 239 1037 Δ
268 1007 334 1038 Dat.
351 1005 424 1044 apud
440 1003 547 1045 Kynlos
559 1003 590 1032 in
602 1001 699 1033 Scotia
712 999 846 1030 vicesimo
857 997 904 1028 d1e
915 996 1093 1035 Septembris.

1031 1075 1084 1103 Per
1102 1071 1248 1112 confilium.

236 1212 284 1244 De
306 1206 513 1253 Thesauraria
531 1208 615 1252 Regis
633 1203 760 1247 frasta,
785 1205 821 1239 (ἐν
837 1210 953 1233 centum
970 1196 1102 1231 millibus
1119 1195 1286 1231 Librarum

236 1303 239 1306 y
272 1268 326 1304 per
350 1254 501 1290 Abbatem
535 1256 570 1292 ὠ
596 1249 766 1287 Monachus
788 1245 1029 1293 Westmonasterii
1065 1251 1156 1294 captis
1177 1249 1213 1284 (ῥ’
1239 1245 1286 1290 as:

271 1316 411 1352 portans.

234 1390 351 1448 REX
370 1391 477 1421 dileffis
490 1390 523 1420 &
538 1388 661 1419 fidelibus
674 1386 742 1425 suis,
760 1385 879 1422 Rogero
894 1384 1048 1420 Brabazan,
1064 1381 1223 1436 &villielmo
1238 1379 1290 1411 Be-

305 1430 414 1466 retord,
431 1429 549 1464 Rogero
561 1427 598 1458 de
612 1426 747 1463 Hcglnm
757 1423 924 1464 ,Radulpho
938 1421 972 1452 de
986 1421 1152 1459 Sandwoeo,
1169 1419 1291 1451 &Wal-

234 1475 292 1498 tero
305 1468 341 1499 de
355 1467 548 1504 Gloucestriit‚
566 1465 687 1496 salutem.

238 1544 315 1576 Cum
334 1544 485 1582 Walterus,
504 1542 604 1573 Abbas
620 1540 746 1582 Westmo-
784 1544 882 1569 Frater
895 1536 1040 1582 Jordanus
1054 1537 1085 1565 de
1100 1538 1254 1604 llsVrottinffi

238 1583 513 1652 Frztjsezrerltdzglesa’nder
525 1620 556 1649 de
572 1618 705 1658 Pershore
713 1641 722 1656 ‚
783 1581 883 1646 22th
897 1576 1105 1654 ἑξζὲιὶηῗηῖῐάῖ
1114 1575 1248 1653 ιῖξῖῖζῇοὲ,

237 1664 336 1691 Frater
349 1664 463 1697 Rogerus
477 1660 508 1689 de
522 1662 624 1695 Bures,
784 1660 883 1685 Frater
894 1654 1026 1682 Ritardus
1039 1653 1070 1682 de
1083 1651 1225 1682 Waltham
1233 1678 1243 1691 ,

236 1704 336 1730 Frater
349 1698 484 1736 Radulfus
497 1698 528 1727 de
544 1699 672 1733 Morton,
784 1698 883 1724 Frater
898 1693 1026 1720 Ricardus
1040 1691 1072 1720 de
1085 1690 1229 1730 Fanelore,

236 1742 336 1768 Frater
350 1737 463 1768 Thomas
476 1736 508 1766 de
521 1738 598 1765 Dene
606 1757 616 1773 ,
783 1737 883 1762 Frater
897 1732 1028 1774 Henricus
1042 1728 1086 1758 del
1097 1729 1213 1768 Temple,

236 1781 334 1806 Frater
349 1777 447 1806 Adam
461 1776 493 1805 de
506 1772 659 1810 PVarefeld,
783 1775 883 1801 Frater
891 1769 1061 1798 Henrtcusde
1071 1765 1293 1806 lVanetinge,&

236 1819 334 1844 Frater
348 1814 493 1853 Johannes
506 1813 536 1842 de
554 1810 695 1847 Butterle,
784 1813 883 1839 Frater
903 1806 1048 1850 Johannes
1064 1806 1190 1845 Wenloh,

237 1857 334 1883 Frater
348 1853 492 1892 Johannes
505 1852 536 1880 a'e
548 1849 661 1880 Nottele
670 1871 681 1887 ,
782 1845 996 1878 Commonachi
1010 1844 1135 1892 ejusde-rna
1145 1844 1247 1875 domus
1255 1867 1265 1883 ,

236 1896 334 1922 Frater
345 1891 476 1922 Robertus
490 1891 522 1919 de
537 1889 683 1925 Cherring,
782 1890 872 1916 Germ.
892 1884 924 1913 de
939 1885 1037 1913 Sancto
1053 1885 1167 1924 Egzasm>

237 1935 335 1960 Frater
349 1930 492 1968 Johannes
505 1930 536 1958 de
548 1926 641 1969 Salop,

236 1973 335 1999 Frater
349 1969 463 2000 Thomas
477 1968 509 1996 de
524 1964 684 2004 Litheseld,

235 2011 334 2037 Frater
347 2011 435 2037 Simon
449 2007 480 2035 de
494 2004 600 2042 Henle,

236 2050 335 2076 Frater
350 2045 487 2075 lValterus
500 2044 531 2073 de
546 2039 698 2080 Arkefilen,

235 2088 330 2116 Frater
345 2083 502 2115 Wllielmur
515 2082 546 2111 de
562 2080 683 2117 chawe,

236 2127 335 2153 Frater
349 2122 478 2152 vaertus
492 2121 522 2149 de
538 2123 642 2157 Bures,

237 2165 336 2192 Frater
350 2160 498 2191 Richardus
511 2159 542 2188 de
556 2157 693 2194 Sudbury,

240 2204 338 2229 Frater
349 2202 479 2228 Henricus
489 2201 563 2227 Atte
578 2199 599 2225 R
597 2207 630 2236 χι»
638 2218 648 2234 ,

238 2242 338 2268 Frater
353 2238 449 2267 Adam
462 2237 493 2265 de
509 2234 640 2271 Lilham,

240 2280 340 2307 Frater
356 2276 492 2309 ‘Johannes
507 2274 537 2303 <le
554 2274 684 2309 London,

240 2318 338 2344 Frater
352 2313 498 2352 Johannes
511 2313 542 2341 de
557 2315 718 2350 Itytteneye‚

241 2357 341 2384 Frater
355 2352 483 2381 Robertus
495 2352 527 2380 de
541 2347 710 2385 Mtddelton,

240 2395 338 2421 Frater
351 2390 482 2420 Ricardus
498 2390 529 2418 de
543 2385 698 2417 Culeworth
708 2409 718 2424 ,

240 2433 339 2460 Frater
355 2431 469 2466 Rogerur
484 2428 516 2457 de
531 2425 691 2456 Ala'enham
702 2447 712 2460 ,

242 2472 339 2497 Frater
352 2467 493 2506 Johannis
507 2466 538 2495 de
554 2467 714 2500 lVanetinge
723 2486 732 2501 ,

242 2510 341 2537 Frater
356 2504 513 2535 tlsillielmus
527 2504 558 2533 de
566 2502 715 2541 Breybrokf
724 2524 733 2540 ‚

782 1928 900 1960 Rogerus
916 1922 947 1951 de
963 1921 1119 1989 ΡνεβΙαῗοε,

785 1962 919 1993 walterus
937 1961 968 1990 de
982 1960 1058 1989 Ethe
1069 1959 1147 2000 afiara'
1155 1984 1165 2000 ,

786 2005 900 2038 Rogerus
921 1999 952 2028 de
967 1998 1077 2028 Wnlok
1085 2022 1096 2038 ,

785 2043 876 2070 Hamo
892 2038 923 2067 de
945 2037 1068 2076 Wenlok,

784 2079 884 2109 Adam
894 2076 918 2106 le
932 2076 1080 2116 Skynnere,

787 2116 934 2156 Johannes
947 2115 1063 2153 Sharpe,

785 2155 916 2186 Ricardus
929 2157 1038 2191 Smart,

784 2193 928 2232 Johannes
942 2193 973 2221 de
987 2192 1085 2221 Santffo
1094 2190 1224 2232 Albano,

786 2231 931 2271 Johannes
947 2231 978 2260 a'e
992 2233 1096 2260 Linton
1105 2253 1114 2268 ,

786 2270 929 2309 Johannes
947 2269 977 2298 a'e
992 2267 1114 2298 Lalham
1123 2292 1132 2307 ‚

787 2311 920 2339 Hem-icus
933 2307 957 2336 le
970 2310 1031 2337 Ken
1040 2329 1050 2344 ,

787 2348 920 2376 Ricardus
934 2346 965 2375 de
982 2345 1104 2384 Westw,

788 2389 902 2422 Rogerus
918 2385 949 2414 de
964 2387 1090 2422 Brazet,

788 2424 901 2453 Thomas
913 2423 944 2452 a'e
957 2426 984 2452 Κ
988 2422 1185 2462 nightebrigge,

789 2461 931 2501 Galfridus
945 2460 989 2491 del
1000 2460 1089 2498 Coler,

791 2500 882 2530 Radul
897 2500 945 2529 hus
962 2501 994 2529 de
1010 2503 1135 2538 Dutton,

789 2538 925 2578 Radufur
940 2539 971 2568 de
983 2538 1138 2568 Hunindon.

790 2578 936 2616 Johannes
947 2578 979 2607 de
993 2576 1113 2616 Sudbury
1122 2599 1133 2615 ,

245 2587 343 2613 Frater
356 2585 452 2612 Petrur
469 2582 499 2610 de
512 2580 540 2609 la
553 2585 649 2620 Croyz.

789 2617 921 2646 Ricardus
933 2616 964 2645 de
979 2614 1085 2654 Hurle,

244 2626 342 2652 Frater
357 2624 490 2651 Henricus
507 2621 600 2657 Payn,

244 2664 342 2691 Frater
356 2662 488 2689 Henricus
507 2658 538 2687 a'e
552 2655 724 2695 Bircheston,
787 2655 886 2693 Joceus
904 2655 935 2684 de
954 2653 1106 2692 Cornubia,

242 2703 342 2730 Frater
357 2697 492 2736 Philippus
508 2697 540 2725 de
555 2699 651 2724 Sutton
661 2717 670 2733 ,
788 2692 930 2760 (ἰαῖνίιίιις
948 2694 979 2722 de
994 2695 1122 2729 Kantia,

242 2741 340 2767 Frater
355 2736 440 2765 Guido
448 2732 617 2775 Asthewell,
790 2731 830 2770 Jo
851 2742 933 2761 annes
946 2732 977 2760 de
991 2734 1118 2768 Oxonia,

244 2779 344 2806 Frater
356 2773 508 2803 Willielmus
521 2773 552 2802 de
564 2771 717 2802 Kerclmton
725 2792 736 2808 ,
790 2770 921 2800 Ricardus
933 2768 978 2798 del
990 2771 1062 2798 Ewe
1070 2792 1080 2806 ,

245 2817 344 2843 Frater
354 2812 469 2842 Thomas
484 2812 515 2841 de
529 2810 673 2848 lVoberne,
790 2807 935 2848 Johannes
948 2807 979 2836 a'e
989 2810 1098 2846 Bratyn
1106 2829 1116 2844 ‚

245 2856 342 2882 Frater
357 2850 515 2880 Wsllielmus
528 2850 559 2879 de
571 2847 682 2888 Glaston
690 2870 701 2886 ‚
792 2846 936 2885 Johannes
951 2846 982 2874 de
998 2845 1133 2884 Beamflet
1142 2867 1152 2882 ,

245 2894 344 2920 Frater
359 2889 497 2927 Johannes
511 2888 542 2917 de
560 2886 718 2925 Wigornid,
792 2884 923 2915 vaertus
935 2883 959 2913 le
975 2885 1091 2922 Porter,

246 2933 343 2959 Frater
356 2928 486 2957 Rohertus
500 2926 544 2956 Vil
551 2949 560 2965 ‚
793 2926 891 2953 Petrus
907 2922 931 2952 le
945 2925 1079 2960 stlonner,

248 2969 345 2996 Frater
361 2968 402 2997 W
401 2966 523 2996 illielmus
532 2964 646 3004 Alanby
654 2987 664 3002 ,
794 2965 909 2999 Rogerus
922 2960 945 2990 le
961 2960 1093 2998 0rfeure,

247 3009 344 3034 Frater
357 3004 502 3043 Johannes
515 3004 546 3033 de
559 3002 705 3041 Ringstede.
794 3001 926 3030 Robertus
937 2999 961 3028 le
976 2999 1112 3037 Bolthod,

246 3047 344 3074 Frater
360 3042 513 3072 Wllielmus
522 3043 552 3071 de
560 3041 756 3077 Huntingdon,
794 3042 926 3069 Maritius
942 3037 1048 3075 h1orel,
1067 3036 1104 3071 &

248 3085 347 3111 Frater
361 3083 448 3110 Laur.
466 3081 497 3109 de
512 3079 664 3118 Beamflet,
793 3079 911 3108 Goa'inus
925 3077 957 3106 a'e
970 3074 1118 3112 Lemhith,

249 3123 349 3149 Frater
363 3118 524 3149 Alexander
538 3119 569 3148 Ae
588 3120 738 3156 Newport,

1134 2728 1173 2765 &

225 3176 228 3182 Ι
284 3196 331 3226 De
346 3195 479 3226 fractione
491 3195 678 3225 Thesaurariae
697 3193 799 3224 nostrae
817 3192 888 3231 apud
901 3188 1201 3225 VVestmonasterium,
1218 3196 1304 3230 nuper

105 3297 232 3335 *lL939.

252 3234 353 3265 furtive
366 3233 456 3272 fac‘ta,
473 3234 505 3264 &
517 3233 658 3262 Thesauro
672 3232 795 3270 ibidem,
812 3232 845 3262 ad
858 3231 982 3261 valorem
1003 3237 1119 3271 centum
1138 3226 1249 3270 milium
1270 3226 1304 3255 11-

251 3274 377 3310 brarum,
395 3281 478 3309 capto
492 3272 524 3302 &
537 3271 669 3309 asportato
679 3294 687 3308 ‚
704 3272 723 3290 ²*
741 3270 880 3307 indictati,
898 3270 930 3299 &
945 3279 976 3298 ca
990 3270 1137 3311 occasione
1153 3275 1182 3294 in
1199 3263 1304 3301 prlsona

252 3311 342 3342 nostra
360 3310 456 3341 Turris
475 3309 558 3340 nostr.
579 3308 698 3338 London
718 3308 837 3345 detenti,
853 3306 1016 3338 asseruerunt
1044 3305 1069 3336 se
1096 3303 1161 3334 inde
1187 3302 1253 3332 falso
1270 3303 1303 3332 &

252 3348 385 3380 malitiose
399 3348 545 3378 indietatos
558 3345 636 3377 fuisse
646 3369 655 3384 ,
672 3347 705 3377 &
718 3348 798 3376 nobis
808 3355 907 3376 attente
917 3345 1125 3383 supplicaverint
1140 3342 1215 3385 quod
1233 3350 1304 3385 veri-

252 3396 336 3418 tatem
352 3387 417 3417 inde
429 3387 548 3424 inquiri,
565 3386 598 3416 &
611 3386 648 3414 eis
665 3385 790 3423 plenam,
806 3385 838 3415 &
853 3384 972 3414 celerem
985 3382 1120 3422 justitiam
1135 3380 1257 3410 exhiberi
1264 3379 1304 3409 fa-

252 3436 357 3456 ciamus

292 3448 499 3501 Affig’navimus
510 3472 560 3492 vos
573 3460 741 3501 Justiciarios
754 3459 860 3490 nostros
872 3460 905 3490 ad
926 3459 1136 3497 inquirendum,
1153 3466 1201 3494 per
1220 3455 1305 3500 sacra-

256 3511 383 3532 mentum
397 3510 453 3532 tam
467 3500 614 3538 Militum,
632 3500 717 3537 quam
730 3498 863 3536 aliorum,
879 3498 939 3528 ὅτε.
957 3499 992 3527 de
1010 3493 1304 3538 QmmnbtsMrdd.

256 3540 290 3568 &
304 3539 373 3569 Surr.
392 3550 438 3577 per
451 3549 534 3576 quo-5,
550 3539 611 3568 &c.
628 3538 706 3575 super
727 3537 844 3573 negotio
869 3535 1005 3573 praedicto
1027 3536 1130 3572 plenius
1145 3540 1304 3570 veritatem,

258 3577 291 3606 &
310 3577 344 3606 ad
362 3579 512 3645 ἓὲςοᾱυω
532 3576 598 3606 illud
617 3575 800 3613 audiendum,
819 3575 851 3605 &
871 3573 1078 3604 terminandum
1098 3571 1250 3603 secundum
1268 3570 1306 3600 le-

281 3624 327 3643 em
395 3626 421 3645 C.

258 3623 279 3650 g
294 3650 329 3680 Et
336 3637 405 3682 'ideo
417 3654 497 3683 vobis
511 3652 672 3683 mandamus
685 3650 760 3689 quod
771 3650 805 3680 ad
820 3658 925 3687 certos,
942 3650 1003 3679 &c.
1021 3646 1158 3687 praemiffa
1179 3645 1306 3684 expleatis

261 3690 292 3718 in
305 3688 396 3720 forma
408 3691 562 3728 praediciti,
579 3690 676 3720 facturi
689 3688 767 3725 inde,
786 3690 846 3719 ἃς.
859 3687 954 3725 salvis,
971 3688 1031 3718 &c.
1237 3723 1242 3728 Ι

295 3725 490 3759 Mandavimus
504 3730 582 3759 enim
590 3727 816 3758 Vicecomitibus
830 3725 929 3756 nostris
943 3725 1138 3756 Comitatuum
1159 3721 1308 3760 praedicto-

259 3772 341 3801 rum,
358 3766 432 3801 quod
446 3767 479 3796 ad
496 3776 599 3804 certOS,
616 3766 677 3796 δῖε.
694 3766 788 3795 venire
799 3763 918 3794 facerent
937 3774 1033 3793 coram
1053 3764 1149 3799 vobis,
1167 3760 1254 3791 tot&
1267 3767 1308 3790 ta-

261 3800 389 3868 laeintam
404 3802 525 3871 Milges,
542 3805 626 3842 quam
640 3804 721 3842 alios,
739 3804 799 3834 &c.
823 3811 870 3839 pet
884 3812 952 3840 quos
963 3824 973 3841 ,
989 3803 1050 3832 &c.

346 3849 435 3876 cujus.
474 3851 512 3872 ἐ.

297 3912 385 3944 Teste
398 3913 479 3953 Rege
492 3917 562 3954 apud
577 3917 680 3956 Kynles
694 3917 810 3949 decimo
823 3915 870 3945 die
881 3914 1024 3946 Odiobris.

265 3981 267 3983 Ι
828 3993 882 4021 Per
895 3994 987 4022 Breve
1001 3991 1032 4022 de
1047 3993 1166 4021 Privato
1177 3986 1276 4027 Sigillo.

687 104 1487 156 CONVENTIONES‚
1541 101 1924 156 LITERAE,

1327 275 1416 308 Bulla
1441 274 1588 309 Benediffl
1606 277 1688 322 Papa
1712 275 1892 317 Undecimi,
1911 286 1965 322 per
1990 287 2083 322 quam
2095 276 2246 323 fignficat
2261 280 2335 326 Regi
2349 279 2384 325 fi

1749 324 1800 370 effe
1821 324 1957 357 electum.

1328 407 1530 469 BEnedicstus
1542 408 1709 447 Episcopus,
1727 408 1816 439 servm
1828 407 1968 439 servorum
1981 408 2054 447 Dei,
2071 409 2210 441 carissimo
2222 411 2252 441 in
2270 410 2385 445 Christo

1327 446 1456 514 OEfffilio
1473 446 1506 477 E.
1525 446 1602 484 Regi
1620 447 1751 486 Angliae,
1768 446 1885 485 illustri,
1909 447 2020 478 salutem
2036 449 2070 479 &
2087 448 2281 487 Apostolicam
2299 451 2384 483 bene-

1390 495 1495 515 ionem.

1363 522 1506 566 Dominus
1524 533 1557 554 ac
1579 522 1754 562 Redemptor
1773 523 1883 562 noster,
1900 534 1948 562 per
1968 534 2052 562 quem
2071 523 2150 556 Pater
2167 526 2248 565 ipsius
2267 536 2382 560 aeternm

1327 561 1449 591 universa
1469 561 1605 600 disponit,
1621 562 1647 592 se
1667 562 1791 601 dudum,
1807 572 1840 593 ex
1857 562 2043 594 habundantii
2066 564 2186 603 pietatis,
2199 566 2234 596 ad
2249 566 2382 598 humanae

1325 597 1439 629 salutem
1458 600 1641 637 generationis
1659 601 1814 639 inclinans,
1850 601 2017 632 mortalitatis
2036 601 2138 632 nostrae
2159 613 2271 634 carnem
2293 605 2383 637 induit

1327 635 1532 705 sactuslhomo,
1548 638 1628 676 seque
1640 639 1825 676 postmodum
1838 639 1887 677 ipsi
1905 638 1977 670 Patri
1993 650 2088 671 veram
2099 650 2150 678 pro
2165 642 2246 672 nobis
2260 642 2382 675 hostiam

1326 685 1421 705 immo
1431 684 1494 707 avit.

1363 712 1425 744 Hic
1444 724 1547 753 nempe
1566 714 1764 746 sacrosanctam
1785 715 1958 755 Ecclesiam,
1976 717 2101 755 sponsam
2123 717 2197 749 suam
2211 741 2222 757 ,
2239 728 2324 758 quam
2342 719 2382 751 sui

1328 755 1507 796 commercio
1521 753 1658 791 sanguinis
1668 754 1827 793 acquisivit,
1841 762 1914 785 tanta
1932 755 2082 786 dilectione
2102 756 2270 795 prosequitur
2306 758 2382 796 quod

1327 790 1490 832 ipsamdnon
1508 790 1598 822 solum
1617 802 1665 829 per
1683 793 1806 829 Angelos
1819 815 1830 830 ‚
1854 791 1932 822 Coeli
1949 792 2034 824 Cives
2046 816 2057 833 ,
2082 796 2129 832 qui
2143 805 2205 826 mm
2326 798 2383 828 'unt

1328 828 1507 873 incestanter,
1523 830 1567 860 sed
1586 831 1619 860 &
1639 840 1686 868 per
1705 832 1870 869 terrigenas,
1889 830 2041 862 hominurn
2060 832 2143 872 filios,
2160 835 2208 872 qui
2229 833 2381 867 succeffive

1327 869 1460 904 regimini
1473 868 1644 906 praesidentes
1658 868 1726 899 illius
1796 870 1916 907 acceptis
1945 869 2066 901 clavibus
2085 870 2181 908 Regni
2194 872 2332 912 coelestis,
2349 876 2380 905 in

1327 905 1493 949 apostolatus
1511 907 1627 944 officio,
1643 907 1724 937 beato
1743 892 1826 939 f'etro
1838 931 1848 946 ,
1866 917 1900 938 ex
1920 908 2043 946 ejusdem
2058 908 2255 947 redemptionis
2266 911 2379 950 disposi-

1326 945 1728 1021 &aissfftsffiffiissiaffiss‘
1733 946 1916 1016 fiffffii‘es}
1924 947 2378 1024 &affirmatis

1867 1007 1877 1024 2
2360 1001 2380 1022 n

1324 1020 1468 1053 fraudetur.

1365 1059 1474 1092 Verum
1487 1070 1569 1098 opera
1581 1059 1685 1091 divinae
1699 1061 1830 1099 potentiae
1843 1060 2005 1100 plerumque
2020 1072 2100 1093 mens
2120 1062 2240 1094 humana
2256 1066 2383 1107 mii-anu,

1326 1097 1395 1128 dum
1418 1099 1555 1130 mirabiles
1574 1099 1748 1137 personarum
1761 1100 1794 1130 &
1807 1107 1968 1138 temporum
1983 1101 2189 1132 immutationes
2205 1103 2334 1142 attendit,
2349 1107 2380 1136 in

1327 1147 1448 1175 quorum
1471 1137 1708 1175 contemplatione
1733 1137 1818 1168 sensus
1844 1138 1966 1168 hominis
1992 1139 2131 1170 hebetatur
2181 1140 2250 1171 dum
2267 1151 2383 1174 conatur

1326 1177 1483 1245 perquirere
1500 1175 1705 1215 investigabiles
1722 1177 1777 1208 vias
1794 1176 1932 1215 Domini,
1949 1177 1982 1208 &
1999 1178 2056 1216 ejus
2069 1162 2180 1210 occulta
2197 1179 2308 1211 c'onfilia
2321 1191 2384 1219 per-

1338 1224 1446 1246 crutan.

1372 1252 1432 1297 lpse
1454 1264 1551 1294 namq,
1567 1264 1781 1294 nonnumquam
1800 1263 1923 1294 potentes
1946 1253 2073 1286 humiliat
2120 1257 2200 1294 ponit
2217 1257 2336 1288 humiles
2352 1260 2383 1291 in

1328 1288 1456 1331 sublimi,
1473 1293 1575 1324 fortem
1588 1293 1656 1325 facit
1667 1304 1701 1325 ex
1713 1294 1815 1334 debili,
1835 1294 2047 1325 balbutientibus
2066 1305 2082 1325 e
2092 1297 2251 1333 oquentiam
2271 1298 2384 1336 tribuit,

1329 1331 1379 1369 &,
1393 1340 1476 1374 prout
1490 1332 1564 1371 vult,
1581 1341 1762 1364 creaturarum
1777 1333 1952 1364 conditiones
1964 1333 2065 1371 variat,
2082 1334 2116 1364 &
2130 1333 2262 1372 dispensat
2270 1345 2384 1367 munera

1329 1378 1499 1439 ἕξέἐῗιῐιιέἓέ
1511 1371 1623 1440 ἓξὲξ
1637 1371 1830 1448 ξιοξέῑὶἢὲἓὶῐαῇιῃ
1842 1370 2112 1410 habensadsmgula,
2129 1380 2273 1411 tamquam
2287 1375 2384 1412 palmo

1366 1447 1430 1477 Nos
1443 1457 1554 1486 autem,
1571 1433 1727 1487 nimirum,
1745 1450 1774 1478 in
1786 1448 2004 1479 admirationem
2022 1448 2223 1488 pertrahimur,
2241 1460 2275 1481 ac
2294 1451 2382 1482 timor

1330 1485 1363 1516 &
1379 1494 1487 1516 tremor
1501 1497 1550 1517 nos
1566 1487 1746 1517 vehementer
1766 1486 1916 1524 invadunt,
1940 1486 2028 1524 dum,
2045 1486 2117 1518 infra
2131 1490 2231 1518 mentis
2246 1489 2385 1528 archana,

1330 1525 1500 1556 revolvimus
1514 1533 1582 1564 quot
1593 1526 1627 1556 &
1640 1534 1752 1563 quantas
1772 1527 1979 1556 immutationes
1999 1527 2135 1563 receperit
2154 1526 2286 1558 hactenus
2306 1527 2388 1559 status

1331 1562 1440 1603 noster,
1459 1565 1505 1602 qui
1522 1564 1627 1594 abolim
1637 1586 1647 1602 ,
1664 1564 1792 1595 ordinem
1809 1564 1921 1594 fratrum
1937 1563 2148 1602 praedicatorum
2161 1565 2387 1604 profeffi‚-puta-·

1332 1601 1429 1632 bamus
1444 1602 1546 1641 abjedti
1560 1601 1615 1632 esse
1628 1603 1655 1632 in
1670 1601 1761 1633 domo
1774 1602 1912 1641 Domini,
1931 1612 1998 1632 curn
2013 1602 2162 1634 humilibus
2174 1603 2252 1635 servis
2264 1605 2337 1643 ejm,
2350 1605 2384 1637 &

1332 1639 1381 1671 sub
1395 1641 1563 1672 obedientiae
1572 1641 1644 1679 jugo
1657 1642 1772 1671 creatori
1785 1641 1898 1671 reddere
1912 1649 2011 1671 votum
2026 1640 2160 1672 nostrum.

1370 1678 1423 1723 Sed
1445 1679 1533 1709 divini
1551 1679 1725 1718 dispositione
1743 1678 1873 1718 Consilii,
1891 1679 1953 1718 post
1969 1679 2118 1711 ministeria
2139 1682 2228 1719 varia,
2244 1682 2273 1711 in
2284 1681 2382 1714 ordine

1332 1718 1468 1756 pnedic'to
1481 1719 1560 1748 nobis
1574 1719 1614 1748 im
1655 1718 1714 1756 sita,
1730 1717 1892 1757 suscepimus
1906 1717 2038 1754 Magistri
2053 1719 2186 1755 generalis
2195 1719 2383 1752 officium2ac

1331 1755 1520 1795 subsequenter
1529 1780 1539 1796 ,
1557 1757 1591 1788 ad
1632 1756 1795 1787 ardinalatus
1808 1758 1918 1795 apicem
1931 1755 2071 1794 dignitatis
2082 1766 2130 1795 per
2143 1757 2337 1796 Apostolicam
2344 1758 2385 1790 se-

1333 1794 1400 1825 dem
1419 1794 1568 1836 assumpti,
1585 1805 1652 1826 cum
1673 1795 1829 1833 aliquandiu
1848 1795 1936 1826 nostri
1949 1794 2095 1825 ministerii
2107 1794 2234 1827 debitum
2254 1797 2284 1826 in
2296 1797 2386 1834 gradu

1333 1833 1476 1875 sacerdotii
1489 1834 1658 1873 egissemus,
1677 1834 1800 1872 praefedti
1822 1833 1943 1872 fuimus,
1961 1843 2010 1871 per
2031 1832 2125 1864 sedem
2147 1834 2265 1865 eandem
2301 1835 2331 1865 in
2345 1835 2384 1866 E·

1334 1873 1482 1910 piscopum
1495 1872 1667 1903 Ostiensem:
1689 1870 1852 1903 Novissime
1873 1882 1957 1910 verO,
1972 1871 2077 1909 magna
2094 1870 2208 1902 fratrum
2224 1882 2263 1903 no
2301 1882 2387 1904 orum

1334 1909 1478 1949 instantia,
1516 1921 1578 1942 rout
1591 1911 1670 1942 series
1682 1910 1842 1949 infracripoe
1855 1910 1991 1949 declarat,
2007 1920 2058 1941 nos
2075 1909 2164 1942 subire
2183 1912 2282 1950 coegit
2300 1911 2382 1943 sarci-

1334 1959 1402 1979 nam
1418 1949 1483 1987 Apo
1507 1950 1589 1981 olicae
1600 1950 1739 1981 servitutis.

1372 1987 1474 2029 Nuper
1488 1990 1581 2027 enim,
1598 1988 1702 2019 foelicis
1711 1987 1924 2026 recordationis,
1941 1987 2089 2019 Bonifacio
2096 1987 2171 2026 Papi
2185 1988 2386 2027 octav02prae-

1335 2025 1479 2057 decellore
1493 2026 1604 2066 nostro,
1622 2027 1690 2058 sicut
1704 2026 1836 2057 Domino
1848 2027 1967 2066 placuit,
1982 2027 2019 2057 ab
2031 2027 2083 2058 hac
2094 2027 2156 2058 luce
2168 2026 2320 2058 subitatio:
2334 2029 2367 2059 &

1336 2065 1404 2095 ficut
1426 2065 1579 2105 speramus,
1596 2065 1657 2104 post
1681 2066 1788 2096 labores
1800 2065 1957 2104 impensos,
1973 2065 2007 2096 ad
2019 2067 2159 2103 premium
2171 2074 2304 2097 evocato:
2317 2051 2387 2105 ejus:

1358 2114 1392 2134 ue
1405 2113 1539 2143 corpore,
1560 2105 1631 2135 dum
1644 2105 1822 2143 exequiarum
1836 2104 1994 2135 solennitate
2007 2104 2101 2135 debiti
2109 2127 2118 2142 ‚
2134 2104 2236 2135 tradito
2249 2103 2387 2136 Ecclesia-

1336 2113 1592 2186 aicae-sepulturae,
1609 2153 1659 2173 nos
1678 2152 1744 2174 tunc
1789 2151 1822 2187 'ut
1842 2144 2021 2181 praetangitur
2036 2166 2045 2181 ,
2070 2142 2220 2187 Episcopus
2239 2142 2388 2181 Ostiensis,

1337 2166 1872 2250 ttsssiatsfflssatirczs
1881 2181 2060 2250 &aas
2069 2181 2389 2250 inessent-t

1337 2267 1373 2287 ne
1395 2256 1534 2299 Pontificis
1548 2281 1557 2297 ,
1584 2259 1613 2288 in
1634 2257 1738 2288 Palatio
1757 2243 1852 2289 Saricti
1874 2257 1948 2289 Petri
1969 2257 2004 2288 de
2025 2258 2109 2297 urbe,
2126 2258 2156 2288 in
2171 2268 2227 2296 quo
2238 2256 2388 2289 decesserat

1337 2294 1525 2326 Praedecessor
1540 2295 1610 2335 ipse,
1628 2298 1818 2328 convenimus.

1376 2333 1523 2378 Nobisque
1536 2345 1568 2365 ac
1590 2334 1649 2373 ipsis
1664 2335 1698 2365 ad
1714 2336 1742 2365 id
1756 2335 1920 2372 eligentibus
1932 2344 1981 2372 per
1993 2336 2070 2365 viam
2085 2334 2237 2373 procedere
2249 2333 2389 2374 scrutinii,

1338 2375 1493 2411 contingit,
1512 2373 1560 2403 illo
1575 2373 1692 2404 faciente
1707 2375 1753 2413 qui
1770 2373 1955 2404 concordiam
1969 2372 2078 2411 diligit,
2095 2373 2188 2412 quod,
2206 2374 2292 2404 unico
2310 2373 2389 2404 facito

1337 2421 1370 2441 ac
1386 2412 1527 2449 publicato
1537 2411 1684 2450 scrutinio,
1693 2421 1764 2443 tanta
1777 2411 1891 2443 finaliter
1906 2413 1935 2441 in
1949 2412 2021 2442 votis
2031 2412 2199 2442 eorumdem
2214 2412 2340 2442 Fratrum
2348 2412 2389 2443 est

1337 2451 1449 2480 inventa
1469 2450 1637 2489 concordia,
1655 2451 1729 2488 quod
1750 2461 1798 2488 per
1817 2461 1864 2481 eos
1883 2449 1919 2480 de
1935 2451 2038 2490 nobis,
2064 2450 2128 2481 licet
2150 2451 2299 2481 immeritis
2312 2473 2322 2488 ,
2338 2449 2390 2482 fuit

1338 2488 1357 2506 ¹*
1377 2487 1409 2518 ad
1431 2488 1598 2527 apostolatus
1615 2489 1745 2519 officium
1762 2512 1772 2528 ,
1796 2489 1949 2520 undecimo
1972 2487 2035 2519 Kal.
2061 2488 2238 2519 Novembris
2256 2489 2388 2527 proximo

1338 2525 1440 2565 futuri,
1457 2527 1558 2558 eleffio
1579 2528 1736 2566 celebrata,
1760 2529 1791 2558 in
1812 2538 1885 2566 quo,
1903 2536 1959 2565 prae
1979 2527 2167 2558 admirationis
2182 2527 2391 2567 magnitudine,

1338 2564 1440 2595 redditi
1454 2589 1464 2604 ,
1494 2576 1546 2597 nec
1566 2567 1731 2605 immerito,
1748 2566 1837 2597 sumus
1856 2566 1963 2597 attoniti
1976 2589 1986 2605 ,
2003 2566 2098 2604 stupor
2116 2565 2242 2597 nostrum
2259 2567 2389 2598 animum

1339 2603 1493 2643 hebetavit,
1510 2614 1630 2643 eumque
1644 2607 1731 2635 timor
1745 2606 1777 2636 ὃς
1791 2614 1898 2636 tremor
1913 2605 2012 2648 pariter
2023 2603 2229 2635 concusserunt.

1376 2642 1528 2681 Numquid
1545 2646 1622 2674 enim
1636 2654 1694 2674 non
1708 2644 1891 2675 admiratione
1906 2643 2038 2682 dignum,
2058 2643 2132 2682 quod
2146 2644 2217 2674 inter
2229 2646 2315 2676 tot&
2330 2653 2392 2675 tan-

1339 2688 1378 2711 tas
1392 2681 1559 2712 eorumdem
1577 2682 1704 2713 Fratrum
1716 2681 1859 2721 personas,
1876 2682 1942 2712 vitae
1955 2692 1989 2712 ac
2004 2681 2089 2712 famae
2107 2681 2229 2712 claritate
2243 2683 2373 2723 pollent&

1341 2719 1485 2750 virtutibus
1506 2720 1664 2759 redimitas,
1682 2720 1867 2752 habundantes
1887 2719 1993 2757 insuper
2014 2719 2212 2757 multiplicium
2224 2719 2388 2752 sufficientia

2429 275 2526 309 1303?
2542 292 2544 302 ι

2401 309 2456 334 An.
2465 315 2495 343 3¹
2502 329 2510 337 .
2543 310 2546 323 ·

2403 347 2433 371 E.
2456 353 2480 372 1.
2544 374 2546 381 Ι

2403 385 2509 411 Existi-
2544 391 2547 400 ¹

2402 426 2453 457 tog.

2414 2514 2538 2551 “H-940·

1342 2759 1509 2801 meritorum
1523 2781 1533 2797 ,
1559 2760 1587 2789 in
1606 2759 1778 2797 praesidendo
1798 2757 1965 2797 Apostolico
1985 2756 2102 2788 culmini
2122 2757 2260 2790 humilitas
2280 2759 2390 2798 nostra,
2435 2783 2438 2786 »

1342 2805 1405 2834 quae
1419 2796 1470 2826 illis
1484 2797 1572 2828 fuerat
1587 2798 1690 2828 merito
1698 2797 1905 2836 postponenda,
1923 2795 2086 2839 praefertur?

1378 2833 1502 2874 Nonne,
1520 2835 1589 2867 dum
1602 2836 1720 2874 injuncti
1732 2837 1824 2866 oneris
1838 2835 1945 2866 molem
1965 2833 2146 2874 attendimus,
2161 2834 2194 2866 &
2205 2835 2330 2867 nostram
2347 2837 2391 2867 in-

1341 2871 1534 2917 sufficientiam
1555 2884 1623 2904 com
1644 2884 1768 2913 aramuS,
1784 2874 1869 2913 digne
1883 2872 2050 2904 invalescunt
2060 2873 2148 2904 timor
2167 2873 2201 2904 &
2214 2881 2338 2914 tremor,
2354 2885 2391 2907 ne

1342 2919 1475 2948 portantis
1488 2912 1612 2943 debilitas
1634 2913 1672 2943 ub
1684 2921 1766 2944 tantae
1782 2912 1862 2943 molis
1873 2912 2006 2953 gravitate
2014 2910 2198 2943 succumbat?

1379 2949 1505 2990 Nonne,
1522 2951 1681 2982 timendum
1702 2953 1803 2982 iterum
1819 2951 1852 2982 &
1868 2949 2050 2982 'tremendum
2095 2959 2131 2980 ne
2149 2949 2234 2988 justus
2247 2949 2355 2990 Judex,
2371 2950 2392 2982 fi

1343 2989 1480 3034 rationem
1492 2989 1528 3020 de
1539 2989 1644 3021 talentis
1656 2990 1768 3021 creditis
1782 2990 1875 3020 veniat
1886 2972 2160 3027 exacturus,s}rvum
2173 2989 2264 3020 minus
2277 2988 2392 3028 utilem,

1343 3036 1359 3056 a
1372 3027 1449 3057 bono
1462 3035 1620 3066 torpentem
1633 3039 1732 3067 opere,
1748 3028 1901 3066 dampnet?
2106 3057 2109 3060 ,

1379 3065 1469 3104 Haec,
1486 3067 1519 3097 &
1533 3067 1585 3097 alia
1599 3067 1694 3106 plura,
1714 3077 1775 3105 quae
1793 3066 1953 3105 prolixitatis
1972 3065 2096 3097 vitandae
2116 3064 2204 3106 gratia
2222 3065 2314 3096 sermo
2329 3063 2391 3096 fisc-

1342 3104 1433 3134 cintus
1446 3106 1571 3143 omittit,
1590 3105 1814 3136 insufficientiam
1827 3104 1952 3135 nostram
1963 3105 1979 3134 “a
1993 3113 2075 3135 tantae
2088 3104 2226 3143 gravitatis
2239 3103 2390 3135 oneresub-

1342 3142 1502 3174 ducendam
1516 3144 1587 3174 adeo
1602 3144 1755 3175 efficaciter
1775 3143 1792 3174 s
1840 3144 1969 3182 erebant,
1986 3141 2062 3180 quod
2082 3141 2247 3172 eorumdem
2266 3141 2391 3172 Fratrum

1342 3182 1545 3219 importunitati
1557 3182 1728 3213 diversarum
1739 3191 1790 3212 exc
1821 3183 1946 3213 ationum
1956 3181 2073 3212 obicem
2078 3179 2264 3219 opponendo,
2277 3178 2311 3211 ea
2317 3202 2328 3218 ,
2335 3179 2391 3218 qua

1343 3221 1499 3258 potuimus,
1517 3220 1695 3251 reludtatione
1709 3220 1867 3251 restitimus.

1380 3258 1434 3288 Sed
1449 3258 1552 3289 Fratres
1566 3258 1631 3296 ipsi,
1647 3257 1748 3289 nostrae
1761 3259 1915 3290 refistentiae
1926 3259 2085 3296 obviantes,
2103 3256 2200 3288 nostris
2211 3256 2393 3288 excusationi·

1343 3296 1393 3326 bus
1406 3307 1463 3326 non
1485 3296 1607 3327 admissis
1639 3307 1689 3327 nos
1707 3297 1741 3328 ad
1756 3296 2004 3329 conscendendum
2015 3295 2091 3326 Petri
2105 3295 2278 3327 Cathedram
2294 3295 2392 3326 multae

1342 3335 1558 3372 importunitatis
1570 3319 1699 3366 instantia
1711 3335 1882 3368 devicerunt.

1379 3373 1511 3412 Nosque,
1527 3373 1592 3403 licet
1605 3382 1640 3403 ex
1653 3374 1811 3405 nostrorum
1822 3374 1985 3406 defectuum
1998 3371 2168 3404 conscientia
2180 3371 2336 3403 diffidentes
2357 3371 2395 3402 de

1343 3411 1412 3442 illius
1431 3420 1525 3442 tamen
1546 3410 1641 3442 confisi
1657 3413 1861 3452 omnipotentia
1874 3436 1885 3452 ,
1911 3413 1960 3451 qui
1979 3421 2037 3442 non
2055 3411 2144 3442 solum
2162 3410 2263 3442 sufficit
2278 3410 2330 3441 eos
2343 3419 2392 3441 em

1343 3449 1464 3488 supplere
1482 3449 1620 3487 defestus,
1636 3449 1681 3481 sed
1701 3452 1732 3482 &
1755 3460 1850 3490 potens
1864 3450 1904 3482 est
1915 3460 2035 3481 omnem
2047 3450 2165 3489 gratiam
2178 3448 2338 3490 habundare
2350 3447 2393 3478 fa-

1344 3497 1409 3518 cere
1422 3489 1451 3518 in
1464 3489 1559 3527 nobis,
1576 3498 1628 3526 ne,
1646 3489 1695 3520 sub
1706 3489 1866 3521 obedientii
1880 3489 1991 3527 nutriti,
2008 3487 2109 3518 diutius
2121 3498 2184 3519 eam
2192 3491 2394 3530 contempnere

1344 3527 1536 3564 pertinaciter,
1555 3528 1706 3565 graviaque
1725 3529 1861 3567 pericula,
1879 3538 1940 3566 quae
1959 3526 2077 3557 iminere
2096 3526 2146 3563 ipfi
2164 3524 2310 3563 Ecclesiae,
2326 3531 2393 3554 toti-

1344 3575 1398 3602 que
1418 3574 1553 3594 terrarum
1577 3565 1641 3594 orbi
1654 3588 1664 3604 ,
1695 3576 1728 3596 ex
1754 3567 1810 3604 ejus
1834 3567 1980 3597 vacatione
2005 3563 2188 3595 verisimiliter
2210 3564 2394 3604 timebantur,

1343 3602 1556 3642 dampnabiliter
1568 3604 1704 3643 negligere
1719 3605 1893 3636 censeremur
1926 3603 1998 3634 votis
2010 3601 2125 3633 tandem
2143 3602 2272 3632 Fratrum
2282 3608 2392 3637 acquie-

1344 3642 1437 3671 vimus
1459 3641 1644 3680 eorumdem,
1661 3652 1711 3681 ac,
1727 3643 1761 3673 ad
1777 3627 1961 3673 deferendum
1976 3640 2109 3671 sarcinam
2126 3639 2230 3670 summi
2248 3636 2394 3682 AP9st013·

1345 3678 1390 3709 tus
1407 3679 1595 3709 submittentes
1615 3680 1745 3711 humeros
1765 3681 1919 3712 imbecilles
1931 3703 1941 3719 ,
1960 3679 2064 3717 recepti
2078 3679 2114 3709 ab
2130 3679 2169 3708 eis
2181 3683 2346 3708 unammiter
2362 3684 2394 3706 m

1347 3717 1514 3747 Romanurn
1529 3716 1712 3758 Pontificem,

1385 3755 1555 3792 Recepimus
1573 3757 1770 3795 consequenter
1789 3757 1908 3788 solennia
1925 3755 2128 3786 benedictionis
2138 3776 2149 3791 ,
2159 3753 2203 3796 ⁴&
2218 3759 2336 3795 caetera,
2354 3751 2396 3782 se-

1346 3793 1474 3823 cundum
1487 3803 1597 3824 morem
1611 3794 1854 3832 praeficiendorum
1871 3795 2071 3825 Romanorum
2085 3790 2270 3827 Pontificum,
2286 3800 2315 3819 in
2334 3800 2396 3829 per-

1346 3831 1416 3862 sonis
1430 3830 1669 3863 Praedecefforum
1684 3834 1842 3864 nostrorum
1860 3833 1990 3863 haetenus
1999 3830 2191 3866 observatum,
2257 3866 2263 3872 .
2386 3867 2393 3873 ·

1387 3870 1507 3900 Anxiato
1527 3870 1560 3900 &
1581 3871 1727 3902 humiliato
1745 3872 1839 3909 spiritu
1854 3871 1987 3901 Domino
1999 3868 2027 3900 su
2047 3865 2194 3906 plicand0‚
2211 3872 2242 3895 ut
2254 3865 2331 3905 lpse:
2366 3877 2395 3896 ¹¹¹

1349 3919 1399 3939 nos
1412 3907 1568 3945 hujusmodi
1581 3911 1675 3949 iugum
1688 3910 1776 3941 subire
1788 3908 1939 3946 conceffit,
1957 3908 1994 3938 fic
2007 3879 2046 3936 ad
2054 3904 2144 3948 ipsum
2168 3904 2336 3948 portandum
2368 3914 2399 3935 e-

1349 3947 1485 3977 bilitatem
1498 3945 1622 3978 nostram
1634 3948 1739 3978 robore
1751 3948 1862 3985 fulciat,
1879 3947 1917 3976 sic
1929 3945 1995 3977 illud
2005 3942 2089 3973 faciat
2100 3941 2146 3971 sua
2158 3941 2325 3985 benigmtate
2332 3952 2399 3980 por-

1349 3985 1450 4023 tabile,
1467 3984 1542 4023 quod
1556 3984 1604 4017 sub
1616 3995 1652 4017 eo
1664 3996 1716 4018 nos
1728 3996 1787 4019 non
1799 3986 1940 4025 contingat
1949 3991 1984 4014 ex
1996 3978 2088 4012 nostra
2107 3979 2246 4012 debilitate
2262 3980 2400 4049 defice&
