2570 4261
57 303 75 315 »,
112 282 197 312 1232.

237 169 315 207 170

91 235 166 267 ΑΜ
184 234 226 264 D·
240 240 291 270 hiis
310 238 475 278 exequendis
493 234 638 274 potueritis
658 231 787 263 interesse
799 255 810 270 ,
827 231 892 262 alter
915 229 1039 262 vestrum
1052 239 1084 260 ea
1098 226 1298 258 nichilominus

92 318 143 341 Hm
180 321 204 348 Ξ.
240 287 397 318 exequatur.

279 354 344 384 Dat.
359 351 477 389 Perusti,
496 360 513 380 2
529 348 594 380 Kal.
609 347 754 387 Septemb.
769 345 955 378 pontificatus
969 345 1057 376 nostri
1071 353 1146 374 anno
1154 341 1278 372 decimo.

697 424 823 456 plumbeo
830 423 919 462 Sigillo
931 434 950 452 a
953 421 1006 464 filo
1019 418 1141 451 canabeo.

250 493 1297 514 ΝΜ

95 564 144 592 01,
161 563 225 598 430·
274 554 294 574 *
323 554 370 585 De
382 553 526 597 pecunia,
553 554 584 582 in
599 549 752 582 auxilium
767 548 862 581 Terrae
871 546 977 592 familie
991 542 1112 588 concessa
1123 569 1133 584 ‚
1157 543 1188 573 in
1207 549 1271 573 tuto

647 598 705 629 loco
723 595 894 643 reponenda.

98 686 175 718 Ann.
191 683 232 714 D.
284 685 467 716 Nnocentius
482 683 652 723 Episcopus,
669 681 761 712 servus
779 681 922 712 servorum
942 678 1020 717 Dei,
1039 677 1239 722 venerabilibus
1254 674 1308 704 fra-

121 732 202 761 1252·
298 725 382 755 tribus
438 723 616 752 Cantuarien.
633 723 665 752 δε
720 719 878 750 Eboracen.
896 718 1122 757 Aichiepiscopis
1169 713 1311 758 Herefor-

98 768 149 791 Α».
169 762 210 797 36·
249 763 312 793 den.
358 764 498 803 Elyen.&
554 760 728 791 Dunelmen.
747 758 892 797 Episcopis
904 780 914 795 ,
931 756 1045 788 salutem
1060 757 1093 787 δε
1111 753 1311 795 Apostolicam

99 806 135 829 H.
155 809 179 836 3·
250 803 489 833 benedifflonem.
1144 833 1149 838 .
1233 831 1238 836 ι

100 843 141 866 ,Ex
158 842 214 865 Au-
288 841 369 871 Cum
384 839 526 870 cariffimo
539 840 568 868 in
580 836 697 868 Christo
710 836 768 866 filio
780 834 878 865 nostro
916 833 990 873 Regi
1007 833 1121 871 Angliae
1143 830 1258 867 illustri,
1277 828 1311 860 ad

101 884 163 913 togr.
249 879 443 919 exequendum
457 877 680 917 magnificentius
696 884 797 904 votum
812 872 904 903 crucis
919 895 929 910 ,
944 871 1083 904 decimam
1101 868 1313 902 Ecclesiastico-

251 928 317 949 rum
338 925 528 956 proventuum
549 915 646 953 Regni
668 913 778 952 Angliae
792 935 802 950 ,
829 922 861 942 ac
877 911 990 942 aliarum
1005 919 1156 955 terrarum,
1173 918 1238 949 quae
1252 907 1312 938 sunt

250 957 330 994 ipiius
357 955 536 994 jurisdictioni
562 953 693 992 subjecfitae
706 975 716 991 ,
740 951 900 981 duxerimus
915 959 964 988 per
984 958 1138 980 triennium
1152 947 1314 979 conceden-

250 997 330 1026 dam·

289 1034 312 1064 F
315 1020 463 1064 riiternitati
482 1029 585 1063 vestrae
603 1028 779 1068 praesentium
801 1028 965 1058 anerei-itate
985 1025 1147 1057 mandamus
1168 1025 1314 1068 quatinus,

255 1082 323 1103 cum
334 1074 393 1110 jam
411 1071 544 1101 statutum
556 1068 612 1098 esse
625 1068 731 1098 dicatur
747 1068 801 1103 eius
816 1065 968 1105 passagium
978 1088 986 1103 ‚
997 1065 1030 1096 ὅ(
1041 1065 1165 1103 juratum
1177 1074 1225 1104 per
1233 1064 1315 1093 bien-

256 1112 336 1143 nium
350 1119 413 1141 ante
428 1110 504 1140 idem
519 1107 589 1148 passa
613 1106 689 1145 ium,
709 1105 962 1144 decimamipsam,
980 1114 1095 1134 necnon
1111 1103 1316 1143 redemptiones

255 1158 409 1187 votorum,
426 1148 550 1185 Legata,
569 1155 598 1175 re
610 1145 681 1182 ieta,
708 1144 752 1174 seu
774 1144 829 1174 alio
853 1143 943 1174 modo
967 1141 1097 1173 concessa
1119 1143 1148 1171 in
1177 1140 1315 1184 praedi&is

255 1188 362 1227 Regno
380 1187 413 1218 ὃ(
434 1187 510 1217 terris
529 1183 647 1215 subsidio
660 1183 761 1213 Terrae
774 1181 875 1212 sanstae
889 1192 904 1212 a
923 1189 1053 1220 tempore
1067 1180 1315 1217 crucesignationis

258 1227 337 1268 ipsius
346 1249 355 1265 ,
372 1224 533 1255 dummodo
548 1223 604 1253 aliis
618 1220 748 1252 concessa
759 1221 802 1251 vel
815 1218 945 1258 assignata
958 1230 1018 1250 non
1032 1219 1099 1257 sint,

296 1264 427 1295 Necnon
440 1265 472 1294 &
487 1263 530 1292 illa
543 1261 579 1291 de
595 1260 733 1299 praediffls
745 1259 1004 1297 redemptionibus,
1021 1258 1134 1296 legatis,
1151 1257 1184 1287 ὅ(
1198 1256 1316 1295 τεΠὲὶὶε,

259 1313 323 1343 quae
336 1301 465 1333 concessa
481 1301 591 1331 fuerunt
604 1298 799 1338 crucesignatis
814 1297 951 1337 Regni&
965 1306 1099 1328 terrarum
1115 1294 1234 1339 ipsarum
1243 1296 1317 1336 ,qui,

260 1342 306 1372 vel
325 1340 387 1371 sunt
410 1340 514 1370 mortui
528 1362 538 1377 ,
555 1338 599 1368 vel
613 1337 704 1368 adhuc
719 1337 777 1366 vivi
794 1345 921 1375 tempore
936 1335 1062 1375 passagii,
1080 1335 1126 1365 vel
1135 1333 1213 1372 justo
1227 1344 1318 1372 impe-

260 1381 392 1411 dimento
406 1379 528 1416 detenti,
547 1387 605 1407 non
620 1377 777 1414 potuerint,
795 1375 839 1404 vel
856 1374 993 1404 noluerint
1008 1373 1187 1404 transfretare.

262 1421 269 1426 '
298 1418 352 1448 Per
373 1427 425 1447 vos
436 1440 446 1455 ,
465 1417 498 1447 &
517 1416 582 1446 alios
597 1438 606 1453 ,
644 1424 693 1444 uos
708 1437 718 1451 ,
735 1413 770 1444 ad
790 1413 847 1443 hoc
867 1413 982 1443 idoneos
998 1412 1134 1450 videritis,
1152 1412 1188 1442 de
1202 1411 1318 1442 consilio

261 1453 330 1488 dieii
346 1456 450 1495 Regis,
470 1453 584 1484 fideliter
596 1425 775 1491 ccilligemes,
794 1450 960 1482 conservetis
976 1451 1061 1489 ipsam
1084 1451 1111 1481 in
1127 1450 1261 1490 aliquibus
1275 1458 1320 1480 tu-

263 1497 296 1527 tis
316 1495 384 1525 locis
398 1517 408 1532 ,
424 1493 580 1532 assignaturi
595 1502 626 1522 ea
642 1493 746 1530 integre
765 1490 900 1530 praedicto
912 1489 986 1530 Regi
1000 1513 1010 1528 ,
1026 1499 1096 1520 cum
1112 1490 1163 1520 iter
1178 1489 1321 1527 arripuerit

265 1533 490 1565 transmarinum:
1178 1543 1181 1545 -

303 1570 378 1602 Non
403 1568 579 1601 obstantibus
600 1567 732 1607 aliquibus
749 1567 924 1606 indulgentiis
937 1590 945 1605 ,
963 1566 1124 1606 privilegiis,
1143 1565 1189 1596 seu
1203 1566 1299 1598 litteris
1312 1591 1322 1604 .,

265 1612 295 1641 in
307 1609 442 1649 generali,
458 1609 502 1639 vel
514 1607 529 1637 s
545 1606 640 1645 eciali,
657 1607 693 1636 ab
707 1605 869 1643 Apostolica
888 1605 948 1636 sede
967 1608 1088 1636 obtentis
1100 1606 1133 1636 &
1146 1605 1324 1643 obtinendis,

267 1650 301 1680 &
321 1647 487 1687 quibussibet
507 1656 521 1676 a
533 1646 563 1675 iis
578 1668 587 1683 ,
605 1655 653 1683 per
668 1654 732 1682 quae
752 1644 779 1674 id
794 1644 920 1682 impediri
940 1644 983 1674 vel
996 1643 1102 1674 differri
1115 1643 1219 1678 valeat;
1236 1644 1269 1674 &
1288 1643 1324 1673 de

269 1688 372 1725 quibus
388 1685 534 1724 specialem
545 1692 672 1722 oporteat
684 1685 712 1713 in
727 1683 904 1721 praesentibus
918 1682 977 1712 sieri
992 1684 1166 1713 mentionem
1174 1692 1184 1719 ,¹
1206 1683 1239 1713 ὃ(
1253 1692 1326 1713 con-

268 1726 412 1757 stitutione
426 1725 461 1755 de
475 1724 579 1754 duabus
590 1722 669 1752 dietis
682 1721 754 1751 edita
769 1722 797 1751 in
812 1721 948 1751 Concilio
962 1722 1095 1760 generali:

305 1763 535 1794 Contradidtores
553 1771 601 1800 per
621 1760 766 1792 censuram
786 1759 1007 1791 Eccieiiasticam
1023 1783 1032 1798 ,
1053 1759 1235 1800 appellatione
1250 1757 1328 1799 post-

270 1804 375 1842 posita,
393 1799 610 1838 compescendo.

307 1841 415 1879 Qod,
433 1840 451 1870 si
464 1850 523 1869 non
536 1848 634 1868 omnes
645 1837 696 1867 biis
708 1837 875 1874 exequendis
888 1837 1029 1876 potueritis
1041 1836 1184 1876 interesse,
1199 1844 1329 1877 quatuor,

273 1881 320 1912 vel
332 1890 397 1918 tres,
415 1888 461 1908 aut
475 1877 534 1908 duo
550 1876 674 1908 vestrum
687 1886 718 1912 ea
731 1875 932 1906 nichilominus
950 1885 1126 1915 exequantur.

314 1955 382 1986 Dat.
395 1955 512 1993 Perusii,
533 1953 595 1985 Kal.
611 1953 800 1993 Septembris,
816 1951 998 1983 Pontificaitis
1017 1952 1104 1983 nostri
1118 1961 1195 1984 anno
1209 1951 1330 1996 decimo.

592 2029 647 2061 Sub
655 2028 777 2069 plumbeo
788 2028 879 2067 Sigillo
880 2029 1012 2068 pendente
1024 2039 1041 2058 a
1041 2028 1094 2070 filo
1108 2028 1229 2059 canabei».

504 2159 554 2190 De
566 2156 734 2202 privilegiis
749 2154 950 2201 crucesignatis
973 2151 1108 2197 concsffis.

129 2236 204 2266 Ann.
221 2233 260 2265 D.

151 2282 234 2311 1252.

128 2318 181 2341 An.
206 2314 249 2349 36.

129 2356 164 2380 H.
186 2361 211 2388 3.

130 2394 171 2417 ,Ἐκ
189 2394 248 2418 Au-

130 2434 193 2465 togr.

284 2242 504 2306 INnocentius
522 2240 696 2280 Episcopus,
713 2240 804 2271 servus
818 2239 962 2270 servorum
981 2239 1054 2276 Dei,
1072 2238 1274 2269 venerabilibus
1287 2237 1341 2267 fra-

333 2284 420 2314 tribus
445 2280 667 2317 Archiepiscopis
709 2280 742 2310 &
768 2279 931 2319 Episcopis,
950 2277 1107 2308 constitutis
1129 2287 1178 2315 per
1203 2275 1339 2315 Regnum

286 2322 414 2359 Antrliae,
431 2319 629 2359 Hyberniam,
645 2302 691 2348 Vis
774 2319 779 2323 ”
1109 2354 1114 2359 ⁸

284 2361 313 2391 in
329 2347 447 2392 Christo
463 2358 511 2388 filii
525 2355 614 2387 nostri
704 2355 791 2395 Regis
805 2355 917 2395 Angliae
935 2354 1043 2385 illustris
1057 2354 1208 2393 subjeetas,
1225 2353 1341 2384 salutem

283 2401 317 2430 &
332 2397 526 2437 Apostolicam
541 2394 776 2425 benedietionem.

320 2437 399 2468 Cum
413 2460 423 2475 ,
448 2436 516 2465 sicut
539 2434 610 2463 lecta
629 2443 726 2464 coram
747 2432 830 2463 nobis
843 2454 853 2470 ,
868 2429 998 2462 cariffirni
1017 2431 1046 2461 in
1060 2430 1177 2461 Christo
1191 2430 1240 2460 filii
1254 2429 1342 2460 nostri

387 2475 475 2515 Regis
495 2473 605 2509 Angliae
626 2471 734 2502 illustris
747 2494 757 2510 ,
772 2470 953 2509 crucefignati
974 2471 1072 2506 petitio
1087 2470 1268 2507 continebat,
1286 2468 1342 2509 ipsc

282 2514 434 2554 quosdam,
453 2513 509 2543 tam
553 2511 668 2547 lericos‚
686 2511 771 2548 quam
785 2509 900 2546 Laicos,
910 2507 1060 2546 Regni,&
1073 2516 1208 2552 terrarum
1223 2508 1342 2545 suarum,

283 2553 408 2584 intendat
430 2550 610 2582 transmittere
630 2549 663 2580 ad
678 2557 773 2587 portus
787 2548 941 2578 maritimos
955 2569 964 2584 ,
988 2547 1021 2577 &
1043 2557 1126 2578 etiarn
1145 2547 1266 2578 Terram
1286 2546 1344 2577 san-

283 2593 376 2629 etam,
395 2591 428 2621 ad
441 2587 618 2630 praeparanda
631 2587 787 2618 executioni
800 2585 949 2616 necessaria
961 2585 1023 2615 voti
1037 2585 1074 2617 sui
1082 2609 1092 2625 ,

319 2630 502 2661 Praesentiuni
525 2627 606 2657 vobis
625 2626 789 2656 auctoritate
812 2624 1018 2654 committimus
1034 2633 1064 2655 ut
1085 2623 1183 2663 singuli
1197 2623 1320 2655 vestrum
1335 2647 1344 2662 ,

283 2671 314 2699 in
329 2669 380 2699 suis
399 2666 568 2697 Civitatibus
589 2666 622 2696 &
639 2664 816 2694 Diocaelibus
830 2663 891 2702 ipsis
909 2661 1028 2692 Clericis
1044 2664 1077 2694 ὃς
1094 2663 1203 2701 Laicis,
1219 2672 1289 2701 quos
1307 2662 1342 2691 ab

284 2708 386 2738 eodem
405 2706 486 2744 Rege
500 2727 510 2741 ,
529 2714 581 2741 pro
599 2702 650 2732 hiis
664 2725 674 2741 ,
691 2702 724 2733 ad
744 2703 807 2731 loca
825 2699 982 2739 hujusmodi
997 2723 1006 2737 ,
1024 2701 1174 2740 contigerit
1195 2700 1344 2738 destinari,

284 2756 347 2777 eam
365 2745 476 2775 suorum
491 2750 673 2782 peccatorum
688 2742 799 2770 veniam
809 2763 818 2777 ,
834 2739 869 2769 de
884 2739 982 2777 quibus
996 2740 1061 2769 vere
1077 2740 1191 2770 contriti
1203 2739 1345 2769 fuerint&

283 2783 420 2821 confessi,
434 2782 598 2812 auctoritate
614 2779 709 2809 nostra
747 2787 830 2818 prout
843 2777 973 2818 expedire
990 2777 1129 2816 videritis,
1142 2787 1192 2818 per
1213 2787 1281 2815 vos,
1299 2777 1345 2807 vel

283 2833 334 2861 per
355 2823 420 2852 alios
434 2845 443 2859 ,
463 2829 533 2858 quos
557 2819 591 2848 ad
614 2819 670 2848 hoc
697 2820 705 2847 i
725 2826 814 2847 oneos
836 2816 892 2846 esse
917 2815 1041 2846 videritis
1056 2839 1065 2854 ,
1085 2815 1263 2854 concedatis,
1280 2825 1345 2853 quae

285 2860 486 2892 transeuntibus
497 2859 526 2888 in
540 2858 619 2897 ipsius
632 2866 712 2887 terrae
730 2855 880 2886 subsidium
896 2854 924 2884 in
937 2854 1055 2894 generali
1075 2854 1200 2886 concilio
1214 2853 1256 2884 est
1272 2864 1345 2885 con-

288 2899 374 2930 cessa:

325 2936 389 2974 Ipsis
403 2945 517 2973 quoque
534 2934 653 2965 Clericis
665 2956 674 2970 ,
692 2934 738 2971 qui
752 2932 785 2962 ad
807 2931 929 2962 Terram
944 2931 1096 2962 transibunt
1107 2931 1241 2970 eandem,
1255 2932 1349 2972 perci-

288 2976 383 3015 piendi
405 2975 436 3005 ὃς
458 2973 598 3012 obligandi
615 2971 749 3002 beneficia
765 2971 826 3009 sua,
841 2970 990 3009 postquam
1004 2971 1054 3001 iter
1066 2971 1243 3011 arripuerint,
1262 2970 1347 3008 usque

286 3013 323 3044 ad
340 3022 449 3052 tempus
463 3013 491 3041 in
508 3011 628 3049 generali
641 3010 895 3048 crucesignatorum
911 3009 1083 3045 indulgentia
1099 3008 1346 3048 comprehensum,

289 3054 325 3082 ita
345 3052 422 3091 quod
445 3051 480 3079 illi
498 3072 506 3087 ,
525 3050 625 3088 quibus
645 3048 743 3078 eadem
762 3047 897 3078 beneficia
914 3047 1117 3078 committenda
1133 3047 1286 3086 duxerint,
1301 3047 1347 3078 vel

288 3092 372 3120 etiam
386 3087 551 3127 obliganda,
569 3096 670 3117 extunc
683 3087 751 3116 infra
763 3086 954 3126 praescriptum
969 3095 1096 3126 tempus,
1112 3085 1216 3116 fruetus
1236 3095 1303 3117 cum
1317 3095 1349 3116 ea

288 3131 447 3166 integritate
458 3127 610 3164 percipiant
625 3125 806 3161 eorumdem,
825 3135 894 3154 cum
911 3135 964 3164 qua
978 3125 1061 3154 iidem
1077 3124 1184 3155 Clerici
1197 3135 1245 3155 eos
1259 3125 1349 3162 perci-

293 3161 405 3205 perent,
422 3167 440 3196 li
462 3164 634 3202 personaliter
646 3164 676 3192 in
691 3162 835 3201 Ecclcliis,
854 3165 883 3193 in
897 3163 996 3203 quibus
1008 3162 1105 3194 eadem
1119 3162 1257 3194 beneficia
1272 3163 1350 3193 obti-

292 3215 378 3242 nent,
397 3204 552 3234 residerent.

331 3244 462 3274 Necnon
479 3241 512 3271 ἃ
524 3240 573 3270 illis
588 3240 623 3270 de
635 3238 774 3307 praediffls
788 3238 907 3269 Clericis
916 3262 925 3277 ‚
944 3239 1046 3277 quictsi
1062 3250 1121 3269 non
1134 3239 1167 3269 ad
1179 3239 1286 3270 diistam
1296 3248 1350 3269 ter-

293 3292 376 3319 ram,
401 3281 434 3311 ad
453 3280 504 3310 alia
524 3287 618 3309 tamen
647 3287 700 3307 oca
713 3300 722 3316 ,
741 3285 855 3315 propter
877 3277 934 3307 hoc
947 3300 956 3314 ,
971 3279 1006 3307 ab
1020 3278 1121 3308 eodem
1140 3279 1159 3297 *¹
1180 3277 1262 3317 Rege
1276 3277 1350 3307 missi

272 3324 276 3330 “
293 3321 394 3351 fuerint
411 3343 420 3358 ,
439 3317 610 3357 percipiendi
629 3316 734 3346 frudtus
754 3315 957 3345 beneficiorum
973 3316 1087 3347 suorum
1102 3318 1207 3356 integre
1223 3317 1351 3354 interim,

294 3358 390 3389 eadem
403 3357 583 3395 auctoritate,
600 3355 718 3386 liberam
735 3353 886 3393 largiamini
903 3354 1069 3384 facultatem.

332 3395 563 3428 Contradictores
583 3403 632 3433 per
652 3392 796 3424 censuram
820 3391 1062 3432 Ecclesiasticam,
1080 3393 1263 3432 appellatione
1276 3392 1354 3431 post-

297 3435 400 3474 posita,
417 3431 631 3473 compescendo.

689 2317 847 2355 asconiam,
866 2318 899 2347 &
915 2316 977 2347 alias
997 2325 1079 2347 terras
1097 2315 1199 2346 ditioni
1212 2315 1341 2346 carissimi

322 3509 405 3553 'Dan
430 3509 543 3541 Perusiii
559 3532 568 3547 ,
592 3508 669 3539 sexto
689 3506 755 3538 Kal.
769 3506 893 3537 Ostobr.
914 3506 1097 3539 Pontificatsis
1113 3507 1202 3538 nostri
1215 3516 1291 3538 anno
1305 3506 1355 3537 de-

302 3557 390 3578 ClsslO.

632 3621 757 3652 Plani-beo
772 3620 999 3659 Sigillopendente
1011 3634 1029 3651 a
1035 3622 1087 3664 filo
1102 3621 1225 3652 canabeo.

376 3742 464 3773 Bulla
479 3752 531 3787 pro
552 3743 671 3776 Clericis
683 3742 895 3788 firmi'liaribus
914 3746 1000 3789 Regis
1015 3743 1051 3778 de
1068 3757 1124 3776 non
1143 3743 1298 3787 rtfidendo.

165 3830 239 3861 Ann.
255 3827 295 3859 D.
308 3824 529 3887 INnocentius
541 3824 707 3866 Episcopus,
725 3828 814 3858 servus
827 3827 969 3858 servorum
983 3829 1056 3867 Dei,
1076 3828 1216 3859 carissimo
1230 3829 1258 3858 in
1273 3827 1360 3858 Chri-

165 3876 271 3934 Αῗςχό,
308 3863 474 3934 d'ssgd’nte-liii’
486 3863 527 3892 Η.
541 3863 635 3894 illustri
654 3866 729 3906 Regi
742 3866 852 3905 Anglii:
871 3866 999 3907 salutem,
1017 3868 1051 3899 &
1065 3866 1261 3908 Apostolicam
1276 3867 1362 3896 bene-

211 3916 243 3941 ,ς
269 3927 274 3933 .
330 3914 353 3933 ic
468 3925 474 3931 .
918 3920 921 3924 .

166 3949 199 3972 H.
220 3954 240 3979 3.
348 3940 426 3970 Cum
441 3963 450 3977 ,
469 3940 539 3970 sicut
561 3948 609 3982 tua*
625 3942 704 3982 nobis
724 3942 850 3972 serenitas
862 3942 1018 3980 intimavit,
1034 3944 1105 3973 olim
1119 3953 1186 3981 nOS,
1201 3943 1253 3974 tuis
1270 3944 1363 3982 preci-

166 3987 204 4009 !‘x
221 3986 276 4009 Αιι-
310 3981 361 4022 bus
376 3979 515 4016 inclinati,
534 3976 670 4015 Clericis,
687 3981 734 4017 qui
746 3981 800 4021 tuis
814 3980 940 4010 insistunt
953 3981 1020 4010 obse
1040 3983 1108 4020 uiis,
1120 3981 1199 4020 qubd
1208 3981 1242 4011 ad
1255 3981 1362 4021 suscep-

165 4030 228 4056 ΜΨ,
311 4027 419 4049 tionem
438 4017 572 4048 ordinum
584 4037 595 4054 ,
613 4016 646 4046 &
659 4017 694 4047 ad
708 4017 880 4048 residentiam
895 4019 924 4048 in
938 3991 1066 4051 Eccle‘iiis
1078 4042 1088 4058 ,
1106 4021 1135 4050 in
1147 4020 1246 4059 qtibus
1258 4019 1364 4051 benefi-

678 132 1478 187 CONVENTIONES‚
1532 133 1918 186 LITERAE,

1340 220 1382 250 cia
1402 220 1556 257 obtinent,
1574 219 1729 252 faciendam
1749 231 1764 251 a
1787 229 1930 260 quoquam
1950 219 2085 258 compelli
2105 229 2165 251 non
2179 220 2283 259 possint
2299 221 2400 259 (dum-
2415 221 2494 256 Ann-
2542 227 2548 242 ³

1342 258 1432 289 modo
1452 259 1482 288 iri
1504 257 1608 301 eisdem
1629 259 1758 290 Ecclesiis
1771 259 1921 298 obsequia,
1940 257 2008 289 Deo
2022 258 2130 297 debita,
2145 259 2248 291 faciant
2261 259 2401 299 exhiberi)
2442 270 2526 301 1252!
2556 279 2557 282 ¹

1343 297 1507 327 ausim-itate
1526 296 1676 328 litterarum
1697 298 1855 328 nostrarum
1867 320 1877 335 ,
1895 297 1979 336 usque
1992 297 2026 327 ad
2039 297 2227 337 decennium,
2245 298 2406 330 duxerimus
2421 307 2485 330 Hen.
2504 308 2541 339 ψ
2558 330 2559 333 ,

1344 334 1563 378 indulgendum:
1581 335 1618 366 Et
1635 337 1755 377 elapsum
1770 337 1801 367 sit
1810 337 1871 375 jam
1882 334 2057 373 septennium
2073 338 2106 368 &
2121 338 2237 378 amplius
2250 337 2286 368 de
2301 338 2407 369 decen-

1345 383 1394 403 nio
1408 372 1581 412 supradrdto,

1384 411 1469 449 Nos,
1486 411 1607 442 obtentu
1619 422 1734 449 precum
1745 436 1754 451 ,
1773 422 1839 450 quas
1853 422 1960 451 nuper,
1977 421 2012 443 ex
2025 421 2101 450 parte
2114 421 2161 444 tua
2174 437 2184 452 ,
2203 414 2320 445 dileCms
2336 413 2406 445 filius

1349 448 1484 490 Magister
1502 448 1645 493 Robeitus
1664 451 1778 482 Auketil
1796 451 1943 489 Clericus,
1957 451 1991 482 &
2009 451 2144 483 Nuncius
2157 460 2219 483 tuus
2233 455 2317 484 nobis
2331 453 2410 492 super

1346 488 1404 519 hoc
1424 496 1547 528 porrexn
1561 510 1571 527 ,
1587 489 1711 520 volentes
1731 490 1891 528 hujusmodi
1913 491 2028 527 gratiam
2048 492 2180 528 ampliare
2191 516 2201 530 ,
2216 492 2276 529 ipsis
2289 491 2411 522 Clericis

1349 535 1381 556 ut
1391 548 1402 564 ,
1413 525 1485 570 'post
1503 527 1681 566 completum
1700 528 1790 568 ipsum
1810 528 1981 559 decennium
1995 551 2005 567 ,
2024 538 2073 566 per
2091 530 2242 560 biennium
2253 532 2297 561 uti
2310 530 2409 561 endem

1349 573 1436 604 gratia
1450 564 1574 604 valeant,
1590 566 1753 597 austoritate
1770 567 1948 604 praesentium
1960 567 2144 607 indulgemus.

1391 602 1475 632 Nulli
1488 612 1561 646 ergo
1574 605 1696 634 omnino
1712 605 1865 635 hominum
1880 605 1961 637 liceat
1981 605 2055 636 hanc
2076 608 2206 646 paginam
2220 605 2326 637 nostrae
2340 616 2412 638 con-

1353 640 1484 684 cessionis
1497 641 1665 681 infn'ngere,
1680 643 1724 673 vel
1739 644 1763 673 ei
1778 643 1841 673 ausu
1854 644 2002 674 temerario
2016 647 2171 684 contraire3

1391 679 1482 717 Siquis
1494 687 1588 709 autern
1602 681 1658 711 hoc
1671 689 1837 721 attemptare
1852 682 1967 719 praesum
1998 685 2064 722 erit,
2078 684 2302 724 indignationem
2315 684 2413 714 omni-

1353 718 1484 761 potentis
1496 716 1555 747 Dei
1602 719 1636 750 &
1655 719 1802 750 beatorum
1824 719 1946 752 Petri&
1985 722 2061 760 auli,
2079 721 2285 762 Apostolorum
2299 723 2372 760 ejus,
2389 721 2415 751 se

1354 765 1462 787 noverit
1476 766 1556 786 incur
1568 766 1658 787 urum.

1356 832 1463 902 cinlide
1483 831 1588 863 Perusii
1602 855 1613 872 ,
1629 834 1730 873 quinto
1748 833 1813 865 Kal.
1833 816 1955 866 Ouobr.
1978 812 2163 869 Pontificatiis
2176 838 2265 869 nostri
2280 846 2355 868 anno
2369 836 2419 873 de-

1462 946 1588 981 Plumbeo
1602 947 1692 986 Sigillo
1699 949 1831 988 pendente
1842 961 1860 979 a
1871 948 1926 990 filis
1932 950 2025 990 sericis
2030 951 2110 992 flavi
2124 952 2251 994 rubeique
2263 951 2363 982 coloris.

1525 1094 1614 1128 Bulla
1630 1091 1666 1126 de
1683 1105 1739 1125 non
1753 1092 1939 1137 molestandis
1955 1093 2075 1126 Clericis
2086 1094 2244 1140 praediffls.

1359 1181 1580 1243 INnocentius
1593 1178 1747 1217 Episcopus
1754 1178 1871 1223 ,nservus
1888 1179 2032 1223 servorum
2046 1179 2103 1210 Dei
2117 1203 2127 1218 ,
2141 1179 2245 1210 dilet‘to
2258 1179 2318 1210 filio
2440 1172 2516 1204 ΑΠΠ·
2529 1171 2570 1207 ΒΣ

1409 1220 1513 1250 Abbati
1535 1216 1807 1256 westmonasterii,
1834 1217 2039 1249 Londoniensis
2062 1218 2192 1249 Diocesis
2206 1241 2216 1258 ,
2233 1219 2349 1249 salutem
2363 1240 2374 1256 ,
2387 1217 2421 1249 &
2469 1220 2570 1255 1252.-

1360 1258 1556 1298 Apostolicam
1571 1255 1811 1287 benedictionem.
2441 1254 2500 1279 An.
2514 1251 2570 1288 35⁹¹

1397 1297 1492 1334 Cum,
1509 1296 1578 1327 sicut
1593 1295 1674 1325 nobis
1690 1294 1822 1326 carissimi
1835 1294 1864 1324 in
1880 1293 1999 1325 Christo
2018 1294 2066 1325 filii
2080 1295 2169 1326 nostri
2185 1295 2227 1326 H.
2242 1295 2351 1326 illustris
2363 1293 2425 1324 Re-
2443 1294 2477 1316 H.
2499 1298 2524 1326 3·
2539 1308 2544 1325 i

1363 1336 1404 1372 gis
1421 1335 1530 1374 Angliae
1554 1334 1680 1364 serenitas
1694 1334 1850 1370 intimavit,
1867 1333 1937 1364 olim
1958 1343 2025 1373 nos,
2041 1334 2123 1373 ipsius
2143 1336 2272 1372 precibus
2284 1334 2426 1372 inclinati,
2443 1332 2483 1355 Ex
2497 1331 2570 1362 dh:

1363 1374 1498 1442 CleZicis,
1516 1373 1564 1411 qui
1577 1372 1627 1402 suis
1638 1371 1764 1403 insistunt
1779 1371 1934 1410 obsequiis,
1951 1371 2010 1407 &c.
2025 1380 2058 1402 ut
2074 1376 2103 1403 in
2112 1376 2198 1412 priori
2208 1398 2218 1412 ,
2235 1372 2314 1415 usque
2326 1371 2426 1402 adhaec
2445 1374 2510 1404 togr.
2558 1380 2567 1400 η

1435 1423 1460 1441 a.
2538 1430 2540 1435 ·

1365 1424 1552 1490 veQiocirca
1564 1448 1724 1492 discretioni
1737 1456 1793 1479 tuae
1808 1457 1858 1488 per
1869 1447 2039 1493 Apostolica
2054 1449 2151 1488 scripta
2160 1450 2326 1481 mandamus
2340 1450 2431 1488 quati·
2537 1462 2568 1485 ,μι

1365 1489 1559 1558 nusstpraefatos
1571 1486 1707 1555 Cleriaclpsa
1707 1487 2018 1565 lrizlqlnbperffiggstsuffir
2025 1488 2084 1557 1hisp
2098 1512 2113 1533 ,.
2127 1497 2227 1521 contra
2240 1489 2434 1526 concessionis

1365 1539 1405 1559 no
1433 1538 1469 1558 rae
1482 1536 1628 1562 tenorem,
1765 1536 1773 1555 1
1795 1536 1825 1556 us
1923 1536 1930 1555 i
1944 1536 1960 1556 e
2005 1536 2025 1557 o
2035 1536 2050 1557 e
2077 1537 2123 1557 ari.

1403 1566 1602 1609 Molestatoies
1615 1562 1775 1601 hujusmodi
1789 1574 1837 1602 per
1850 1564 1994 1596 censuram
2006 1564 2232 1598 Ecclesiasticam
2246 1588 2256 1606 ,
2271 1556 2431 1604 appellatio-

1367 1615 1404 1636 ne
1417 1605 1566 1644 postpoiita
1574 1627 1584 1643 ,
1603 1601 1821 1640 compescendo.

1391 1681 1476 1726 *Dat.
1489 1680 1594 1712 Perufii
1607 1703 1617 1719 ,
1642 1681 1743 1720 quinto
1764 1680 1830 1711 Kal.
1846 1679 1970 1712 Oetobr.
1985 1679 2172 1713 Pontificatcis
2185 1679 2274 1712 nostri
2291 1690 2368 1712 anno
2385 1679 2435 1710 de-

1371 1730 1459 1752 cimo.

1791 1757 1918 1790 Plumbeo
1933 1756 2022 1796 Sigillo
2025 1758 2158 1797 pendente
2170 1769 2189 1788 a
2195 1757 2248 1799 filo
2259 1756 2384 1789 canabeo.

1374 1886 1463 1918 Bulla
1483 1885 1519 1919 de
1538 1885 1754 1930 Orationibus,
1772 1889 1809 1925 (ᾐ-
1826 1887 1896 1919 aliis
1906 1884 2086 1932 specialibus
2101 1887 2277 1919 Devotionis
2293 1883 2437 1932 operibus,

1415 1934 1565 1980 faciendis
1575 1946 1631 1982 pro
1647 1939 1723 1983 Rege
1733 1962 1744 1979 ,
1769 1934 1843 1968 dum
1856 1934 2053 1982 proficistitur
2071 1938 2102 1968 in
2119 1935 2248 1968 Terram
2260 1934 2412 1981 ficariam.

1376 2019 1595 2077 INnocentius
1614 2019 1768 2059 Episcopus
1779 2043 1789 2058 ,
1807 2019 1897 2050 servus
1918 2018 2062 2052 servorum
2075 2019 2152 2059 Dei,
2169 2021 2371 2051 venerabilibus
2385 2019 2441 2051 fra·
2461 2021 2537 2051 Ann.
2550 2017 2570 2051 I

1422 2060 1510 2090 tribus
1524 2059 1748 2100 Archiepiscopis
1759 2060 1792 2090 ὃς
1805 2058 1949 2098 Episcopis
1962 2069 2010 2097 per
2024 2058 2163 2098 Regnum
2178 2057 2291 2098 Angliae
2303 2057 2442 2089 constitu-
2491 2066 2570 2097 1252.

1379 2096 1414 2128 tis
1427 2120 1436 2135 ‚
1454 2097 1630 2138 Hyberniam
1646 2121 1657 2137 ,
1675 2097 1858 2128 wasconiam
1870 2120 1880 2136 ,
1897 2098 1931 2128 &
1945 2098 2008 2128 alias
2028 2105 2127 2136 terras,
2144 2097 2244 2127 ditioni
2263 2096 2394 2127 cariffimi
2412 2098 2442 2127 in
2462 2102 2515 2126 An.
2532 2098 2570 2133 36.

1381 2135 1499 2166 Christo
1519 2135 1569 2166 filii
1582 2135 1669 2166 nostri
1689 2135 1730 2166 H.
1747 2136 1854 2167 illustris
1875 2135 1962 2175 Regis
1983 2136 2143 2175 Anglorum
2163 2135 2312 2174 subjectas,
2329 2135 2443 2166 salutern
2464 2142 2499 2165 Η.
2518 2146 2544 2173 3.

1380 2176 1415 2206 ὅ(
1433 2174 1459 2204 A
1479 2174 1630 2205 ostolicarn
1646 2174 1885 2205 beneditftionem.
2467 2180 2505 2203 Ex
2519 2178 2570 2202 An·

1422 2213 1450 2244 A
1485 2214 1677 2244 liberationem
1689 2213 1789 2245 Terrae
1802 2213 1903 2244 sandiae
1916 2212 1979 2242 totis
1991 2210 2138 2242 affeetibus
2150 2211 2297 2251 aspirantes
2311 2235 2319 2249 ,
2339 2214 2445 2244 intenta
2467 2222 2532 2251 sagr.

1383 2251 1696 2320 vigilaresollicitudine
1708 2275 1718 2290 ,
1741 2253 1882 2290 omnique
1901 2260 2050 2294 procurare
2070 2249 2163 2294 studio
2185 2261 2244 2281 non
2264 2250 2400 2282 cessamus
2415 2259 2445 2282 ut

1383 2292 1408 2321 ei
1430 2301 1477 2320 em
1496 2299 1576 2321 terrae
1590 2313 1599 2328 ,
1620 2292 1713 2321 immo
1730 2292 1822 2329 potius
1841 2289 1860 2310 *²
1883 2288 1944 2320 Iesu
1959 2288 2077 2319 Christo
2091 2311 2101 2327 ,
2119 2299 2147 2318 in
2161 2291 2238 2328 cujus
2252 2290 2442 2327 obprobrium
2465 2287 2570 2324 *1482

1384 2330 1496 2369 reprobi
1520 2329 1638 2369 Agareni
1658 2329 1780 2360 orrendis
1800 2338 1863 2359 eam
1882 2327 2159 2358 abhominationibus
2178 2327 2325 2366 polluunt,
2351 2336 2382 2359 ut
2395 2329 2448 2359 de-

1389 2368 1511 2406 speetam
1521 2391 1530 2407 ,
1547 2376 1684 2408 oportuna
1699 2368 1848 2398 subventio
1857 2368 2001 2398 tribuatur.

1421 2405 1473 2444 Ipsi
1487 2416 1607 2446 namque
1620 2405 1756 2437 Salvatori
1776 2406 1865 2445 gravis
1887 2406 1970 2435 nimis
1989 2407 2125 2444 irrogatur
2142 2404 2242 2442 injuria
2256 2405 2326 2438 dum
2346 2405 2441 2445 locus,

1388 2445 1437 2475 ubi
1451 2445 1533 2475 totius
1547 2445 1647 2475 mundi
1666 2445 1780 2476 salutem
1799 2445 1888 2475 extitit
1906 2452 2034 2482 operatus
2047 2466 2057 2482 ,
2072 2453 2140 2474 curn
2153 2443 2267 2474 deberet
2281 2453 2314 2474 ex
2327 2443 2385 2475 hoc
2397 2445 2446 2475 de-

1387 2484 1505 2514 votione
1517 2483 1687 2514 omnimoda
1700 2483 1846 2520 honorari,
1869 2482 2017 2521 multiplici
2034 2482 2189 2520 obproprio
2200 2483 2396 2522 exprobratur:
2411 2485 2447 2515 ὃς

1387 2522 1559 2553 christicolas
1579 2532 1616 2552 eo
1635 2522 1732 2553 fortius
1749 2522 1783 2552 ad
1803 2521 1990 2552 ulciscendam
2002 2528 2113 2564 ‚tantam
2136 2521 2217 2565 ipsius
2230 2522 2446 2565 terrae'ignomi-

1387 2562 1465 2591 niam
1485 2570 1616 2600 exurgere
1638 2561 1796 2598 convenit,
1815 2570 1874 2598 quo
1895 2561 1981 2600 magis
1999 2569 2030 2589 in
2050 2568 2151 2590 eorum
2169 2569 2371 2600 improperium
2390 2560 2450 2593 hoc

1390 2600 1514 2629 noscitur
1530 2599 1697 2630 redundare:

1428 2637 1520 2669 Unde
1541 2637 1693 2669 cariffimus
1705 2638 1736 2667 in
1752 2635 1870 2667 Christo
1890 2635 1961 2666 filius
1979 2634 2074 2665 noster
2142 2662 2144 2666 .
2177 2635 2288 2667 illustris
2307 2636 2374 2667 Rex
2387 2638 2451 2668 An-

1391 2676 1454 2715 gliae
1465 2675 1501 2706 de
1515 2676 1673 2715 hujusmodi
1695 2675 1876 2706 contumeliae
1894 2675 2067 2704 immanitate
2084 2682 2266 2714 commotuS,
2285 2676 2363 2706 velut
2376 2675 2447 2707 fidus

1390 2714 1490 2745 athleta
1504 2714 1583 2753 fidei,
1601 2723 1670 2745 cum
1684 2713 1841 2743 honorabili
1855 2712 2086 2742 commilitonum
2101 2713 2224 2742 exercitu
2238 2735 2248 2750 ‚
2267 2715 2371 2744 vexillo
2386 2724 2452 2745 cru-

1390 2754 1430 2784 cis
1441 2753 1590 2791 explicito,
1609 2751 1729 2782 intendit
1744 2750 1896 2794 procedere
1909 2752 1938 2780 in
1952 2749 2101 2780 subfidium
2114 2749 2199 2780 dietae
2215 2750 2325 2782 Teii-ie.

1427 2790 1538 2821 Verum
1553 2791 1600 2821 etsi
1616 2790 1725 2830 grandis
1738 2793 1769 2820 iit
1787 2789 1908 2826 ejusdem
1930 2788 2016 2827 Regis
2030 2811 2040 2826 ,
2065 2788 2098 2818 &
2112 2787 2230 2818 aliorum
2245 2790 2451 2830 crucesignato-

1391 2839 1457 2860 rum
1477 2829 1595 2860 devotio
1626 2838 1690 2867 quae
1707 2827 1778 2866 ipsos
1796 2827 1828 2857 ad
1848 2828 1906 2858 hoc
1924 2826 2056 2857 crucefixi
2068 2826 2234 2865 obsequium
2248 2828 2452 2869 inflammavit,

1390 2869 1456 2907 qui,
1473 2868 1555 2898 natali
1570 2852 1646 2906 solo,
1663 2867 1772 2905 aliisque
1783 2866 1885 2905 opibus
1900 2865 2000 2902 sponte
2013 2864 2132 2904 relidiis,
2149 2865 2206 2896 suas
2221 2867 2306 2897 etiam
2321 2877 2382 2897 non
2391 2877 2452 2898 me-

1392 2914 1473 2937 tuant
1489 2906 1614 2944 personas
1627 2914 1767 2944 exponere
1784 2912 1898 2942 propter
1916 2903 2000 2941 illud,
2019 2913 2079 2933 non
2092 2911 2187 2934 tamen
2205 2903 2390 2945 superfluum,
2404 2905 2451 2937 sed

1390 2945 1509 2984 dignum
1529 2946 1623 2985 utique
1643 2954 1676 2975 ac
1690 2943 1860 2975 conveniens
1881 2950 2036 2981 reputamus
2051 2941 2128 2980 quod
2141 2952 2194 2980 pro
2214 2943 2275 2983 ipso
2293 2944 2367 2982 apud
2384 2944 2452 2975 Do-

1392 2985 1509 3015 minum.
1527 2985 1635 3014 attentis
1650 2981 1824 3025 orationibus
1842 2980 1977 3011 insistatur
1993 3003 2003 3019 ,
2021 2988 2053 3011 ut
2067 2980 2165 3011 eadem
2186 2980 2318 3020 devotio,
2335 2982 2453 3021 ipsarum

1391 3023 1553 3052 orationum
1566 3022 1657 3060 adjuta
1670 3020 1800 3059 suffragiis
1808 3042 1818 3058 ‚
1833 3019 1868 3050 ad
1882 3018 2072 3049 obtinendum
2089 3019 2220 3050 divinum
2233 3021 2368 3052 auxilium
2383 3031 2455 3052 con-

1392 3069 1432 3092 tra
1447 3061 1577 3091 inimicos
1590 3059 1731 3091 christiani
1745 3058 1867 3088 nominis
1880 3057 2018 3088 efficacius
2032 3058 2194 3096 interpellet.

1430 3098 1558 3136 Ideoque
1569 3099 1767 3130 fraternitatem
1778 3096 1897 3127 vestram
1910 3105 2040 3136 rogamus
2057 3096 2090 3127 &
2104 3097 2252 3128 hortamur
2266 3099 2387 3137 attente,
2407 3109 2457 3137 per

1393 3136 1561 3176 Apostolica
1572 3137 1654 3168 vobis
1668 3136 1784 3174 scripta,
1802 3136 1830 3164 in
1844 3136 1943 3166 virtute
1957 3134 2124 3164 obedientiae
2146 3134 2269 3166 disti-ieie
2288 3138 2456 3176 praecipien-

1393 3176 1449 3214 do,
1468 3175 1627 3206 mandantes
1638 3174 1779 3214 quatinus,
1795 3175 1955 3204 orationum
1971 3172 2069 3203 offerri
2091 3172 2239 3212 sacrificia,
2253 3175 2395 3206 rniss'arum
2407 3186 2456 3206 ce-

1395 3215 1491 3244 lebrari
1505 3214 1673 3252 solempnia,
1689 3212 1722 3242 &
1740 3211 1927 3249 procelliones
1939 3211 2076 3252 generales
2089 3221 2122 3241 ac
2132 3213 2346 3251 praedicationes
2360 3214 2394 3245 ad
2402 3224 2457 3254 po-

1396 3253 1492 3290 pulum
1510 3251 1567 3282 fieri
1580 3275 1590 3291 ,
1608 3251 1785 3290 praesentibus
1805 3252 1937 3282 annotatis
1951 3273 1960 3288 ,
1976 3259 2024 3288 per
2038 3249 2140 3280 vestras
2156 3249 2292 3282 Civitates
2310 3252 2343 3282 &
2364 3252 2454 3283 Dioc.

1396 3292 1540 3321 facientes·

1433 3313 1567 3359 Subditbs
1589 3326 1696 3357 vestros
1717 3335 1747 3357 ut
1763 3338 1778 3358 a
1793 3327 1902 3358 choreis
1912 3350 1922 3365 ,
1939 3327 1972 3358 &
1993 3326 2050 3357 aliis
2071 3325 2176 3358 lascivis
2188 3325 2314 3366 tripudiis
2327 3328 2360 3359 &
2375 3328 2456 3359 inho-

1398 3367 1481 3398 nestis
1496 3366 1581 3404 ludis,
1595 3364 1743 3405 postquam
1757 3365 1833 3397 idem
1846 3366 1911 3396 Rex
1925 3366 1958 3396 ὃς
1975 3365 2158 3404 crucesignati
2172 3365 2352 3405 accesserint,
2367 3367 2400 3398 &
2413 3377 2458 3396 re-

1398 3405 1571 3443 cuperationi
1584 3411 1663 3434 terne
1685 3403 1829 3435 institerint
1847 3412 2026 3441 memoratae,
2081 3403 2152 3433 nitus
2166 3402 2320 3434 abstineant
2340 3405 2458 3435 sobrius-

1399 3454 1453 3482 que
1469 3443 1613 3474 vescantur
1629 3465 1639 3480 ,
1653 3451 1766 3473 necnon
1784 3443 1909 3480 jejuniis,
1926 3443 2044 3472 orationi
2066 3451 2097 3472 us
2113 3441 2147 3472 &
2162 3441 2316 3472 elemosinis
2329 3443 2454 3473 crebrius

1398 3483 1478 3512 solito
1492 3490 1591 3511 vacent
1613 3481 1697 3517 (cum
1712 3490 1760 3518 per
1773 3480 1835 3511 haec
1856 3480 1964 3511 caeleste
1984 3480 2152 3519 adjutorium
2166 3479 2201 3509 ad
2215 3480 2383 3520 eripiendam
2398 3488 2453 3510 ter-

1401 3530 1461 3550 ram
1473 3519 1559 3558 ipsam
1573 3518 1608 3549 de
1623 3519 1749 3549 manibus
1763 3519 1923 3559 iniquorum
1929 3519 2066 3557 speremus
2076 3517 2182 3548 facilius
2195 3518 2358 3556 impetrare)
2374 3517 2453 3549 sedu-

1403 3560 1435 3589 lis
1449 3568 1496 3595 per
1510 3567 1563 3587 vos
1576 3558 1607 3588 &
1625 3557 1690 3587 alios
1705 3558 1939 3588 exhortationibus
1953 3556 2095 3587 inducatis.

1440 3596 1508 3626 Nos
1523 3596 1599 3625 enim
1615 3596 1695 3625 vobis
1707 3596 1840 3627 relaxandi
1856 3595 2068 3627 misericorditer
2079 3594 2299 3632 omnibus‚vere
2316 3595 2462 3631 poeniteri„

1405 3635 1478 3664 tibus
1497 3634 1530 3664 &
1543 3633 1691 3672 confessis,
1708 3636 1755 3672 qui
1770 3635 1805 3665 ad
1820 3633 1975 3673 hujusmodi
1986 3631 2192 3673 processiones,
2209 3632 2461 3672 praedicationes&

1404 3671 1495 3702 missas
1510 3672 1674 3702 accesserint
1686 3695 1695 3709 ,
1711 3673 1888 3713 quadraginta
1906 3672 1962 3702 dies
1973 3694 1983 3709 ,
2001 3672 2074 3708 juxta
2094 3669 2217 3701 vestrum
2235 3670 2380 3700 arbitrium
2392 3694 2402 3709 ,
2418 3672 2458 3703 de

1402 3709 1524 3748 injun&a
1537 3709 1587 3739 sibi
1607 3711 1770 3747 poenitentia
1787 3710 1967 3742 concedimus
1981 3719 2078 3740 tenore
2108 3707 2264 3738 raesentium
2279 3709 2456 3745 potestatem.

1441 3748 1588 3779 Nolumus
1599 3757 1692 3779 autem
1706 3759 1736 3780 ut
1748 3773 1757 3788 ,
1779 3759 1895 3789 propter
1911 3748 1961 3781 ista
1972 3770 1982 3785 ,
2001 3747 2088 3785 specia
2099 3757 2127 3777 ὅ
2142 3747 2296 3783 orationes,
2313 3757 2376 3786 quae
2389 3748 2461 3780 hac-

1405 3795 1486 3818 tenus
1506 3796 1558 3827 pro
1578 3787 1651 3817 dicta
1669 3797 1738 3819 terra
1752 3811 1761 3827 ,
1779 3790 1812 3820 ὃς
1828 3787 1933 3818 eodem
1949 3785 2030 3825 Rege
2049 3785 2151 3816 fiebant
2163 3806 2174 3822 2
2191 3783 2357 3823 aliquatenus
2370 3789 2462 3819 omit-

1405 3834 1507 3856 tantur.

1443 3863 1547 3893 Forma
1555 3865 1625 3892 vero
1637 3863 1692 3901 ipsa
1705 3864 1763 3895 talis
1775 3863 1830 3894 est:
1847 3863 1880 3894 ln
1895 3861 2004 3901 singulis
2017 3859 2143 3890 Ecclesiis
2155 3857 2384 3901 Cathedralibus,
2397 3863 2464 3894 col-

1404 3901 1508 3940 legiatis
1515 3924 1525 3940 ,
1542 3903 1788 3941 conventualibus,
1805 3903 1838 3934 &
1850 3899 2080 3939 parrochialibus,
2094 3898 2191 3928 diebus
2202 3898 2310 3937 singulis
2322 3899 2467 3940 dicantur,

1405 3940 1469 3977 post
1483 3940 1641 3969 orationem
1655 3939 1862 3978 Dominicam,
1881 3938 2019 3976 Psalmus,
2036 3937 2178 3975 DEUS,
2195 3945 2330 3967 venerunt
2343 3941 2461 3977 Gente53

1407 3989 1464 4008 cum
1479 3977 1575 4008 Gloria
1590 3980 1690 4017 Patri,
1707 3977 1767 4013 &c.
1781 3979 1861 4018 usque
1874 3986 1983 4006 oremus.

1444 4016 1587 4052 Famulnm
1611 4024 1688 4049 tuum
1712 4019 1808 4055 Regem
1831 4013 1965 4054 nestrum,
1981 4010 2128 4053 quaefhmus
2149 4016 2283 4054 Domine,
2298 4021 2348 4044 tua
2358 4013 2465 4054 semper

2397 4061 2463 4092 pro-
