2570 4261
740 214 850 261 ET
934 214 1198 261 ACTA

29 304 106 339 'Ana
116 299 157 334 D.
216 301 382 334 Gaudemus
397 311 491 334 autem
507 304 535 333 in
551 303 685 334 Domino
700 304 734 336 ὃς
749 305 778 333 in
795 304 919 342 potentia
928 305 1035 335 virtutis
1055 302 1137 341 ipsius
1157 299 1234 344 quod

51 351 133 382 1213.
177 341 248 372 adeo
269 343 320 373 tibi
342 342 434 373 nostra
456 342 642 371 medicamina
665 343 862 380 profecerunt,
886 351 917 373 ut
940 352 986 372 tua
1005 353 1054 380 per
1076 341 1120 371 illa
1133 339 1235 370 sanasse

177 381 293 411 vulnera
307 381 466 417 videamur,
485 381 518 410 ὃς
535 381 581 417 qui
597 379 711 410 medico
726 380 802 410 fuisti
817 380 969 419 molestus,
983 390 1051 410 cum
1064 379 1235 421 asperitatem

179 418 373 449 medicaminis
392 418 540 456 sentiebas,
555 419 614 455 jam
634 427 726 454 gratus
748 417 856 455 existis,
875 427 910 448 ex
931 429 988 456 quo
1013 416 1161 456 percepisti
1175 425 1235 454 gra-

178 459 247 487 tiam
262 455 394 493 sanitati‘s,
410 456 491 495 plane
505 465 611 495 gratuS,
631 457 695 493 qui,
715 465 744 486 ut
767 457 891 493 pei·fe6te
913 457 1074 487 satisfaceres
1094 455 1131 485 de
1153 464 1235 484 com-

177 495 281 532 missis,
299 503 328 524 te
341 494 431 531 ipsum
446 494 479 524 &
493 502 539 524 tua
554 494 622 524 Deo
638 496 671 525 ὃς
686 494 820 525 Eccleliae
835 495 969 525 obtulisti.

216 533 255 563 Et
270 541 339 562 ecce
352 534 401 570 qui
422 541 451 562 te
462 534 520 570 jam
537 532 611 570 quasi
624 531 771 570 dejecerit,
787 532 878 574 subito
894 543 921 563 te
942 534 1044 570 erexit,
1061 530 1235 562 humiliando

178 571 346 608 sublimem,
365 571 552 601 &humilem
569 570 760 608 sublimando,
781 572 933 608 quinetiam
954 571 1025 601 adeo
1046 579 1074 600 te
1097 569 1234 608 firmavit,

179 608 208 639 su
231 619 260 638 er
274 609 350 639 illam
365 617 475 647 petram
488 608 624 638 stabiliens
640 609 723 646 pedes
738 618 802 639 tuos
812 634 820 647 ,
838 608 874 639 de
890 620 943 647 qua
955 609 1010 647 ipsa
1025 609 1123 639 veritas
1146 609 1235 646 inquit

179 619 228 677 adp
230 647 366 685 Petrum,
384 656 414 678 tu
430 658 457 677 es
471 647 585 684 Petrus,
604 648 637 677 ὃς
651 647 729 685 super
744 648 816 677 lianc
832 656 940 685 petram
962 647 1110 678 aedificabo
1133 646 1234 677 Eccle-

177 685 246 716 siam
261 696 373 724 meam,
393 687 427 716 &
441 694 531 723 portae
545 687 625 715 inferi
640 695 698 715 non
713 686 903 722 praevalebunt
917 686 1043 717 adversus
1058 695 1136 722 eam,
1158 685 1235 722 quod

176 724 199 754 si
213 734 273 754 non
288 726 429 754 retraxeris
443 723 527 761 pedes
541 724 576 753 ab
591 723 651 762 illa,
670 724 780 754 nullum
795 725 940 761 oportebit
952 733 980 755 te
994 724 1090 755 casum
1111 724 1235 762 aliquati-

174 772 227 793 nus
242 762 402 793 formidare.

215 801 366 832 Venientes
380 802 464 838 igitur
477 800 511 831 ad
524 800 710 838 apostolicam
726 800 819 831 sedem
833 802 1022 832 venerabilem
1037 801 1151 831 fratrem
1168 809 1234 829 nos-

176 848 254 870 trum
269 839 432 878 johannem
454 839 675 870 Norwicensem
695 839 884 877 Episcopum,
904 841 936 870 &
958 840 1076 869 dilec'ms
1099 838 1170 868 filios
1190 837 1232 866 H.

177 877 321 909 Abbatem
337 878 478 914 Belliloci,
498 879 531 908 ὃς
544 878 657 908 fratrem
673 878 709 908 A.
730 877 853 916 Martel,
873 880 906 909 &
920 879 1028 908 nobiles
1043 878 1119 908 viros
1140 876 1181 905 H.
1198 874 1234 904 dc

175 915 272 955 Bova,
290 918 323 948 &
338 916 369 946 Ρ.
388 916 425 946 de
442 916 571 955 Maulay,
591 917 709 947 nuncios
723 925 804 954 tUOS,
822 925 934 954 paterna
953 916 1124 956 benignitate
1146 913 1233 942 susce-

174 955 269 992 pimus
278 979 287 992 ,
302 955 335 984 &
349 955 496 992 petitiones
510 962 568 984 tuas
582 965 631 992 pei·
644 955 715 992 ipsos
727 956 808 985 nobis
824 955 973 992 prudenter
987 956 1137 992 expolitas,
1146 960 1233 988 quan-

174 1001 239 1023 tum
261 1003 330 1023 cum
350 992 495 1023 honestare
518 995 679 1031 potuimus,
704 995 863 1024 curavimus
882 993 1027 1030 exaudire,
1046 991 1162 1020 firmum
1184 997 1233 1027 ge-

172 1040 265 1061 rentes
280 1032 308 1060 in
323 1032 419 1061 animo
434 1032 611 1069 propositum
623 1042 655 1061 ea
668 1032 775 1070 semper
790 1031 905 1062 efficere
920 1040 984 1069 quae
999 1030 1033 1059 ad
1048 1036 1130 1059 tuum
1146 1036 1232 1057 corn-

173 1068 298 1099 rnodurn
314 1070 347 1100 ὃς
359 1070 502 1100 honorem
517 1069 636 1100 debeant
651 1072 813 1108 pervenire,
831 1080 899 1100 cum
917 1079 970 1106 pro
991 1074 1072 1098 certo
1093 1065 1233 1102 speremus

173 1107 256 1145 quod
271 1108 305 1138 &
319 1116 349 1138 tu
362 1109 391 1137 in
407 1108 562 1143 devotione
574 1119 607 1139 ac
621 1109 782 1139 obedientia
804 1107 992 1139 Sacrosancstae
1014 1105 1157 1135 Romanae
1175 1103 1233 1133 Ec-

122 1161 126 1165 *
172 1146 282 1184 clesiae,
298 1148 392 1176 matris
413 1156 485 1185 tuae,
504 1157 563 1178 non
586 1147 676 1178 solum
698 1147 857 1184 persistere,
886 1144 932 1174 sed
955 1145 988 1174 &
1006 1143 1146 1186 proficere
1167 1151 1234 1186 pura

172 1184 334 1216 intentione
346 1184 484 1223 studebis,
497 1186 574 1224 quod
588 1187 684 1224 utique
698 1186 750 1216 tibi
763 1186 796 1215 &
810 1183 980 1222 spiritualiter
994 1183 1027 1214 &
1042 1180 1234 1219 temporahter

173 1223 209 1253 ad
223 1233 358 1263 magnum
373 1224 502 1261 proficiet
516 1226 734 1254 incrementum.

215 1262 398 1292 Serenitatein
414 1264 507 1301 itaque
522 1264 626 1300 regiam
642 1271 771 1301 rogamus
785 1261 914 1291 attentius
938 1261 972 1291 &
993 1268 1145 1290 monemus
1168 1267 1236 1296 qua-

166 1301 255 1330 tenus
273 1301 394 1331 sansbani
414 1301 569 1332 Ecclesiam
589 1300 715 1338 sponsam
736 1299 843 1329 Christi
861 1299 970 1336 semper
991 1300 1020 1328 in
1041 1298 1148 1338 Regno
1183 1306 1234 1327 tuo

174 1337 283 1369 studeas
306 1340 461 1378 honorare,
484 1339 587 1369 faciens
606 1348 669 1368 eam
691 1337 785 1368 debita
806 1338 933 1367 libertate
955 1336 1089 1374 gaudere,
1115 1344 1147 1366 ut
1167 1337 1235 1368 vere

174 1377 296 1414 specialis
312 1378 445 1408 Ecclesiae
462 1377 532 1407 filius
546 1377 759 1414 comproberis,
778 1376 841 1412 quia
856 1383 925 1404 tunc
941 1375 991 1405 tibi
1008 1375 1102 1414 regalis
1119 1374 1235 1414 dignitas

175 1416 283 1453 integra
295 1416 519 1453 conservabitur,
535 1425 603 1445 cum
618 1413 831 1444 ecclesiasticam
844 1413 1001 1443 libertatem
1015 1415 1150 1453 integram
1165 1423 1237 1444 cori-

175 1454 311 1493 servabis,
329 1455 473 1494 diligenter
485 1453 629 1483 attendens
644 1452 723 1491 quod
742 1451 886 1489 Principes
906 1451 943 1481 illi
964 1462 1036 1489 pene
1056 1453 1165 1489 penitus
1187 1452 1236 1482 de-

173 1492 301 1523 fecerunt
318 1495 333 1509 ³*
350 1495 398 1530 qui
412 1492 638 1523 Ecclesiasticam
654 1491 887 1529 praesumpserunt
901 1490 1052 1530 infringere
1068 1491 1236 1528 libertatem,

172 1532 193 1560 ii
216 1542 285 1562 vero
306 1531 414 1569 semper
435 1531 470 1561 de
492 1531 571 1561 bono
585 1530 766 1568 profecerunt
781 1531 809 1559 in
824 1529 923 1559 melius
937 1531 985 1567 qui
996 1530 1057 1568 jura
1071 1528 1237 1560 studuerunt

171 1568 367 1600 Ecclesiastica
380 1569 546 1600 confovere.

209 1607 281 1639 Illud
301 1616 396 1638 autern
419 1616 476 1638 tuae
497 1607 581 1647 regali
602 1606 759 1644 prudentiae
780 1606 950 1638 consulimus
972 1605 1007 1636 ad
1033 1607 1187 1645 cautelam,
1206 1614 1238 1638 ut

172 1656 243 1678 cum
267 1646 490 1685 Archiepiscopis
511 1647 545 1677 ὃς
566 1645 710 1683 Episcopis
729 1645 825 1684 Regni
839 1647 879 1676 tui
894 1645 1070 1676 contentiose
1085 1656 1144 1676 non
1159 1655 1234 1685 agas·

174 1686 299 1715 maxime
318 1685 398 1723 super
419 1686 540 1725 negotiis
562 1684 742 1722 spiritualibus
764 1686 797 1715 &
821 1683 1019 1714 Eccleliastico
1037 1685 1100 1722 jure
1115 1694 1184 1714 cum
1203 1695 1217 1714 a

173 1734 227 1754 nos
243 1723 326 1762 possis
340 1724 442 1754 habere
456 1723 616 1760 recursum,
635 1733 685 1765 per
699 1733 769 1760 quos
782 1722 871 1752 multa
889 1724 993 1761 poteris
1015 1721 1134 1753 honeste
1154 1722 1238 1760 perfi-

172 1772 256 1800 cere,
276 1773 339 1800 quze
360 1761 478 1792 honeste
497 1772 557 1793 non
577 1761 670 1799 posses
692 1760 806 1791 efficere
827 1770 877 1798 per
899 1769 927 1791 te
948 1761 1055 1799 ipsum,
1084 1772 1136 1799 pro
1156 1770 1236 1792 certo

171 1800 319 1831 confidens
341 1800 420 1839 quod
441 1810 494 1831 nos
514 1801 662 1839 petitiones
684 1800 717 1830 &
739 1810 834 1838 preces
855 1808 930 1837 tuaS,
949 1807 1086 1838 quantum
1108 1800 1236 1831 honestas

171 1839 343 1878 permiserit,
360 1839 532 1870 intendimus
546 1837 699 1869 efficaciter
713 1838 849 1869 exaudire.

213 1877 294 1916 Qid
316 1877 439 1916 denique
458 1877 597 1915 praedietis
620 1876 746 1907 Nunciis
766 1876 992 1914 responderimus
1016 1877 1154 1915 superma
1176 1887 1237 1907 nori

173 1915 449 1946 excommunicanda
484 1916 596 1952 ersona,
613 1924 707 1952 neque
722 1924 767 1945 tua
783 1914 974 1945 interdicenda
997 1914 1111 1953 Capella
1134 1916 1183 1946 nisi
1202 1916 1238 1946 de

172 1954 307 1985 mandato
321 1954 388 1984 sedis
401 1964 455 1992 apo
481 1954 565 1984 olicae
577 1952 821 1995 speciali3aliisque
836 1953 1037 1992 nonnullis,de
1053 1955 1152 1992 quibus
1168 1964 1237 1985 cum

174 1994 213 2022 eis
236 1992 357 2023 studiose
378 1992 565 2030 contulimus,
584 1993 634 2029 ipii
653 2001 700 2022 tan
722 2001 786 2022 uam
809 1993 862 2023 viri
888 1992 999 2030 providi
1020 1993 1053 2023 &
1068 1992 1160 2022 fideles
1181 2001 1237 2022 tuae

172 2038 310 2068 poterunt
324 2030 495 2061 excellentiae
509 2032 574 2061 viva
589 2040 664 2060 voce
677 2040 707 2060 re
719 2040 796 2068 erre,
816 2040 887 2068 quos
901 2032 1004 2061 merito
1017 2030 1072 2061 suae
1093 2030 1237 2069 probitatis

176 2069 211 2100 &
227 2068 291 2099 fidei
307 2069 357 2098 tibi
372 2068 513 2099 reddimus
527 2069 754 2100 commendatos.

23 1505 71 1532 ³¹¹1.
90 1504 150 1532 180.

194 2144 324 2213 6Datum
347 2145 474 2177 Lateran.
497 2155 541 2176 11.
560 2145 629 2178 Kal.
644 2145 839 2184 Novembris,
861 2144 1044 2179 pontificatus
1057 2145 1147 2179 nostri
1161 2157 1238 2180 anno

162 2191 190 2213 „1
215 2205 222 2213 .

205 2306 328 2340 Littera
349 2305 514 2343 Innocentis·
525 2335 535 2352 ,
559 2308 596 2342 de
615 2308 821 2343 comburendis
836 2312 947 2343 Literis
966 2319 1069 2343 contra
1086 2312 1199 2357 Regem

546 2358 664 2405 Angliae
685 2362 862 2406 impetratis.

171 2441 244 2504 N
256 2443 376 2476 Icholao
391 2443 556 2476 Tusculano
572 2443 676 2482 Episco
697 2455 732 2483 ο,
750 2443 927 2483 Apostolicae
939 2444 1006 2475 sedis
1020 2445 1138 2485 Legato.

287 2483 369 2514 Cum
390 2483 426 2513 de
449 2483 589 2514 cariffimo
611 2484 640 2513 in
692 2483 780 2513 hristo
803 2483 862 2514 filio
884 2483 983 2514 nostro
994 2484 1126 2522 Johanne
1139 2482 1235 2514 illustn'

172 2519 336 2560 Anglorum
351 2522 435 2561 Rege
447 2532 480 2552 ac
492 2522 549 2559 ejus
563 2520 687 2560 Regno,
705 2521 783 2559 quod
798 2521 832 2552 ad
850 2521 1015 2552 Romanam
1028 2522 1184 2553 Ecclesiam
1200 2532 1235 2552 ex

171 2559 229 2596 ejus
244 2559 323 2591 dono
333 2561 396 2598 jure
412 2561 533 2597 pertinet
547 2558 671 2597 speciali,
690 2568 820 2597 oporteat
833 2570 886 2590 nos
902 2570 1000 2591 curam
1022 2561 1055 2591 &
1074 2560 1236 2591 sollicitudi-

170 2606 239 2627 nem
252 2606 350 2636 gerere
362 2599 547 2637 diligentem,
565 2597 725 2628 fraternitati
738 2606 795 2628 tuae
809 2608 859 2635 per
873 2599 1026 2636 apostolica
1040 2599 1139 2637 scripta
1154 2606 1235 2633 man-

170 2634 271 2665 damus
286 2644 439 2675 quatenus,
457 2635 608 2674 postquam
629 2636 780 2666 relaxatum
799 2637 882 2666 fuerit
901 2637 1101 2675 interdiCtum,
1119 2647 1235 2667 venera-

169 2672 271 2703 bilibus
293 2674 422 2705 fratribus
444 2673 547 2705 nostris
570 2673 714 2711 Stephano
736 2673 927 2705 Cantuariensi
949 2675 1172 2713 Archiepiscopo
1204 2675 1232 2706 S.

166 2708 207 2742 R.
227 2711 262 2741 E.
282 2711 439 2751 Cardinali,
458 2713 492 2744 &
512 2711 701 2750 Coepiscopis
724 2712 796 2751 ejus,
816 2721 851 2743 ex
870 2721 946 2750 parte
967 2713 1082 2752 nostra,
1107 2713 1233 2744 districfte

169 2751 313 2788 praecipias
337 2760 472 2789 quatenus
493 2760 596 2782 omnes
618 2750 736 2789 litteras,
754 2759 812 2781 tam
826 2751 932 2788 priores
948 2761 1034 2790 quam
1048 2751 1234 2791 posteriores,

169 2789 327 2826 impetratas
346 2800 361 2819 a
383 2790 466 2820 nobis
487 2799 586 2821 contra
608 2788 732 2820 eundem
754 2789 886 2829 Regem,
905 2790 925 2820 si
939 2790 1064 2820 formam
1078 2792 1153 2828 pacis
1172 2800 1233 2821 tion

168 2826 286 2858 duceret
301 2828 522 2868 admittendam,
540 2828 652 2867 illasque
666 2827 821 2867 praesertim
836 2837 901 2865 quae
913 2828 951 2859 sic
967 2829 1124 2867 incipiunt,
1142 2838 1234 2868 expec-

165 2871 260 2895 tantes
280 2865 410 2896 haetenus
448 2879 489 2897 uae
509 2869 713 2906 expectavimus
727 2889 738 2906 ,
761 2876 812 2905 per
834 2865 975 2904 Regnum
995 2868 1121 2899 Franciae
1135 2892 1145 2907 ‚
1170 2867 1233 2898 An-

166 2904 267 2943 gliam,
286 2904 413 2935 Scotiam
427 2878 461 2936 Ξῖ
474 2905 662 2944 Hiberniam,
680 2905 715 2936 ad
730 2905 986 2944 Archiepiscopos,
1003 2907 1038 2937 &
1058 2906 1232 2945 Episcopos,

165 2952 282 2972 necnon
297 2942 486 2975 Leodiensem
501 2946 535 2976 &
550 2943 764 2983 Trajee‘tensem
779 2943 933 2975 Pontifices
954 2944 1144 2983 destinandas,
1163 2945 1232 2983 tibi,

165 2979 223 3011 fine
242 2981 432 3012 diminutione
452 2982 560 3022 aliqua,
578 2983 792 3021 repraesentent,
810 2982 908 3020 easque
929 2983 1057 3020 protinus
1080 2983 1162 3014 facias
1177 2984 1232 3013 mi-

166 3019 288 3049 nutatim
300 3019 385 3049 incidi
399 3020 444 3050 vel
459 3022 468 3050 i
488 3031 524 3051 ne
537 3023 688 3060 comburi,
708 3031 745 3052 ne
759 3030 859 3053 contra
869 3030 955 3060 eum,
972 3020 1091 3059 ipsarum
1105 3022 1232 3052 occasio-

165 3065 219 3100 ne,
260 3058 392 3095 uicquam
408 3059 455 3088 sini
483 3061 504 3088 ri
520 3060 607 3091 valeat
619 3061 763 3098 attentari,
783 3060 854 3098 ipsos
867 3059 901 3091 ad
915 3060 992 3098 hoe,
1010 3059 1031 3090 si
1041 3059 1155 3092 necesse
1169 3060 1230 3091 fue·

165 3102 219 3132 rit,
257 3094 414 3126 istrietione
429 3106 483 3135 qua
498 3099 633 3130 convenit
648 3098 859 3136 compellendo.

17 2448 147 2482 'Ann.D.

38 2497 123 2529 1213.

15 2530 68 2554 An.
88 2538 132 2564 ¹5·

171 3168 317 3237 16Datum
339 3171 470 3203 Laterani
495 3182 528 3203 11
549 3172 614 3205 Kal.
633 3173 830 3213 Novembris,
849 3174 1032 3213 Pontificatus
1052 3174 1144 3206 nostri
1155 3185 1231 3207 anno

169 3333 278 3368 Eidem
299 3347 309 3372 ς
349 3337 439 3368 irrita
465 3337 634 3370 redduntur
655 3351 842 3385 quacumque
867 3343 1092 3387 Conjurationes
1116 3344 1230 3374 ratione

490 3386 629 3432 praedislae
648 3386 797 3432 difiordiae
816 3398 891 3422 ortae.

17 3474 94 3506 Arm.
106 3474 146 3506 D.

42 3524 128 3553 1213.

16 3556 127 3589 Ati-15.

169 3467 391 3530 FRaternitati
409 3477 473 3512 'tuae
502 3470 679 3506 praesentium
709 3471 872 3503 auetoritate
900 3473 1065 3504 mandamus
1096 3480 1229 3511 quatenus

243 3507 395 3546 postquam
408 3507 589 3538 interdietum
606 3507 718 3546 Angiiae
730 3510 814 3540 fuerit
829 3510 980 3541 relaxatum
989 3535 999 3550 ,
1014 3522 1114 3542 omnes
1128 3514 1229 3550 conju-

170 3548 291 3577 rationes
306 3547 339 3576 &
355 3546 490 3576 factiones
500 3570 508 3583 ,
527 3545 547 3575 si
562 3554 626 3583 quae
637 3545 786 3578 occasione
800 3547 946 3579 discordiae
957 3551 1029 3580 inter
1044 3549 1180 3589 Regnum
1195 3551 1228 3580 &

165 3584 367 3616 Sacerdotium
384 3584 467 3614 saetae
482 3584 562 3622 sunt,
579 3583 724 3614 denunties
738 3586 901 3617 auctoritate
916 3587 1012 3618 nostra
1023 3589 1109 3618 irritas
1123 3588 1156 3618 ὃς
1170 3589 1228 3618 ina-

168 3633 235 3663 nes,
254 3632 323 3654 curn
335 3622 413 3654 causa
429 3622 549 3654 cessante
561 3620 665 3653 cessare
679 3621 777 3654 debeat
790 3625 824 3655 &
838 3625 966 3656 effeerus.

187 3698 316 3768 6Datum
338 3699 469 3731 Laterani
494 3709 537 3729 11.
557 3697 621 3730 Kal.
640 3697 839 3739 Novembris,
855 3699 1038 3733 Pontificatus
1051 3701 1140 3733 nostri
1153 3711 1229 3734 anno

169 3747 183 3768 1
208 3761 214 3767 .

170 3862 330 3896 Mandata
346 3865 440 3910 Regia
461 3863 542 3909 quod
564 3865 670 3896 Navcs
693 3871 829 3909 promptae
856 3866 893 3902 ὠ*
918 3873 1030 3909 paratae
1043 3865 1106 3908 sint
1127 3869 1172 3899 ire
1196 3869 1228 3898 in

550 3912 718 3957 servitium
732 3914 830 3957 Regis.

18 3875 94 3908 Ann.
107 3876 147 3907 D.

44 3924 130 3953 1213.

17 3957 69 3982 An.
82 3964 90 3981 1
102 3964 124 3982 ”.

16 3992 79 4029 Joh.
96 3969 107 3990 ³
168 3993 283 4048 REX
305 3995 414 4028 Ballivis
435 4005 572 4036 portuum
593 3998 674 4028 maris
688 3997 718 4026 in
731 3995 879 4027 Comitatu
892 3995 995 4035 EffeX,
1013 3998 1072 4029 &e
1092 3996 1226 4035 Praecipi⁴

99 4052 104 4056 -
243 4042 306 4063 mus
319 4037 401 4066 vobis
416 4036 513 4075 quod,
533 4037 603 4066 ficut
617 4044 669 4066 nos
684 4037 716 4066 &
732 4036 875 4065 honorem
890 4033 1021 4065 nostrum
1032 4034 1159 4074 diligitis,
1177 4045 1227 4065 ve—

21 4076 63 4102 15·
79 4068 126 4105 Jo-
167 4070 228 4098 nii-e
243 4070 344 4102 faciatis
359 4073 445 4111 usque
457 4074 579 4105 Portsm.
597 4083 697 4103 omnes
710 4073 809 4103 Naves
825 4071 937 4102 Ballivae
951 4072 1052 4103 vestrae
1072 4082 1136 4110 quae
1158 4072 1228 4102 06ὶο

15 4104 146 4174 {affima-
167 4107 217 4152 vei
237 4108 326 4177 plutles
340 4119 440 4177 lffquos
461 4112 534 4150 ferre
554 4112 677 4152 poffint,
695 4111 732 4144 ita
753 4110 833 4150 quod
855 4110 893 4142 ibi
913 4109 985 4148 sint,
1000 4111 1082 4141 omni
1103 4110 1227 4147 occasio-1

37 4154 119 4183 .m.3.
141 4168 147 4173 .
204 4149 275 4177 sem,
314 4170 319 4177 .
366 4171 372 4177 .
395 4152 418 4180 l.

1279 212 1755 261 PUBLICA.
2276 238 2325 275 59

1278 308 1315 328 ne
1331 298 1503 342 postpositi,
1527 302 1558 330 in
1579 302 1698 334 crastino
1720 305 1814 335 Saiiffl
1835 304 1945 336 Hillarii
1964 306 2090 345 instanti,
2109 306 2157 336 nisi
2180 309 2258 338 citius
2281 319 2329 339 ve·
2346 305 2381 335 A,

1277 338 1352 405 gigpn
1367 338 1472 375 possint
1488 362 1498 376 ,
1529 348 1650 376 promtae
1671 343 1704 372 ὃ(
1725 352 1824 379 paratae
1850 344 1884 374 ad
1906 344 2030 375 eundum
2047 346 2076 374 in
2099 344 2240 376 servitium
2263 357 2328 377 nos-
2367 352 2451 380 1213.

1313 412 1368 451 Et,
1385 413 1460 452 siqua
1473 413 1633 452 hujusmodi
1652 418 1727 447 navis
1749 427 1855 450 carcata
1875 420 1975 459 fuerit,
1992 421 2010 441 ²¹⁵
2034 421 2125 451 statim
2147 420 2329 462 discarketui-‚t
2348 420 2396 445 *1³
2416 420 2475 445 13³·

1278 459 1309 481 ut
1320 451 1402 496 simul
1416 462 1485 496 cum
1500 453 1555 496 aliis
1570 453 1603 482 ad
1617 455 1764 491 praedietos
1777 457 1853 487 diem
1872 460 1905 488 ὅς
1921 459 2019 489 locum
2038 461 2148 498 veniat,
2166 461 2228 498 quia
2247 471 2262 490 a
2282 462 2328 491 die

1279 500 1333 532 qua
1348 497 1399 533 iter
1414 499 1579 534 arripuerint
1597 502 1611 521 a
1625 502 1707 529 portu
1722 494 1770 523 suo
1786 494 1819 523 :id
1833 496 1956 526 eundum
1969 498 2003 526 ad
2025 497 2122 528 locum
2143 498 2328 538 piaedietum,

1277 530 1332 571 niii⁸
1348 537 1461 558 interim
1485 534 1533 567 per
1554 531 1691 568 pigritiam
1706 534 1817 561 moram
1829 533 1960 571 fecerint,
1976 535 2149 566 liberationes
2162 537 2219 567 suas
2231 538 2268 567 eis
2282 545 2330 576 paL

1277 575 1334 595 cari
1347 566 1488 596 faciemus.

1314 603 1362 634 De
1383 606 1515 642 pontibus
1537 614 1628 636 autem
1653 608 1686 638 ὃς
1708 606 1782 637 cleiis
1803 607 1915 644 singulis
1934 611 2048 640 navibus
2068 613 2207 648 provideri
2226 614 2329 646 faciatis

1277 650 1360 684 prout
1382 643 1480 686 melius
1503 644 1561 674 fieri
1580 645 1678 682 poffit,
1694 646 1727 676 ὃς
1750 655 1802 676 nos
1824 645 1937 677 custum
1950 648 1984 677 ad
1998 649 2055 678 hoc
2068 652 2241 689 appositum,
2259 663 2327 684 cum

1275 680 1341 710 illuc
1356 690 1500 720 venerint,
1517 684 1554 712 eis
1570 683 1644 713 reddi
1659 685 1801 714 faciemus.

1291 756 1296 762 ι
1314 719 1375 748 Vos
1388 728 1482 749 autern
1497 721 1549 750 litis
1560 722 1631 759 apud
1647 721 1783 752 Portesm.
1802 722 1835 752 ad
1850 723 2013 760 praedichm
2027 723 2103 754 diem
2118 726 2192 756 bene
2212 728 2329 760 instruc-

1277 764 1298 786 ti
1311 756 1344 786 ad
1358 758 1571 794 exprimendum
1586 761 1668 790 nobis
1683 770 1832 791 numerum
1846 763 1959 792 navium
1975 762 2098 800 illarum,
2117 764 2150 793 &
2165 775 2228 801 quae
2242 777 2330 798 vene*

1277 795 1348 836 rint,
1367 796 1400 826 &
1417 806 1574 840 quaenon,
1591 800 1624 829 «Sc
1638 798 1696 829 hoc
1710 799 1811 830 faciatis
1820 823 1830 838 ,
1843 800 1898 831 una
1911 810 1979 831 cum
1994 799 2174 832 Vicecomite
2185 802 2270 834 Effex
2284 808 2331 836 cui

1275 832 1351 862 idem
1364 834 1564 865 mandavimus.

1313 906 1405 951 Teste
1419 910 1525 946 meipso
1539 911 1612 947 apud
1627 912 1743 944 Turrim
1759 913 1893 945 London.
1915 917 1959 947 28.
1978 916 2023 946 die
2036 917 2192 948 Decembr.
2211 916 2267 948 Per
2277 918 2331 949 W.

1278 943 1517 978 Archidiaconum
1532 948 1660 980 Tanton.

1310 1067 1468 1124 Johanner
1486 1073 1553 1103 Rex
1567 1075 1821 1118 transfretaturus
1842 1077 2008 1119 Cxstodiam
2027 1084 2119 1127 Regni
2135 1086 2236 1129 Papa,
2261 1087 2299 1121 dr

1438 1118 1571 1164 eytfiz'em
1596 1124 1704 1155 Pacem
1723 1124 1859 1170 Epiftopo
1878 1127 2009 1160 {Vintom
2030 1129 2167 1163 mandat.

1359 1243 1474 1273 ronibus
1490 1267 1499 1281 ,
1524 1245 1558 1275 &
1581 1245 1714 1275 omnibus
1733 1244 1859 1277 fidelibus
1877 1248 1946 1286 suis,
1964 1248 2011 1278 has
2033 1249 2134 1280 litteras
2155 1253 2331 1292 inspeEturis,
2374 1246 2459 1275 ¹²¹4·

1278 1203 1399 1264 REX
1422 1203 1662 1243 Archiepiscopis,
1686 1206 1847 1246 Episcopis,
1873 1209 2047 1248 Abbatibus,
2073 1212 2253 1254 Comitibus,
2279 1216 2332 1246 Bi·
2352 1197 2427 1230 Ann‘
2442 1199 2483 1229 D*

1278 1281 1330 1311 &c
2351 1280 2403 1303 Aa.
2422 1285 2466 1312 15.

1315 1319 1412 1363 Sciatis
1428 1319 1524 1364 quod,
1542 1330 1594 1358 pro
1607 1322 1714 1390 malgnis
1728 1324 1845 1361 negotiis
1859 1323 1976 1363 nostris,
1994 1324 2028 1354 ad
2042 1327 2158 1363 praesens
2178 1329 2332 1360 transfreta-
2351 1313 2413 1350 7⁰¹⁷*

1278 1366 1342 1387 mus
1362 1368 1390 1388 in
1406 1358 1580 1398 Pic'iaviam,
1599 1361 1632 1390 ὃς
1675 1369 1780 1399 egnum
1796 1361 1926 1392 nostrum
1942 1363 2052 1399 Analiae
2073 1366 2101 1394 in
2123 1364 2280 1397 custodiam
2301 1370 2334 1399 ὃς
2354 1355 2409 1378 Par.
2434 1360 2475 1386 ¹5⁴

1279 1397 1489 1433 protectionem
1505 1397 1578 1441 Dei,
1598 1399 1631 1428 ὃ(
1645 1398 1756 1429 Sanstae
1772 1399 1915 1431 Romanae
1928 1397 2078 1440 Ecclesiae,
2097 1403 2131 1433 &
2145 1403 2268 1435 Domini
2283 1405 2337 1436 Pa.-
2354 1390 2455 1433 Jf'han‘

1280 1444 1323 1472 pae
1338 1458 1348 1473 ,
1373 1435 1409 1502 &s
1425 1435 1549 1465 Domini
1571 1436 1615 1466 N.
1641 1436 1759 1468 Tuscul.
1787 1437 1921 1478 Episcopi
1943 1439 2120 1478 Apostolicae
2145 1442 2212 1473 sedis
2240 1443 2338 1483 Legati
2356 1435 2485 1461 ⁷²²‘’m'4“

1278 1482 1391 1503 commi
1404 1483 1483 1504 imus.

1314 1510 1370 1550 Et,
1389 1512 1456 1542 loco
1472 1512 1586 1550 nostrO,
1601 1512 1635 1543 ad
1649 1523 1749 1552 pacem
1764 1514 1861 1552 Regni
1877 1515 1964 1547 nostri
1981 1517 2133 1557 tuendam,
2148 1520 2337 1551 venerabilem

1280 1558 1388 1587 patrem
1401 1550 1531 1581 nostrum
1547 1550 1712 1583 Dominum
1724 1553 1756 1583 P.
1776 1554 1910 1585 Winton.
1922 1554 2096 1594 Episcopum
2111 1558 2317 1590 constituimus.

1318 1588 1356 1619 Et
1376 1588 1441 1632 ideo
1466 1591 1547 1620 vobis
1570 1591 1733 1622 mandamus
1756 1592 1835 1630 quod
1857 1595 1898 1632 ei,
1916 1593 1950 1624 ad
1971 1593 2164 1627 defensionem
2185 1595 2281 1637 Regni
2302 1599 2336 1630 ὃς

1280 1627 1523 1658 conservationem
1539 1628 1633 1667 Pacis,
1650 1630 1808 1661 auxiliantes
1824 1632 1876 1662 sitis
1889 1633 2114 1665 &intendentem

1317 1665 1356 1697 Et
1369 1667 1398 1696 in
1414 1666 1493 1706 hujus
1506 1668 1544 1698 rei
1557 1667 1768 1708 testimonium,
1784 1670 1843 1700 δίε.
1863 1671 1944 1701 vobis
1958 1672 2104 1704 mittimus.

1280 1744 1404 1821 tr'Tie5ste
1418 1744 1525 1783 meipso
1540 1744 1613 1783 apud
1626 1745 1761 1777 Portesm.
1785 1756 1809 1776 1.
1828 1747 1874 1779 die
1889 1747 2048 1788 Februarii,
2065 1758 2142 1781 anno
2155 1749 2252 1792 Regni
2269 1761 2336 1783 n0s⁴=

1306 1794 1315 1813 l
1374 1806 1380 1813 .

1377 1912 1411 1944 P.
1430 1911 1459 1941 E
1455 1909 1527 1955 pifi
1545 1912 1591 1944 W
1589 1913 1679 1944 imon.
1698 1909 1885 1954 constituitur
1901 1911 2101 1958 Justiciarius
2114 1914 2241 1962 Angliae.

1280 1994 1393 2055 REX
1416 1994 1655 2034 Arcliiepiscopis,
1674 1995 1836 2034 Episcopis,
1855 1996 2029 2036 Abbatibus,
2050 1997 2231 2038 Comitibus,
2248 1999 2334 2031 Baro-
2355 1999 2430 2035 Ann,
2444 2000 2489 2036 D,-

1349 2035 1447 2071 nibus,
1463 2033 1638 2072 justiciariis,
1656 2034 1897 2075 Vicecornitibus,
1915 2036 2072 2075 Praepositis
2087 2038 2121 2069 ὅσ
2134 2039 2266 2069 omnibus
2274 2038 2336 2070 Bal-
2377 2053 2462 2082 1214.

1279 2071 1340 2103 livis
1355 2074 1389 2103 &
1402 2072 1528 2102 fidelibus
1542 2072 1608 2110 suis,
1626 2073 1687 2104 &c.
2357 2087 2409 2110 An.
2426 2092 2468 2118 ¹5·

1316 2109 1413 2142 Sciatis
1427 2109 1506 2148 quod
1519 2111 1718 2147 constituimus
1729 2111 1918 2151 justiciarium
1931 2112 2063 2144 nostrum
2079 2114 2189 2154 Angliae
2213 2114 2337 2146 Venera-
2358 2122 2422 2158 Joh.

1279 2149 1366 2180 bilem
1383 2157 1489 2187 patrem
1503 2148 1634 2180 nostrum
1650 2150 1815 2181 Dominum
1837 2151 1869 2181 P.
1886 2151 2020 2183 Winton.
2041 2152 2232 2192 Episcopum,
2252 2163 2336 2191 quam
2358 2163 2415 2187 Par.
2439 2170 2447 2188 1
2453 2165 2481 2196 ,ἡ

1279 2188 1327 2219 diu
1342 2188 1424 2219 nobis
1440 2188 1590 2227 placuerit,
1608 2188 1643 2218 ad
1655 2188 1874 2221 custodiendum
1886 2190 1955 2221 Ioco
1969 2190 2068 2222 nostro
2088 2200 2192 2222 terram
2212 2193 2337 2223 nostram
2357 2197 2457 2236 Johan-

1279 2228 1327 2258 An
1348 2227 1391 2257 liae
1403 2227 1436 2258 &
1452 2236 1552 2264 pacem
1566 2227 1661 2267 Regni
1675 2228 1772 2259 nostri.
2359 2238 2406 2269 nis,
2415 2246 2488 2265 mizi

1345 2275 1356 2296 t
1377 2265 1442 2296 ideo
1463 2266 1545 2296 vobis
1566 2266 1729 2297 mandamus
1752 2265 1830 2305 quod
1850 2267 1892 2305 ei,
1907 2276 2042 2306 tanquam
2059 2266 2219 2306 Justiciario
2239 2268 2340 2301 nostro

1283 2304 1414 2343 Angli-22,
1432 2304 1606 2335 intendentes
1619 2305 1672 2335 sitis
1687 2306 1721 2336 ὃς
1736 2305 1942 2344 respondentes.

1317 2342 1356 2375 Et
1367 2344 1397 2374 in
1412 2342 1491 2381 hujus
1506 2344 1546 2374 rei
1559 2342 1774 2383 testimonium,
1794 2345 1854 2376 &c.
1872 2345 1955 2376 vobis
1970 2346 2115 2377 mittimus.

1279 2421 1406 2499 tr'T}ste
1420 2420 1527 2461 meipso
1542 2420 1615 2460 apud
1629 2420 1767 2453 Portesm.
1791 2431 1816 2452 1.
1835 2421 1880 2452 die
1894 2422 2052 2461 Februarii,
2071 2432 2147 2455 anno
2159 2422 2256 2465 Regni
2273 2427 2339 2457 nosss

1306 2472 1315 2492 l.
1333 2471 1346 2491 Ι
1370 2483 1376 2490 .

1278 2593 1399 2624 Litterae
1418 2591 1511 2634 Regiae
1530 2589 1640 2619 Comiti
1654 2585 1841 2630 Marestallo
1856 2584 1893 2619 de
1905 2587 2053 2634 progreffit
2062 2587 2118 2633 fico
2135 2590 2167 2621 'in
2183 2587 2337 2633 Pisiavia,

1321 2642 1357 2676 (ἢν
1385 2635 1421 2669 de
1439 2637 1546 2679 fhrma
1576 2633 1727 2667 interdicti
1755 2634 1917 2668 relaxandi
1952 2640 1984 2667 in
2019 2636 2170 2683 Angliam
2201 2638 2338 2684 Epiftopo

1325 2688 1370 2721 W
1369 2684 1519 2727 intonierfi
1532 2683 1627 2729 miffiz.

1276 2771 1390 2830 REX
1406 2769 1512 2801 dilecto
1527 2769 1561 2801 &
1574 2767 1647 2799 fideii
1662 2769 1711 2800 suo
1722 2770 1774 2801 W.
1795 2769 1907 2801 Comiti
1921 2769 2088 2801 Marescallo
2104 2770 2237 2802 Salutem.
2356 2770 2432 2804 Ann.
2448 2774 2487 2805 D,-

1369 2810 1466 2841 Sciatis
1481 2808 1561 2846 quod
1573 2808 1646 2846 sani,
1665 2808 1723 2839 Dei
1737 2809 1836 2848 gratia,
1855 2810 1888 2839 &
1910 2809 2066 2839 incolumes
2087 2809 2162 2847 apud
2182 2809 2334 2848 Rupellam
2377 2822 2462 2851 1214.

1275 2848 1460 2886 applicuimus
1474 2847 1520 2877 die
1533 2847 1662 2886 Sabbati,
1680 2849 1814 2885 proximo
1830 2846 1894 2884 post
1908 2847 1999 2885 capud
2010 2848 2125 2886 jejunii,
2143 2858 2211 2878 cum
2233 2847 2334 2888 magna
2355 2855 2407 2879 An.
2427 2862 2469 2888 155

1275 2896 1352 2924 parte
1365 2888 1453 2927 gentis
1469 2884 1582 2916 nostrae.
2356 2889 2417 2927 Joh.
2440 2921 2442 2923 ‚

1313 2925 1351 2956 Et
1373 2926 1481 2962 statim,
1498 2932 1533 2953 ex
1573 2933 1613 2954 uo
1636 2922 1819 2962 advenimus,
1837 2932 1899 2954 turn
1915 2922 2021 2954 reddita
2034 2925 2116 2954 nobis
2132 2923 2254 2963 fuerint,
2271 2933 2335 2955 tum
2356 2928 2443 2965 ciuus.

1275 2964 1370 2995 relieta
1385 2964 1484 3002 viginti
1497 2962 1542 2992 sex
1586 2961 1657 2992 astra
1669 2963 1703 2993 δε
1718 2963 1872 2993 fortaliciae.
2362 2975 2402 3000 15-
2417 2967 2467 3003 JO-

1312 3002 1367 3040 Et,
1386 3001 1450 3040 post
1462 3010 1566 3038 paucos
1581 3000 1849 3039 dies,proceffimus
1860 2999 1894 3030 ad
1909 2999 2042 3030 Castrum
2055 2999 2175 3031 Milescu
2190 2999 2334 3031 obfidend.
2356 3004 2451 3035 hminis,
2460 3011 2486 3041 p.-

1273 3042 1325 3080 &,
1343 3051 1412 3071 cum
1427 3039 1559 3070 Castrum
1571 3038 1638 3068 illud
1651 3039 1835 3077 cepissemus,
1853 3039 1931 3068 venit
1944 3038 1978 3068 ad
1992 3038 2168 3070 voluntatem
2183 3040 2217 3071 &
2233 3040 2337 3070 miseri-
2360 3052 2381 3070 i.
2397 3051 2432 3070 m.
2453 3051 2477 3070 ιι

1274 3079 1403 3111 cordiam
1419 3078 1545 3108 nostram
1554 3076 1698 3114 johannes
1712 3077 1885 3107 PorcelinuS.
2324 3111 2327 3113 .
2355 3081 2430 3116 derso,

1312 3118 1350 3149 Et
1387 3117 1527 3148 continuo
1542 3115 1605 3152 post
1621 3114 1717 3153 illum,
1731 3115 1810 3145 venit
1825 3114 1949 3144 similiter
1963 3114 1997 3144 ad
2012 3115 2190 3147 voluntatem
2204 3117 2238 3148 ὅ(
2253 3117 2332 3147 mise*

1273 3141 1425 3188 ricordiam
1446 3154 1571 3184 nostram
1594 3153 1738 3183 Savaricus
1755 3152 1792 3182 de
1817 3152 2036 3192 Malo-Leone,
2053 3165 2157 3194 quem,
2177 3156 2196 3174 *¹²
2215 3155 2332 3185 consilio
2356 3156 2370 3172 ’ἕ
2383 3156 2405 3183 1.
2422 3155 2485 3182 1821

1273 3195 1397 3226 Domini
1412 3192 1554 3231 Burdegal.
1575 3190 1802 3234 Archiepiscopi,
1819 3192 1852 3221 ὃς
1867 3191 1986 3222 aliorum
2005 3192 2132 3224 fidelium
2155 3192 2332 3231 nostrorum,

1273 3235 1302 3264 in
1318 3243 1417 3271 pacem
1433 3231 1558 3261 nostram
1571 3229 1739 3259 admisimus.

1309 3271 1368 3304 Die
1387 3279 1481 3301 autem
1500 3268 1599 3298 Martis
1622 3269 1753 3305 proximo
1773 3275 1837 3299 ante
1852 3267 1976 3299 mediam
1991 3268 2241 3308 quadragesimam,
2260 3267 2330 3300 dum

1271 3310 1364 3341 adhuc
1385 3317 1497 3339 moram
1518 3305 1677 3336 fecissemus
1693 3308 1770 3336 circa
1790 3306 1913 3337 castrum
1935 3307 2002 3337 illud
2015 3307 2136 3337 funditus
2151 3305 2331 3343 prosternen-

1272 3350 1342 3380 dum
1377 3348 1453 3379 venit
1464 3345 1497 3375 ad
1512 3355 1582 3382 nOS,
1599 3355 1616 3375 a
1628 3343 1715 3374 Curia
1728 3345 1877 3383 Romana,
1895 3345 1977 3374 frater
1989 3345 2160 3374 willielmus
2172 3343 2209 3373 de
2221 3344 2329 3376 ὃαηέὲο

1274 3374 1436 3424 Auddeno,
1454 3383 1571 3414 afferens
1594 3383 1676 3413 nobis
1698 3384 1797 3414 litteras
1819 3383 1943 3413 Domini
1961 3382 2058 3420 Papae,
2074 3382 2109 3412 de
2129 3381 2223 3412 forma
2244 3384 2330 3413 inter-

1271 3426 1340 3456 dieti
1355 3421 1494 3456 relaxandi
1507 3424 1538 3464 in
1552 3420 1653 3461 Anglii
1991 3422 1995 3427 '

1272 3473 1318 3495 tro
1337 3464 1473 3494 Winton.
1493 3460 1596 3499 Episco
1616 3470 1636 3490 o
1798 3499 1802 3503 q

1290 3511 1365 3533 antes
1389 3508 1522 3540 quatenus
1535 3522 1545 3538 ,
1575 3509 1590 3528 a
1627 3500 1776 3535 negotium
1795 3497 1863 3539 illu-d
1885 3495 2103 3535 exequendum,
2128 3496 2162 3526 ad
2184 3497 2328 3529 honorem

1271 3512 1330 3572 {ei
1366 3542 1399 3572 &
1413 3539 1542 3570 nostrum
1557 3539 1590 3568 δι’
1612 3537 1754 3573 vestrum,
1772 3535 1920 3565 conissium
1941 3535 1975 3564 &
1994 3535 2126 3564 auxilium
2147 3533 2248 3566 efficax
2270 3538 2327 3567 im⁴

1270 3566 1410 3618 pendatis:
1431 3577 1469 3608 Et
1485 3577 1604 3614 faciatis,
1621 3575 1701 3612 super
1715 3574 1831 3612 negotio
1845 3571 1914 3610 isto,
1933 3572 1960 3601 id
1975 3572 2052 3610 quod
2074 3572 2220 3604 Dominus
2239 3574 2328 3605 Win=

1270 3627 1331 3650 ton.
1351 3617 1519 3655 Episcopus,
1533 3614 1696 3653 justiciarius
1716 3610 1828 3648 noster,
1841 3611 1923 3640 vobis
1937 3609 2013 3640 dicet
2028 3609 2062 3640 ad
2083 3610 2168 3641 fidem
2188 3613 2222 3643 &
2243 3622 2328 3644 com-

1271 3656 1393 3688 modum
1413 3655 1560 3689 nostrum,
1584 3659 1614 3681 ut
1636 3651 1778 3679 honorem
1799 3647 1864 3677 inde
1883 3648 2049 3687 habeamus,
2068 3649 2102 3679 &
2122 3649 2217 3689 Regni
2237 3651 2327 3682 nostri

1271 3695 1355 3726 status
1369 3696 1397 3724 in
1411 3693 1510 3724 melius
1525 3696 1734 3725 commutetur,
1752 3686 1827 3717 unde
1841 3688 1946 3718 merito
1959 3686 2042 3717 vobis
2065 3686 2099 3717 ad
2120 3697 2264 3727 perpetuas
2284 3698 2327 3720 ted

1271 3742 1388 3765 neamur
1400 3732 1549 3771 gratiarum
1564 3726 1698 3756 actiones.

1707 3432 1752 3452 uas
1767 3421 1917 3452 venerabili
1929 3429 1997 3463 patri
2011 3420 2110 3450 nostro
2126 3419 2262 3452 Domino
2274 3421 2329 3453 Ρεἑ

1655 3446 1690 3490 de
1718 3461 1868 3496 inavimusg
1887 3459 1963 3488 unde
1985 3459 2067 3488 vobis
2082 3457 2262 3498 mandamus,
2280 3470 2330 3491 ΥΟ·-

1306 3807 1394 3840 Teste
1409 3806 1514 3844 meipso
1529 3801 1602 3841 apud
1614 3799 1783 3840 Rupellam,
1801 3801 1906 3833 ofitavo
1922 3800 1968 3832 die
1981 3800 2088 3834 Martiii

1306 3885 1420 3916 Eodem
1435 3880 1525 3912 modo
1538 3878 1664 3909 scribitur
1677 3879 1810 3911 omnibus
1825 3877 2225 3920 Comitibus23aronibus,&
2239 3879 2326 3920 Maga

1269 3926 1378 3958 natibus
1393 3920 1520 3960 Anguae,
1537 3917 1598 3949 data
1609 3914 1716 3948 eadem.
