2570 4261
95 226 175 259 zan.
190 225 232 257 D.

121 274 204 305 1273.

98 306 164 333 ΕιΙν.
188 314 210 333 i.

100 2285 225 2315 *11.10.

104 2816 173 2847 Ἀηη
196 2814 238 2847 D.

127 2839 213 2896 127'3⁴

105 2898 160 2922 An.
184 2903 206 2921 ι.

106 2936 129 2960 E
159 2941 168 2959 i

107 2955 148 3000 12:
165 2953 237 3008 drIg.

250 153 326 195 132

248 224 381 256 sententia
395 224 580 260 innodamm,
599 220 780 252 decernentes
794 228 825 250 ut
840 221 938 250 omnia
950 219 1030 259 loca,
1047 219 1082 251 ad
1098 230 1163 258 quae
1177 228 1315 261 pervene-

250 265 304 303 rit,
322 264 415 294 donec
436 263 477 292 ibi
495 259 612 301 praesens
630 260 730 297 fuerit,
747 258 797 288 nisi
817 259 959 298 capiatur,
977 259 1023 289 vel
1037 266 1132 296 captus
1146 266 1270 289 teneatur
1286 258 1315 287 in

247 304 303 341 eis,
321 302 354 332 ad
369 311 438 338 n03,
456 308 487 330 ut
500 298 681 340 praedicitur,
696 297 897 336 deducendus,
913 296 1100 328 ecclesiastico
1114 298 1166 328 sint
1177 296 1315 337 supposita

248 342 253 347 ’
278 340 406 371 [εῑάἰᾶο.

245 351 276 372 m
285 378 331 410 Ad
353 377 416 406 haec
437 375 569 407 universis
583 375 616 406 &
631 373 741 414 singulis
754 373 944 413 Civitatibus,
964 372 1247 411 communitatibus,
1266 371 1316 403 U-

247 415 450 448 niversitatibus
469 413 658 452 quibussibet,
673 415 707 445 &
727 413 850 453 personis
865 411 1044 452 singularibus
1063 411 1253 443 ecclesiasticis
1280 411 1314 441 &

244 454 409 492 mundanis,
427 453 618 492 cujuscunque
631 451 804 483 conditionis
816 460 864 483 aut
876 450 960 482 statiis
973 451 1108 489 existant,
1123 452 1210 481 etiam
1222 450 1242 480 si
1255 449 1316 479 Im-

244 492 360 530 periali,
379 491 426 522 vel
447 491 567 531 Regali,
586 500 632 521 aut
647 491 697 521 alia
712 490 882 531 quacunque
896 491 1032 530 dignitate
1047 489 1239 529 perfulgeant,
1257 488 1315 518 hoc

243 530 365 570 generali
386 529 551 560 mandamus
572 529 684 569 edicto,
705 537 736 559 ut
756 530 846 560 nullus
860 529 971 560 dictum
991 527 1163 559 Guidonem
1175 534 1317 565 receptet,

243 569 306 607 vel,
325 577 464 606 quantum
480 569 511 599 in
527 578 564 599 eo
578 568 680 606 fuerit,
698 569 834 607 receptari
848 568 990 608 permittat
1006 576 1012 595 ι
1165 605 1170 610 ι
1195 605 1200 610 .

280 607 371 638 Nulla
393 617 460 638 eum
481 607 655 638 Universitas
667 608 697 637 iri
712 606 904 644 Potestatem,
922 604 1097 643 Consulem,
1115 611 1248 644 recipiat,
1264 610 1312 633 aut

242 645 422 685 Restorem,
439 646 486 676 vel
505 645 541 677 ad
563 645 711 686 quodlibet
731 645 805 676 aliud
827 644 977 682 officium,
995 652 1181 683 quocumque
1195 643 1314 673 nomine

243 685 399 724 censeatur,
415 684 552 716 admittat.
1295 719 1301 724 .

279 723 385 754 Nullus
404 723 628 754 Commercium
640 721 770 761 aliquod,
788 730 836 753 aut
848 721 1098 753 Communionem
1113 720 1255 759 aliquam,
1272 728 1317 749 rii-

243 762 263 792 si
280 762 381 831 forsqiid
393 762 424 792 in
444 762 497 793 illis
515 771 580 801 quae
598 761 632 792 ad
652 760 769 791 salutem
789 761 894 792 animae
913 760 996 798 ipsius
1018 759 1169 798 respiciunt
1181 784 1191 798 ,
1216 759 1316 789 habeat

242 811 312 832 cum
327 811 342 831 e
383 810 440 831 em.

281 839 389 870 Nullus
410 840 436 869 ei
455 837 568 880 praestet
580 837 714 878 auilium,
736 837 909 876 consilium,
933 836 979 868 vel
1001 836 1130 868 favorem
1148 835 1316 878 publicum,

243 879 290 910 vel
305 878 464 910 occultum.

280 917 387 948 Nullus
405 927 475 948 cum
494 915 556 956 ipso
570 914 724 954 Guidone,
741 915 792 946 sub
807 915 908 955 quovis
921 915 1054 954 ingenio,
1072 913 1185 953 colore,
1204 911 1314 957 machi-

242 958 376 995 natione,
393 956 438 987 vel
457 963 532 994 arte,
550 954 713 985 societatem
734 953 779 984 seu
799 953 1078 985 confinderationem
1102 953 1224 991 aliquam
1244 953 1314 982 inire

242 995 407 1037 praesumat,
425 995 476 1033 &,
496 994 515 1024 si
530 993 606 1024 secus
619 993 735 1024 scienter
747 993 953 1034 praesumptum
968 993 1064 1029 fuerit,
1080 1001 1181 1021 omnes
1194 991 1313 1030 singula-

243 1044 286 1065 res
300 1034 434 1065 Personas
448 1033 624 1064 contrarium
639 1032 854 1076 praesumentes,
871 1041 932 1062 non
946 1030 1074 1061 obstante
1086 1030 1210 1069 qualibet
1222 1029 1314 1060 indul-

241 1073 354 1113 gentia,
372 1073 422 1103 sub
444 1071 613 1111 quacunque
633 1070 745 1109 forma,
761 1070 809 1101 vel
822 1069 996 1108 expressione
1008 1070 1182 1107 verborum,
1201 1068 1264 1109 ipfis
1276 1068 1312 1099 ab

241 1111 343 1143 eadem
359 1111 432 1142 Sede
447 1109 605 1148 concessa,
622 1110 668 1141 vel
681 1111 711 1140 in
726 1109 872 1148 posterum
886 1107 1072 1152 concedendi.
1088 1109 1201 1148 (quam,
1219 1106 1312 1152 quoad

242 1150 301 1182 hoc
315 1174 325 1189 ,
350 1151 457 1181 viribus
483 1149 616 1180 volumus
643 1149 768 1179 omnino
795 1148 899 1185 carere)
928 1147 1091 1178 sententiam
1111 1155 1313 1190 excommuni-

240 1190 378 1259 fationis,
399 1199 487 1228 quarn
507 1196 619 1219 exnunc
638 1188 669 1218 in
688 1187 760 1227 ipsos
780 1186 912 1224 ferimus,
937 1187 1078 1217 incurrere
1098 1185 1232 1217 volumus
1251 1184 1311 1225 ipso

254 1229 329 1260 acio,

277 1266 499 1299 Univerfitatem
518 1272 632 1304 autem,
649 1274 714 1303 quae
729 1263 805 1295 sccus
819 1263 937 1295 scienter
953 1262 1069 1302 fecerit,
1087 1262 1121 1294 &
1132 1262 1234 1293 Terras
1249 1262 1315 1292 illo-

243 1316 325 1346 rum,
342 1307 390 1347 qui
412 1316 479 1336 eum
500 1305 719 1344 receptaverint,
735 1311 783 1334 aut
801 1302 961 1334 societatem
975 1303 1022 1333 vel
1037 1301 1314 1333 confoederationem

244 1355 315 1376 cum
328 1355 364 1375 co
376 1345 504 1382 inierint,
522 1342 718 1373 Ecclesiastico
730 1342 911 1382 supponimus
925 1341 1092 1372 inderdidto.
1286 1379 1292 1385 ·

288 1384 327 1414 Et
347 1383 548 1414 nichilominus
566 1382 728 1412 societatem
749 1381 784 1412 &
798 1380 1075 1412 confoederationem
1095 1380 1175 1410 initas
1188 1402 1199 1418 ‚
1228 1379 1263 1410 δε
1284 1388 1314 1409 in

244 1422 391 1463 posterum
413 1420 560 1459 ineundas,
585 1421 668 1451 etiam
689 1419 708 1449 fi
728 1428 896 1459 poenarum,
913 1419 947 1450 &
966 1419 1118 1457 juramenti
1139 1417 1315 1456 adjectione,

245 1462 290 1491 vel
309 1460 480 1501 quicunqne
498 1459 602 1490 fuerint
623 1458 676 1489 alia
697 1457 828 1489 firmitate
848 1457 972 1497 vallatae,
989 1465 1124 1497 quatenus
1141 1458 1192 1487 ini
1213 1457 1245 1486 sis
1258 1457 1315 1500 ejus

244 1499 437 1531 commodum
458 1499 589 1536 vertitur,
605 1497 730 1528 omnino
750 1497 854 1529 viribus
873 1506 1043 1535 vacuamus,
1059 1496 1094 1527 &
1114 1495 1171 1526 effe
1206 1504 1315 1526 ecerm-

246 1549 309 1570 mus
322 1547 439 1577 vacuas,
456 1537 540 1567 irritas
554 1537 587 1568 &
602 1537 705 1567 inanes.

282 1577 416 1607 Vaffallos
428 1585 543 1617 quoque
555 1577 589 1607 &
605 1574 756 1612 Subditos,
774 1573 793 1604 fi
811 1583 882 1614 quos
895 1573 979 1604 habet
994 1574 1071 1604 idem
1086 1572 1128 1603 G.
1142 1572 1313 1603 absolvimus

245 1617 262 1647 a
282 1615 427 1652 fidelitate,
445 1614 500 1655 qua
521 1622 650 1645 tenentur
671 1612 783 1652 eidem,
797 1613 956 1652 juramenta
975 1613 1054 1654 super
1067 1612 1126 1644 hoc
1142 1611 1264 1653 praestita
1278 1611 1315 1642 de

245 1654 388 1697 potestatis
400 1653 574 1692 plenitudine
587 1653 743 1683 relaxantes,

285 1693 466 1724 Memoratos
477 1694 549 1723 vero
564 1691 685 1728 eiusdem
700 1689 844 1721 Guidonis
855 1691 886 1720 in
901 1690 1033 1728 praemisfi
1048 1689 1250 1721 commistione
1264 1689 1316 1720 fla-

267 1733 306 1764 itii
328 1731 496 1772 complices
518 1731 552 1762 &
572 1730 727 1768 Fautores,
751 1729 1057 1760 excommunicationis
1077 1730 1111 1760 δε
1135 1729 1317 1759 anathematis

245 1741 379 1804 sententia
391 1769 577 1808 innodamus,
595 1779 693 1801 contra
707 1778 755 1799 eos
799 1767 875 1799 avius
888 1768 1060 1808 spiritualiter
1073 1768 1107 1799 &
1123 1767 1314 1806 temporaliter

246 1809 419 1849 proceisuri,
435 1817 521 1851 prout
533 1808 686 1840 viderimus
699 1777 797 1848 expe&r
937 1846 942 1851 ⁸
1221 1845 1227 1851 ·

282 1849 429 1880 Caeterum
456 1848 604 1886 praediCbas
628 1857 728 1878 omnes
747 1845 1091 1877 Excommunicationum
1111 1844 1257 1875 sententias
1277 1844 1316 1876 fic

247 1887 380 1926 firmiter,
396 1887 434 1918 fic
455 1886 653 1918 inviolabiliter
672 1886 802 1916 volumus
824 1885 981 1923 observari,
999 1884 1083 1927 quod*
1097 1884 1259 1915 absolvendi
1280 1884 1317 1914 ab

247 1928 301 1965 eis,
321 1926 364 1957 vel
382 1925 519 1957 relaxandi
536 1925 663 1963 easdem,
681 1925 732 1955 nisi
750 1932 860 1954 tantum
875 1924 905 1953 in
921 1924 1020 1953 mortis
1035 1922 1168 1961 articulo,
1181 1931 1238 1953 tam
1249 1932 1317 1953 om-

247 1966 331 1998 nibus
352 1963 568 1996 Poenitentiariis
591 1963 710 2002 nostris,
748 1963 815 1992 uam
833 1961 1001 2001 quibussibet
1021 1962 1079 1992 aliis
1098 1959 1319 1992 Confefforibus

248 2004 435 2045 generalibus,
457 2003 504 2035 vel
522 2002 701 2041 specialibus,
722 1972 768 2032 {a
789 2000 965 2032 familiaribus
983 2009 1246 2069 quarumcumque,
1271 2001 1318 2031 vel

248 2051 480 2083 quantarumcum
500 2053 535 2073 ue
554 2041 719 2073 sublimium
739 2039 926 2070 Personarum
948 2039 998 2069 ubi
1011 2039 1066 2070 'bet
1084 2038 1317 2079 consistentium,

248 2082 408 2113 etiamsieis
421 2092 437 2112 a
449 2092 489 2112 no
511 2082 530 2112 is
539 2104 549 2120 ,
568 2081 614 2112 vel
628 2080 721 2120 aliquo
728 2077 972 2109 Praedecefforum
986 2076 1166 2115 nostrorum,
1184 2077 1234 2108 sub
1249 2078 1318 2116 qua-

249 2130 362 2160 cunque
377 2120 529 2151 verborum
544 2118 655 2157 forma,
671 2115 833 2149 absolvendi
848 2117 864 2147 a
875 2116 1015 2147 sententiis
1028 2115 1183 2155 Hominis,
1199 2116 1245 2147 vel
1259 2117 1318 2148 Ca-

249 2160 349 2198 nonis,
363 2158 409 2189 seu
421 2168 464 2189 eas
476 2159 613 2189 relaxandi
625 2156 757 2197 generalis
769 2155 815 2187 vel
828 2155 948 2195 specialis
960 2155 992 2186 sit
1000 2178 1011 2194 ,
1029 2155 1075 2186 vel
1090 2154 1173 2186 fuerit
1184 2156 1318 2188 conceffa

251 2198 382 2236 facultas,
399 2197 549 2228 adimimus
560 2196 736 2235 potestatem.

290 2236 338 2268 Ab
352 2237 382 2266 iis
397 2246 468 2267 vero
482 2236 610 2266 mulieres
623 2236 652 2264 in
666 2234 723 2264 hoc
736 2241 846 2264 tantum
862 2233 953 2271 excipi
968 2231 1119 2272 volumus,
1134 2233 1210 2272 ut,si
1226 2233 1317 2265 solum

251 2277 360 2306 ratione
379 2274 493 2316 praeffiti
511 2275 614 2304 favoris
635 2274 663 2303 in
677 2272 836 2311 hujusmodi
851 2273 997 2303 sententias
1009 2272 1028 2291 '¹
1044 2271 1135 2303 forsan
1149 2271 1318 2311 inciderint,

293 2314 356 2344 {sint
378 2323 428 2351 per
449 2314 510 2344 suos
531 2312 722 2350 Dtocesanos,
739 2312 812 2349 juxta
834 2311 958 2343 formam
970 2309 1123 2350 Ecclesiae,
1137 2310 1318 2343 absolutionis

251 2323 423 2384 ggneficium
436 2352 574 2382 obtinere.

789 1808 836 1837 ire.

291 2432 399 2463 Actum
420 2431 529 2462 Palatio
544 2431 643 2465 nostro
658 2430 745 2463 Urbe
760 2430 859 2463 Veteri
872 2430 937 2463 Kal.
954 2430 1042 2473 April.
1055 2429 1241 2463 Pontificatus
1254 2441 1322 2464 rios-

253 2473 289 2504 tri
302 2481 379 2503 anno
391 2470 527 2510 secundo,

791 2550 846 2582 Sub
852 2550 914 2593 filis
923 2548 1019 2589 siricis
1028 2549 1109 2591 flavi*
1124 2552 1213 2582 rubei-

832 2600 883 2631 que
897 2589 996 2620 coloris.

337 2723 426 2756 Bulla
438 2750 448 2766 ‚
473 2722 510 2757 de
526 2725 666 2757 Generali
684 2723 811 2757 Concilio
830 2722 875 2756 ad
896 2721 1082 2770 Lugdunum
1097 2720 1247 2770 affignaw.

259 2812 465 2876 GRegorius
476 2812 647 2858 EpiscopuS,
667 2812 757 2859 servus
770 2812 914 2858 servorum
929 2811 1003 2850 Dei,
1017 2810 1157 2844 carissimo
1170 2811 1326 2856 inChristo

257 2851 459 2923 nedieggplem·
526 2853 602 2892 Regi
615 2852 726 2892 Angiiae
741 2851 856 2891 illustri,
872 2851 988 2882 salutem
1009 2852 1043 2883 &
1060 2850 1259 2890 Apostolicam
1276 2852 1328 2882 be-

295 2929 329 2960 In
343 2929 455 2961 Litteris
463 2931 546 2971 {quas
560 2939 609 2970 per
623 2929 764 2960 universos
777 2929 864 2960 Orbis
882 2928 1029 2967 Principes
1033 2929 1085 2968 ,&
1100 2927 1234 2959 Praelatos
1246 2928 1328 2965 super

256 2968 386 3007 generalis
399 2970 608 3000 convocatione
623 2967 751 2999 Coiicilii
765 2967 981 3006 destinavimus,
999 2967 1113 3006 locum,
1132 2968 1161 2997 in
1178 2977 1237 3006 quo
1249 2967 1328 2998 idern

257 3006 426 3038 Concilium
439 3009 593 3038 convenire
606 3007 736 3046 deberet,
750 3017 784 3038 ex
799 3007 878 3038 causa
890 3007 1021 3037 duximus
1033 3006 1244 3044 subticendum,
1255 3016 1330 3044 prae-

255 3045 376 3089 diximus
394 3054 490 3077 tamen
510 3047 540 3076 in
559 3046 610 3076 illis
622 3069 632 3085 ,
647 3046 725 3085 quod
747 3046 845 3077 locum
864 3045 987 3076 eundem
1009 3045 1069 3083 ipfis
1091 3044 1272 3086 Principibus
1292 3045 1328 3078 &

256 3083 381 3115 Praelatis
396 3086 523 3115 intimare
537 3085 713 3121 competenti
725 3093 855 3126 tempore
868 3094 1037 3116 curaremus.

293 3121 393 3152 Nobis
414 3124 498 3162 igitur
520 3133 587 3153 cum
608 3123 736 3153 fratribus
757 3124 859 3154 nostris
872 3147 882 3163 ,
899 3122 1059 3163 liujufinodi
1079 3122 1137 3153 loci
1156 3123 1329 3154 electionem

257 3160 461 3192 deducentibus
474 3164 505 3193 iii
519 3162 623 3192 exactae
636 3161 809 3192 discuffionis
825 3172 959 3201 examen,
976 3162 1163 3192 occurrebant
1178 3162 1247 3194 hinc
1263 3162 1329 3194 inde

258 3199 381 3239 diversa,
398 3210 464 3239 quae
477 3200 683 3231 discutientium
698 3201 863 3232 videbantur
872 3201 1012 3240 judicium
1026 3201 1168 3232 alternare.

297 3238 333 3270 N
335 3249 369 3269 ec
381 3240 460 3270 enim
475 3239 597 3277 praeterit
610 3238 714 3268 nostrae
727 3240 956 3271 considerationis
970 3239 1131 3280 indaginem
1140 3263 1149 3278 ,
1166 3249 1253 3278 quam
1268 3248 1330 3280 gra·

259 3287 312 3317 ve,
328 3287 413 3316 quam
426 3278 530 3309 durum
550 3277 608 3315 est,
626 3277 725 3307 locum
747 3277 824 3308 Sedis
845 3278 1019 3321 Apostolicae
1038 3280 1183 3319 proprium
1197 3302 1207 3317 ,
1225 3280 1254 3309 in
1270 3288 1330 3319 quo

260 3317 469 3356 praecipuorum
487 3315 682 3355 apostolorum
704 3316 871 3355 glorificatus
890 3317 932 3348 est
952 3318 1039 3348 exitus
1051 3340 1062 3357 ,
1083 3319 1113 3348 in
1135 3327 1193 3356 quo
1213 3318 1329 3348 illorum

261 3365 381 3392 corpora
402 3356 519 3394 gloriosa
538 3354 682 3393 quiescunt
696 3376 705 3392 ,
725 3363 857 3385 terrarum
876 3356 962 3394 spatio
982 3364 1040 3388 tam
1054 3355 1158 3387 diffuso
1170 3356 1331 3395 dimittere,

262 3400 341 3423 tanto
353 3394 486 3424 locorum
499 3393 646 3425 intervallo
660 3393 675 3423 a
707 3394 819 3424 eculiari
832 3394 993 3425 nostrorum
1010 3395 1118 3435 populo
1132 3395 1207 3425 urbis
1219 3395 1330 3434 aliene,

264 3433 420 3462 convicinis
434 3434 555 3474 partibus
589 3441 654 3471 quae
695 3431 740 3461 edi
753 3432 846 3463 eidem
860 3443 920 3463 non
935 3433 1023 3464 solum
1035 3433 1224 3475 spiritualiter,
1240 3434 1279 3465 set
1296 3434 1331 3464 &

265 3471 453 3538 }egipo}rahter
473 3455 581 3502 subesse
604 3470 756 3502 noscuntur
771 3494 782 3510 ,
807 3472 1043 3504 commoditatem
1061 3473 1210 3505 vicinitatis
1229 3472 1332 3504 nostris

278 3517 295 3536 u
316 3516 354 3539 tra
376 3519 429 3539 eie.

305 3546 418 3585 Qanta
437 3557 471 3578 ex
489 3547 607 3579 absentia
627 3547 720 3578 nostra
741 3548 852 3579 diversis
865 3549 966 3580 Ytaliae
978 3549 1100 3588 partibus
1111 3549 1222 3591 possent
1236 3550 1333 3581 immi-

268 3591 333 3612 nere
353 3585 531 3628 discrimina?
553 3587 704 3625 Qantum
719 3589 840 3624 partium
861 3588 1013 3619 earundem
1031 3591 1180 3619 inveterata
1195 3588 1333 3627 Sciffura,

268 3629 321 3688 Ero
337 3625 531 3667 reintegrandae
552 3626 662 3656 unitatis
682 3625 839 3657 obtinendo
860 3627 986 3658 remedio
999 3627 1096 3658 nostro
1108 3628 1212 3658 auxilio
1226 3627 1334 3667 indige-

293 3658 338 3688 at?
354 3660 473 3698 Qantis
486 3663 605 3704 denique
618 3664 750 3694 oneribus
765 3688 774 3703 ,
791 3665 952 3705 quantisque
966 3666 1109 3696 laboribus
1123 3675 1176 3696 nos
1191 3666 1224 3696 &
1239 3666 1334 3696 fratres

272 3696 381 3739 nostros
401 3700 540 3737 (quorum
561 3702 667 3742 aliquos
679 3710 744 3733 aetas
755 3726 765 3740 ,
784 3704 917 3743 quosdam
930 3703 1072 3744 debilitas,
1091 3704 1244 3735 nonnullos
1258 3704 1334 3734 infir-

273 3742 354 3763 mitas
367 3757 376 3772 ,
393 3736 426 3766 &
445 3748 543 3782 omnes
562 3740 596 3770 ad
617 3741 675 3771 hoc
693 3741 862 3773 deffuetudo
882 3741 972 3772 reddit
991 3743 1124 3774 inhabiles
1140 3746 1150 3780 )
1167 3744 1335 3781 exponimus

274 3781 335 3801 non
347 3772 403 3816 sine
416 3783 506 3818 rerum
520 3777 682 3818 dispendiis,
699 3789 763 3819 quae
781 3780 854 3818 quasi
868 3790 921 3818 pro
937 3781 1047 3812 nichilo
1065 3781 1212 3820 ducimus,
1229 3791 1288 3812 non
1301 3780 1336 3811 fi-

275 3819 314 3840 ne
325 3809 525 3853 discriminibus
538 3825 691 3860 corporum
701 3841 711 3856 ,
729 3828 794 3856 quae
815 3829 874 3850 non
886 3819 967 3850 facile
980 3828 1239 3858 contempnuntur:
1256 3818 1338 3849 Haec

276 3848 374 3892 ‚&,al¹a
386 3870 397 3886 >
415 3859 477 3887 quae
493 3861 551 3894 tion
571 3855 663 3898 postet
684 3856 843 3888 succinctus
857 3857 960 3888 Sermo
977 3868 1154 3898 percurrere,
1171 3859 1202 3889 in
1215 3857 1336 3897 partibus

277 3886 334 3916 lstls
346 3886 444 3916 locum
457 3887 611 3934 huiusmodi
622 3893 656 3922 eli
676 3894 781 3925 endum
795 3895 965 3927 concludere
979 3897 1154 3928 videbantur.

316 3924 424 3954 Verum
439 3934 486 3962 ea,
500 3936 653 3970 qqaeyn'eo
673 3941 720 3962 em
733 3933 794 3963 sunt
811 3934 916 3972 agenda
929 3934 1082 3974 Concilio,
1095 3934 1266 3967 contrarium
1279 3932 1338 3963 sua-

279 3962 400 4006 debant,
417 3962 450 4006 5³5<
465 3963 611 4007 specialiter
624 3971 770 4007 negotium
785 3972 886 4003 Terrae
897 3973 1017 4011 saneiae4
1035 3983 1122 4012 quam
1156 3972 1228 4002 dum
1248 3970 1337 4002 Crea-

277 4008 331 4030 tori
350 4010 480 4031 omnium
500 4011 634 4033 cariorem
654 4009 785 4038 omnibus
798 4009 938 4048 Scriptura
952 4011 1081 4042 describit
1126 4012 1175 4042 atis
1188 4012 1281 4048 aperte
1294 4011 1338 4040 in-

278 4038 353 4070 dicat
365 4038 531 4071 carissimam
543 4042 732 4079 proculdubio
745 4046 761 4076 a
774 4047 856 4079 nobis
870 4047 1044 4088 habendam,
1062 4035 1132 4082 etim
1143 4048 1244 4089 soleat,
1259 4049 1338 4090 quod

723 128 1502 182 CONVENTIONES,
1557 127 1947 178 LITERAE‚

1352 215 1395 247 est
1406 217 1438 284 isi}t
1450 215 1605 254 Superioris
1624 215 1777 256 conspectu
1796 215 1970 257 praestantius
1983 238 1993 254 ,
2011 215 2041 246 in
2055 214 2229 248 subditorum
2242 217 2424 251 extimatione

1353 265 1413 294 prae
1439 264 1492 284 are.

2436 216 2514 250 Ann.
2529 214 2570 250 D.

2458 264 2545 295 1273.

1392 293 1490 324 Adicit
1504 291 1612 332 insuper
1627 292 1833 324 beneficiorum
1845 292 2047 332 consideratio,
2064 303 2129 333 quae
2149 293 2219 324 inibi
2233 293 2360 325 humano
2393 307 2422 328 e-
2432 297 2499 326 Edv.
2522 305 2547 323 i.

1353 334 1415 363 neri
1429 332 1465 362 de
1479 331 1587 362 divinae
1599 332 1866 371 superhabundantia
1899 333 1974 362 ratiae
1994 333 2197 372 obvenerunt,
2215 332 2352 373 siquidem
2386 335 2425 366 al.

1352 379 1433 402 vator
1445 371 1579 400 omnium
1593 378 1720 410 operatus
1733 371 1774 402 est
1787 372 1816 400 in
1830 380 1876 400 me
1897 371 1926 400 io
1940 371 2010 400 illius
2024 370 2125 401 Terrae
2132 371 2259 402 salutem:
2276 370 2321 401 Ibi
2327 372 2425 413 sump-

1355 410 1389 440 sit
1401 408 1563 446 temporalis
1583 409 1731 440 nativitatis
1751 410 1880 440 initium:
1899 409 1943 439 Ibi
1956 409 2173 440 conversationis
2189 410 2323 441 humanae
2336 411 2426 443 dedu-

1354 449 1394 478 xit
1407 456 1550 487 tempora:
1568 446 1630 486 Ibi,
1648 447 1712 487 post
1724 448 1857 486 probrosa
1870 447 2004 478 Paffionis
2017 449 2170 486 opprobria
2182 471 2192 488 ,
2220 458 2273 487 pro
2296 448 2427 480 Redem-

1353 487 1453 525 ptione
1465 484 1562 517 nostra
1577 508 1587 524 ,
1605 494 1730 517 mortem
1745 486 1827 517 subiit
1841 487 2043 527 temporalem,
2062 488 2095 518 «Sc
2107 487 2146 518 sui
2160 488 2274 526 pretiofi
2286 487 2427 520 effufione

1355 526 1462 555 cruoris
1476 533 1556 555 vetus
1567 525 1710 562 piaculum
1723 526 1857 563 expiavit.

1392 562 1551 601 Numquid
1563 563 1645 602 igitur
1658 573 1719 593 non
1734 565 1812 594 conti
1833 571 1900 594 verit
1915 563 2146 602 Redemptorum
2166 564 2252 595 corda
2265 587 2276 603 ‚
2290 565 2427 598 immensa

1352 601 1387 632 &
1399 602 1612 632 innumerabilia
1624 601 1762 633 beneficia
1782 602 1830 632 Re
1851 602 2004 640 emptoris?
2021 602 2177 641 Numquid
2192 613 2254 634 non
2266 605 2426 636 accendent

1353 640 1437 678 cujus
1452 651 1486 672 ue
1500 641 1655 679 praecordia
1667 663 1678 679 ,
1695 649 1726 671 ut
1744 641 1793 680 ipsi
1805 650 1857 680 pro
1871 649 1930 680 tot,
1948 651 2014 680 quae
2029 642 2111 672 nobis
2123 642 2239 680 tribuit,
2257 641 2315 672 hoc
2329 642 2426 673 saltem

1354 688 1426 710 nece
1450 681 1520 710 itatis
1531 688 1678 718 ternpore,
1695 679 1797 719 aliquid
1816 689 1845 710 re
1866 680 2000 710 endamus
2011 704 2021 718 ,
2038 681 2110 711 dum
2123 680 2227 712 Crucis
2239 679 2334 711 hostes
2349 680 2427 712 Cru-

1353 717 1471 748 cifixum
1485 718 1618 749 habentes
1633 717 1795 756 obsteiitui,
1813 728 1850 749 cu
1861 727 1934 749 tores
1947 719 2028 757 ipsius
2042 718 2198 750 Christiani
2212 720 2338 750 nominis
2351 719 2426 750 Pro-

1354 756 1468 787 feffores
1481 780 1491 796 ,
1516 765 1547 787 ut
1567 755 1675 787 Christi
1697 757 1805 787 cultum
1827 756 1863 787 de
1883 757 1957 788 terra
1974 757 2102 797 deleant,
2119 758 2284 789 incessanter
2295 759 2428 789 extermi-

1354 803 1423 826 nant
1438 797 1472 827 &
1486 795 1658 826 conculcarit
1667 818 1676 833 ,
1691 796 1764 835 ipsos
1777 795 1951 826 debilitantes
1964 797 2068 828 viribus
2081 820 2091 836 ,
2109 805 2287 828 extenuantes
2305 798 2427 836 opibus,

1353 834 1388 903 ἐς
1401 844 1501 865 eorum
1507 835 1599 895 >facies
1614 834 1749 872 replentes
1762 833 1936 874 ignominia,
1955 835 2077 875 ipsosque
2089 836 2200 867 diversis
2213 836 2428 868 confusionibus

1381 881 1512 903 turantes.

1390 911 1438 942 Ad
1455 910 1634 942 vindicandas
1649 910 1748 954 ,itaque
1759 910 1960 950 Redemptoris
1975 912 2103 952 injurias,
2120 911 2155 943 ad
2168 912 2329 944 redimenda
2342 915 2427 954 igno-

1353 950 1480 980 miniosae
1493 950 1718 981 conculcationis
1729 951 1882 990 opprobria
1896 952 1925 980 in
1937 951 2104 989 redemptis,
2121 951 2266 990 nostrum,
2282 953 2357 983 circa
2371 961 2428 983 ter-

1352 997 1412 1018 ram
1427 988 1545 1020 eandem
1554 1012 1564 1028 ,
1579 987 1721 1019 Creatoris
1735 989 1945 1020 conformantes
1960 988 2091 1028 affectui,
2108 999 2141 1020 ac
2156 990 2249 1021 debita
2263 991 2427 1022 meditatio-

1352 1037 1390 1057 ne
1403 1027 1562 1067 pensantes,
1579 1026 1658 1067 quod
1671 1026 1794 1066 ejusdem
1808 1036 1889 1058 terrae
1902 1028 2064 1059 Subsidium
2077 1050 2087 1066 ‚
2104 1030 2248 1068 praecipue
2261 1029 2297 1060 de
2312 1029 2422 1061 Princi-

1352 1075 1424 1104 pum
1451 1067 1485 1098 &
1506 1066 1693 1097 Praelatorum
1711 1065 1816 1104 pendet
1836 1067 1939 1096 auxilio
1953 1089 1964 1104 ,
1987 1076 2058 1104 quos
2069 1066 2138 1096 ultra
2158 1076 2270 1098 montes
2284 1068 2427 1100 credimus

1352 1106 1508 1136 convenire
1522 1104 1603 1144 posse
1615 1104 1810 1144 commodius,
1825 1105 2030 1136 exinanivimus
2043 1103 2225 1145 nosmetipsos
2240 1128 2250 1144 ,
2269 1107 2303 1137 &
2315 1107 2366 1137 sub
2380 1107 2428 1148 spe

1351 1143 1438 1183 illius,
1456 1146 1506 1184 qui
1517 1145 1566 1175 dat
1581 1144 1655 1191 lapso
1669 1145 1803 1175 virtutem
1812 1166 1827 1189 2
1844 1143 2017 1174 debilitatem
2035 1142 2161 1174 nostram
2182 1146 2403 1184 contempsimus
2414 1169 2427 1185 ‚

1352 1182 1402 1213 sub
1416 1184 1496 1228 ipsius
1517 1182 1621 1214 fiducia
1633 1206 1644 1222 ,
1661 1183 1710 1222 qui
1724 1182 1760 1213 de
1779 1182 1826 1213 sua
1841 1181 2030 1213 misericordia
2046 1191 2098 1212 nos
2112 1181 2271 1221 confortat,
2289 1183 2366 1223 quod
2383 1185 2428 1215 in-

1352 1222 1494 1253 tendimus
1512 1245 1522 1261 ,
1545 1223 1576 1252 in
1596 1231 1633 1252 eo
1652 1221 1732 1261 poffe
1751 1220 1886 1261 sperantes
1898 1244 1908 1260 ,
1926 1222 2004 1259 parvi
2026 1220 2177 1259 pendimus
2189 1231 2275 1252 onera
2288 1244 2298 1260 ,
2317 1222 2426 1254 labores

1353 1261 1577 1292 consideratione
1589 1261 1777 1299 calcavimus,
1797 1260 1831 1291 &
1843 1262 1950 1291 caeteris
1971 1259 2072 1290 nostris
2086 1269 2120 1290 ac
2133 1260 2250 1290 fratrum
2263 1260 2429 1294 nostrorum

1352 1299 1634 1330 incommoditatibus
1645 1301 1675 1330 in
1689 1298 1814 1329 e'usdem
1826 1298 2054 1329 considerationis
2068 1300 2275 1330 examinatione
2288 1299 2428 1339 postposi-

1351 1338 1403 1377 τίς,
1419 1346 1449 1369 ut
1463 1338 1631 1378 Principum
1643 1338 1677 1369 &
1691 1309 1879 1369 liraelatorum
1892 1338 2049 1368 eorundem
2070 1337 2176 1368 facilius
2191 1337 2327 1377 possimus
2342 1339 2429 1370 habe-

1352 1386 1383 1406 re
1395 1376 1570 1416 praesentiam
1586 1400 1596 1415 ,
1614 1386 1647 1407 ac
1662 1385 1744 1407 terrae
1760 1376 1903 1414 praedietae
1923 1377 2140 1408 subventionem
2159 1376 2179 1396 *⁵
2198 1376 2343 1408 efficacius
2360 1387 2429 1418 pro-

1352 1424 1484 1455 movere,
1502 1415 1658 1446 Civitatem
1672 1414 1893 1454 Lugdunensem
1905 1439 1916 1453 ,
1930 1425 1990 1455 quo
2016 1415 2086 1445 inibi
2101 1414 2270 1446 Concilium
2286 1426 2354 1447 cum
2370 1426 2431 1448 ma-

1351 1454 1412 1524 iglre
1423 1454 1628 1523 coimmoditate
1647 1454 1800 1485 conveniat
1813 1476 1825 1492 ,
1843 1453 1879 1484 de
1894 1454 2017 1492 ipsorum
2031 1453 2149 1485 fratrum
2162 1453 2281 1485 confilio
2297 1455 2430 1488 duximus

1411 1503 1447 1524 en
1468 1503 1524 1524 am.

1390 1502 1484 1572 &iod
1502 1531 1671 1564 Celsitudini
1685 1539 1760 1570 tuae,
1775 1538 1874 1562 tenore
1892 1529 2069 1568 praesentium
2083 1553 2094 1570 ,
2113 1533 2277 1563 nunciantes
2289 1555 2300 1572 ,
2318 1532 2430 1564 Sereni-

1354 1578 1442 1601 tatem
1463 1573 1568 1612 regiam
1588 1579 1719 1610 rogamus
1733 1593 1743 1608 ,
1761 1569 1795 1601 ὃς
1815 1569 1960 1600 hortamur
1975 1570 2005 1599 iri
2024 1569 2074 1600 illo
2088 1571 2138 1608 qui
2153 1569 2282 1610 Regibus
2299 1571 2346 1602 dat
2359 1572 2430 1603 salu-

1353 1617 1413 1640 tem
1427 1632 1437 1649 ,
1456 1611 1486 1641 in
1507 1609 1701 1640 remissionem
1722 1609 1774 1639 tibi
1793 1609 1994 1646 peccaminum
2008 1607 2168 1647 suadentes,
2184 1617 2215 1640 ut
2229 1617 2258 1640 te
2273 1610 2311 1640 illi
2325 1611 2430 1650 gratifi-

1353 1659 1436 1686 cans,
1455 1649 1503 1688 qui
1517 1657 1561 1680 tot
1580 1649 1673 1688 gratiis
1693 1656 1721 1679 te
1735 1648 1890 1686 praevenit,
1908 1647 1941 1678 &
1957 1646 2084 1677 laborem
2098 1647 2306 1690 voluntarium,
2325 1649 2430 1681 adram

1356 1687 1444 1718 sancti
1459 1710 1469 1726 ,
1487 1697 1544 1719 tam
1565 1687 1639 1718 utilis
1653 1687 1760 1726 negotii
1773 1687 1987 1724 promotionem
2002 1685 2159 1725 affumens,
2177 1687 2294 1724 praefixo
2308 1697 2357 1726 per
2372 1698 2431 1719 eas-

1352 1725 1421 1756 dem
1433 1726 1534 1758 litteras
1547 1727 1688 1765 termino‚
1705 1726 1819 1756 interim
1833 1724 1866 1756 ad
1883 1725 1940 1755 hoc
1954 1725 2145 1763 oportunitate
2158 1733 2284 1764 captata,
2301 1727 2332 1756 in
2346 1725 2430 1759 Civi-

1357 1772 1413 1795 tate
1447 1765 1577 1804 raedidta,
1595 1765 1650 1796 una
1661 1774 1729 1796 cum
1742 1764 1799 1795 aliis
1815 1763 1994 1803 Principibus
2009 1764 2042 1794 &
2058 1762 2197 1804 Praelatis,
2234 1774 2338 1795 uorum
2350 1765 2432 1805 supet

1352 1803 1412 1835 hoc
1425 1774 1569 1835 bominus
1583 1803 1671 1835 corda
1682 1803 1821 1844 tetigerit,
1837 1811 1914 1834 tuam
1926 1802 1994 1833 velis
2005 1802 2178 1841 praesentiam
2192 1812 2208 1833 e
2250 1803 2335 1834 bere.

1353 1924 1371 1955 s
1381 1884 1546 1956 cDaii'oapu‘i
1559 1885 1677 1918 Urbem
1689 1892 1815 1917 veterem
1833 1882 1876 1916 Id.
1890 1883 1996 1923 Aprilis
2007 1906 2018 1923 ,
2034 1882 2222 1915 Pontificati'is
2233 1883 2322 1916 nostri
2340 1883 2431 1917 Anno

1365 1935 1380 1956 e
1400 1935 1439 1955 un
1481 1949 1487 1955 .

2016 2003 2071 2035 Sub
2076 2001 2131 2047 filo
2145 2003 2253 2036 canabi.

1353 2156 1476 2188 Littera
1503 2154 1700 2188 Credentialis
1725 2152 1766 2187 ab
1786 2154 1914 2200 Alfonsb
1936 2156 2014 2200 Rege
2043 2152 2171 2197 Castellae
2181 2163 2238 2199 pro
2250 2152 2355 2198 sbrore
2371 2152 2435 2199 fisa

1401 2206 1446 2236 A.
1474 2206 1588 2250 Regina
1610 2204 1725 2250 Angliae
1738 2230 1748 2245 ‚
1774 2215 1836 2250 qnae
1860 2207 1892 2236 in
1915 2201 2016 2236 reditu
2034 2213 2056 2234 a
2078 2203 2176 2238 Terra
2193 2201 2306 2235 Sanlla
2330 2202 2375 2236 ad
2390 2206 2435 2250 tp-

1392 2251 1468 2298 fi‘m
1483 2251 1651 2286 videndum
1671 2251 1852 2286 diverterat.

1353 2340 1564 2396 MAgniflco
1586 2341 1795 2386 &nExcellenti
1813 2341 1964 2386 Principi,
1987 2339 2105 2384 Sororio
2121 2338 2173 2371 suo
2187 2325 2353 2386 'kariflimo,
2371 2339 2431 2385 Ed-

1438 2381 1551 2419 ward0,
1570 2380 1745 2424 Dei-gratia,
1764 2379 1866 2410 Illustri
1881 2380 1957 2419 Regi
1970 2379 2099 2418 Angliae,
2115 2378 2250 2410 Domino
2264 2379 2432 2424 Hiberniae,

2440 1376 2456 1395 θ
2473 1376 2514 1408 11.
2530 1386 2570 1412 ιη

2446 2342 2523 2376 Ann.
2540 2346 2570 2378 D

2466 2393 2550 2423 1273,

1355 2419 1389 2450 &
1406 2417 1488 2449 Duci
1506 2419 1533 2450 A
1555 2420 1667 2450 uitamae
1682 2442 1691 2457 ,
1710 2418 1841 2450 Alfonsus
1862 2418 1960 2448 eadem
1973 2418 2058 2457 gratia
2072 2417 2138 2447 Rex
2151 2416 2300 2457 Castellae,
2313 2419 2431 2458 Tolen,
2443 2427 2496 2450 An.
2516 2433 2540 2451 i.

1358 2457 1488 2496 Ligionis
1502 2480 1512 2497 ,
1564 2458 1668 2488 alleciae
1681 2481 1692 2496 ,
1712 2457 1817 2488 Sibiliae
1831 2481 1841 2496 ,
1858 2455 2017 2487 Cordubiae
2029 2479 2038 2495 ,
2055 2454 2182 2487 Murciae
2197 2479 2206 2494 ,
2223 2456 2332 2488 Gihen.
2348 2466 2432 2499 atque

1357 2496 1395 2528 Al
1415 2497 1516 2535 arbiae,
1533 2497 1646 2527 salutem
1662 2497 1695 2528 δε
1707 2497 1817 2527 intimae
1830 2495 1990 2527 dileffioms
2005 2495 2178 2525 continuum
2192 2496 2414 2527 incrementum.

1421 2535 1599 2566 xcellentiam
1621 2534 1744 2567 vestram
1764 2545 1797 2565 ro
1817 2545 1896 2565 amus
1910 2558 1921 2574 ,
1946 2534 2076 2572 quatinus
2097 2532 2239 2565 Dominae
2265 2534 2409 2566 Alianorae
2423 2558 2434 2575 ,

1358 2572 1494 2606 Consorti
1510 2574 1628 2613 vestrae,
1645 2574 1744 2605 Sorori
1757 2584 1798 2605 no
1824 2583 1864 2604 rae
1880 2572 2046 2611 karissimae,
2063 2574 2095 2603 iri
2108 2572 2159 2603 hiis
2174 2596 2184 2612 ,
2203 2583 2268 2611 quae
2282 2574 2384 2613 vobis,
2401 2583 2436 2605 ex

1358 2621 1438 2651 parte
1451 2612 1546 2644 nostra
1582 2612 1725 2644 referenda
1737 2613 1827 2643 verbo
1841 2621 1922 2643 tenus
1935 2610 2044 2642 duxerit
2054 2633 2065 2649 ,
2082 2610 2170 2642 fidem
2190 2612 2343 2652 plenariam
2358 2613 2439 2650 arihis

1359 2652 1443 2690 bere,
1461 2652 1495 2683 &
1509 2636 1609 2683 eadem
1623 2653 1755 2690 operibus
1765 2651 1918 2691 adimplere
1931 2651 2029 2681 velitis.

1398 2729 1468 2762 Dat.
1487 2731 1565 2763 Sibil.
1579 2741 1628 2773 23.
1649 2731 1696 2763 die
1705 2731 1801 2770 Junii,
1816 2730 1906 2762 Anno
1920 2731 2047 2762 Domini
2064 2739 2150 2771 1273.

1424 2810 1509 2843 Dors
1527 2810 1753 2852 Excellentifflmo
1773 2812 1892 2850 Principi
1905 2810 2050 2841 Edwardo
2061 2809 2167 2852 Illustri'
2179 2812 2246 2850 Regi·
2259 2811 2383 2851 Angliaei

1362 2961 1412 2995 De
1429 2958 1620 3003 Submiffione
1640 2962 1765 2995 Domini
1792 2960 1828 2995 de
1847 2963 1967 2995 Tornon
1979 2988 1990 3004 ‚
2017 2959 2053 2994 de
2075 2956 2273 3003 Interceffione
2289 2959 2440 3007 Comitiffn

1405 3007 1564 3042 Sabandiae
1578 3013 1615 3050 ὠ
1633 3009 1812 3058 Burgundiae
1825 3037 1836 3053 ,
1862 3013 1899 3048 ὠ·
1924 3010 1962 3043 de
1978 3013 2066 3058 Regis
2084 3006 2254 3052 Remffone
2270 3009 2439 3056 transgrefl

1397 3057 1519 3102 stonum
1539 3056 1602 3101 sibi
1630 3069 1687 3107 per
1715 3059 1812 3107 ipfitm
1834 3059 1999 3105 faslarum
2027 3062 2060 3092 in
2093 3059 2206 3092 Itinere
2235 3056 2281 3092 ad
2306 3059 2439 3092 Terram

1411 3106 1567 3142 Sanllam.

1364 3194 1421 3254 A

1363 3285 1461 3316 gneur.

2444 2465 2474 2489 Ε.
2500 2472 2523 2489 1.

2444 2504 2483 2528 Ex
2514 2505 2570 2529 Bun

2445 2538 2493 2566 del.
2514 2540 2546 2568 in

2449 2580 2526 2607 Tum
2531 2598 2538 2607 .

1438 3196 1527 3228 Touz
1537 3206 1636 3236 ceaus,
1653 3197 1683 3237 qi
1696 3195 1756 3228 cest
1769 3197 1847 3229 lettre
1861 3205 1978 3229 verront
1989 3208 2030 3229 ou
2043 3196 2299 3235 orront,William
2313 3194 2349 3227 de
2355 3195 2437 3226 Tor·
2447 3204 2523 3235 Arm,
2539 3202 2570 3235 D

1439 3246 1501 3267 non
1515 3259 1525 3276 ,
1543 3235 1680 3275 Seigneur
1696 3235 1733 3267 de
1755 3237 1879 3268 Tornon
1899 3237 1943 3269 sur
1962 3237 1989 3268 le
2002 3236 2107 3276 Rone,
2124 3237 2198 3268 saluz
2210 3245 2247 3266 en
2260 3233 2357 3266 nostre
2374 3234 2436 3265 Sei-
2468 3251 2556 3284 1273,

2446 3285 2478 3310 E.
2499 3291 2526 3309 i.

1402 3314 1492 3344 Sache
1506 3312 1602 3344 vostre
1615 3313 1762 3345 universite
1795 3325 1850 3353 que
1865 3324 1952 3346 come
1965 3314 1991 3345 le
2007 3313 2095 3344 noble
2109 3313 2215 3344 Prince
2228 3311 2352 3344 Edward
2360 3335 2371 3351 ,
2383 3320 2433 3350 par
2447 3325 2477 3348 L.
2497 3324 2530 3348 Β,

1365 3352 1391 3383 la
1403 3361 1484 3392 grace
1499 3352 1535 3382 de
1551 3351 1630 3382 Dieu
1643 3351 1713 3392 Roy
1728 3338 1935 3394 d'lingieterre,
1951 3353 2016 3392 iadis
2029 3352 2096 3383 alast
2108 3363 2145 3384 en
2159 3352 2315 3391 pelerinage
2329 3360 2391 3381 vers
2408 3349 2433 3380 la
2440 3358 2493 3396 fol,
2510 3366 2557 3394 24,

1366 3399 1437 3422 terre
1449 3390 1562 3428 Seinte,
1580 3400 1596 3420 e
1608 3401 1714 3422 aucuns
1727 3392 1763 3422 de
1776 3391 1802 3422 sa

1835 3401 1900 3432 ent,
1917 3402 1957 3422 ou
1970 3392 2009 3423 ses
2023 3390 2119 3422 choses
2133 3414 2143 3430 ,
2162 3390 2311 3422 analeffent
2327 3389 2356 3419 le
2370 3388 2435 3419 Ro-
2447 3401 2518 3425 pm,
2528 3400 2570 3424 c„

1365 3440 1402 3461 ne
1416 3452 1426 3469 ,
1444 3439 1506 3461 vers
1526 3428 1682 3468 Eguemort
1694 3453 1705 3469 ,
1723 3440 1740 3461 e
1760 3401 1908 3463 vincierent
1921 3440 1970 3471 par
1988 3439 2060 3461 mon
2074 3429 2192 3461 Chastel
2203 3429 2239 3460 de
2252 3429 2392 3464 Tornon‚
2405 3426 2437 3464 je
2447 3445 2540 3465 merar-

1366 3469 1399 3500 fis
1419 3477 1540 3499 aucunes
1560 3467 1596 3498 de
1614 3468 1653 3499 ses
1675 3469 1771 3500 choses
1784 3494 1794 3510 ,
1813 3480 1862 3508 par
1884 3480 1952 3511 moy
1966 3492 1977 3509 ,
1995 3479 2035 3500 ou
2056 3478 2104 3508 par
2121 3469 2161 3499 les
2178 3468 2269 3499 miens
2308 3464 2436 3504 atacher,

1366 3507 1486 3550 prendre
1499 3530 1510 3546 ,
1527 3518 1543 3538 e
1561 3506 1671 3538 arestier
1695 3518 1775 3539 noun
1795 3509 1946 3540 deuement
1958 3531 1968 3547 ,
1985 3518 2022 3538 en
2042 3507 2202 3547 prejudice,
2217 3506 2253 3537 de
2287 3512 2397 3542 onour,
2414 3512 2432 3534 e

1366 3548 1484 3586 damage
1497 3547 1533 3576 de
1544 3545 1705 3577 l'avauntdit
1716 3546 1802 3587 Roy3
1821 3558 1855 3579 ce
1868 3547 1911 3578 est
1924 3547 2030 3578 asavoir
2042 3556 2082 3577 un
2097 3545 2176 3576 Rasel
2195 3544 2232 3575 de
2243 3543 2316 3582 fust,
2329 3551 2385 3582 que
2399 3542 2432 3586 fii

1368 3585 1466 3616 achate
1497 3594 1530 3614 or
1543 3583 1580 3615 ses
1591 3584 1651 3614 nefs
1666 3595 1681 3615 a
1694 3585 1745 3616 son
1758 3596 1822 3626 oes,
1840 3596 1891 3626 por
1905 3586 1931 3616 la
1945 3585 2029 3624 quele
2045 3584 2131 3616 chose
2145 3607 2156 3623 ,
2171 3591 2259 3614 corne
2271 3582 2297 3612 le
2311 3581 2436 3625 avantdit

1368 3624 1456 3654 noble
1505 3633 1543 3662 oy
1555 3623 1692 3667 *repeirast
1713 3624 1748 3656 de
1768 3625 1818 3655 son
1839 3634 1926 3665 veage
1940 3647 1951 3663 ,
1967 3622 2003 3654 de
2023 3631 2186 3667 outremer
2200 3645 2211 3661 ,
2226 3629 2278 3660 parv
2291 3619 2319 3650 le
2333 3629 2388 3659 pais
2401 3619 2438 3651 de

1368 3662 1479 3693 Vienis:
1498 3671 1538 3692 ou
1552 3671 1578 3700 Je
1612 3663 1724 3693 entendi
1738 3674 1787 3702 par
1799 3674 1859 3695 mes
1871 3665 1939 3695 arnis
1953 3672 2009 3702 que
2022 3661 2042 3691 il
2055 3661 2082 3692 se
2095 3669 2150 3692 tint
2163 3669 2230 3691 mau
2244 3667 2294 3698 pae
2309 3657 2348 3702 de
2366 3668 2439 3697 moy

1368 3710 1422 3742 por
1436 3700 1463 3730 le
1476 3685 1618 3744 avauntclit
1632 3701 1748 3742 trespas,
1767 3713 1823 3743 que
1844 3703 1883 3733 fet
1904 3702 1944 3733 lui
1957 3710 2066 3741 avoye,
2082 3710 2100 3730 e
2113 3699 2157 3739 se,
2174 3706 2259 3742 come
2277 3696 2349 3740 celui
2365 3706 2439 3741 con-

1369 3740 1431 3778 seye
1454 3739 1519 3770 bien
1533 3762 1543 3778 ,
1580 3749 1614 3770 ue
1636 3750 1670 3771 ce
1688 3742 1753 3772 avoi
1777 3742 1818 3772 fet
1836 3749 1993 3772 encountre
2012 3739 2064 3770 son
2083 3747 2133 3779 gre
2158 3743 2234 3781 'vuit
2253 3745 2268 3766 a
2289 3735 2356 3779 lurra
2368 3735 2440 3768 seint

1369 3777 1451 3808 Geor
1471 3787 1488 3808 e
1511 3777 1536 3807 le
1588 3778 1672 3810 hastel
1692 3779 1728 3810 de
1748 3779 1847 3811 Conte
1864 3779 1900 3811 de
1921 3779 2051 3819 Sauvoye
2069 3787 2106 3808 en
2126 3760 2224 3806 V³ienis
2236 3796 2246 3812 ,
2264 3783 2280 3804 e
2299 3783 2351 3819 mis
2365 3784 2439 3805 mon

1369 3826 1434 3846 cors
1498 3825 1558 3847 mes
1572 3818 1649 3849 biens
1684 3818 1751 3849 haut
1763 3829 1779 3849 e
1794 3819 1856 3855 bas,
1874 3829 1890 3849 a
1905 3819 1931 3848 {a
1946 3817 2078 3853 volente,
2095 3823 2110 3844 a
2124 3813 2182 3843 fere
2196 3812 2247 3843 son
2259 3812 2349 3851 pleisir
2358 3813 2439 3851 ,sanz

1370 3854 1523 3894 destresce,
1539 3865 1556 3885 e
1566 3855 1630 3887 sanz
1646 3841 1726 3888 force
1739 3867 1796 3896 que
1808 3857 1858 3888 nul
1872 3857 1961 3887 home
1975 3855 2051 3886 m’en
2064 3851 2144 3889 feist,
2161 3850 2206 3881 fos
2228 3861 2277 3890 par
2298 3861 2370 3882 mon
2387 3860 2438 3893 gre

1371 3893 1406 3925 &
1458 3903 1470 3922 r
1486 3903 1532 3924 ma
1544 3894 1620 3926 bone
1632 3896 1754 3927 volente.

1454 3931 1496 3971 il,
1548 3934 1642 3965 ardant
1663 3934 1689 3965 sa
1711 3933 1835 3965 hautess‘e
1846 3944 1863 3965 e
1876 3933 1901 3964 {a
1913 3932 2067 3963 debonerte
2083 3927 2145 3966 plus
2156 3937 2212 3969 que
2224 3938 2296 3974 mon
2315 3928 2440 3968 trespass,

1371 3979 1387 4001 a
1399 3970 1425 4001 la
1440 3980 1524 4011 reque
1549 3972 1601 4003 ela
1616 3973 1704 4003 noble
1714 3972 1812 4002 Dame
1827 3972 1925 4008 Alice,
1938 3966 2072 3999 Contesse
2085 3967 2121 3997 de
2136 3965 2279 4007 Burgoine
2294 3968 2312 3998 ὲ
2325 3967 2363 3998 de
2369 3967 2440 3998 Sau-

1369 4009 2014 4083 ffii‘izieeifieiftissivesigeiffiirss‘ievffliz'
2023 4014 2188 4078 e‘Pcssiieecess'g
2206 4016 2249 4077 {a
2262 4006 2291 4078 ζα
2324 4016 2404 4076 5²:53²
2421 4013 2441 4036 ⁶

1632 4059 1680 4090 Fas
2125 4067 2136 4084 ²
2373 4066 2444 4121 ὀμ
