2570 4261
0 265 54 290 nnn.
65 258 107 289 D.

6 308 91 338 1292.

0 341 45 367 dv.
67 346 91 364 ι.

0 3096 16 3115 ·
25 3096 130 3134 11·599-

670 170 778 211 ET
859 172 1124 215 ACTA

161 253 199 284 Et
211 254 412 293 postmodum,
432 256 461 285 in
475 253 614 293 praesentia
628 255 689 293 sua,
708 265 756 292 per
767 255 912 294 Judicium
927 258 1023 289 Curiae
1037 258 1107 296 suae,
1125 267 1179 287 no-

127 292 168 322 bis
185 293 380 331 adjudicaverit
393 295 503 324 dietum
518 294 654 331 Regnum
664 317 673 330 ,
692 294 725 324 &
740 293 862 324 seilinam
875 296 995 333 ejusdem
1017 296 1127 336 Regni,
1142 296 1175 325 &

127 330 314 370 Castrorum,
330 342 397 362 cuin
411 333 545 362 omnibus
559 333 614 362 aliis
626 332 723 369 rebuS,
741 332 896 362 liberaverit
912 336 948 363 ita
964 335 1045 372 plene
1059 338 1091 365 ὅτ
1106 336 1177 363 inte-

128 378 193 407 gre,
211 370 280 400 ficut
293 380 342 407 per
357 370 590 409 Conventiones,
607 369 820 408 obligationes,
838 371 871 401 &
886 368 1177 410 Promiffiones,quas
1217 370 1236 400 d

129 407 196 436 inde
211 407 328 446 fecerat,
347 409 499 438 tenebatur.
514 444 516 446 .
854 429 860 433 -

166 445 251 483 Nos,
269 455 322 482 pro
344 447 443 481 nobis,
462 447 495 476 &
514 455 566 482 pro
586 445 720 475 omnibus
740 445 909 477 Haeredibus
929 448 1029 478 nostris
1039 450 1054 486 ¹,
1072 458 1104 478 ac
1126 457 1180 485 pro

130 485 263 513 omnibus
278 483 343 519 illis,
364 484 398 514 ad
416 493 539 521 quorum
553 493 649 513 manus
664 484 829 520 praedictum
844 485 980 524 Regnum
995 487 1124 517 deveniat
1135 486 1178 516 fu-

131 522 198 551 turis
221 521 412 561 temporibus,
431 523 603 559 quicumque
623 522 742 559 fuerint,
761 523 915 560 quictamus
935 525 1101 562 praedictum
1116 525 1182 554 Do-

131 559 244 588 minum
259 559 387 589 nostrum
404 560 517 598 Regem
530 559 658 596 Angliae,
676 561 708 591 ὃ(
722 560 858 590 Haeredes
873 562 950 600 sUOS,
968 564 1183 603 inperpetuum,

132 596 170 626 de
188 597 321 627 omnibus
339 599 576 628 conventionibus
592 621 600 634 ,
621 598 848 634 promiffionibus
865 622 874 637 ,
896 601 929 631 δε
950 601 1182 643 obligationibus,

132 641 216 672 atque
238 637 346 673 poenis,
365 637 470 666 ratione
491 637 609 673 ipsarum
633 637 860 667 conventionum
875 660 885 674 ,
900 640 1133 677 promissionum,
1152 638 1184 669 &

133 673 345 710 obligationum
354 698 363 711 ,
377 675 474 712 nobis,
491 675 537 704 seu
551 675 644 711 probis
659 675 819 705 hominibus
831 675 900 704 dieti
913 677 1008 716 Regni
1021 678 1185 715 saetis,quae

135 711 213 742 idem
226 710 365 749 Regnum
381 714 409 742 in
422 712 503 742 rebus
518 713 598 749 iplius
613 712 708 752 Regni
722 714 878 750 contingat.

174 749 231 786 Et,
257 750 277 779 si
298 750 412 788 aliquod
436 751 569 787 scriptum
584 773 593 788 ,
619 752 824 789 qualecumque
845 752 875 782 sit
896 751 980 789 illud,
1001 752 1079 790 quod
1093 760 1185 791 tangat

136 787 290 826 praemiffa,
309 788 402 826 aliquo
415 796 544 826 tempore
557 790 664 819 amodo
684 790 714 820 sit
728 791 893 826 inventum,
912 790 1044 820 volumus
1059 792 1091 821 ὃ(
1112 801 1184 820 con-

136 825 278 864 cedimus,
296 836 349 863 pro
363 826 461 864 nobis,
479 828 512 857 &
525 826 680 858 haeredibus
695 827 814 865 nostris,
833 827 910 865 quod
926 829 1025 858 nullius
1044 829 1075 858 sit
1097 829 1186 859 robo-

135 865 172 894 ris
192 871 238 893 aut
256 864 369 894 valoris:
390 865 431 894 Ita
454 865 531 903 quod
545 875 598 895 nec
614 866 747 896 Domino
762 865 861 895 nostro
874 865 948 905 Regi
965 867 1100 904 praedicto
1110 890 1118 905 ,
1134 877 1184 897 ne-

138 911 195 939 que
213 902 370 932 haeredibus
390 903 440 934 suis
454 927 463 941 ,
482 901 606 943 Regibus
626 904 750 944 Angliae,
769 903 865 933 obeffe
883 906 994 943 valeat,
1011 915 1064 935 nec
1086 907 1185 943 nobis,

137 950 231 977 neque
251 941 406 971 haeredibus
427 942 527 972 nostris
540 966 550 980 ,
575 942 702 982 Regibus
719 942 822 973 Scotiae
834 966 844 980 ,
863 952 916 972 nec
938 944 1022 974 etiam
1043 943 1092 973 illis
1108 967 1118 980 ,
1137 944 1186 981 qui

137 977 249 1008 dietum
265 979 401 1018 Regnum
415 980 520 1010 Scotize
537 982 689 1019 tenebunt,
708 983 880 1019 quicumque
901 981 953 1011 sint
973 981 1025 1019 illi,
1043 982 1187 1020 prodel'le,

136 1026 190 1046 nec
205 1016 302 1047 locum
315 1018 409 1055 aliquo
421 1027 550 1056 tempore
563 1020 699 1049 obtinere.

174 1054 286 1092 insuper
308 1057 514 1095 promittimus,
532 1067 585 1095 pro
607 1058 705 1094 nobis,
724 1057 758 1087 ὃς
778 1058 911 1088 omnibus
930 1056 1031 1087 nostris
1054 1056 1186 1087 Haeredi-

135 1092 206 1131 bus,
225 1093 351 1133 Regibus
364 1094 486 1133 Scenae,
502 1096 535 1125 ὃς
549 1105 602 1135 pro
615 1097 748 1126 omnibus
769 1095 837 1134 illis,
856 1097 904 1134 qui
925 1095 1061 1134 Regnum
1083 1096 1186 1125 Scotiae

135 1132 273 1163 tenebunt
309 1134 481 1171 quicumque
499 1133 615 1171 fuerint,
631 1134 757 1164 universa
779 1135 812 1164 &
834 1133 938 1174 singula
955 1132 1086 1163 ratificare
1097 1157 1106 1171 ,
1125 1144 1187 1171 quae

138 1170 266 1207 praefiatus
278 1157 425 1201 Dominus
441 1171 536 1201 noster
553 1171 616 1201 Rex
631 1172 745 1209 Angliae
758 1171 824 1201 fecit
844 1172 880 1202 de
903 1172 1010 1208 Regno
1031 1173 1187 1210 praedieto,

137 1216 185 1238 aut
200 1209 236 1239 de
252 1209 348 1239 Rebus
362 1210 443 1247 ipsius
455 1210 565 1249 Regni,
581 1210 687 1240 ratione
702 1210 898 1248 superioritatis
913 1209 1046 1240 Dominii
1057 1210 1095 1239 sui
1101 1210 1186 1248 ,dum

138 1245 217 1276 idem
241 1247 377 1286 Regnum
400 1249 429 1277 in
449 1248 576 1278 manibus
600 1247 650 1278 suis
671 1249 738 1279 fuit:
759 1246 796 1278 Et
810 1258 840 1277 ea
852 1247 1032 1285 ratificamus,
1050 1249 1083 1278 &
1097 1249 1189 1278 firma-

140 1294 221 1323 mus,
240 1296 272 1316 ac
293 1286 443 1323 habemus,
460 1287 493 1316 δε
517 1286 683 1316 habebimus
705 1286 786 1315 firma
808 1287 841 1316 ὃς
857 1286 962 1315 stabilia
977 1287 1190 1323 inperpetuum,

138 1333 192 1361 pro
204 1324 304 1362 nobis,
319 1325 352 1354 &
365 1324 497 1354 omnibus
511 1323 611 1353 nostris
624 1323 810 1361 Haeredibus,
826 1325 860 1354 &
873 1334 925 1361 pro
938 1325 1072 1354 omnibus
1085 1325 1135 1354 illis
1144 1326 1192 1363 qui

139 1362 308 1400 praedictum
321 1362 458 1400 Regnum
472 1362 615 1393 tenebunt.

178 1400 317 1430 Praetere‘a
337 1400 470 1430 volumus
490 1401 522 1431 &
543 1399 729 1430 concedimus
742 1424 751 1438 ,
776 1409 829 1437 pro
860 1400 944 1430 nobis
966 1400 1000 1430 δε
1020 1399 1190 1431 Haeredibus

140 1438 260 1475 nostris,
278 1448 391 1468 necnon
404 1440 437 1469 ὃς
454 1449 507 1476 pro
520 1439 653 1469 omnibus
666 1438 717 1467 illis
732 1439 779 1476 qui
791 1437 856 1476 post
872 1448 924 1468 nos
941 1437 1107 1475 praedistum
1131 1439 1191 1469 Re-

180 1486 229 1506 um
252 1476 357 1507 Scotiae
380 1478 516 1507 tenebunt
530 1500 539 1515 ,
557 1476 634 1514 quod
655 1476 788 1513 scriptum
809 1477 854 1506 seu
873 1477 971 1514 scripta
985 1499 995 1515 ,
1017 1477 1125 1507 fastum
1146 1479 1191 1508 vel

167 1515 212 1544 cta
233 1524 283 1552 per
305 1515 453 1553 praefatum
477 1514 640 1545 Dominum
661 1515 791 1545 nostrum
815 1515 929 1553 Regem
951 1515 1061 1554 Angli—x
1074 1539 1083 1553 ,
1117 1517 1190 1553 apud

139 1552 358 1591 Norliampton.
375 1554 506 1584 vicesima
520 1554 619 1584 offtava
632 1553 680 1583 die
695 1552 829 1592 Augusti,
845 1552 932 1582 Anno
948 1552 1042 1593 Regni
1056 1554 1094 1584 sui
1116 1555 1192 1584 deci-

139 1601 192 1622 mo
206 1591 330 1629 octavo,
347 1591 521 1622 Custodibus
651 1591 812 1630 Episcopis,
830 1591 1001 1629 Abbatibus,
1018 1593 1050 1622 &
1063 1593 1115 1622 toti
1124 1592 1193 1622 Cle-

140 1640 190 1660 ro:
210 1629 391 1668 Comitibus,
410 1629 581 1668 BaronibuS,
601 1630 634 1661 &
657 1631 710 1660 toti
731 1629 938 1660 Communitati
962 1630 1057 1669 Regni
1070 1630 1192 1668 Scotiae,

140 1668 222 1706 super
243 1668 367 1707 quodam
388 1669 505 1698 &affitatu
526 1668 722 1704 Matrimonii,
740 1667 859 1698 faciendi
877 1669 948 1698 inter
969 1668 1057 1698 filium
1071 1668 1192 1707 ejusdem

144 1706 269 1737 Domini
281 1706 370 1736 nostri
385 1707 474 1743 Regis
489 1706 617 1745 Angliae,
635 1707 668 1738 &
684 1706 768 1736 filiam
782 1706 869 1745 Regis
882 1706 917 1735 N
919 1708 1067 1746 orwegiae,
1085 1707 1193 1738 Domi÷

145 1755 215 1774 nam
230 1745 263 1775 &
279 1744 421 1783 Reginam
443 1744 548 1774 Scotiae
572 1745 662 1783 (cujus
679 1745 764 1774 haeres
778 1754 828 1774 nos
843 1744 946 1781 sumus)
964 1746 1139 1776 continentia
1151 1746 1193 1776 di-

143 1782 237 1812 versos
253 1782 399 1820 articulos,
417 1782 626 1821 concessiones,
645 1782 859 1821 promissiones,
877 1783 1092 1822 affirmationes,
1112 1786 1194 1815 &ra-

140 1821 325 1859 tificationes,
345 1828 486 1860 tangentes
509 1820 629 1859 statum,
646 1822 737 1860 leges,
751 1822 829 1859 jura,
847 1822 1000 1860 libertates,
1017 1823 1194 1853 consuetudi-

141 1868 191 1890 nes
208 1882 218 1898 ,
234 1860 261 1889 se
281 1860 415 1890 arationes
430 1882 439 1898 ,
456 1859 604 1890 divisiones
618 1884 627 1898 ,
651 1860 684 1890 ὃ(
706 1861 867 1898 quietantias
889 1860 1066 1898 subjeistionis
1089 1861 1196 1898 praefati

142 1897 241 1934 Regni
277 1898 377 1936 cotiae,
395 1898 428 1929 &
441 1897 659 1928 Inhabitantium
672 1897 746 1928 idern
761 1898 897 1936 Regnum
907 1899 1144 1937 ,quibuscumque
1153 1900 1196 1929 lo-

142 1946 181 1966 co
195 1937 228 1967 &
244 1944 390 1974 tempore,
407 1936 444 1967 de
458 1944 579 1974 caetero,
597 1937 627 1966 in
641 1936 735 1966 nostra
749 1934 904 1973 Custodia,
925 1936 968 1967 vel
986 1937 1074 1967 aliena
1097 1948 1196 1977 reppe-

142 1975 262 2012 riantur,
281 1975 353 2005 cassa
369 1975 420 2004 sint
436 1975 469 2005 δί
481 1976 575 2013 irrita,
593 1975 626 2004 &
641 1975 740 2005 nullius
760 1974 911 2012 firmitatis,
931 1984 984 2004 nec
1007 1976 1101 2013 aliquo
1125 1985 1197 2006 tem-

143 2023 214 2051 pore
234 2012 322 2043 robur
343 2014 505 2052 obtineant,
523 2012 562 2043 set
581 2012 714 2051 deinceps
735 2013 787 2043 sint
800 2014 909 2051 penitus
924 2013 1078 2052 annullata,
1097 2015 1130 2044 &
1145 2025 1197 2052 pro

146 2051 228 2082 nullis
243 2053 328 2081 etiam
343 2060 496 2081 teneantur.

182 2089 221 2120 Et
234 2089 270 2119 de
284 2091 418 2120 omnibus
433 2090 486 2120 illis
508 2087 752 2128 concessionibus,
771 2089 1017 2129 promistionibus,
1034 2091 1200 2121 affirmatio-

144 2128 245 2165 nibus,
264 2127 505 2166 ratificationibus,
523 2127 556 2159 ὃς
572 2128 608 2158 de
620 2129 754 2158 omnibus
769 2129 824 2158 aliis
838 2129 937 2167 rebus,
954 2139 1138 2167 quocumque
1146 2141 1200 2160 no-

143 2167 223 2196 mine
237 2166 415 2204 censeantur,
433 2175 479 2196 aut
491 2166 701 2205 specificentur,
719 2168 747 2196 in
763 2167 864 2204 scripto
880 2167 924 2197 vel
937 2166 1061 2206 scriptis,
1078 2168 1200 2206 superius

142 2205 314 2243 nominati53
334 2205 503 2243 praedicitum
523 2204 693 2235 Dominum
716 2205 845 2235 nostrum
866 2204 998 2244 Regem,
1016 2206 1049 2236 ὃ(
1063 2206 1200 2237 Haeiedes

142 2243 222 2280 suos,
241 2252 294 2280 pro
309 2244 410 2281 nobis,
428 2244 461 2274 &
478 2242 648 2272 Haeredibus
663 2243 777 2281 nostris,
797 2244 829 2273 &
844 2253 897 2281 pro
911 2245 1044 2274 omnibus
1065 2244 1133 2282 illis,
1152 2246 1200 2283 qui

143 2280 211 2319 post
224 2285 276 2325 nos
288 2281 460 2326 praediffum
476 2280 612 2320 Regnum
624 2281 730 2312 Scotiae
744 2282 898 2320 tenebunt,
916 2292 965 2319 per
979 2282 1123 2319 praesentes
1130 2284 1203 2314 litte-

145 2328 188 2351 ras
203 2327 311 2358 penitus
325 2321 489 2358 quictamus.

184 2395 219 2426 In
236 2397 313 2434 cujus
328 2394 384 2425 Rei
399 2392 598 2426 testimonium
614 2397 740 2434 praesenti
754 2396 858 2436 scripto
872 2396 1002 2434 Sigillum
1017 2397 1203 2437 nostrum2u-

150 2434 187 2465 οὲ
200 2444 268 2465 curn
283 2434 381 2473 Sigillis
397 2434 606 2464 Venerabilium
619 2434 733 2465 Patrum
742 2457 752 2473 ,

151 2515 195 2546 W
193 2513 294 2544 illielmi
321 2513 439 2554 Epifiopi
464 2516 558 2545 sancii
590 2517 657 2545 An-
695 2514 854 2549 Alexandri
864 2514 896 2543 de
910 2514 1038 2554 Balljol0‚

182 2554 272 2591 dreae,
289 2552 327 2586 ὠ·
694 2551 816 2593 Gaffridi
829 2553 861 2581 de
873 2553 1020 2593 ll107ztbray
1029 2577 1038 2592 ‚

149 2591 261 2621 Roberti
274 2590 391 2630 Epifiopi
404 2591 566 2631 Glasguenfis
574 2614 583 2630 ,
696 2594 810 2620 Patricii
822 2591 854 2619 de
867 2591 988 2620 Graham
997 2615 1006 2629 ,

150 2628 291 2667 Johannis
307 2633 416 2658 Comitis
428 2631 458 2659 de
475 2630 621 2669 Boughan,
698 2631 739 2658 W
739 2628 838 2658 illielmi
852 2630 882 2658 de
897 2633 970 2658 Seint
986 2629 1063 2669 Cler,
1081 2630 1119 2666 ὦ·

150 2670 265 2706 Patricii'
280 2671 388 2699 Comitis
401 2669 432 2697 de
444 2669 590 2707 Marchia,
696 2667 801 2696 Thomae
815 2668 946 2708 Razrduffi.

149 2702 267 2735 Gilberti
280 2709 386 2735 Comitis
399 2707 431 2736 de
444 2710 570 2745 Anegus,
697 2705 827 2736 Fecimus
842 2707 954 2744 apponib

149 2744 290 2783 Johanm's
304 2747 399 2785 Comyn
405 2767 416 2783 ‚

186 2820 254 2855 Dat.
271 2819 343 2863 apud
359 2821 488 2856 Novum
502 2819 657 2856 Castellum
672 2825 751 2863 super
763 2819 897 2865 Tyriam,
915 2827 943 2855 in
952 2819 1068 2866 Aiiglia,
1087 2821 1204 2859 secunda

147 2862 194 2893 die
217 2863 323 2894 Menfis
341 2864 478 2901 Januarii:
499 2863 587 2894 Anno
609 2863 809 2894 Incarnationis
833 2865 1017 2902 Dominicae,
1035 2867 1202 2905 millesimo,

148 2901 359 2940 ducentesimo,
376 2902 576 2941 nonagesimo,
591 2902 729 2933 secundo:
756 2902 794 2933 Et
814 2903 907 2942 Regni
930 2903 1055 2941 praedicsti
1079 2905 1203 2936 Domini

149 2939 241 2970 nostri
255 2940 349 2979 Regni
365 2939 494 2972 Edwardi
507 2941 642 2971 vicesimo
657 2942 769 2979 prim05
789 2950 823 2972 a:
835 2941 931 2981 Regni
944 2942 1032 2972 nostri
1046 2944 1146 2980 primo.

151 3084 179 3111 ’κ’
203 3089 347 3134 Sequitur
363 3087 515 3120 Gallicum
528 3087 730 3136 fitpraftriptae
758 3091 862 3132 literae,
880 3082 939 3136 fitb
956 3090 1055 3124 eodem
1081 3102 1199 3131 tenore,

404 3133 465 3181 stab
481 3147 536 3182 quo
546 3136 637 3180 fasta
646 3137 754 3181 fuerat
769 3143 805 3177 (J
814 3140 946 3186 signata.

150 3234 299 3297 ATous
323 3240 406 3280 ceaus
424 3245 459 3273 qe
481 3234 569 3266 cestes
584 3235 718 3273 presentes
732 3232 823 3282 lettres
836 3243 953 3269 verront
967 3247 1005 3268 ou
1023 3246 1142 3281 orront,
1153 3238 1201 3284 Ja-

227 3274 282 3303 han
302 3273 338 3304 de
361 3273 474 3312 Baillol,
489 3284 537 3312 par
558 3273 584 3304 la
604 3282 685 3313 grace
696 3274 732 3305 de
746 3275 841 3314 Dieu,
857 3276 922 3314 Rey
937 3275 972 3306 de
984 3276 1109 3316 Escoce,
1127 3278 1200 3307 laluz

147 3310 284 3380 engem'e
296 3344 392 3379 nostre
408 3343 560 3419 Seigiaeuss
577 3345 637 3380 Sire
652 3345 790 3390 Edward,
807 3349 867 3382 Re'

891 3354 927 3384 de'
947 3353 1126 3394 Engleterre,
1146 3353 1201 3383 So·-

148 3389 243 3418 verein
257 3387 391 3426 Seigneur
405 3387 443 3418 du

456 3422 459 3425 y
491 3397 589 3418 eaume
603 3388 638 3418 de
654 3388 779 3427 Escoce,
797 3397 844 3428 pa‘r
870 3402 884 3421 a
898 3393 996 3422 Reson
1013 3392 1047 3422 de
1063 3393 1087 3422 sa
1109 3393 1200 3422 Sove-

148 3427 225 3456 reine
244 3425 403 3465 Seigneurie
438 3427 476 3456 eit
497 3435 565 3456 tenu
589 3425 615 3456 le
637 3427 759 3457 avantdit
781 3427 911 3460 Reaume
931 3430 966 3460 de
988 3429 1095 3460 Escoce
1116 3441 1150 3460 eii
1174 3431 1199 3460 sa

148 3465 243 3502 main,
259 3472 319 3495 tant
332 3473 387 3501 que
400 3450 420 3493 il
431 3463 492 3494 eust.
508 3464 555 3495 fait
567 3463 638 3495 dreit
652 3475 668 3495 a
681 3472 762 3495 ceaus
776 3471 813 3504 qe
828 3466 898 3497 dreit
913 3464 1109 3498 deinandeient
1124 3479 1159 3499 eii
1173 3469 1199 3499 le

146 3499 278 3533 Reaume
294 3500 432 3532 avantdit:
453 3512 469 3532 e
483 3511 586 3532 aucuns
601 3511 795 3542 covenances,
813 3506 966 3542 promelles
976 3530 986 3545 ,
1004 3517 1020 3537 e
1031 3507 1200 3546 obligations

146 3540 210 3571 fcist
224 3551 251 3570 as
266 3539 451 3578 demandans,
470 3550 487 3570 e
500 3551 526 3570 as
535 3539 672 3571 Gardeins
681 3552 712 3579 ,e
731 3550 758 3571 as
772 3542 892 3580 proudes
905 3544 1037 3575 hommes
1051 3545 1088 3574 du
1106 3545 1199 3576 Reau-

148 3586 214 3617 me,
232 3578 298 3609 auffi
312 3579 378 3608 bien
390 3578 426 3608 de
443 3579 468 3608 la
482 3578 664 3610 Restitucion
678 3580 737 3610 fere
748 3580 787 3611 du
802 3580 932 3613 Reaume
946 3593 963 3613 e
976 3582 1023 3614 des
1032 3582 1199 3622 Chasteaus‚

146 3627 235 3648 come
255 3617 302 3655 des
314 3625 413 3653 ⁴autres
436 3616 550 3655 choses,
566 3617 638 3648 dont
656 3617 675 3647 il
698 3618 772 3649 aveit
793 3619 832 3649 fet
844 3619 882 3650 ses
895 3621 1018 3659 Escrite,
1036 3632 1052 3651 e
1066 3623 1199 3653 certeines

148 3666 184 3694 pe
203 3666 251 3686 nes
264 3654 358 3694 mises,
378 3654 484 3686 ficome
499 3655 529 3687 fu
544 3661 669 3686 contenti
683 3661 719 3686 en
735 3656 861 3687 meismes
875 3658 913 3688 les
926 3658 1060 3699 Escrytz':

185 3665 212 3724 1ἰ
232 3695 308 3732 puis,
323 3703 359 3724 en
380 3693 406 3723 sa
425 3694 570 3732 presence,
588 3704 635 3731 par
661 3695 800 3734 'ugement
817 3694 854 3729 de
865 3695 891 3726 sa
906 3696 1018 3736 Court,
1036 3708 1106 3728 nous
1121 3700 1157 3729 eit
1173 3699 1199 3730 le

149 3728 281 3762 Reaume
295 3733 388 3771 ajuge,
404 3742 421 3762 e
442 3731 466 3762 la
482 3731 576 3762 seisine
590 3731 628 3762 du
674 3742 773 3763 eaume
788 3741 805 3762 e
818 3732 867 3763 des
880 3733 1032 3775 Chasteus,
1051 3747 1108 3767 oue
1126 3745 1200 3768 totes

148 3771 367 3808 autres-choses,
383 3771 469 3801 livere
482 3771 537 3801 ausi
552 3770 723 3811 pleinement
739 3781 755 3801 e
768 3771 963 3812 entierement‚
980 3784 1067 3805 corne
1084 3775 1102 3805 il
1118 3775 1198 3807 esteit

147 3815 227 3838 tenus
241 3817 289 3846 par
299 3809 337 3839 ses
352 3815 527 3840 covenances
537 3832 546 3847 ,
563 3809 746 3848 obligations,
765 3818 781 3838 e
796 3810 958 3846 promeffes.

186 3845 289 3884 Nous,
305 3857 358 3885 por
378 3857 468 3886 nous,
485 3857 501 3878 e
523 3856 574 3886 por
593 3855 656 3878 tous
677 3854 735 3877 noz
755 3846 853 3886 heyrs,
871 3857 888 3885 e
900 3856 1031 3888 poi-,tous
1045 3861 1142 3890 ceauS,
1161 3863 1197 3883 en

148 3882 179 3921 qi
193 3884 281 3914 mains
293 3884 320 3915 le
328 3885 458 3917 Reaume
465 3885 601 3924 deveigne
615 3896 651 3916 eri
665 3894 726 3916 tens
742 3886 853 3923 avenir,
863 3887 892 3924 qi
928 3897 944 3917 e
957 3887 1090 3927 ilonques
1098 3890 1200 3929 seient,

151 3921 278 3958 quitoms
300 3922 329 3953 le
354 3920 482 3955 vavantdit
504 3923 600 3955 nostre
620 3923 752 3964 Seigneut
772 3923 798 3953 le
819 3923 886 3963 Roy
926 3923 1112 3966 'Engleteri-e,
1129 3939 1146 3958 e
1160 3928 1199 3959 ses

148 3959 244 3998 heyrs,
261 3969 277 3989 a
295 3967 358 3992 tous
365 3962 425 4000 jors
439 3959 697 4001 pardurablement,
714 3961 750 3992 de
762 3969 835 3992 totes
856 3971 982 3993 maneres
1001 3964 1037 3995 de
1056 3972 1201 3997 covenan-

147 4007 212 4034 ces,
231 4007 248 4027 e
266 3996 313 4027 des
331 4001 504 4039 promeffes,
521 4011 537 4032 e
560 4001 608 4032 des
626 4001 818 4044 obligacions,
833 4009 850 4029 e
864 4009 984 4040 peynes,
1003 4005 1088 4043 parla
1102 4004 1202 4035 Reson

150 4034 188 4065 de
187 4039 586 4111 Ycocrzvssanssesiapromeffes,
604 4049 620 4071 e
634 4038 826 4079 obligacions,
843 4048 859 4070 a
872 4048 962 4078 nous,
980 4050 1019 4073 ou
1040 4052 1057 4074 a
1078 4041 1104 4073 la
1124 4043 1202 4073 bone

1209 152 1672 224 PUBLICA.
2188 196 2266 241 115·

1217 266 1284 296 gent
1303 259 1342 289 du
1358 260 1486 303 Reaume
1504 267 1625 298 avantdit
1646 269 1736 307 faites,
1756 279 1793 308 qe
1808 271 1943 303 touchent
1955 272 1981 304 le
1993 273 2125 304 Reaume
2136 275 2258 307 avantdit
2282 272 2357 304 Ami,
2368 261 2410 303 D:

1217 305 1252 324 en
1266 296 1302 326 les
1315 299 1410 329 choses
1425 301 1463 345 du
1481 303 1617 335 Reaume,
2308 322 2390 349 1292·-

1241 333 1294 376 E,
1313 336 1337 377 si-
1345 337 1392 380 nul
1408 338 1519 379 Elei-yt,
1539 343 1658 381 quelque
1673 345 1689 386 il
1705 344 1766 384 seit,
1785 357 1820 384 qe
1833 348 1939 379 touche
1951 349 2039 380 cestes
2055 350 2150 381 choses
2165 352 2260 382 avant·
2279 352 2342 378 Ede.
2363 357 2387 377 ³2·

1239 381 1304 408 ites,
1321 377 1368 419 leit
1384 386 1418 405 en
1431 388 1534 409 aucuns
1547 389 1620 418 tens,
1638 382 1731 412 delore
1744 395 1778 414 en
1794 395 1891 424 avant,
1910 388 2137 426 trove,Voloms
2152 399 2168 418 e
2179 399 2262 428 gran-

1218 417 1298 446 tons,
1317 421 1370 454 por
1384 423 1469 459 nous,
1487 426 1502 446 e
1516 428 1568 454 por
1581 429 1638 449 noz
1652 421 1746 459 heyrs,
1767 433 1821 460 que
1835 425 1851 454 il
1866 424 1913 454 seit
1928 425 1964 454 de
1975 425 2039 455 nule
2053 427 2131 456 value
2153 437 2188 456 ne
2204 428 2262 457 for-

1220 458 1269 492 ce':
1290 448 1335 479 lili
1357 461 1412 488 que
1433 453 1451 482 il
1472 464 1506 484 ne
1526 457 1614 493 puisse
1627 468 1641 486 a
1657 458 1710 496 lui,
1729 469 1764 489 ne
1777 462 1839 491 ases
1857 462 1964 500 Heyrs,
1983 464 2059 504 Reys
2073 465 2263 504 d’Englererre

1220 496 1311 517 nuire:
1332 488 1384 519 Ne
1395 500 1409 519 a
1424 501 1495 522 nous
1519 504 1565 535 *ne
1578 505 1592 523 a
1608 505 1665 525 noz
1681 496 1773 535 heyrs,
1793 498 1869 538 Reys
1885 501 1920 529 de
1934 500 2056 540 Escoce,
2075 513 2110 533 ne
2130 514 2144 532 a
2167 513 2265 541 ceam,

1221 534 1257 567 qe
1270 525 1294 555 le
1308 525 1439 570 Reaume
1454 531 1488 560 de
1502 517 1611 563 lzscoce
1626 534 1775 574 tendront,
1792 539 1856 574 q'qe
1871 537 1888 566 il
1902 548 1989 576 onqes
2002 540 2103 579 scient,
2120 541 2210 581 valer,
2229 551 2266 572 ne

1221 562 1275 592 lieu
1290 572 1362 594 tenir
1373 576 1409 596 en
1424 569 1471 598 nul
1484 579 1551 599 tens.

1260 600 1375 633 Encore
1390 615 1591 647 promenoms,
1610 611 1663 645 por
1677 613 1764 647 nOuS,
1784 622 1799 641 e
1813 613 1865 649 porr
1879 621 1941 643 tous
1956 623 2013 645 noz
2029 615 2122 654 hcyrs,
2141 617 2221 656 Roys
2229 617 2266 647 de

1223 637 1349 682 Escoce,
1368 652 1383 671 e
1399 653 1450 682 por
1465 654 1526 688 tous
1542 657 1636 684 ceauS,
1653 657 1688 684 qe
1701 648 1727 678 le
1740 648 1866 680 Reaume
1878 650 1913 680 de
1930 651 2050 692 Escoce,
2069 655 2217 692 rendront,
2235 657 2264 693 qi

1223 686 1258 714 qe
1281 678 1299 706 il
1317 689 1425 717 onques
1447 683 1532 721 seint,
1552 695 1606 722 que
1626 695 1697 715 nous
1719 694 1790 716 totes
1806 688 1842 717 les
1856 689 1966 728 choses,
1985 702 2039 728 que
2053 692 2070 721 ss
2086 692 2160 722 feseit
2174 693 2212 723 du
2225 693 2266 723 dit

1223 714 1364 760 Reaume,
1383 729 1422 748 ou
1438 720 1485 764 des
1498 722 1592 752 choses
1607 722 1644 753 du
1658 723 1699 754 dit
1712 723 1854 764 Reaume,
1873 737 1920 764 par
1940 728 1964 756 la
1981 729 2060 758 reson
2080 730 2115 759 de
2134 731 2158 759 la
2178 731 2267 761 Sove-

1222 762 1299 799 reine
1314 754 1486 796 Sergiieurie,
1505 768 1564 791 tant
1577 771 1663 790 conie
1676 772 1709 792 ce
1722 761 1848 794 Reaume
1861 764 1890 795 fu
1905 775 1939 794 en
1962 766 1987 795 sa
2007 769 2096 805 mein,
2114 768 2268 807 raterioms,

1223 801 1239 820 e
1262 791 1415 824 afermoms
1429 820 1438 833 ,
1463 798 1479 826 ὲ
1508 808 1607 828 avorns
1626 799 1696 829 ferm
1715 801 1732 829 e
1745 801 1848 832 estable
1863 813 1878 832 a
1893 812 1955 833 tous
1964 805 2059 843 jours,
2079 815 2131 842 por
2144 816 2232 844 nouS,
2251 810 2268 836 e

1222 839 1274 866 por
1287 840 1349 860 tous
1363 841 1420 862 noz
1436 835 1532 874 heyrs,
1552 838 1568 867 ὲ
1582 847 1633 874 por
1645 847 1708 868 tous
1723 849 1818 877 ceaus,
1836 851 1872 878 qe
1883 841 1910 871 le
1925 841 2054 873 Reaume
2067 843 2206 874 tendront.

1259 866 1341 898 Estre
1354 880 1425 909 ceo,
1443 874 1557 904 voloms
1572 885 1587 904 e
1600 884 1760 914 grantoms,
1780 888 1832 914 por
1847 889 1932 916 nous,
1949 890 1965 909 e
1986 891 2038 917 por
2061 890 2118 911 noz
2141 882 2234 921 heyrs,
2251 893 2267 913 e
2286 887 2324 920 Μ’,
2342 891 2387 919 '282

1224 915 1278 943 por
1292 915 1354 936 tous
1370 918 1450 940 ceaus
1465 922 1498 948 qe
1514 911 1538 942 le
1551 912 1592 942 dit
1608 913 1734 944 Reaume
1750 915 1784 944 de
1800 915 1908 946 Est-oce
1929 928 2006 955 apres
2027 930 2097 949 nous
2119 924 2267 959 rendront,

1225 955 1260 982 qe
1274 943 1371 994 Escryt
1382 956 1420 977 ou
1433 948 1566 988 Esciytz,
1583 951 1629 980 fait
1643 962 1682 982 ou
1695 953 1759 982 fiitz
1775 964 1822 990 ptr
1837 954 1861 984 le
1875 955 2018 987 devantdit
2033 958 2127 987 nostre
2134 959 2269 997 Scigneur

1225 983 1251 1012 le
1266 982 1329 1021 Rey
1344 983 1362 1012 d
1372 983 1534 1024 Engleterre
1547 998 1561 1018 a
1577 988 1814 1028 Norhamptone⁷
1831 992 1856 1021 le
1871 994 1916 1021 28.
1931 993 2004 1030 Jour
2018 995 2053 1025 de
2068 996 2174 1035 Aoust,
2194 999 2218 1026 le
2234 1007 2269 1027 an

1225 1020 1324 1064 deson
1339 1021 1438 1062 Regne
1456 1026 1498 1054 18.
1513 1036 1539 1055 as
1552 1026 1705 1065 Gardeins,
1724 1029 1862 1066 Evesqties
1873 1054 1881 1067 ,
1901 1031 2012 1069 Abbes,
2031 1044 2046 1063 e
2061 1042 2118 1063 tore
2142 1035 2165 1065 la
2188 1036 2270 1065 Cler-

1225 1068 1284 1098 gie:
1302 1058 1426 1100 Comes,
1446 1062 1567 1102 Barons,
1585 1066 1602 1094 e
1623 1075 1637 1094 a
1658 1074 1735 1096 toute
1757 1067 1782 1096 la
1803 1066 2017 1099 Comniunaute
2037 1071 2073 1101 du
2096 1072 2224 1103 Reaume
2238 1073 2273 1104 de

1226 1098 1330 1128 Escoce
1365 1099 1400 1129 de
1420 1111 1476 1131 une
1497 1103 1676 1139 porparlance
1696 1104 1732 1134 de
1755 1114 1791 1134 un
1815 1105 1953 1144 Mariage,
1971 1108 2036 1137 faire
2058 1118 2134 1139 entre
2156 1111 2181 1140 le
2196 1111 2232 1141 fiz
2247 1113 2273 1142 le

1223 1121 1366 1167 devantdit
1379 1138 1474 1169 nostre
1488 1140 1622 1179 Seigneur
1636 1141 1660 1171 le
1674 1141 1741 1180 Roy
1753 1142 1956 1182 d'Engleterre,
1974 1155 1990 1174 e
2010 1146 2034 1174 la
2055 1146 2109 1176 fille
2127 1148 2152 1177 le
2174 1150 2274 1188 Reyne

1225 1174 1260 1204 de
1274 1174 1540 1215 Norwege,Dame
1554 1189 1569 1209 e
1583 1178 1683 1216 Reyne
1696 1180 1731 1210 dc
1747 1180 1853 1211 Escoce
1869 1182 1909 1220 (qi
1925 1183 1992 1220 heyr
2004 1194 2075 1213 nous
2090 1186 2188 1220 sennes)
2199 1197 2271 1218 con-¹

1227 1220 1340 1244 tenantz
1359 1224 1447 1244 autres
1468 1216 1558 1246 divers
1577 1216 1712 1255 Articles,
1730 1219 1934 1258 Conceffiom,
1953 1223 2123 1260 promelles,
2141 1225 2273 1255 affermess

1229 1260 1309 1281 mens
1329 1262 1345 1281 e
1367 1253 1555 1293 ratefiemenS,
1573 1256 1707 1286 touchans
1727 1257 1752 1287 le
1774 1256 1858 1295 estat,
1877 1258 1933 1296 leys
1947 1282 1956 1296 ,
1974 1259 2071 1298 dreytz
2085 1285 2094 1297 ,
2113 1262 2276 1302 franchises,

1229 1289 1408 1338 coustumes,
1427 1291 1599 1331 severanceS,
1618 1294 1765 1332 diviiions,
1783 1298 1799 1325 ὲ
1820 1298 1960 1333 quitances
1980 1297 2015 1327 de
2038 1298 2222 1339 subjec‘tions,
2240 1301 2276 1332 de

1230 1328 1358 1358 lav-„indit
1373 1329 1501 1360 Reaume
1514 1331 1549 1361 de
1564 1331 1688 1369 Escoce,
1707 1344 1723 1363 e
1735 1334 1783 1363 des
1798 1334 1956 1364 enhabitans
1970 1336 2084 1366 meisme
2099 1337 2125 1367 le
2138 1338 2279 1378 Reaume,

1230 1376 1265 1395 en
1287 1367 1350 1404 quel
1372 1368 1426 1397 lieu
1448 1378 1463 1398 e
1477 1379 1512 1398 en
1525 1369 1588 1407 quel
1602 1378 1662 1400 tens
1676 1381 1711 1408 qe
1726 1372 1743 1400 il
1757 1372 1856 1410 seient,
1874 1373 1910 1402 de
1924 1375 1950 1403 ci
1965 1384 2000 1403 en
2015 1383 2112 1413 avant,
2130 1387 2165 1406 en
2181 1377 2277 1408 nostre

1230 1404 1329 1443 garde,
1346 1415 1385 1435 ou
1400 1416 1435 1435 en
1447 1409 1533 1437 autrui
1548 1416 1658 1446 troveS,
1675 1410 1759 1440 scient
1774 1410 1858 1439 caffes
1868 1435 1876 1448 ,
1896 1413 1988 1449 veins,
2008 1414 2024 1441 e
2040 1414 2104 1443 nule
2119 1415 2235 1446 fermete
2243 1420 2280 1446 ne

1229 1444 1310 1473 force
1330 1453 1365 1473 ne
1383 1445 1457 1487 eient
1476 1455 1510 1475 en
1532 1446 1581 1475 nul
1599 1454 1677 1485 tens,
1695 1450 1755 1477 mes
1776 1448 1812 1478 de
1826 1457 1868 1479 tot
1879 1459 1913 1479 en
1936 1459 1997 1488 tor,
2014 1451 2115 1490 seieiit,
2132 1453 2228 1484 defore
2243 1464 2280 1485 en

1231 1490 1328 1518 avant,
1344 1491 1484 1522 anieiitys,
1500 1493 1516 1513 e
1528 1494 1581 1521 por
1593 1485 1661 1514 nulz
1675 1495 1761 1516 tenus.

1269 1519 1294 1550 E
1314 1519 1351 1550 de
1373 1528 1464 1551 toutes
1483 1521 1555 1551 celes
1574 1524 1771 1562 concessions,
1788 1525 1958 1565 promesses,
1977 1526 2189 1568 affermemens,
2210 1539 2281 1561 rate2

1231 1557 1363 1596 fiemens,
1379 1569 1395 1589 e
1408 1559 1444 1588 de
1456 1567 1547 1590 toutes
1562 1569 1649 1591 autres
1663 1563 1759 1592 choses
1768 1587 1776 1600 ,
1795 1574 1842 1600 par
1850 1574 1979 1601 queuque
1986 1575 2055 1595 nom
2064 1567 2127 1597 elles
2135 1568 2218 1599 seient
2227 1575 2280 1599 no*-

1232 1606 1324 1634 meeS,
1340 1607 1378 1626 ou
1399 1597 1583 1636 especefieez,
1599 1609 1634 1629 en
1655 1600 1681 1630 le
1699 1600 1813 1640 Escryt‚
1832 1612 1870 1631 ou
1892 1602 2009 1642 Escryrz
2024 1614 2105 1636 avant
2116 1616 2234 1645 nomes,
2253 1608 2279 1637 le

1231 1633 1375 1665 devantdit
1396 1635 1491 1665 nostre
1510 1636 1648 1674 Seigneur
1671 1639 1697 1668 16
1718 1638 1800 1677 Rey,
1819 1650 1835 1669 e
1856 1640 1894 1670 ses
1910 1642 2005 1680 heyrS,
2024 1653 2077 1680 por
2090 1654 2179 1683 nous,
2198 1655 2214 1675 e
2229 1647 2282 1683 poi

1231 1681 1290 1703 noz
1301 1674 1397 1713 heyrS,
1414 1684 1430 1703 e
1442 1683 1494 1712 por
1508 1682 1570 1706 tous
1583 1685 1663 1706 ceaus
1672 1700 1681 1714 ,
1700 1688 1735 1715 qe
1749 1687 1824 1714 apres
1840 1688 1910 1708 nous
1923 1679 1949 1709 le
1962 1679 2093 1711 Reaume
2113 1683 2148 1712 de
2170 1683 2280 1715 Escoce

1230 1711 1379 1749 tendront,
1397 1711 1433 1741 de
1446 1721 1489 1743 tot
1503 1723 1539 1742 en
1549 1723 1604 1751 tot,
1623 1716 1745 1753 quitoins
1757 1726 1804 1756 pai·
1818 1716 1893 1746 ceste
1902 1717 2025 1754 presente
2037 1720 2125 1750 lettre.

1269 1749 1315 1791 En
1331 1750 1484 1790 tesmoigne
1499 1751 1534 1781 de
1548 1752 1624 1782 ceste
1638 1753 1738 1791 chose,
1757 1764 1771 1783 a
1786 1755 1844 1784 cest
1856 1756 1964 1792 present
1985 1756 2071 1797 esciyt
2091 1758 2186 1790 nostre
2206 1759 2284 1799 Seal,

1232 1790 1453 1819 eniemblement
1466 1799 1505 1819 ou
1522 1790 1560 1820 les
1576 1791 1645 1821 sealz
1660 1792 1706 1821 des
1721 1793 1904 1823 honenraffles
1919 1794 2019 1832 Peres,

1234 1862 1364 1893 Wllame
1390 1864 1496 1904 Evesqe
1524 1861 1556 1895 de
1574 1869 1649 1897 seint
1672 1870 1738 1897 An-
1780 1870 1795 1885 *⁸
1814 1866 1912 1905 Jolmn
1929 1865 2041 1909 Comyn,
2089 1900 2092 1903 ,

1270 1903 1333 1931 drcu
1342 1926 1352 1941 ,
1777 1908 1938 1937 Avxandre
1952 1909 1983 1937 de
1995 1909 2111 1948 Baillol,

1233 1940 1333 1970 Robert
1349 1939 1455 1980 Eveffie
1470 1941 1501 1970 de
1512 1941 1566 1970 Gla
1576 1954 1610 1979 gu
1621 1966 1631 1981 2
1778 1944 1885 1984 Geffley
1898 1946 1930 1974 de
1944 1947 2111 1988 Montbray‚

1233 1978 1331 2017 Johan
1347 1983 1428 2008 Conte
1439 1979 1470 2008 de
1483 1981 1555 2017 Boug
1564 1991 1612 2010 mn
1621 2004 1631 2018 ,
1777 1985 1882 2021 Patryk
1897 1984 1928 2013 de
1941 1985 2064 2014 Graham
2073 2009 2082 2024 ,

1234 2018 1338 2057 Pati-yk
1353 2021 1435 2047 Conte
1446 2018 1477 2046 de
1491 2016 1519 2046 la
1534 2019 1665 2057 Mai-che,
1702 2019 1703 2023 ¹
1780 2022 1822 2049 W
1821 2021 1909 2051 ilsame
1923 2023 1954 2051 de
1968 2027 2045 2052 Seint
2061 2023 2137 2062 Εἶεν,
2151 2036 2165 2054 e

1235 2055 1342 2085 Gilbert
1353 2060 1435 2085 conte
1449 2056 1481 2085 de
1495 2059 1630 2095 Aneguz,
1780 2058 1892 2089 Thomas
1905 2062 2046 2102 Randulf,

1234 2094 1332 2132 Johan
1344 2097 1425 2124 Conte
1440 2094 1471 2123 de
1484 2095 1637 2133 Athet'lles,
1781 2107 1880 2128 avoms
1895 2099 1934 2129 fet
1949 2110 2059 2131 mettre.

2306 1872 2321 1889 ¹¹
2332 1873 2435 1903 11-6025

1270 2170 1360 2201 Done
1381 2181 1396 2201 a
1417 2171 1544 2202 Noveau
1563 2171 1678 2202 Chastel
1698 2172 1742 2202 sor
1761 2173 1865 2213 Tyne,
1882 2185 1916 2205 en
1938 2175 2114 2215 Engleterre,
2129 2176 2155 2207 le
2179 2170 2282 2208 secund

1231 2210 1297 2248 jour
1316 2209 1352 2239 de
1371 2219 1453 2249 moys
1476 2209 1511 2240 de
1526 2210 1646 2247 Jenuer:
1666 2210 1692 2239 le
1712 2221 1746 2240 an
1761 2211 2005 2254 del-incarnacion
2021 2215 2115 2245 nostre
2129 2215 2285 2255 Seignour,

1236 2246 1382 2287 myllysme
1402 2248 1584 2287 ducentysme
1604 2249 1786 2287 nonantysme
1804 2251 1905 2281 iecund
1922 2262 1927 2281 :
1966 2262 1981 2281 e
2003 2252 2040 2282 du
2064 2254 2165 2293 Regne
2195 2255 2289 2285 nostre·

1238 2286 1374 2322 Seigneur
1393 2286 1419 2317 le
1434 2286 1498 2327 Rey
1514 2286 1634 2318 Edward
1647 2288 1785 2326 avantdit,
1804 2290 1950 2328 vyntysme
1970 2300 2095 2329 premer,
2114 2303 2130 2322 e
2142 2291 2180 2322 du
2195 2293 2291 2324 nostre

1238 2333 1358 2363 premet.

1274 2400 1339 2440 Ego
1356 2400 1498 2438 Johannes
1519 2399 1611 2431 Erturi
1631 2402 1667 2432 de
1688 2401 1824 2433 Cadomo
1846 2403 2021 2440 Apostolicae
2042 2403 2111 2435 sedis
2128 2406 2292 2438 auetorirare·

1237 2439 1378 2470 Notarius
1390 2440 1534 2478 publicus,
1550 2440 1782 2479 priemiffisffluze
1797 2442 1857 2471 affita
1872 2443 1983 2472 fuerunt
1998 2453 2082 2479 prout
2094 2444 2212 2481 superius
2220 2455 2292 2475 con:

1237 2479 1353 2515 tinetur,
1370 2477 1502 2507 omnibus
1524 2479 1638 2514 praesens
1660 2480 1772 2510 interfui
1788 2503 1797 2518 ,
1812 2481 1845 2511 δε
1860 2504 1869 2516 ,
1886 2490 1915 2510 ut
1935 2481 2097 2512 adhibeatur
2116 2482 2234 2521 eisdem,
2251 2483 2287 2514 de*

1237 2525 1358 2552 extero,
1377 2515 1458 2553 plena
1479 2515 1563 2554 fides,
1582 2525 1693 2547 rooatus
1714 2518 1825 2557 propria
1846 2528 1932 2548 manu
1950 2518 2056 2558 scripsi,
2074 2520 2107 2550 ὃς
2123 2522 2180 2551 mei
2197 2521 2285 2560 iingni

1237 2555 1419 2585 annotatione
1433 2555 1463 2583 in
1477 2553 1547 2584 hanc
1561 2541 1701 2595 publicam
1716 2557 1838 2586 formam
1853 2557 1958 2594 redegi.

1677 2632 1731 2659 Hic
1736 2629 1805 2671 finis
1818 2629 1853 2670 est
1867 2633 1964 2669 Magni
1979 2633 2070 2662 Rutuli
2078 2637 2178 2665 Scotiae2

1238 2766 1286 2797 De
1300 2755 1481 2796 ordinatione
1492 2791 1500 2806 ,
1520 2763 1608 2808 fasta
1619 2773 1672 2808 per
1691 2758 1797 2809 Regem
1808 2790 1816 2804 ,
1840 2769 1987 2809 quintum
2011 2767 2205 2799 Camerarius
2214 2760 2289 2813 βας

1351 2817 1465 2858 capiet,
1486 2823 1540 2858 pro
1551 2812 1638 2856 feodo
1651 2837 1661 2854 ‚
1686 2816 1801 2844 rasione
1819 2810 1951 2859 homagii
1967 2815 2053 2860 Regis
2068 2817 2176 2849 Scotiae.

1239 2895 1522 2961 MEmorandum
1536 2895 1614 2934 quod
1629 2891 1712 2933 Rex,
1729 2896 1758 2924 in
1775 2891 1962 2938 Parliamento
1982 2896 2032 2927 suo
2052 2898 2123 2938 apud
2140 2898 2290 2931 Westmo-
2312 2898 2389 2934 Αῃη,
2400 2897 2439 2935 D»,

1334 2934 1502 2978 hasterium,
1520 2944 1594 2964 anno
1611 2934 1705 2972 Regni
1721 2933 1807 2972 Regis
1824 2935 1958 2978 vicelimo
1975 2936 2085 2974 primo,
2098 2936 2134 2980 de
2156 2936 2287 2970 Consilio
2331 2953 2414 2982 1292«,

1237 2974 1287 3004 suo
1308 2973 1463 3010 ordinaVit,
1482 2971 1562 3010 quod
1581 2972 1726 3010 Johannes
1747 2972 1782 3001 de
1803 2971 1932 3009 Balliolo,
1952 2972 2017 3003 Rex
2030 2973 2152 3013 Scotiae,
2169 2976 2217 3007 det
2231 2977 2290 3007 Ca-
2310 2986 2361 3009 An.
2378 2991 2422 3010 ευ.

1238 3013 1356 3041 merario
1368 3010 1473 3049 Regis,
1492 3020 1544 3048 pro
1560 3009 1663 3048 feodo,
1683 3009 1805 3040 eundem
1819 3009 2013 3041 Camerarium
2029 3014 2229 3053 contingente,
2246 3026 2289 3046 ra-
2312 3025 2342 3047 E.
2364 3030 2387 3047 i.

1235 3052 1313 3080 tione
1332 3050 1480 3088 homagii,
1503 3048 1581 3086 quod
1601 3047 1678 3077 idem
1699 3048 1763 3077 Rex
1788 3048 1893 3079 Scotiae
1914 3049 1982 3079 fecit
2004 3049 2080 3090 Regi
2101 3052 2213 3091 Angli-ae
2235 3064 2288 3091 pro
2310 3063 2366 3086 Rot.

1236 3081 1342 3127 Regno
1358 3088 1479 3125 Scotiae,
1499 3087 1598 3130 viginti
1612 3086 1709 3124 libras,
1725 3082 1996 3131 videlicet,.duplum
2012 3089 2089 3132 quod
2105 3089 2214 3121 Comes
2221 3092 2267 3123 dat
2277 3116 2286 3130 ,
2307 3096 2442 3133 clausus

1235 3129 1342 3157 ratione
1355 3127 1479 3163 homagii
1492 3125 1529 3154 sui
1539 3147 1548 3161 ,
1562 3134 1614 3162 pro
1629 3124 1715 3154 feodo
1730 3122 1881 3155 Camerarii
1897 3126 2030 3163 praediifti.
2309 3138 2337 3160 E.
2351 3143 2373 3161 ι,
2388 3143 2425 3160 m:

1273 3164 1311 3195 Et
1323 3174 1496 3202 praeceptum
1511 3162 1553 3193 est
1567 3163 1701 3204 Petro-de
1721 3162 1909 3202 Cliaunuent,
1923 3173 1992 3195 tunc
2014 3163 2193 3205 Camerario,
2211 3168 2290 3205 quod
2309 3172 2334 3198 8.
2353 3172 2379 3199 d.

1237 3203 1273 3234 de
1287 3202 1428 3241 praedietis
1442 3203 1538 3241 viginti
1553 3201 1629 3231 libris
1644 3204 1674 3231 lit
1690 3210 1848 3232 contentus.

1333 3341 1382 3379 De
1393 3343 1521 3391 ponendo
1536 3346 1640 3390 Regem
1660 3347 1758 3376 Scotiae
1775 3348 1805 3377 in
1823 3347 1948 3391 Regiczm
1966 3344 2070 3378 Sedem
2080 3346 2184 3390 fitam.

1238 3430 1380 3500 RaX,
1390 3431 1429 3498 Ῑᾷῗ
1452 3429 1573 3467 superior
1596 3428 1741 3459 Dominus
1759 3429 1852 3469 Regni
1871 3430 1975 3461 Scotiae
1988 3430 2136 3467 omnibus,
2153 3428 2187 3459 ad
2200 3439 2287 3468 quos,
2306 3429 2436 3473 Ᾱῃῃ,ᾕτ-7

1333 3479 1372 3499 ἐ.
1401 3479 1416 3498 a
1428 3477 1513 3498 utem.
2411 3493 2417 3498 ,

1277 3507 1372 3538 Sciatis
1396 3505 1492 3544 quod,
1512 3514 1578 3534 curn
1600 3503 1763 3544 Duncano,
1780 3505 1838 3536 filio
1859 3507 1891 3536 &
1905 3505 2006 3535 haeredi
2022 3505 2170 3543 Duncani,
2190 3515 2285 3543 quon-
2305 3481 2419 3544 Αὲὶὲῗ

1238 3543 1305 3575 dam
1320 3545 1443 3576 Comitis
1456 3544 1490 3573 de
1506 3543 1566 3579 Fif,
1587 3541 1657 3572 infra
1669 3552 1798 3581 aetatem,
1817 3545 1849 3574 ὀ(
1863 3545 1892 3573 in
1906 3543 2044 3573 Custodia
2059 3543 2154 3574 nostra
2169 3543 2287 3574 existen*
2306 3558 2334 3581 E.
2360 3564 2380 3582 Ι,

1238 3585 1274 3621 ti,
1294 3584 1422 3622 quaedam
1437 3590 1510 3612 certa
1524 3580 1637 3619 officia,
1654 3583 1683 3611 in
1700 3583 1775 3612 nova
1789 3583 1930 3612 creatione
1944 3582 2030 3618 Regis
2043 3582 2164 3619 Scotiae,
2182 3582 2218 3612 de
2233 3593 2286 3620 po-
2305 3596 2358 3620 Rot.
2366 3590 2434 3619 sco&

1238 3623 1333 3652 nendo
1355 3622 1443 3660 ipsum
1463 3622 1490 3649 in
1512 3618 1633 3649 Reoiam
1654 3620 1756 3649 Sedem
1776 3619 1852 3650 suam
1866 3641 1876 3658 ,
1901 3620 1974 3656 apud
1989 3620 2084 3650 Scone
2098 3644 2107 3656 ,
2131 3620 2285 3652 secundum
2306 3639 2348 3659 21,
2366 3634 2393 3657 E.
2411 3631 2434 3656 ir,

1238 3660 1469 3729 consduetudinem
1482 3642 1663 3697 dietiffzegni
1674 3658 1793 3696 Scotiae,
1812 3659 1995 3695 incumbant,
2013 3667 2044 3688 ut
2057 3659 2232 3698 accepimus,
2247 3660 2287 3690 fa-
2304 3678 2341 3695 m.
2356 3669 2383 3703 ia

1238 3710 1300 3730 cien
1322 3709 1349 3728 a·

1276 3723 1363 3775 Nos⁷,
1382 3735 1508 3765 nolentes
1530 3733 1646 3773 praefato
1670 3733 1829 3771 Duncano,
1846 3734 1883 3763 sic
1906 3733 1975 3763 infra
1989 3740 2119 3773 aetatem,
2133 3735 2166 3765 &
2182 3737 2211 3765 in
2226 3735 2289 3766 Cu*-

1238 3775 1330 3806 stodifi
1340 3773 1436 3804 nostrii
1451 3771 1575 3801 existenti
1586 3794 1595 3810 ,
1616 3772 1808 3809 praejudicium
1822 3773 1849 3801 in
1866 3771 1917 3801 hac
1934 3780 2010 3808 parte
2030 3772 2183 3810 aliqualiter
2202 3776 2289 3811 86116-

1238 3815 1308 3852 rari,
1326 3814 1432 3843 ratione
1456 3811 1571 3840 minoris
1595 3811 1680 3840 aetatis
1704 3810 1826 3848 ejusdem
1841 3810 1973 3848 liaeredis,
1991 3809 2188 3847 assignavimus
2203 3812 2289 3842 dilec-v

1236 3861 1298 3883 tum
1313 3853 1346 3882 δε
1363 3850 1474 3880 fidelem
1491 3847 1622 3878 nostrum
1630 3848 1794 3886 johannem
1810 3847 1846 3877 de
1858 3848 1964 3878 Sancto
1975 3847 2123 3887 Johanne,

1275 3889 1321 3920 Ad
1337 3887 1517 3927 ponendum,
1534 3887 1653 3916 nornine
1668 3887 1749 3924 ipsius
1764 3885 1895 3923 haeredis,
1910 3885 2047 3918 dilectum
2061 3888 2094 3918 &
2108 3887 2220 3918 fidelem
2234 3891 2287 3917 no:

1238 3928 1327 3959 strum
1346 3927 1509 3966 johannem
1531 3924 1566 3954 de
1587 3924 1721 3963 Balliolo,
1738 3924 1852 3961 Regem
1874 3924 1979 3955 Scotiae
1993 3925 2052 3963 (cui
2067 3925 2205 3965 Regnum
2223 3925 2288 3955 illud

1233 3966 1398 4006 judicialiter
1412 3961 1594 3999 reddidimus)
1612 3963 1640 3992 in
1656 3963 1780 4000 Regiam
1794 3962 1887 3992 sedem
1899 3963 1975 3993 suam
1987 3963 2060 4002 apud
2074 3963 2289 4001 Scone,secun=

1237 4006 1309 4037 dum
1323 4002 1557 4035 consuetudinem
1570 4001 1748 4039 praedictam:
1976 4015 1981 4036 0
2111 4032 2114 4035 Δ
2251 4043 2253 4045 Ι
2276 4042 2279 4045 .

1276 4043 1332 4082 Et,
1350 4041 1384 4073 ad
1403 4041 1502 4072 omnia
1522 4039 1573 4070 alia
1595 4039 1722 4108 faciencIi?
1736 4057 1746 4077 ,
1771 4038 1950 4079 recipienda,
1967 4039 2001 4072 &
2021 4039 2190 4078 complenda
2202 4056 2217 4083 3·
2220 4041 2293 4107 518ιὲ

1731 4086 1750 4107 2
2210 4087 2219 4107 ι
2238 4088 2240 4091 ’
