2570 4261
694 179 804 226 ET
887 178 1151 226 ACTA

0 265 107 336 mng'gD'
123 269 158 301 &
166 269 283 338 ssvestri,
299 280 330 302 ut
350 277 420 301 cum
441 268 597 302 reverenti&⁴
616 268 709 300 vestra
726 269 894 308 loquamur,
912 269 1104 302 &infamiam
1125 262 1183 295 dici

0 312 35 335 12
77 327 83 333 -
144 319 163 338 o
189 318 236 339 int.

0 345 44 371 dv·
67 353 92 371 ¹·
124 319 143 345 P
164 347 274 384 Porro,
292 357 376 385 penes
388 357 440 376 vos
455 345 627 376 intercedere
638 344 759 383 debent,
778 355 830 382 pro
845 345 924 376 ditsto
941 343 1111 375 Bononiensi
1131 341 1184 372 Ci-

127 395 181 423 ve,
198 385 349 415 multarum
364 384 504 424 impendia
517 385 681 422 gratiarum,
700 393 765 421 quas
780 384 906 414 Scolares
927 385 960 414 ὃς
979 383 1100 419 Clerici,
1118 389 1184 410 om-

128 424 232 461 nesque
248 423 331 453 vestri
347 422 499 458 regnicolae
514 422 698 458 tranieuntes,
717 422 874 452 videntibus
896 422 993 459 nobis,
1013 422 1042 450 in
1061 419 1185 450 Civitate

126 460 266 491 Bononiae
279 460 382 490 cotidie
398 460 535 496 recipiunt
547 459 709 496 affluentem
726 461 764 490 &·
774 461 895 497 antiquae
910 459 1068 490 devotionis
1088 459 1122 488 &
1142 466 1186 485 re·

125 500 260 529 verentiae
272 497 392 535 specialis
407 498 545 526 memoria
555 521 563 534 ,
572 508 656 534 quani
666 496 752 527 Cives
766 497 1077 536 Bononiae,totumque
1091 495 1187 525 Com-

126 546 215 567 mune
228 535 262 565 ad
277 546 328 565 vos
344 536 378 566 ὃς
394 535 609 572 piaedeceismes
624 534 731 565 vestros
747 535 904 566 ferventem
920 536 1040 573 liabent,
1057 535 1090 564 &
1113 533 1185 563 sem-

126 584 177 642 ffir
191 574 317 604 liabuiiie
331 573 471 611 feruntur,
489 574 518 602 in
532 583 603 611 quos
618 582 730 611 revera,
747 574 882 612 quicquid
897 574 946 604 suo
962 573 1037 604 Cive
1051 572 1187 602 1116111611-

152 612 268 649 bitum,
286 611 498 641 transfundetur.
1148 642 1151 645 x

167 649 211 679 Ex
223 649 320 680 nostra⁴
334 660 405 680 vero
418 657 510 686 parte,
529 660 544 678 a
557 650 656 686 quibus
677 649 751 680 nulla
772 649 944 688 praeviavere
963 649 1085 685 servitia,
1101 646 1187 677 nichil

129 696 184 756 {510
199 688 356 719 nostrarum
371 687 547 717 exauditione
569 696 686 724 precum
707 688 824 726 allegare
844 689 984 725 valemus,
1002 687 1052 716 iiisi
1073 685 1151 724 quod
1171 685 1187 714 a

172 726 282 764 ajestate
294 725 400 763 vestra,
419 735 502 763 quam
517 725 631 755 famosae
644 726 808 756 liberalitatis
823 727 919 756 exaltat
941 725 1134 763 praeconium,
1151 723 1189 752 de

130 765 271 802 praedictis
291 764 401 794 donum
425 762 608 802 gratissimum
630 765 663 794 ὃς
685 764 831 801 specialem
854 766 969 803 gratiam
986 763 1187 800 imploramus3

9 791 116 827 H.364-
131 813 191 833 non
210 803 229 823 ²¹²
248 802 400 833 offerentes
414 812 465 831 nos
480 802 579 839 vobis,
598 803 646 840 qui
663 803 747 832 vestri
760 803 870 841 sumus,
889 804 922 834 &
938 802 995 832 effe
1009 800 1142 832 volumus
1156 798 1189 829 fi-

128 841 219 879 deles,
236 841 334 871 devoti
348 842 381 871 86
395 841 522 878 perpetui
539 839 690 870 debitores.

164 915 232 947 Dat.
246 915 357 947 Bonon.
372 915 546 947 duodecimo
560 915 624 946 Kal.
640 915 728 955 Maii,
748 918 848 955 primae
856 916 1030 947 Indictionis.

129 1039 237 1082 Bulla,
257 1050 311 1086 per
328 1051 421 1086 quam
443 1042 550 1086 Regem
566 1040 682 1086 Angliae
697 1038 837 1073 hortatur
861 1044 944 1086 Papa
960 1038 1188 1083 adsalutionem

374 1086 474 1133 censis
484 1087 663 1132 fizciendum
681 1087 716 1120 de
734 1087 832 1121 tribus
848 1093 944 1122 annis.

0 1166 63 1197 xnn'
75 1164 116 1196 D'
211 1173 318 1204 1001205
331 1172 505 1212 Episcopus,
524 1174 615 1204 servus
628 1173 775 1204 servorum
790 1173 866 1210 Dei,
884 1171 1022 1204 cariffimo
1036 1172 1066 1201 in
1075 1169 1193 1201 Christo

0 1205 100 1271 41,ῗὲζέςί
137 1213 294 1281 ἀίξῇοῇὲίἓ
361 1213 437 1251 Regi
453 1212 564 1251 Angliae
578 1211 695 1249 IllUstfl,
714 1212 828 1242 salutern
843 1213 876 1243 &
890 1210 1089 1252 Apostolicam
1108 1209 1196 1239 bene-

0 1287 18 1309 3'
43 1293 65 1309 ¹*
174 1274 330 1320 Honorem
353 1296 433 1318 tuum
451 1309 457 1319 ‚
483 1287 520 1317 fili
542 1286 680 1317 cariffime
693 1312 702 1325 ,
727 1287 829 1317 decere
849 1287 990 1317 credimus
1004 1310 1013 1323 ,
1032 1295 1065 1315 ac
1085 1286 1138 1315 tuis
1162 1285 1196 1315 ὅς

0 1325 29 1346 ix
44 1324 101 1349 Au-
138 1328 233 1367 Regni
253 1329 293 1358 tui
314 1326 488 1365 profectibus
511 1325 656 1362 expedire,
675 1333 722 1363 ut,
742 1324 819 1363 q'uod
829 1325 902 1362 juste
916 1325 1001 1354 debes
1016 1323 1197 1353 sacrosanc‘tae

1 1368 53 1395 ogr.
138 1366 282 1397 Romame
296 1365 428 1395 Eccleiiae
444 1363 532 1393 Matri
546 1372 619 1401 tuae,
638 1364 675 1392 sic
688 1371 832 1403 promptus
848 1363 959 1393 exolvas
982 1362 1060 1400 quod
1081 1363 1197 1398 gratiam

137 1406 261 1473 affinitas
276 1413 310 1434 ex
323 1402 437 1440 debito,
455 1402 489 1432 &
512 1401 709 1433 commendari
731 1409 868 1432 mereatur
886 1400 1032 1432 Celsitudo
1054 1400 1144 1439 Regia
1164 1409 1199 1430 ex

138 1454 153 1474 a
179 1443 253 1473 ectu.
740 1447 742 1449 ’

174 1481 254 1511 Cum
273 1480 357 1519 igitur
375 1478 470 1509 census
493 1488 599 1510 annuus
620 1479 698 1509 mille
714 1478 878 1509 Marcarum
899 1477 1099 1516 sterlingorum
1114 1478 1129 1507 a
1152 1486 1198 1515 te,

139 1519 208 1550 sicut
224 1518 298 1549 nosti
335 1516 428 1547 eidem
443 1517 586 1547 Romanae
600 1516 735 1547 Ecclesiae
757 1516 906 1555 debeatur,
923 1526 973 1554 ac,
991 1516 1079 1547 felicis
1102 1526 1199 1546 recor-

141 1558 277 1595 dationis,
296 1541 443 1586 sionorius
457 1555 531 1593 Papa
545 1564 672 1594 quattus,
692 1555 885 1586 Praedecesior
900 1554 1013 1593 noster,
1032 1555 1112 1592 super
1126 1554 1201 1584 solu-

141 1597 220 1627 tione
236 1596 316 1633 ipsius
329 1593 447 1631 census,
464 1593 501 1623 de
512 1595 598 1624 tribus
614 1596 691 1624 annis
704 1594 808 1632 debiti,
828 1593 952 1625 facienda
968 1594 984 1622 Ξι
998 1603 1043 1630 te,
1062 1593 1111 1622 sub
1126 1602 1202 1623 certa

143 1635 237 1665 forma
249 1635 300 1664 tibi
321 1633 452 1663 direxerit
470 1632 567 1670 scripta
587 1632 632 1663 sua
647 1655 657 1670 ‚
675 1633 708 1663 &
730 1634 859 1663 nondum
881 1632 1014 1662 Camerae
1035 1631 1102 1661 sedis
1122 1630 1204 1668 Apo-

143 1672 252 1741 stplicae
271 1671 308 1702 de
327 1670 407 1702 dieto
427 1670 528 1709 censu,
546 1681 600 1709 pro
618 1671 722 1702 eisdem
744 1671 832 1702 tribus
852 1672 947 1708 annis,
966 1669 1132 1701 satisfaetum
1155 1679 1203 1699 ex-

147 1712 166 1741 ii
182 1719 216 1741 at.

184 1749 367 1780 Serenitatem
381 1747 504 1786 Regiam
514 1748 683 1786 requirimus
698 1749 731 1779 &
747 1757 877 1787 rogamus
891 1748 1068 1786 attente‚per
1080 1746 1206 1785 Aposto—

146 1787 199 1818 lica
219 1788 270 1817 tibi
293 1786 392 1824 scripta
414 1785 573 1816 mandantes
587 1810 596 1824 ,
615 1787 741 1824 quatinus
761 1787 875 1816 cenfiim
895 1786 984 1824 ipsum
997 1810 1006 1824 ,
1026 1795 1078 1824 pro
1100 1785 1204 1816 eisdem

148 1827 236 1857 tribus
248 1827 339 1863 annis,
357 1826 416 1863 jam
431 1826 592 1863 praeteritis,
612 1826 645 1856 &
657 1825 740 1854 etiam
754 1835 806 1862 pro
822 1825 932 1855 duobus
946 1824 1205 1862 sequentibus,ter-

149 1863 286 1895 minandis
306 1865 335 1893 in
357 1864 490 1900 proximo
510 1863 605 1893 futuro
627 1862 711 1893 Festo
733 1864 805 1893 beati
826 1863 996 1900 Michaelis,
1022 1861 1127 1892 diiecto
1148 1861 1207 1892 filio

151 1901 295 1939 Magistro
308 1900 462 1939 Giffredo,
481 1899 614 1932 Camerae
629 1901 734 1931 nostr-ae
747 1901 880 1939 Clerico,
899 1903 926 1931 in
948 1900 1052 1939 Anglia
1071 1908 1208 1931 commo—

151 1942 221 1971 ranti
234 1965 243 1978 ,
262 1940 309 1971 has
331 1941 382 1970 tibi
401 1940 502 1970 litteras
522 1939 693 1976 praesentanti
708 1963 718 1978 ,
737 1939 834 1970 nostro
855 1942 888 1971 ὃς
910 1939 1044 1970 Eccleiiae
1065 1939 1210 1977 praedicffiae

151 1980 271 2010 nomine
285 1979 366 2008 facias
379 1979 486 2016 integre
499 1977 692 2008 &liberaliter
707 1977 850 2017 affignari3
868 1980 904 2008 ita
919 1978 997 2016 quod
1012 1987 1081 2012 1103,
1098 1977 1126 2006 id
1149 1987 1211 2016 gra—

152 2026 216 2048 tum
223 2017 379 2085 clliabentes³
398 2015 640 2056 Magnificentiam
654 2025 732 2047 tuam
747 2016 882 2054 poffimus
896 2016 996 2047 exinde
1010 2017 1114 2051 merito
1129 2025 1212 2047 com-

154 2066 221 2087 men
242 2066 294 2086 are.

194 2131 262 2161 Dat.
278 2131 370 2162 Rom.
384 2131 457 2169 apud
473 2131 611 2163 Sanctum
626 2131 744 2163 Petrum
759 2140 858 2170 quarto
872 2132 936 2163 Kal.
958 2131 1048 2171 Maii,
1063 2129 1217 2163 Pontifica-

155 2169 203 2201 tiis
216 2169 305 2200 nostri
319 2180 394 2201 auno
407 2171 509 2208 primo.

851 2248 907 2279 Sub
917 2247 970 2290 filo
986 2247 1109 2277 canabeo.

162 2373 212 2405 De
226 2373 310 2404 Pelii.
324 2383 369 2402 me
383 2370 427 2402 ad
443 2374 551 2416 Regem
571 2382 591 2402 a
609 2374 740 2404 Domino
756 2369 903 2404 Matrhaeo
921 2372 1053 2402 Diacono
1068 2367 1219 2402 Cardina-

235 2420 238 2424 ’
396 2419 440 2460 le,
462 2429 516 2464 pro
535 2419 716 2464 Neapoleone
734 2416 906 2464 Confhbrino
916 2417 983 2462 sito.

14 2504 146 2537 AnnD.
164 2502 378 2564 EDwardus,
398 2501 457 2532 Dei
477 2502 582 2542 gratia,
600 2501 666 2532 Rex
688 2501 816 2541 Angliae,
835 2501 980 2532 Dominus
1000 2499 1167 2539 Hiberniae,
1185 2502 1219 2532 &

35 2545 120 2575 1288.
240 2541 310 2571 Dux
334 2541 358 2571 A
382 2541 505 2578 uitanife,
524 2540 629 2570 diletsto
650 2540 858 2579 consanguineo
877 2542 910 2571 ὃ(
931 2539 1006 2570 fideli
1027 2540 1075 2570 suo
1089 2539 1221 2570 Edmun-

12 2587 65 2611 An.
90 2584 131 2610 16.
164 2578 204 2648 iio
225 2579 337 2610 Comiti
379 2579 532 2617 'or-nubiae,
550 2580 656 2610 tenenti
674 2579 774 2609 locum
787 2579 868 2610 suuni
887 2581 916 2608 in
933 2578 1037 2609 eodem
1051 2577 1222 2617 Regn0,sa-

11 2626 43 2649 Ε.
64 2631 87 2648 i.
176 2626 263 2648 utem.

11 2663 53 2687 Ex
74 2664 143 2687 Bun-
198 2655 387 2694 Petitionem,
402 2665 488 2693 quam
501 2655 666 2686 venerabilis
680 2655 762 2686 Pater
773 2655 806 2686 &
821 2655 927 2685 amicus
942 2654 1038 2685 noster
1054 2650 1220 2693 karissimus,

14 2697 70 2725 dela
85 2702 141 2725 Bre-
161 2693 307 2725 Dominus
321 2694 488 2733 Matthaeus‚
507 2693 565 2724 Dei
579 2694 682 2733 gratia,
700 2694 810 2724 83116136
824 2693 924 2723 Mariae
937 2695 965 2723 in
980 2693 1097 2724 Porticu
1111 2693 1221 2724 Diaco-

10 2737 88 2763 vinm
109 2735 143 2769 θ’
159 2741 211 2762 nus
231 2732 383 2763 Cardinalis
395 2755 405 2770 ‚
429 2742 482 2770 pro
500 2731 692 2770 Neapoleone
711 2732 884 2763 consobrino
905 2731 954 2762 suo
974 2731 1126 2763 Canonico
1150 2732 1220 2763 Lin-

11 2775 113 2802 Litera-
160 2771 236 2801 coln.
253 2771 335 2802 nobis
346 2769 490 2801 transmisit
525 2771 608 2802 vobis
624 2772 760 2801 mittimus
774 2770 950 2807 praesentibus
963 2771 1147 2802 interclusam.

12 2813 106 2839 nimia
196 2808 234 2840 Et
249 2834 259 2849 ‚
277 2810 340 2848 quia
361 2809 460 2839 merita
481 2793 636 2839 Cardinalis
656 2808 784 2849 praediciti
797 2831 807 2847 ,
827 2809 876 2847 qui
896 2810 978 2839 nobis
999 2810 1088 2840 extitit
1108 2809 1218 2847 semper

11 2852 96 2878 Turri.
159 2855 267 2888 gratus,
285 2847 357 2886 apud
380 2857 433 2878 nos
455 2848 484 2876 in
504 2847 572 2886 hiis,
591 2857 656 2886 quae
676 2847 838 2886 possumus,
874 2848 1012 2878 ranam&
1025 2848 1153 2878 favorem
1169 2857 1216 2878 ex-

160 2886 281 2925 poscunt
296 2909 306 2925 ,
322 2887 407 2917 vobis
426 2885 592 2920 mandamus
613 2886 691 2924 quod
707 2909 716 2925 ,
731 2883 826 2916 habita
852 2896 923 2923 ,uper
942 2886 999 2916 hoc
1020 2886 1220 2917 deliberatione

159 2935 229 2955 cum
242 2924 394 2955 venerabili
406 2923 488 2954 Patre
496 2924 524 2962 J.
537 2924 648 2992 Eipenfi
670 2924 813 2965 Episcopo
833 2924 1020 2956 Thesaurario'
1040 2925 1139 2955 nostro
1162 2925 1220 2962 (cui

159 2963 357 3000 transcriptum
372 2962 517 2992 Petitionis
532 2963 579 2993 dei
594 2964 701 2994 inanius
714 2962 848 3002 ejusdem)
871 2961 950 2993 dicto
966 2962 1166 3001 Neapoleoni,
1184 2962 1221 2994 de

160 3000 304 3031 Petitione
319 2999 468 3038 praedicta,
486 3002 588 3031 curetis
599 3001 737 3032 celerioris
753 3002 814 3032 ‘uris
837 3001 982 3039 remedio,
1001 3011 1059 3039 quo
1080 3002 1221 3040 poteritis,

160 3038 324 3076 subvenire,
344 3039 381 3068 ita
396 3038 474 3076 quod
482 3039 545 3081 'ipse
558 3039 716 3070 instantiam
759 3039 883 3069 ardinalis
898 3039 1023 3077 praedieti
1043 3041 1093 3071 sibi
1112 3040 1221 3078 sentiat,

158 3085 191 3108 ut
205 3078 378 3115 appetimus,
397 3076 546 3114 profuiffe:
564 3076 603 3108 Et
619 3077 677 3109 hoc
691 3077 846 3109 nullatenus
860 3079 1005 3109 omittatis.

198 3152 267 3184 Dat.
292 3152 342 3183 sub
363 3154 472 3191 privato
495 3151 585 3192 sigillo
606 3152 721 3192 nostro,
741 3154 813 3192 apud
836 3154 960 3195 Burgum
974 3154 1112 3195 Reginae,
1129 3155 1222 3193 primo

161 3190 208 3222 die
222 3191 311 3230 Maii,
328 3202 403 3222 anno
420 3190 516 3231 Regni
530 3190 618 3221 nostri
633 3191 832 3224 sextodecimo.

200 3266 308 3299 Dorso.
323 3267 502 3300 Concordati
514 3266 584 3298 sunt.

162 3411 253 3444 Bulla
271 3414 345 3459 Regi
358 3412 568 3459 gratulatoria
584 3411 620 3444 de
628 3411 769 3458 sbspitate
785 3414 849 3457 ejus
860 3441 869 3455 ,
895 3425 931 3446 ac
951 3418 1043 3447 etiam
1074 3426 1223 3446 commen-

213 3459 334 3492 datoria
347 3472 401 3506 pro
420 3462 518 3493 Terra
528 3460 660 3506 sanila,
685 3463 721 3499 ὠ·
738 3472 791 3508 pro
812 3459 983 3495 liberatione
1004 3462 1104 3496 caroli
1131 3462 1222 3495 Prin-

208 3511 280 3554 cipis
295 3509 491 3542 Salernitani.

19 3605 97 3636 Ann.
106 3603 146 3635 D.
164 3601 354 3664 NIcolaus
367 3601 523 3642 Episcopus
556 3600 649 3633 servus
663 3603 807 3634 servorum
821 3601 898 3643 Dei,
915 3600 1057 3636 carissimo
1074 3607 1102 3635 in
1124 3603 1222 3634 Chris-

40 3643 125 3674 1288.
259 3641 307 3687 sto·
319 3640 377 3673 filio
433 3639 509 3682 Regi
524 3627 684 3681 Rnglorum
699 3639 813 3680 illustri,
828 3639 943 3674 salutern
964 3645 997 3675 &
1020 3643 1222 3682 Apostolicam

18 3687 72 3712 An.
90 3684 130 3711 16.
166 3681 407 3712 benedictionem.

18 3725 50 3750 Ε,
74 3731 98 3748 ι.
204 3720 305 3760 Regiae
325 3718 503 3750 Celfitudinis
523 3718 624 3749 litteras
638 3742 647 3756 ‚
678 3727 744 3755 quas
763 3727 852 3757 nuper
871 3718 891 3739 ²*
911 3721 993 3750 nobis
1013 3720 1129 3751 dilectus
1151 3719 1222 3754 filius

18 3763 60 3787 Ex
72 3763 132 3786 Au·
167 3758 268 3788 nobilis
290 3759 349 3796 vir,
367 3756 514 3788 Gilbertus
533 3757 570 3787 de
589 3755 756 3796 Brigdesala‚
772 3756 908 3787 Nuncius
920 3764 1000 3796 tuus,
1019 3759 1089 3789 lator
1102 3758 1221 3796 praesen⁴

18 3804 83 3833 παρ.
168 3795 255 3834 tium,
272 3796 378 3834 attulit,
391 3796 512 3826 libenter
533 3796 567 3826 &
585 3794 745 3825 affectuose
760 3796 933 3832 recepimus:
953 3797 986 3828 &
998 3805 1055 3826 tam
1072 3807 1135 3835 quae
1149 3807 1221 3827 con-

4 3844 5 3849 *
20 3837 150 3873 'll-3⁶5·
167 3834 323 3865 tinebantur
338 3836 367 3865 in
380 3834 450 3872 11113,
465 3843 550 3872 quam
565 3842 629 3878 quae
641 3842 739 3863 coram
752 3833 834 3862 nobis
843 3857 852 3870 ,
869 3842 903 3862 ex
917 3842 992 3870 parte
1004 3835 1113 3874 Regia,
1129 3835 1222 3865 (1161113

165 3871 299 3912 Nuncius
311 3881 472 3910 proponere
486 3871 785 3910 voluit,intelleximus
795 3870 957 3909 diligenter,
965 3872 1115 3909 gaudentes
1122 3883 1221 3912 quam-v

166 3910 322 3947 plurimum
342 3912 376 3942 &
397 3911 548 3941 exultantes
570 3911 599 3940 in
617 3910 752 3940 Domino
765 3933 775 3948 ,
822 3910 849 3938 ui
870 3908 996 3949 Regibus
1017 3911 1065 3941 dat
1087 3912 1220 3950 salutem,

126 3961 129 3963 Δ
166 3947 246 3985 quod
260 3971 270 3985 ,
288 3948 358 3979 ficut
376 3949 477 3980 nostris
499 3948 618 3979 sensibus
641 3947 765 3986 ejusdem
822 3948 897 3976 uticii
919 3948 1068 3986 gratiffima
1088 3951 1220 3987 patefecit

166 3984 296 4023 assertio,
313 3986 429 4023 persona
448 3988 555 4026 Regia,
574 3996 658 4025 quam
678 3988 708 4016 in
726 3985 874 4016 visceribus
888 3987 1011 4021 gerimus
1025 3988 1160 4029 caritatis²
1178 3988 1222 4019 sua

167 4033 262 4063 pernae
278 4024 373 4059 gratiae
392 4026 575 4065 opitulatione
590 4025 717 4061 favente,
736 4023 876 4054 beneficio
889 4023 988 4054 fruitur
1001 4024 1139 4062 sospitatis.

204 4060 588 4132 EissptsithiijpffiINuncii
608 4063 744 4103 praelibati
764 4062 861 4095 relatio
883 4062 1047 4095 turbationis
1072 4072 1133 4096 non
1153 4073 1220 4095 nio-

1233 174 1700 224 PUssLI‘oA,
2220 183 2271 231 ἃς

1223 260 1296 292 dicae
1317 264 1464 304 nubilum,
1490 266 1569 304 quod
1598 266 1685 297 nostri
1705 265 1863 304 praecordiis
1883 265 2002 305 ingratus
2015 288 2025 303 ,
2048 263 2222 302 praeveniens
2243 263 2278 293 de
2294 254 2420 287 lim-D,

1221 299 1295 366 <sitam
1317 300 1415 339 Regio
1436 314 1534 334 rumor
1552 305 1697 342 intulerat,
1714 305 1917 342 praeconceptis
1935 302 2082 333 doloribus
2102 309 2209 332 metam
2229 301 2277 332 de-
2295 294 2397 360 E1233-

1243 347 1271 368 [t-
2316 344 2361 361 H'U.
2379 342 2404 360 [ο

1247 375 1351 420 .83116-,
1370 377 1424 415 fili,
1440 388 1498 408 nou
1513 380 1689 421 ignoramus,
1709 381 1777 418 quin
1794 380 1885 417 potius
1899 380 1968 409 certi
1982 377 2174 416 sumus,quod
2191 377 2278 415 Mag-2

1225 414 1356 444 nitudinis
1377 415 1490 453 Regalis
1513 418 1649 447 sinceritas
1668 419 1784 447 uberem
1804 418 1840 447 de
1863 418 1985 454 persone
2013 416 2116 446 nostrae
2143 417 2278 453 concepit

1226 454 1410 495 promotione
1425 448 1568 492 laetitiam,
1588 466 1656 486 cum
1678 456 1715 485 iic
1737 465 1800 494 erga
1824 456 1987 485 Romanam
2002 454 2173 492 Eccleliam,
2213 464 2278 484 uam

1225 490 1313 533 veluti
1327 491 1530 522 benedictionis
1543 494 1577 524 &
1592 495 1685 532 gratiae
1698 493 1767 523 filius
1782 495 1914 522 revereris
1928 501 1957 523 ut
1971 501 2088 522 matrem
2098 516 2108 531 ‚
2125 502 2181 522 tuae
2210 502 2280 522 evo-

1226 536 1309 558 tionis
1323 529 1412 560 fervet
1425 531 1559 569 aflectus,
1579 531 1674 569 qnod,
1693 531 1855 568 prosperum
1870 530 1976 568 semper
1990 530 2091 560 statum
2104 531 2160 567 ejus
2175 530 2282 560 deiide-

1227 576 1306 603 rans,
1325 569 1358 598 &
1373 569 1400 597 in
1414 569 1495 605 ipsius
1508 571 1655 599 vacatione
1666 569 1801 606 turbaris,
1820 578 1852 598 ac
1871 570 1900 597 in
1921 569 2080 606 provisione
2101 570 2170 599 1111113
2190 569 2281 598 imbre

1227 604 1345 642 copioso
1362 607 1532 643 perfunderis
1545 607 1720 637 oaudiorum.
2088 638 2093 641 Δ

1267 642 1355 673 Caetei
1364 654 1412 674 um
1424 645 1525 675 Terra:
1538 630 1639 675 finctae
1653 646 1799 682 negotium
1815 643 1895 684 cordi
1909 644 2049 681 potissime
2063 645 2284 682 gerimus‚tanto

1229 681 1348 718 amplius
1371 683 1426 724 ejus
1450 685 1663 722 promotionem
1685 684 1812 713 votivam
1828 685 1861 712 ὅ(
1877 683 1998 712 661616111
2013 684 2171 720 cupientes,
2191 693 2223 712 ac
2240 684 2283 711 in-

1229 720 1375 750 tendentes
1397 721 1602 751 sollicitioribus
1624 721 1717 751 studiis
1739 721 1773 750 ad
1795 719 1912 750 eandem
1929 744 1938 757 ,
1958 729 2064 757 quanto
2087 720 2205 758 diutius,
2223 730 2283 749 non

1230 756 1331 799 absque
1353 758 1566 789 Christianitatis
1588 759 1746 798 obprobrio
1760 783 1769 797 ,
1802 767 1871 788 terra
1891 759 1944 798 ipsa
1958 783 1967 797 ,
1999 759 2076 794 cuius
2098 758 2229 794 angustiis
2249 760 2284 788 ὅτ.

1231 796 1359 831 pressuris
1375 806 1483 833 paterna
1495 797 1648 828 affeffione
1661 798 1868 835 compatimur,
1885 796 1958 827 tetra
1969 798 2057 827 eittitit
2076 797 2152 826 nube
2172 796 2284 827 calami*

1230 834 1290 862 tatis
1303 833 1437 864 obducta.

1268 869 1515 903 Commendamus
1530 881 1623 903 autem
1641 873 1740 913 Regiae
1756 873 1929 912 benignitatis
1942 872 2078 903 affectum
2088 897 2096 910 ,
2117 879 2288 910 quem,non

1231 907 1289 938 fine
1310 909 1425 940 laudum
1445 911 1548 941 sonoro
1561 913 1725 951 praeconio,
1742 921 1793 948 pro
1809 911 1970 941 liberatione
1984 911 2111 942 cariilimi
2125 913 2153 940 in
2167 910 2286 940 Christo

1233 946 1280 976 filii
1300 947 1390 977 nostri
1409 948 1505 978 Caroli
1529 951 1725 989 primogeniti,
1742 949 1822 978 clarze
1842 950 2005 987 memorias,
2023 949 2060 979 C.
2083 949 2169 988 Regis
2183 948 2285 978 Siciliae

1234 986 1406 1024 concepisti3
1427 986 1627 1017 Excellentiam
1642 987 1760 1025 Regiam
1775 987 1946 1017 sollicitantes
1958 988 2085 1017 attentius
2098 988 2129 1017 ὃ(
2145 988 2287 1016 imitantes

1236 1025 1379 1061 quatinus,
1397 1034 1449 1064 pro
1463 1025 1559 1055 divina
1573 1026 1607 1056 ὃς
1620 1025 1794 1063 Apostolicae
1807 1025 1873 1054 sedis
1887 1025 2056 1062 reverentia,
2077 1024 2217 1063 Regiique
2235 1025 2290 1054 ho-

1235 1063 1310 1092 noris
1325 1070 1493 1099 augmento,
1513 1062 1648 1093 affectum
1665 1063 1838 1101 hujusmodi,
1856 1063 1930 1092 salvo
1945 1064 2055 1092 honore
2069 1062 2126 1092 Dei
2141 1064 2173 1093 ὃ(
2187 1062 2291 1092 Ε6616-

1235 1100 1281 1130 iia:
1294 1125 1303 1138 ,
1321 1110 1353 1131 ac
1378 1101 1458 1130 bono
1478 1101 1548 1131 statu
1570 1101 1691 1139 ejusdem
1712 1101 1894 1138 primogeniti
1910 1123 1919 1138 ,
1937 1101 1970 1130 &
1991 1100 2136 1130 haeredum
2158 1101 2292 1137 suorum,

1234 1137 1350 1169 sollicite
1364 1138 1548 1177 prosequaris,
1569 1147 1616 1176 ut,
1633 1147 1804 1178 cooperante
1825 1139 1928 1168 summi
1948 1138 2036 1176 Regis
2055 1138 2221 1176 clementia,
2239 1148 2293 1175 op-

1235 1183 1326 1207 tatum
1340 1178 1447 1207 exitum
1461 1185 1508 1207 tua
1520 1177 1627 1208 curiosa
1640 1177 1745 1207 solertia
1756 1177 1889 1207 sortiatur.

1275 1251 1345 1283 Dat.
1365 1253 1474 1283 Romae
1495 1253 1568 1291 apud
1588 1253 1726 1285 Sanctum
1748 1253 1866 1283 Petrum
1894 1252 1959 1283 Kal.
1983 1251 2080 1290 Maii,
2111 1249 2295 1282 Pontificatfis

1237 1290 1328 1322 nostri
1340 1301 1416 1322 anno
1431 1293 1534 1330 primo.

1932 1367 1986 1399 Sub
1994 1366 2046 1409 filo
2066 1365 2190 1397 canabe&

1278 1513 1385 1544 Litera
1405 1512 1491 1558 Regis
1506 1509 1637 1544 Franciae
1655 1509 1690 1543 de
1702 1510 1793 1555 flzlvo
1815 1508 1958 1542 condutta
1972 1519 2027 1554 pro
2047 1510 2123 1554 Rege
2142 1507 2269 1554 Angliae.

1243 1595 1425 1655 PHilippus
1438 1620 1447 1634 ,
1479 1595 1536 1626 Dei
1555 1595 1643 1635 gratia
1662 1594 1787 1625 Franciae
1806 1594 1871 1624 Rex
1885 1617 1895 1632 ,
1926 1594 2023 1623 amicis
2044 1593 2076 1624 &
2098 1591 2225 1622 fidelibus
2248 1589 2301 1633 suis
2319 1581 2444 1612 Arm-D:

1310 1634 1441 1664 universis
1453 1658 1462 1672 ,
1480 1635 1514 1665 ad
1535 1644 1606 1672 quos
1628 1633 1773 1672 praesentes
1794 1633 1890 1663 litterae
1913 1633 2114 1670 pervenerint,
2132 1630 2244 1661 salutem
2264 1630 2299 1659 δε
2339 1622 2421 1668 1283;

1244 1671 1438 1703 dilectionem.
2316 1665 2367 1689 ³4²³·
2391 1669 2432 1686 ¹⁰·

1282 1710 1317 1741 N
1320 1721 1402 1742 onim
1416 1711 1534 1741 facimus
1550 1709 1627 1749 quod
1643 1720 1694 1740 nos
1707 1711 1850 1749 egi·e⁰ium
1865 1707 2222 1746 Principem,cariffimum
2229 1715 2300 1736 con-
2316 1704 2344 1726 E.
2366 1708 2388 1725 ¹-

1245 1749 1425 1788 sanguineum
1438 1751 1470 1780 &
1487 1749 1599 1779 fidelem
1613 1748 1756 1786 nostrum,
1773 1734 1962 1785 {dxvii-cium,
1972 1747 2030 1777 Dei
2043 1746 2147 1784 gratia,
2165 1744 2301 1776 illustrem
2315 1742 2346 1765 L·
2356 1734 2414 1790 Bs-

1246 1787 1360 1825 Regem
1375 1788 1502 1828 Angliae,
1522 1787 1686 1818 Dominum
1701 1786 1866 1824 Hiberum,
1883 1788 1916 1817 δε
1932 1786 2049 1816 Ducem
2064 1785 2242 1822 Aquitaniae,
2254 1785 2302 1823 qui
2318 1786 2364 1810 47·
2379 1779 2451 1802 lem

1246 1826 1280 1856 ad
1301 1827 1347 1856 has
1367 1837 1456 1865 partes
1476 1827 1571 1865 Regni
1591 1826 1694 1864 nostri,
1710 1834 1741 1855 ut
1760 1825 1870 1854 insimul
1884 1835 1936 1854 nos
1950 1824 2107 1854 videremus
2115 1846 2134 1864 ,-
2142 1822 2176 1852 ad
2191 1823 2303 1858 requisi·
2319 1818 2452 1842 camera*

1247 1866 1357 1895 tionem
1368 1865 1493 1896 nostram
1508 1866 1584 1895 venit
1596 1888 1606 1903 ,
1622 1865 1653 1894 &
1668 1864 1700 1894 ad
1714 1863 1817 1895 diversa
1833 1863 1929 1903 Regni
1945 1862 2033 1892 nostri
2045 1862 2107 1891 loci
2118 1864 2144 1890 16
2157 1863 2304 1892 transferre

1248 1905 1403 1943 proponit,
1428 1906 1457 1934 in
1477 1902 1575 1933 nostro
1598 1902 1744 1933 condutstu
1762 1902 1921 1941 suscipimus
1940 1900 2035 1931 eundo
2050 1924 2059 1939 ‚
2087 1900 2229 1930 morando
2243 1925 2252 1939 ,
2270 1910 2303 1930 ac

1249 1942 1332 1979 inde,
1351 1941 1384 1972 ad
1398 1942 1577 1980 quascunque
1591 1950 1678 1979 partes
1688 1940 1824 1978 voluerit,
1842 1939 2002 1977 redeundo,

1290 1980 1380 2010 Unde
1394 1982 1477 2011 vobis
1490 1980 1624 2010 omnibus
1639 1981 1672 2010 δε
1687 1979 1795 2018 lingulis
1808 1979 1971 2008 mandamus
1985 1978 2112 2015 quatinus
2121 1977 2227 2016 ipsum,
2236 1987 2305 2007 cum

1253 2017 1400 2049 Comitiva
1416 2019 1476 2057 sua,
1493 2029 1543 2056 per
1556 2018 1692 2057 Regnum
1709 2017 1839 2047 nostrum
1853 2019 1885 2048 ὃς
1902 2016 2067 2054 potestatem
2083 2017 2208 2046 nostram
2231 2016 2307 2046 salvo

1254 2058 1288 2088 &
1303 2057 1397 2088 secure
1410 2057 1572 2087 conducatis
1605 2057 1638 2088 &
1652 2056 1776 2086 conduci
1788 2056 1908 2094 faciatis,
1925 2054 1960 2085 ad
1974 2055 2175 2085 salvamentum
2190 2056 2223 2085 &
2238 2055 2309 2084 libra

1254 2097 1393 2126 rationem
1412 2095 1493 2133 ipsius
1514 2098 1548 2128 &
1569 2081 1622 2125 suae
1644 2094 1800 2125 Comitivae
1820 2093 1971 2124 efficaciter
1991 2093 2179 2135 intendentes,
2198 2093 2217 2123 si
2239 2102 2310 2132 opus

1255 2135 1352 2173 fuerit,
1371 2136 1405 2165 &
1421 2144 1454 2164 ex
1466 2143 1543 2172 parte
1557 2134 1638 2174 ipsius
1652 2133 1729 2170 super
1743 2133 1799 2163 hoc
1815 2133 1919 2163 fueritis
1933 2133 2066 2169 requiiiti:

1291 2172 1475 2204 Praesentibus
1498 2173 1583 2211 usque
1603 2172 1636 2202 ad
1656 2171 1791 2201 Sanctum
1810 2170 1913 2200 Pascha
1934 2170 2071 2206 Domini,
2090 2170 2222 2207 proximo
2238 2169 2313 2200 futu-¹

1255 2221 1336 2250 rum,
1355 2211 1432 2250 quod
1446 2213 1499 2242 erit
1510 2222 1586 2242 anno
1599 2209 1719 2249 ejusdem
1745 2209 1896 2239 millesimo
1913 2207 2106 2239 ducentelimo
2130 2208 2310 2246 octogelimo

1256 2261 1354 2289 nono,
1373 2251 1422 2281 suo
1436 2251 1542 2281 robore
1555 2249 1698 2280 duraturis.

1296 2326 1405 2358 Afrum
1419 2325 1514 2358 Aurei.
1528 2328 1557 2357 in
1572 2326 1673 2365 Vigilia
1684 2322 1847 2356 pentecost.
1862 2334 1938 2355 anno
1951 2322 2075 2354 Domini
2089 2318 2239 2354 millesimo
2261 2321 2314 2355 dud

1256 2366 1410 2397 centesimo
1423 2366 1602 2405 octogesimo
1613 2366 1727 2395 octavo.

1261 2504 1351 2536 Bulla
1378 2507 1451 2552 Regi
1478 2508 1627 2552 rogatoria
1641 2529 1650 2547 ,
1675 2501 1771 2550 quod,
1797 2505 1861 2549 ejus'
1876 2496 2055 2543 ministerio,
2084 2500 2208 2533 Carolus
2223 2505 2314 2536 Priu-v

1389 2565 1449 2598 ceps
1465 2555 1689 2591 Salernitanus,
1706 2553 1843 2597 plenaria
1859 2547 1991 2582 libertati
2010 2547 2195 2592 restituatur.

1260 2638 1447 2699 Nicolaus
1459 2637 1631 2677 Episcopus,
1648 2638 1739 2668 servus
1754 2635 1899 2666 servorum
1914 2634 1990 2672 Dei,
2008 2633 2148 2664 cariffimo
2162 2635 2191 2664 iri
2199 2634 2317 2667 Christo
2335 2640 2461 2676 Armj)3

1354 2678 1413 2709 filio
1487 2677 1561 2717 Regi
1574 2677 1684 2716 Angliae
1699 2674 1813 2714 illustri,
1830 2674 1946 2705 salutem
1961 2674 1993 2705 &
2010 2672 2208 2713 Apostolicam
2231 2675 2318 2705 bene·
2361 2685 2445 2715 1288⁴

1258 2717 1424 2748 dic‘tionem.
2333 2727 2382 2751 Aa.
2408 2727 2450 2754 16·

1294 2755 1322 2786 A
1335 2755 1434 2795 Regali
1448 2755 1586 2785 memoria
1600 2764 1660 2784 non
1673 2752 1813 2784 credimus
1833 2750 1982 2788 excidisse,
2001 2748 2097 2788 quod,
2114 2749 2200 2781 felicis
2220 2761 2316 2782 recor·
2333 2766 2362 2789 E.
2388 2772 2410 2789 1,

1258 2793 1392 2832 dationis,
1407 2794 1544 2824 Honorio
1561 2792 1661 2830 Papae,
1679 2791 1875 2830 praedeceffori
1886 2789 2002 2826 nostro,
2020 2789 2094 2819 varia
2106 2789 2185 2832 pacta
2200 2791 2314 2821 &con-
2327 2807 2357 2830 L.
2367 2806 2394 2829 B.
2402 2801 2430 2839 f·

1257 2832 1393 2870 ditiones,
1410 2832 1656 2869 dudumtractata,
1675 2839 1706 2861 ut
1718 2830 1877 2867 dicebatur,
1896 2830 1929 2859 &
1942 2829 2008 2857 inita
2019 2827 2099 2864 super
2111 2826 2274 2858 liberatione
2294 2829 2312 2848 ²*
2332 2850 2393 2877 ,3,-
2409 2840 2435 2867 ὁ,

1259 2871 1355 2902 dilecti
1368 2871 1432 2910 filii,
1450 2870 1550 2900 nobilis
1562 2871 1630 2907 viri,
1649 2869 1744 2899 Caroli
1760 2867 1953 2907 primogeniti,
1971 2865 2053 2896 clarae
2074 2867 2237 2905 memoriae,
2256 2866 2314 2897 Ca-
2330 2883 2398 2906 pm,
2409 2882 2462 2906 Cir-⁴

1260 2910 1313 2940 roli
1328 2910 1415 2949 Regis
1430 2909 1551 2945 Siciliae,
1569 2908 1728 2945 praesentata
1740 2907 1867 2944 fuerunt3
2327 2927 2420 2945 memr-

1298 2949 1412 2986 Qibus
1428 2948 1502 2977 idem
1514 2945 1705 2976 Praedeceffor
1719 2944 1856 2975 recensitis
1867 2943 1972 2984 plenius
1985 2942 2170 2982 &inspe&is,
2188 2944 2313 2974 &coma
2331 2958 2345 2973 fn
2356 2955 2461 2983 11-.66,

1259 2994 1340 3024 perto
1355 2986 1476 3024 denique
1492 2984 1570 3022 quod
1584 2985 1628 3014 illa
1641 2986 1669 3014 in
1683 2984 1893 3023 derogationem
1909 2981 2042 3021 grandem
2056 2980 2186 3011 Honoris
2208 2981 2313 3013 Eccle-
2400 2975 2410 2991 ⁹

1261 3025 1307 3055 fiae
1321 3025 1462 3055 Romanae
1471 3048 1480 3062 ,
1498 3033 1530 3053 ac
1544 3024 1617 3061 ejus,
1635 3023 1668 3053 ὃς
1682 3022 1763 3060 ipsius
1779 3019 2186 3061 primogeniti‚haeredumque
2199 3020 2316 3051 suorum

1260 3072 1346 3100 grave
1379 3063 1551 3101 mejudicium
1560 3085 1569 3099 ,
1588 3061 1709 3091 multum
1723 3060 1911 3097 opprobrium
1925 3060 1958 3089 &
1972 3058 2116 3088 iaeiionem
2129 3059 2316 3096 multiplicem

1260 3101 1350 3131 redun
1370 3102 1469 3139 abant,
1485 3100 1563 3138 paeta
1586 3100 1619 3131 &
1642 3098 1820 3130 conditiones
1841 3097 1990 3136 praedicta,
2009 3095 2045 3127 de
2065 3096 2182 3128 fratrum
2202 3097 2316 3128 suorum

1262 3140 1397 3178 consilio,
1415 3139 1577 3177 reprobavit
1592 3137 1726 3174 expresse.
2051 3167 2054 3170 ,

1299 3177 1436 3216 Cumque
1457 3175 1659 3215 postmodum,
1678 3186 1727 3214 per
1749 3174 1871 3213 ejusdem
1890 3173 2104 3205 Praedecefforis
2121 3174 2232 3204 obitum
2246 3197 2255 3211 ,
2274 3173 2319 3203 Α-

1261 3215 1398 3253 postolica
1411 3215 1474 3247 sede
1488 3223 1605 3245 vacante
1638 3214 1769 3252 quaedam
1784 3223 1817 3244 ex
1831 3212 1974 3254 praemiisis
1990 3213 2075 3250 paritis
2091 3214 2123 3243 &
2145 3211 2317 3242 conditioni-

1263 3256 1331 3292 buS,
1349 3265 1382 3285 ac
1395 3254 1529 3285 nonnulla
1541 3253 1590 3283 alia
1604 3238 1738 3292 Collegio
1753 3252 1864 3282 Sandtae
1878 3252 2021 3282 Romanae
2035 3250 2169 3280 Ecclesiae
2182 3250 2316 3292 (jardina-

1261 3292 1332 3322 lium
1346 3294 1505 3330 praesentata
1519 3293 1551 3323 ἃ
1566 3291 1658 3321 oblata
1677 3290 1807 3328 fuissent,
1826 3290 1994 3328 praedictum
2014 3288 2191 3327 Collegium,
2210 3287 2315 3317 delibea

1261 3332 1367 3361 ratione
1387 3332 1467 3370 super
1488 3331 1548 3368 ipsis
1570 3331 1643 3359 inter
1662 3329 1688 3359 se
1710 3330 1801 3359 habita
1815 3329 1954 3369 diligenti,
1972 3338 2020 3365 63,
2040 3336 2137 3363 utpote
2151 3331 2316 3356 memoratae

1261 3369 1415 3409 Ecclesiae,
1434 3380 1466 3400 ac
1480 3369 1677 3407 primogeniti,
1695 3369 1728 3398 &
1743 3368 1889 3398 haeredum
1903 3370 1959 3405 61113
1992 3365 2192 3401 raedictorum,
2211 3364 2316 3394 honori

1260 3410 1401 3439 contraria
1414 3433 1424 3447 ,
1442 3408 1595 3438 nullatenus
1616 3406 1764 3437 admittere
1784 3402 1943 3436 voluerunt.
2016 3403 2102 3445 osque
2123 3402 2241 3445 demum
2254 3424 2264 3440 ,
2282 3400 2317 3432 ad

1260 3448 1370 3485 apicem
1393 3447 1494 3477 summi
1518 3443 1700 3482 Apostolatsis
1715 3469 1724 3482 ,
1742 3444 1836 3474 divina
1858 3443 2034 3481 dispolitione
2055 3442 2200 3478 assumpti,
2219 3440 2317 3470 eadem

1259 3486 1342 3524 pacita
1362 3487 1396 3517 &
1417 3485 1613 3522 conditiones,
1632 3493 1695 3521 quae
1716 3482 1796 3513 dicto
1811 3482 1944 3519 Collegio
1958 3480 2116 3522 praesentata
2130 3479 2258 3522 fuerunt,
2273 3478 2317 3509 111-Δ

1260 3534 1310 3562 per
1331 3524 1495 3554 liberatione
1515 3521 1620 3561 praefati
1637 3519 1834 3559 primogeniti,
1853 3519 1953 3550 nostris
1972 3519 2081 3560 auribus
2096 3524 2236 3560 intimata,
2255 3524 2317 3547 non

1257 3564 1387 3594 duximus
1409 3572 1443 3593 cx
1458 3560 1536 3600 justis
1558 3559 1661 3598 causis,
1679 3570 1745 3598 quas
1762 3560 1814 3590 tibi
1827 3558 1959 3596 scripsiffe
1974 3556 2141 3594 recolimus,
2161 3554 2313 3586 admittem

1262 3601 1308 3632 da„
2201 3626 2205 3628 ,

1298 3639 1539 3677 Verumptamcn,
1577 3638 1620 3667 uia
1642 3636 1722 3674 ipsius
1740 3635 1839 3666 Caroli
1860 3635 1985 3665 detentio
2006 3633 2088 3662 nobis
2103 3631 2259 3676 admodum
2275 3627 2316 3663 est·

1258 3678 1394 3717 molesta,
1413 3677 1523 3716 ejusque
1536 3647 1652 3705 aqiistio
1665 3676 1784 3714 graviter
1798 3684 1850 3704 nos
1864 3673 2020 3715 perturbat,
2038 3681 2092 3714 nec
2106 3681 2229 3715 mirum,
2246 3681 2316 3702 cum

1257 3717 1362 3755 ipsum,
1381 3725 1479 3754 utpote
1494 3714 1575 3751 ipfius
1588 3713 1723 3743 Eccleiiae
1737 3713 1905 3750 peculiarem
1927 3710 2031 3746 filium,
2047 3718 2119 3740 inter
2139 3718 2254 3747 privatae
2273 3710 2316 3739 di-

1257 3756 1385 3786 leftionis
1400 3754 1594 3784 contineamus
1607 3752 1764 3789 amplexus,
1782 3750 1892 3789 ejusque
1905 3749 2079 3786 libertatem,
2098 3756 2232 3786 quantum
2249 3758 2329 3778 cum.

1261 3795 1329 3824 Deo
1349 3792 1494 3830 possumus
1511 3813 1520 3829 ,
1538 3791 1679 3822 ferventer
1699 3799 1855 3828 quaeramus
1869 3810 1879 3826 ,
1897 3788 1931 3818 &
1949 3786 2144 3817 liberationem
2164 3786 2317 3817 ferventius

1259 3832 1438 3863 affetstzmius·
2186 3857 2189 3859 ,

1298 3854 1501 3900 Celfitudiiicm
1517 3866 1641 3905 Regiam
1654 3874 1758 3897 attente
1771 3874 1901 3905 rogamus
1915 3864 1949 3895 &
1966 3862 2114 3894 hortamur
2134 3863 2163 3894 in
2182 3862 2316 3905 Domino

1256 3909 1330 3948 Jehu
1345 3906 1478 3943 Christo,
1497 3907 1642 3943 quatinus,
1660 3915 1729 3935 cum
1749 3914 1802 3942 pro
1823 3902 1967 3934 tractanda
1988 3902 2153 3932 liberatione
2173 3901 2242 3931 dicti
2262 3909 2316 3937 pria·

1261 3947 1397 3987 mogeniti
1413 3946 1501 3975 varios
1514 3943 1638 3981 sumptus
1651 3943 1824 3979 sustinueris,
1840 3948 1871 3971 ut
1886 3941 2090 3979 intelleximus,
2108 3942 2141 3972 &
2161 3939 2282 3975 iabores,
2301 3945 2317 3968 a

1260 3987 1456 4024 prosecutione
1469 3981 1627 4019 hujusmodi
1640 3982 1746 4020 negotii
1760 3991 1819 4011 non
1832 3979 1959 4018 desistas,
1973 3979 2012 4009 set
2026 3989 2075 4015 per
2094 3977 2228 4009 honestos
2250 3982 2317 4006 111ονλ

1259 4025 1311 4055 (103
1332 4026 1365 4055 &
1387 4023 1495 4058 licitos,
1514 4021 1547 4050 &
1565 4021 1650 4050 etiam
1670 4020 1788 4049 Honori
1807 4017 1942 4049 Ecclesiae
1956 4027 2014 4048 con
2035 4028 2115 4055 ruos,
2135 4024 2164 4046 ut
2178 4014 2317 4045 effectum

1258 4062 1442 4101 consequatur
1456 4066 1604 4098 optatum,
1621 4059 1780 4127 interpgnas
1794 4057 1911 4088 sollicite
1925 4066 1958 4089 ac
1973 4066 1989 4089 e
2022 4057 2124 4087 caciter
2135 4060 2223 4094 partes
2243 4058 2320 4120 maist}
