2570 4261
214 157 263 197 52

64 306 140 338 Am·
154 304 194 336 D·
215 317 461 351 Procurator-ium
478 310 569 356 fhper
588 305 775 355 sponsalibus
797 310 874 339 inter
891 303 1052 338 Robertum
1060 303 1165 349 filium
1182 305 1280 338 Ducis

59 354 169 419 ‘4¹33ss
419 357 598 405 Burgundiae
614 361 650 395 (ᾗ
673 357 856 389 Allanoram
862 354 968 400 filiam
982 356 1080 400 Regis.

60 425 83 448 E
123 431 131 447 i

60 463 119 486 Par.
139 441 198 497 ¹34.

60 500 90 523 E.
122 506 144 523 1.

58 543 97 563 m.
112 543 157 569 ²5·

220 452 277 521 R
288 448 312 479 E
322 447 351 477 X
366 446 514 490 omnibuS,
532 442 566 473 ad
579 452 668 487 quos,
685 442 746 485 &c
760 440 886 484 salutern.
949 478 953 483 -
968 478 973 483 ⁸
1036 477 1040 482 -
1059 475 1065 482 ·
1214 473 1220 480 ²

317 486 364 516 De
384 482 642 520 circumspectione
662 481 695 512 ὅ(
719 479 851 510 industria
872 477 988 509 Nobilis
1003 475 1084 514 Viri,
1099 475 1234 514 Johanms
1248 473 1283 504 de

218 525 372 562 Cabilone,
392 522 516 554 Domini
529 521 565 550 de
581 519 679 560 Arlay:
698 519 732 550 &
746 518 912 548 dilectorum
929 514 1096 547 &fidelium
1105 513 1264 544 nostrorum
1274 534 1284 549 ,

212 563 347 601 johannis
367 562 402 592 de
418 561 501 598 Baar,
518 560 552 589 &
568 558 685 589 Ottonis
697 557 733 589 de
749 555 945 594 Grandisono,
964 553 1110 592 Militum,
1127 551 1238 590 plenam
1253 551 1283 580 in

214 601 346 632 Domino
359 600 495 630 fiduciam
508 598 682 636 obtinentes,

248 640 360 670 Eisdem
377 637 516 676 johanni,
536 636 674 675 Johanni,
693 635 725 665 &
741 633 845 663 Ottoni
854 655 863 671 ,
881 641 914 662 ac
928 630 1036 661 duobus
1050 638 1166 666 eorum,
1184 628 1204 659 si
1217 637 1283 658 orn-

211 688 259 710 nes
276 676 403 709 interesse
417 686 476 707 non
491 682 638 714 poterunt,
655 672 789 703 tractandi
805 672 838 702 &
855 669 1068 707 concordandi,
1086 669 1205 698 nomine
1220 667 1283 696 nos-

210 726 272 755 tr0,
297 716 333 746 de
353 716 437 746 certis
449 713 702 748 conventionibus,
719 710 797 748 super
814 708 980 747 sponsalibus
993 708 1026 738 &
1042 706 1225 736 matrimonio
1239 705 1283 734 in-

209 764 249 786 ter
274 755 432 786 Robertum
456 754 551 791 (bonae
572 750 735 787 memoriae‚
760 747 876 778 Ottonis
895 746 1037 785 quondam
1059 744 1228 779 Burgundiae
1249 743 1281 773 &

210 795 347 826 Attrabati
361 792 486 823 Comitis
500 790 643 826 defuncti,
661 790 694 819 &
711 787 824 818 Nobilis
841 785 977 824 Domine
991 783 1094 814 Matill.
1113 781 1281 822 Burgundiae

208 833 242 864 &
267 832 406 864 Attrabati
426 827 602 866 Comitiffae,
627 836 714 865 nuper
731 826 823 856 uxoris
839 825 919 863 iplius
933 823 1056 853 Comitis
1070 820 1157 852 filium
1174 822 1206 851 &
1223 821 1283 850 hae-

209 871 319 941 ἑςάεπι)
343 880 376 901 ac
398 869 582 905 Alianoram,
605 865 692 896 filiam
705 863 829 895 nostram
844 886 854 903 ,
879 862 945 893 Deo
962 861 1100 900 propitio,
1117 859 1284 891 contrahen-

229 920 266 940 is:

245 948 280 979 Et
295 947 496 978 conventiones
509 943 565 974 illas
580 953 628 981 per
637 944 844 981 juramentum,
860 941 889 969 in
904 939 1028 969 animam
1040 936 1163 968 nostram
1199 935 1219 966 si
1234 945 1283 965 ne-

211 985 286 1018 cesse
308 986 406 1022 fuerit,
428 981 633 1022 praestandum,
650 982 684 1012 &
697 980 755 1011 aliis
770 980 822 1009 viis
838 979 870 1009 &
888 977 997 1015 modis,
1015 977 1115 1015 quibus
1127 960 1225 1006 melitis
1235 982 1282 1004 ex-

247 1026 299 1055 diri
314 1023 470 1059 videbitur,
487 1018 676 1057 affecurandi,
693 1018 828 1056 vallandi,
846 1018 879 1047 ὅ(
893 1015 1044 1054 firmandi,
1061 1015 1171 1053 plenam
1179 1022 1283 1044 conce-

230 1065 300 1094 imus
313 1063 346 1094 &
362 1061 588 1097 committimus,
604 1067 700 1089 tenore
716 1056 910 1095 praesentium,
929 1055 1110 1092 potestatem:

250 1101 353 1132 Ratum
373 1101 406 1131 &
428 1098 543 1129 firmum
565 1098 712 1135 habentes,
730 1097 763 1126 &
776 1102 911 1133 perpetuo
927 1094 1064 1131 habituri,
1081 1090 1216 1130 quicquid
1234 1100 1283 1128 per

211 1139 339 1179 praefatos
349 1138 509 1178 Johannem
518 1160 527 1175 ‚
541 1135 698 1175 Johannem
708 1157 718 1173 ,
734 1135 767 1165 ὃς
781 1133 937 1169 Ottonem,
954 1132 1000 1162 vel
1008 1131 1077 1162 duos
1083 1140 1183 1161 eorum
1194 1137 1284 1167 ,trac-

211 1186 298 1211 tatum
307 1202 317 1218 ‚
335 1177 540 1208 concordatum
549 1197 558 1212 ‚
577 1174 699 1210 factum,
716 1172 763 1203 seu
777 1171 921 1203 firmatum
936 1170 1020 1201 fuerit
1034 1171 1064 1200 in
1077 1167 1229 1208 praemissis.

246 1216 280 1249 In
295 1218 391 1255 cujus,
408 1216 469 1247 &c.
486 1215 533 1245 has
548 1214 665 1251 litteras,
682 1212 744 1244 &c.

216 1270 218 1273 Ι
247 1293 315 1326 Dat.
333 1293 406 1333 apud
422 1292 573 1333 Wynton,
592 1291 619 1322 8.
636 1289 683 1321 die
700 1287 783 1320 Maii.

82 1406 102 1425 ²*
120 1407 160 1435 Π.

66 1448 132 1484 996·
270 1424 291 1444 ²*
316 1422 420 1455 Literae
436 1429 492 1466 pro
501 1418 568 1463 filio
585 1419 709 1450 Comitis
725 1414 761 1448 de
777 1415 873 1447 Barro
892 1409 1198 1454 recommendatam,
1231 1410 1287 1442 Co·

629 1469 698 1499 miti
720 1467 858 1498 Deum.

66 1552 140 1585 Ann.
158 1550 198 1583 D.

90 1591 174 1632 1306.

63 1634 117 1658 An.
138 1640 182 1666 ³4·

65 1673 94 1697 E.
111 1678 133 1696 t.

65 1711 119 1736 Rot.

65 1744 153 1781 Claus.

1065 1545 1285 1587 Consanguineo

217 1554 340 1612 REX
360 1553 464 1586 Nobili
482 1552 554 1584 Viro
577 1552 711 1583 Domino
734 1550 767 1581 L.
793 1548 904 1580 Comiti
918 1547 1187 1616 Demffldsseffionis
1199 1584 1285 1614 aflec-

215 1642 244 1667 tu

288 1595 322 1627 &
343 1594 440 1625 arnico
460 1592 509 1624 suo
531 1590 676 1622 kariffimo
692 1613 702 1629 ‚
726 1589 840 1620 salutem
855 1587 1016 1619 &sincerae

246 1644 285 1665 m.

251 1673 395 1711 Negotia,
414 1668 537 1701 universa
554 1669 587 1700 &
601 1667 723 1704 singula,
741 1664 892 1709 Edwardi,
909 1663 956 1694 filii
970 1662 1009 1693 H.
1028 1661 1170 1701 quondam
1179 1660 1283 1691 Corni-

217 1713 250 1744 tis
264 1711 299 1743 de
315 1711 416 1747 Barro,
435 1709 556 1747 Nepotis
569 1706 658 1738 nostri
672 1706 822 1742 karisiimi,
840 1712 959 1742 quorum
976 1701 1228 1739 promotionem&
1237 1708 1285 1729 ex-

217 1750 389 1790 peditionem
401 1748 515 1779 felicem
530 1746 651 1777 corditer
666 1743 847 1781 affectamus,
865 1742 897 1773 &
911 1742 1052 1779 praecipue
1066 1750 1098 1770 ea
1113 1749 1175 1778 quae
1188 1739 1221 1769 ad
1237 1737 1284 1768 sal-

216 1791 358 1821 vationem
370 1788 437 1827 juris
450 1787 490 1817 sui
504 1785 668 1817 haereditarii
685 1784 824 1821 pertinent
838 1804 847 1819 ‚
873 1780 917 1811 seu
932 1780 1016 1809 etiam
1031 1778 1180 1817 aliqualiter
1193 1777 1284 1807 valere

218 1836 364 1868 poterunt,
388 1826 468 1857 vobis
491 1823 641 1856 affectione
661 1822 809 1860 ampliori,
828 1819 882 1859 qua
896 1818 1049 1858 poterimus
1063 1840 1074 1856 ,
1098 1815 1285 1848 commenda-

218 1877 449 1936 mlssileffionem
469 1902 592 1933 vestram
612 1900 711 1930 intime
734 1898 931 1936 deprecantes,
949 1894 1024 1934 quod
1041 1892 1158 1932 praesato
1173 1892 1285 1931 Nepoti

217 1943 313 1976 nostr0
325 1945 354 1974 in
369 1943 437 1981 hiis,
453 1952 515 1980 quie
530 1939 620 1978 ipsum
635 1936 787 1975 aliqualiter
802 1937 987 1972 contingunt5
1013 1934 1045 1964 &
1061 1932 1214 1970 specialiter
1229 1942 1286 1970 quo

216 1983 249 2014 ad
275 1981 467 2013 haereditatem
486 1980 579 2015 suam,
597 1979 626 2007 in
641 1977 768 2007 manibus
781 1975 905 2005 Domini
917 1973 1039 2010 Philippi
1056 1971 1144 2007 Regis
1161 1970 1286 2000 Francix

217 2021 326 2052 illustris
340 2020 503 2051 existentem
512 2042 521 2055 ,
539 2014 755 2054 recuperandam
763 2038 772 2053 ,
780 2013 869 2044 velitis
881 2011 1005 2042 vestrum
1015 2010 1162 2040 consilium
1170 2009 1202 2040 ὃ(
1211 2010 1287 2039 auxi-

218 2060 304 2099 lium,
321 2069 387 2090 cum
403 2058 498 2089 favore
511 2055 662 2093 benivolo,
679 2052 778 2084 nostris
785 2052 930 2091 precibus,
948 2049 1105 2088 impertiri,
1122 2048 1267 2078 intantum
1277 2071 1287 2086 ,

218 2099 238 2130 si
252 2099 356 2137 placet,
375 2097 451 2136 quod
462 2096 538 2126 idem
550 2095 650 2132 Nepos
664 2091 756 2123 noster
769 2092 846 2122 hunc
862 2088 990 2121 nostrum
1003 2085 1287 2125 rogatumlibieffec-

217 2138 324 2168 tualiter
346 2136 439 2167 sentiat
460 2133 607 2173 profuisse:
628 2132 762 2171 quodque
773 2130 856 2160 vobis
869 2127 968 2159 exinde
981 2126 1015 2157 ad
1031 2134 1120 2164 grates
1136 2126 1169 2156 δε
1185 2126 1287 2163 gratia-

219 2185 283 2207 rum
298 2176 421 2207 actiones
436 2175 541 2204 merito
557 2180 709 2202 teneamur.

254 2215 308 2253 Et,
331 2214 351 2244 fi
366 2223 428 2251 quae
443 2221 525 2250 penes
540 2221 591 2240 nos
605 2209 762 2245 volueritis,
780 2217 812 2237 ea
825 2206 906 2236 nobis
918 2214 986 2236 cum
1001 2202 1103 2234 fiducia
1119 2201 1285 2240 rescribatis;

219 2255 306 2295 parati
328 2253 405 2284 enim
425 2250 517 2281 sumus
560 2249 593 2280 ὃ(
605 2248 712 2285 semper
727 2247 843 2283 erimus,
861 2244 896 2274 ad
910 2254 942 2274 ea
956 2241 1097 2280 facienda,
1116 2251 1179 2280 quae
1191 2240 1289 2273 vestris

219 2292 379 2326 noverimus
393 2299 493 2321 comm
533 2289 555 2318 is
569 2287 602 2318 &
616 2285 770 2317 honoribus
783 2284 943 2316 convenire.

254 2369 321 2402 Dat.
338 2368 480 2409 Wynton.
498 2365 527 2396 6.
540 2364 586 2395 die
601 2362 686 2394 Maii.

256 2445 369 2478 Eodem
384 2443 473 2475 modo
486 2443 612 2474 scribitur
625 2439 730 2472 Nobili
745 2439 820 2470 Viro
833 2437 875 2469 G.
896 2436 1006 2468 Comiti
1018 2435 1055 2466 de
1067 2433 1172 2466 Sancite
1185 2432 1290 2471 Paulo,

222 2486 327 2518 Amico
340 2483 388 2515 suo
403 2481 562 2520 karissimo,
579 2481 641 2512 &c.

70 1793 114 1820 34.
133 1788 198 1811 ΕΛ.

67 1823 200 1860 m.i3.d.

611 2607 723 2640 comiti
739 2602 774 2637 de
791 2605 903 2638 Drues.

297 2696 359 2728 EX
375 2693 545 2732 DominoJ.
565 2692 677 2724 Comiti
690 2690 725 2720 de
739 2689 848 2728 Drues,
866 2688 973 2720 Amico
983 2687 1032 2719 suo
1048 2685 1208 2725 kariffimo,
1224 2684 1292 2716 salu-

308 2745 384 2774 tem,
402 2734 434 2765 &
448 2733 558 2764 sinceroe
573 2730 730 2762 dilectionis
746 2727 890 2759 affectum.

256 2774 387 2813 Negotia
402 2771 540 2810 universa,
559 2769 616 2805 &iz
635 2777 667 2798 ut
679 2768 756 2806 supra
772 2765 810 2806 us
819 2778 850 2795 ue
864 2765 916 2804 ibi,
936 2766 1037 2795 merito
1052 2772 1204 2794 teneamur.

260 2812 313 2852 Et,
331 2814 394 2851 quia
407 2821 492 2848 nuper
508 2811 590 2841 vobis
604 2807 722 2844 intelligi
737 2806 789 2836 fuit
821 2813 914 2842 atum,
932 2803 1008 2841 quod
1018 2812 1069 2832 nos
1103 2798 1292 2840 quaedamdis-

222 2851 352 2891 plicentia
362 2851 399 2882 de
410 2851 490 2881 vobis
503 2847 600 2879 dixisse
612 2847 797 2877 debueramus
805 2867 815 2882 ,
833 2825 1159 2886 ficutvenerabilis³Pater
1168 2839 1220 2870 W.
1230 2838 1292 2870 Co-

222 2900 311 2922 ventr.
335 2891 367 2921 &
391 2887 555 2928 Lychefeld.
573 2885 727 2924 Episcopus
739 2882 936 2913 Thes-aurarius
950 2879 1060 2919 noster,
1076 2890 1145 2910 unus
1156 2877 1193 2908 de
1205 2878 1292 2908 Nun-

223 2930 273 2960 ciis
284 2928 397 2967 nostris,
406 2927 498 2972 usque
514 2925 689 2964 Lugdunum
704 2932 791 2961 nuper
805 2919 908 2960 missiS,
924 2921 954 2950 in
968 2918 1055 2950 reditu
1069 2918 1117 2949 suo
1131 2917 1231 2949 exinde
1239 2927 1292 2947 no-

224 2968 268 3000 bis
280 2967 371 2998 retulit
384 2969 448 2997 νιν-ἐ.
463 2974 550 2996 voce:

257 3006 316 3036 Vos
336 3005 404 3035 scire
416 3004 544 3035 volumus
559 3013 610 3041 pro
628 2999 780 3036 constanti,
798 2996 873 3036 quod
889 2996 923 3027 de
939 2996 1020 3026 vobis
1034 2995 1107 3024 bene
1121 3001 1247 3025 tenemus
1262 2994 1291 3024 in

223 3044 355 3074 omnibus
369 3054 418 3073 nos
433 3051 592 3074 contentos:
612 3041 660 3078 &,
678 3040 697 3069 si
712 3048 774 3077 quae
788 3046 838 3075 pro
853 3037 952 3074 vobis,
972 3034 1015 3064 vel
1030 3033 1128 3063 vestris
1144 3043 1228 3071 penes
1241 3042 1292 3062 nos

224 3082 372 3112 habueritis
392 3081 534 3119 facienda,
550 3077 710 3118 hujusmodi
723 3074 929 3113 suggestiones,
947 3073 1027 3104 vobis
1042 3071 1144 3110 factas,
1161 3072 1286 3102 invenie-

224 3121 272 3158 tis,
291 3129 338 3158 pet
355 3120 554 3150 exhibitionem
567 3119 658 3157 operis
667 3140 677 3157 ,
695 3115 806 3146 frivolas
820 3114 854 3145 ὃς
867 3112 1022 3144 mendaces.

263 3195 331 3227 Dat.
349 3195 410 3227 &c.

74 2698 149 2730 Ani-i.
165 2695 206 2727 D.

94 2735 179 2776 1306.

75 2780 127 2803 An.
138 2785 182 2812 34.

76 2819 107 2842 ΣΕ.
126 2824 149 2840 1.

73 2852 180 2882 Ibidem.

495 3317 553 3353 Ad
568 3319 716 3352 Mariam
734 3319 864 3350 Franci-e
880 3317 1038 3361 Reginam.

83 3386 213 3466 Δῗξόόῃ
232 3405 448 3478 SEreniffimae
468 3403 607 3449 Dominae
621 3427 630 3442 ‚
655 3401 791 3447 Dominae
815 3399 916 3430 Mariae
929 3423 939 3438 ,
963 3398 1020 3430 Dei
1043 3396 1147 3436 gratia,
1172 3395 1294 3439 Regina:

182 3449 189 3456 '
278 3446 417 3483 Franciae,
441 3443 528 3475 Matri
549 3443 603 3474 suae
622 3440 787 3478 kariffimae,
804 3438 972 3476 Edwardus‚
989 3439 1049 3469 δίε.
1066 3435 1180 3468 salutem
1193 3436 1226 3466 &
1242 3438 1294 3467 lin-

233 3494 306 3515 cerae
319 3484 475 3515 dilefflonis
486 3481 630 3512 affectum.

269 3522 413 3562 Negotia,
430 3520 490 3556 &a
508 3528 538 3550 ut
552 3520 648 3559 sicpra,
665 3521 693 3548 in
707 3515 804 3547 littere}
824 3518 920 3546 Comiti
934 3518 1054 3545 Deurez.

83 3469 135 3493 An.
153 3475 197 3502 34.

84 3507 114 3531 E.
132 3512 153 3530 i.

86 3541 190 3571 ibidem.

403 3644 461 3680 Ad
473 3647 620 3679 Mariam
638 3641 819 3688 Comitiffizm
835 3640 872 3675 de
889 3641 995 3673 Sci-asto
1012 3640 1118 3673 Panlo.

92 3729 166 3760 Ann.
180 3727 220 3759 D.
235 3735 296 3798 R
305 3727 331 3760 E
343 3727 375 3759 Χ
395 3729 513 3768 Mariae,
537 3727 696 3761 Comitiffie
710 3727 745 3758 de
762 3727 866 3758 Sancto
879 3725 983 3764 Paulo,
1001 3723 1225 3762 Consanguineae
1239 3721 1294 3753 suae

113 3768 197 3807 1306.
317 3766 480 3811 karissimae,
497 3769 610 3800 salutem
624 3769 656 3799 ὃ(
668 3768 781 3798 sincerii:
792 3765 950 3795 dilectionis
963 3772 1154 3801 augmentum.

91 3810 207 3871 ’ΞΠ-ᾕ-
273 3805 400 3850 Negotia
406 3828 417 3845 ,
434 3806 493 3842 &n
510 3808 633 3848 utsicpra
647 3810 676 3837 in
691 3804 765 3837 dm
779 3803 891 3842 littera,
910 3801 990 3842 misici
1007 3805 1102 3834 Camiri
1114 3804 1236 3833 Deurez.

94 3881 197 3912 Ibidem.

662 130 1451 182 CONVENTIONES,

1506 133 1861 179 LITERAE

1325 301 1352 328 *ζ
1366 302 1425 337 Ad
1430 304 1586 351 Duciffam
1604 306 1780 354 Burgundiae
1788 308 1881 354 ficper
1889 309 2097 342 Matrimonia
2113 311 2192 341 inter
2211 309 2276 355 ejus
2286 309 2391 354 filiam
2414 308 2489 340 Ann.
2505 310 2546 343 D.

1572 358 1609 393 (ῤ’
1628 355 1690 389 Ed.
1701 356 1804 402 filium
1827 359 1949 389 Comitis
1966 355 2003 388 de
2021 358 2129 390 Burro.
2416 358 2447 405 *Ι
2455 349 2520 415 ¹306·

1325 442 1386 506 R
1398 436 1464 468 EX
1486 439 1591 483 Nobili
1613 439 1765 479 Dominae,
1780 441 1823 485 ¹&
1838 440 2064 479 consanguineae
2076 441 2130 472 sine
2144 442 2312 482 kariffimae,
2331 443 2394 481 Ag-
2411 457 2453 481 Aa

1393 485 1482 519 neti,
1501 477 1628 508 Duciffae
1642 479 1830 518 Burgundiae‚
1846 479 1958 510 salutem
1973 489 2040 510 cum
2056 480 2208 511 dilectione
2222 482 2334 513 fincerfi.
2413 496 2433 518 E
2457 475 2462 480 ⁶
2484 464 2521 521 31?-
2524 476 2531 484 ’

1364 513 1479 557 Litteras
1498 515 1614 560 vestras‚
1632 516 1791 562 quastnobis
1803 517 1910 548 misistis
1925 528 1973 556 per
1986 528 2102 548 manum
2118 519 2233 550 Nobilis
2247 520 2328 560 Viri,
2342 520 2393 559 J0-
2412 512 2444 557 C}
2462 502 2484 519 ι’
2512 502 2548 522 π’

1324 550 1421 582 hannis
1441 552 1477 597 de
1497 552 1637 598 Cabilone
1658 555 1775 600 Militis,
1800 558 1972 595 recepimus,
1989 556 2022 588 &
2037 566 2131 588 earum
2144 565 2270 589 tenorem
2284 559 2393 590 audivi·
2416 551 2452 595 E·
2473 541 2518 568 34⁶
2531 551 2548 570 ἢ

1324 599 1401 658 mig,
1419 590 1452 621 &
1468 592 1650 636 intelleximus
1663 593 1825 632 diligenter:
2439 592 2443 596 “
2469 580 2491 637 ¹4}
2509 579 2546 599 Μ’

1326 667 1332 671 Ι
1392 628 1470 659 estne
1484 629 1656 675 notificantes
1664 632 1826 671 Amicitiae,
1843 641 1873 664 ut
1887 635 2089 665 conventiones
2103 633 2181 672 super
2195 636 2377 667 matrimonio
2420 617 2463 646 ,ς’
2492 618 2528 636 ον’

1324 675 1394 697 inter
1409 666 1578 713 Edwardum
1593 669 1680 713 filiurn
1689 672 1869 702 &haeredem
1877 693 1888 710 ,
1905 673 1989 703 bonae
1996 674 2141 703 memoriae
2150 696 2159 711 ,
2176 659 2394 713 Henriciqu0n3

1324 704 1391 735 dam
1417 705 1538 751 Comitis
1557 707 1688 739 Barrenlis
1710 709 1837 741 defuncti
1850 733 1858 748 ‚
1883 710 2031 749 Nepotem
2051 711 2180 742 nostrum
2202 711 2372 743 cariffimum

1325 744 1405 773 &...
1438 744 1524 790 filiam
1539 746 1658 791 vestram
1675 748 1883 787 contr..heiido,
1901 750 2060 787 praelocutae
2075 749 2190 780 firmiter
2197 736 2396 782 observentur’

1324 781 1487 835 &cx-,effectui
1501 794 1710 825 mancipentur,
1728 787 1859 825 idemque
1875 789 2087 818 matrimonium
2102 788 2293 828 subsequatur,
2312 774 2395 820 &eff-

1324 820 1477 888 ffdstilfiahoer
1491 824 1680 864 compleatur,
1698 825 1854 864 plurimum
1869 824 1955 856 inesse
1967 826 2000 857 &
2016 826 2135 857 insistere
2148 827 2286 858 deiideriis
2301 829 2395 860 cordis

1340 936 1344 941 .
1362 897 1470 929 Verum
1486 901 1549 938 quia
1562 900 1653 944 dictus
1666 901 1769 940 Nepos
1781 902 1874 933 noster
1885 902 1943 940 jam
1958 901 1998 933 est
2011 902 2131 941 pluribus
2145 903 2178 934 ὃς
2190 903 2300 935 diversis
2314 905 2394 936 debi-

1325 943 1387 1005 ξξυέ
1409 948 1529 976 quorum
1552 943 1699 970 occasione
1722 940 1806 971 usurae
1820 951 1932 972 currunt
1947 942 2035 972 indies
2046 941 2123 980 supcr
2137 951 2222 980 eum,
2239 952 2268 974 ut
2281 945 2395 982 accepi-

1395 999 1405 1015 ,
1423 986 1566 1016 oneratus,

1362 1015 1490 1060 Vestram
1512 1018 1676 1061 requirimus
1699 1018 1866 1049 Amicitiam
1886 1018 2052 1057 specialiter,
2077 1019 2111 1050 ὃς
2123 1028 2255 1056 rogamus
2270 1022 2396 1058 quatinus

1327 1060 1357 1082 ut
1378 1055 1472 1099 eidem
1496 1055 1607 1094 Nepoti
1628 1056 1723 1087 nostro
1738 1057 1774 1088 de
1787 1057 1896 1088 summa
1910 1058 1972 1096 illa,
1991 1068 2074 1095 quam
2089 1057 2130 1087 est
2144 1067 2195 1095 pro
2209 1057 2288 1088 dicio
2301 1062 2395 1090 inatri-

1327 1100 1428 1124 monio
1448 1103 1625 1139 recepturus,
1650 1096 1682 1125 ad
1700 1097 1926 1127 exonerationem
1940 1096 2100 1126 debitorum
2116 1096 2227 1126 suorum
2244 1098 2394 1133 praedicto-

1326 1140 1407 1171 rum,
1426 1141 1529 1177 quanto
1544 1134 1656 1164 celerius
1670 1133 1729 1165 fieri
1744 1136 1861 1173 poterit,
1877 1134 2017 1165 sitisfaciat
2035 1133 2217 1173 [secundum]
2234 1134 2395 1167 facultatum

1326 1170 1479 1215 vestrarum
1496 1182 1567 1202 Vires
1579 1173 1743 1211 extendere;
1761 1174 1811 1212 &,
1829 1182 1857 1204 ut
1873 1174 2051 1212 priclocutio,
2068 1173 2144 1211 super
2159 1170 2396 1206 dietomatrimo-

1327 1217 1376 1239 nio
1390 1209 1496 1254 habita,
1514 1218 1610 1254 optato
1623 1210 1738 1242 effedmi
1752 1212 1844 1243 modis
1857 1213 1988 1243 omnibus
2001 1214 2195 1250 mancipetur,
2211 1214 2344 1244 curare&
2354 1213 2395 1245 fa-

1327 1256 1393 1278 cere
1409 1249 1497 1279 velitis
1504 1249 1607 1293 ¹nostris
1620 1252 1747 1289 precibus
1760 1251 1793 1282 &
1806 1261 1908 1282 amore.

1369 1286 1547 1318 Venerabiles
1562 1296 1655 1320 autem
1666 1288 1771 1334 Patres,
1783 1290 1982 1320 Theobaldum
2000 1289 2169 1320 Lodiensem
2179 1312 2189 1328 ‚
2211 1288 2244 1320 &
2254 1288 2392 1325 Regiani-

1326 1324 1398 1355 dum
1421 1325 1607 1372 Medensem,
1631 1327 1801 1367 Epucopoe,
1818 1339 1950 1365 rogamus
1962 1339 2009 1367 per
2024 1329 2127 1359 nostras
2139 1328 2237 1358 litteras
2250 1326 2395 1369 speciales,

1328 1364 1405 1409 quod
1420 1374 1496 1410 circa
1511 1375 1659 1403 negotium
1676 1369 1851 1398 matrimonii
1864 1368 2026 1406 praenotati,
2044 1376 2072 1398 ut
2086 1366 2173 1397 finem
2187 1366 2395 1400 deiiderabilem

1326 1402 1468 1442 sortiatur,
1487 1412 1661 1442 interponant
1675 1405 1828 1436 efficaciter
1841 1429 1850 1444 ,
1869 1405 1968 1436 nostris
1983 1406 2129 1444 precibus,
2148 1415 2234 1443 partes
2246 1406 2310 1436 suas.

1366 1442 1411 1486 Ad
1427 1443 1489 1473 haec
1507 1446 1595 1473 vestra
1608 1443 1675 1474 sciat
1689 1446 1813 1475 amiciti-a
1824 1445 1961 1483 specialis,
1979 1443 2055 1483 quod
2076 1454 2142 1482 vos,
2159 1443 2246 1474 filium
2270 1445 2394 1476 vestrum

1327 1479 1464 1525 seniorem
1473 1504 1484 1525 ρ
1501 1481 1533 1512 &
1549 1491 1663 1512 caeteros
1676 1483 1776 1513 liberos
1788 1484 1909 1523 vestros,
1932 1482 2176 1514 recominendatos
2189 1481 2295 1522 semper
2308 1484 2393 1515 habe-

1328 1529 1358 1550 re
1372 1520 1559 1560 intendimus,
1576 1529 1709 1560 tanquam
1721 1521 1837 1552 nostros.
2265 1527 2268 1530 “

1363 1595 1430 1628 Dat.
1449 1597 1523 1636 apud
1539 1598 1681 1639 Wynton.
1701 1599 1726 1630 8.
1744 1598 1790 1630 die
1809 1597 1892 1630 Maii.

1374 1722 1434 1758 Ad
1455 1725 1631 1771 Epifiopum
1656 1724 1827 1770 Lodienfim
1840 1724 1932 1770 fitper
1955 1726 2162 1757 Matrimonio
2180 1732 2349 1770 prenotato.

1328 1809 1440 1867 REX
1460 1811 1608 1857 venerabili
1627 1812 1656 1841 in
1674 1809 1791 1841 Christo
1809 1809 1900 1847 Patri,
1916 1809 1949 1840 &
1968 1809 2076 1840 Amico
2093 1809 2142 1840 suo
2155 1808 2312 1848 kariflirno,
2330 1808 2396 1840 Do-
2415 1815 2481 1846 Αῃῃ
2504 1816 2535 1847 D

1401 1859 1482 1879 mino
1504 1850 1683 1894 s heobaldo,
1705 1849 1804 1879 eadem
1826 1850 1931 1887 gratia,
1958 1847 2087 1878 Lodiensi
2108 1847 2265 1886 Episcopo,
2282 1848 2395 1879 salutem
2434 1841 2508 1895 130'6
2536 1841 2544 1848 ’

1328 1886 1361 1917 &
1380 1887 1491 1918 sincerae
1503 1888 1661 1919 dilectionis
1675 1887 1818 1918 affectum.
2412 1897 2464 1921 Aa.
2475 1878 2521 1931 34⁸.

1365 1926 1411 1956 Ut
1431 1926 1600 1973 fidwardus,
1617 1926 1686 1970 filius
1704 1928 1735 1958 &
1755 1927 1856 1964 haeres,
1874 1927 1958 1956 bonae
1977 1926 2139 1964 memoriae,
2163 1924 2282 1956 Henrici
2303 1935 2394 1965 quon·
2414 1936 2440 1961 ε,
2464 1942 2472 1959 1

1327 1962 1396 1995 dam
1411 1964 1535 1995 Comitis
1549 1965 1698 2009 Barreniis‚
1714 1966 1802 1996 fratris
1817 1965 1899 1995 vestri
1917 1964 2043 1995 defuncti
2079 1963 2179 2003 Nepos
2198 1966 2292 1994 notter
2313 1964 2394 1994 caris·
2412 1974 2466 1998 Rot.
2481 1955 2519 1999 'cl
2545 1959 2548 1962 ⁴

1329 2001 1426 2042 simus,
1443 2005 1475 2035 &
1498 2004 1614 2047 Nobilis
1635 2004 1818 2042 Domicella,
1838 2002 1891 2034 filia
1916 2003 2032 2034 Nobilis
2102 2006 2186 2033 minae
2215 2004 2248 2033 A.
2267 2002 2394 2033 Duciss'ae
2416 2020 2458 2045 η,
2469 2013 2498 2037 E.
2519 2019 2543 2037 1,

1330 2041 1516 2086 Burgundiae,
1531 2052 1605 2088 Jux’ta
1620 2043 1833 2081 praelocutiones
1844 2043 1876 2074 &
1895 2043 2111 2080 conventiones,
2130 2042 2194 2072 inde
2214 2051 2301 2079 nuper
2316 2042 2396 2072 liabi-
2411 2058 2447 2075 m.
2468 2056 2508 2083 ¹5-

1329 2089 1382 2118 taS,
1401 2082 1543 2126 conjugali
1560 2083 1674 2113 vmculo
1689 2082 1867 2120 copulentur,
1886 2082 1988 2111 intimo
2002 2081 2134 2111 deiiderio
2149 2079 2324 2118 affectantes,
2412 2090 2464 2115 dor.

1368 2119 1560 2151 paternitatem
1575 2120 1695 2151 vestram
1707 2120 1886 2151 reverendam
1903 2118 2059 2151 affectuosis
2081 2119 2208 2157 precibus
2228 2120 2393 2157 requirimus

1330 2157 1363 2202 ᾃ
1376 2169 1525 2208 rogamus,
1543 2161 1686 2198 quirinus,
1703 2169 1731 2190 ut
1747 2159 1957 2197 praelocutiones
1973 2159 2007 2190 &
2019 2159 2216 2189 conventiones
2230 2157 2317 2196 praedi
2340 2163 2393 2196 kae,

1325 2206 1402 2235 Juxta
1416 2208 1477 2242 Virn
1491 2200 1522 2228 ot
1537 2197 1672 2242 effectum
1687 2199 1847 2229 earumdem
1857 2221 1866 2236 ,
1883 2199 1913 2227 in
1923 2198 2053 2228 omnibus
2068 2196 2394 2235 observentur,di6tum-

1331 2245 1389 2279 que·
1401 2245 1630 2275 matrimonium,
1648 2237 1737 2274 (cujus
1751 2236 1975 2274 completionem
1992 2236 2025 2267 &
2046 2235 2249 2273 perfectionem
2271 2236 2299 2264 in
2320 2236 2391 2264 votis

1331 2284 1454 2319 gerimus
1470 2298 1480 2313 ,
1501 2284 1531 2318 ut
1557 2276 1729 2318 pricmwigtiw·
1775 2276 1803 2304 “t
1828 2275 1970 2311 habemus)
1996 2271 2175 2304 effectualiter
2201 2274 2393 2311 compleatur,

1330 2312 1418 2382 ¹1¹}ssng
1437 2293 1814 2353 uituiifsssffaessfflffiis,
1831 2315 1864 2345 &
1880 2313 2034 2344 efficaciter
2048 2313 2222 2350 interponere
2237 2320 2323 2349 partes
2345 2321 2394 2342 ve-

1365 2389 1410 2434 Ita*
1428 2399 1458 2421 ut
1480 2390 1604 2435 nostrum
1622 2391 1803 2429 desiderium,
1827 2390 1903 2429 super
1928 2389 2116 2427 completione
2142 2388 2175 2420 &
2199 2387 2396 2418 assecuratione

1330 2437 1507 2473 matrimonii¹
1515 2430 1682 2469 supradicti,
1700 2431 1779 2461 citius
1793 2428 1943 2460 &felicius
1956 2427 2118 2466 perducatur
2132 2428 2165 2457 ad
2180 2425 2329 2464 effectum,
2347 2437 2397 2456 ve-

1331 2466 1387 2497 stro
1402 2469 1530 2514 prfeiidio
1545 2469 1701 2509 mediante,
1719 2469 1850 2508 quodque
1866 2468 1946 2501 vobis
1958 2466 2100 2509 specialius
2112 2474 2147 2497 ex
2160 2466 2215 2497 hac
2238 2464 2318 2496 causa
2336 2466 2393 2496 iin—

1331 2506 1474 2545 posterum
1490 2516 1640 2539 teneamur.

1367 2583 1435 2615 Dat.
1449 2592 1480 2616 ut
1487 2583 1572 2623 supra.

1333 2709 1424 2742 Bulla
1443 2711 1599 2744 Clementis
1619 2714 1699 2758 Papae
1718 2713 1833 2758 Qinti
1855 2708 1899 2742 ad
1922 2706 2162 2742 denunciandum
2183 2704 2344 2740 Robertum
2361 2704 2398 2738 de

1464 2763 1542 2793 Erus
1557 2764 1849 2793 excommunicatum
1863 2770 1918 2805 pro
1939 2761 2046 2790 Morte
2063 2755 2104 2802 J.
2129 2757 2247 2804 Comyn.

1337 2844 1517 2911 CLemens
1531 2845 1683 2887 Episcopus
1698 2846 1787 2876 servus
1808 2844 1950 2876 servorum
1972 2841 2048 2879 Dei,
2065 2840 2276 2871 Venerabilibus
2297 2839 2396 2870 Fratri·
2414 2844 2488 2876 Am,
2502 2845 2533 2877 D

1412 2885 1478 2924 bus,
1497 2886 1719 2924 Archiepiscopo
1733 2883 1915 2921 Eboracensi,
1932 2882 1965 2913 &
1986 2879 2127 2919 Episcopo
2150 2878 2336 2918 Karleolenii‚
2355 2879 2395 2909 sa·
2435 2887 2519 2916 1³06.
2535 2872 2541 2878 ’

1336 2925 1422 2957 lutem
1437 2925 1470 2955 &
1486 2924 1676 2962 Apostolicam
1691 2923 1928 2954 benedici-ionem.
2414 2906 2467 2950 Aa).
2477 2934 2488 2961 3
2500 2935 2505 2942 ·
2515 2946 2522 2952 ,

1373 2963 1419 2995 Ad
1434 2963 1602 2995 audientiam
1619 2963 1743 2994 nostram
1759 2959 1902 2998 fidedigna
1923 2958 2054 2989 relatione
2072 2957 2214 2995 pervenit,
2231 2955 2308 2994 quod
2332 2954 2395 2986 Ro-
2415 2966 2442 2988 Ε.
2473 2943 2511 2989 is*

1334 3004 1426 3034 bertus
1441 3001 1548 3033 Comes
1562 3002 1597 3033 de
1610 3001 1715 3033 Carme
1724 3025 1733 3039 ,
1751 3010 1818 3031 cum
1832 2997 1971 3030 nonnullis
1984 2997 2035 3027 suis
2069 2998 2098 3026 in
2111 2996 2164 3026 hac
2177 3005 2252 3034 parte
2272 2994 2395 3033 sequaci·
2430 3005 2469 3027 Ex
2485 3004 2543 3028 Au-

1335 3043 1401 3080 bus,
1419 3041 1453 3072 ad
1471 3040 1624 3072 Eccleliam
1644 3041 1701 3072 loci
1722 3039 1836 3070 fratrum
1858 3036 2009 3067 Minorum
2031 3020 2066 3066 de
2088 3033 2228 3070 Dunfres,
2245 3033 2398 3071 Glasguen.
2415 3046 2478 3075 mgr,

1335 3085 1349 3098 ⁸
1362 3080 1450 3111 Dioc.
1467 3090 1550 3110 manu
1565 3079 1699 3111 accedens
1710 3078 1830 3115 armata,
1846 3076 1927 3114 ipsius
1942 3075 2151 3105 immunitatem
2159 3072 2292 3104 Ecclefiae
2307 3082 2397 3102 teme-
2415 3077 2545 3113 *119982

1335 3121 1366 3150 re
1380 3120 1506 3150 violavit:
1527 3120 1556 3149 in
1571 3119 1604 3149 ea
1618 3118 1791 3154 sacrilegium
1808 3126 1854 3153 per
1875 3113 2062 3145 homicidium
2083 3111 2308 3148 committendO,
2327 3120 2397 3140 con-
2541 3109 2545 3113 ’

1334 3167 1373 3189 tra
1389 3159 1492 3189 indulta
1502 3158 1731 3195 privilegiorum,
1748 3153 1850 3185 eisdem
1863 3153 1988 3184 fratribus
1999 3163 2014 3182 a
2026 3151 2087 3182 sede
2102 3149 2266 3188 Apostolica
2279 3148 2396 3179 conces-

1334 3197 1426 3229 sorum
1435 3221 1445 3236 ,
1462 3198 1491 3227 in
1503 3197 1606 3226 animae
1618 3195 1672 3226 suae
1686 3193 1838 3232 periculum
1847 3215 1857 3231 ,
1875 3193 1907 3223 &
1922 3190 2079 3222 scandalum
2089 3189 2290 3228 plurimorum,
2309 3197 2395 3226 prop-

1335 3244 1376 3266 ter
1392 3236 1467 3276 quod
1481 3233 1788 3266 Excommunicationis
1800 3231 1961 3262 sententiam
1976 3228 2098 3259 asseritur
2113 3226 2262 3257 incurrisse.

1379 3276 1458 3307 Cum
1478 3276 1569 3312 itaque
1589 3270 1742 3310 praemiss‘a,
1760 3271 1779 3301 ii
1798 3271 1910 3300 veritate
1930 3269 2066 3305 nitantur,
2084 3266 2228 3304 nolumus,
2246 3265 2324 3295 sicuti
2342 3274 2396 3295 nec

1337 3315 1488 3352 debemus,
1506 3313 1555 3343 {ub
1568 3310 1783 3342 dissimulatione
1803 3308 1929 3346 transire,
1947 3306 2116 3336 Fraternitati
2132 3303 2229 3334 vestrae
2246 3314 2292 3341 per
2313 3303 2394 3340 Apo-

1337 3354 1434 3384 stolica
1448 3352 1547 3389 scripta
1555 3349 1733 3387 mandamuS,
1753 3349 1893 3386 quatinus,
1912 3346 1930 3376 si
1944 3345 2025 3376 vobis
2040 3342 2193 3374 constiterit
2207 3342 2318 3372 dietum
2332 3341 2395 3372 Co-

1336 3394 1437 3423 mitem
1451 3391 1484 3422 &
1496 3390 1576 3427 alim,
1595 3390 1624 3418 in
1639 3388 1690 3418 hac
1708 3395 1783 3425 parte
1798 3386 1966 3416 adhaerentes
1984 3382 2093 3420 eidem,
2110 3388 2222 3420 propter
2238 3378 2395 3419 praemissa,

1337 3431 1382 3461 vel
1398 3439 1496 3461 eorum
1516 3426 1643 3467 aliquod,
1660 3423 1964 3456 excommunicationis
1985 3421 2147 3452 sententiam
2171 3418 2330 3457 incurriffe⁷
2349 3420 2394 3456 ip-

1336 3469 1397 3500 sum
1412 3468 1564 3499 Comitem
1578 3466 1766 3503 nominatim,
1780 3462 1919 3501 aliosque,
1938 3462 1970 3491 in
1990 3461 2043 3490 hac
2084 3467 2138 3490 arte
2158 3458 2330 3489 adhaerentes
2353 3457 2394 3486 ei-

1336 3507 1403 3538 dem
1447 3507 1478 3536 in
1498 3505 1627 3536 Ecclesiis
1647 3503 1759 3541 vestris,
1778 3511 1875 3532 coram
1897 3498 2019 3539 populo,
2073 3497 2198 3534 ampanis
2217 3495 2341 3535 pulsatis,
2358 3504 2392 3525 ac

1337 3530 1610 3581 CandelisaccensiS,
1628 3542 1737 3573 tamdiu
1749 3541 2013 3581 excommunicatos
2027 3536 2211 3573 denuntietis,
2229 3536 2261 3565 δε
2276 3543 2325 3572 per
2332 3533 2392 3563 An-

1336 3585 1402 3622 gliae
1418 3585 1450 3615 &
1463 3583 1565 3614 Scotiae
1579 3581 1699 3619 Regna,
1716 3581 1749 3612 ὃς
1764 3579 1910 3610 Hiberniae
1922 3579 1954 3608 ὃ(
1968 3575 2084 3606 Walliae
2095 3583 2176 3605 terras
2191 3576 2224 3605 &
2238 3581 2338 3611 patrm,
2357 3571 2391 3601 &

1334 3623 1386 3654 alia
1399 3623 1479 3660 loca,
1497 3621 1534 3651 de
1545 3621 1644 3659 quibus
1658 3618 1785 3658 expedire
1797 3617 1934 3654 videritis,
1952 3614 2079 3646 nunciati
2093 3612 2214 3650 faciatis,
2233 3614 2266 3642 &
2279 3610 2314 3640 ab
2327 3618 2394 3639 om-

1336 3662 1417 3691 nibus
1431 3661 1530 3692 arctius
1543 3659 1655 3697 evitari,
1673 3659 1767 3689 donec
1789 3655 1913 3693 Comes,
1930 3654 1963 3685 &
1983 3652 2155 3683 adhaerentes
2177 3648 2297 3688 praefati,
2315 3646 2394 3684 super

1334 3699 1386 3729 hiis
1399 3698 1577 3731 satisfecerint
1588 3696 1838 3736 competenter,&
1850 3691 2025 3725 absolutionis
2038 3689 2141 3720 debitae
2153 3686 2323 3720 beneficium
2333 3694 2394 3715 me-

1334 3739 1440 3769 ruerint
1451 3738 1585 3768 obtinere.

1373 3776 1503 3807 Necnon
1516 3784 1617 3805 omnes
1635 3773 1772 3812 fautores,
1787 3769 1814 3802 se
1834 3780 1914 3801 uaces
1929 3769 1962 3800 &
1973 3775 2154 3809 receptatores
2171 3763 2250 3802 ipsius
2267 3760 2394 3806 Comitis

1336 3814 1415 3855 (nisi,
1433 3815 1591 3844 monitione
1606 3811 1765 3851 praemissa,
1781 3783 1860 3842 digto
1874 3808 1987 3839 Comiti
1997 3806 2103 3843 favere,
2120 3803 2264 3842 ipsumque
2277 3799 2394 3838 sequi&

1335 3862 1475 3890 receptare
1497 3850 1659 3888 desisterint)
1687 3847 1988 3882 excommunicationis
2005 3844 2120 3875 vinculo
2140 3840 2321 3884 innodantes,
2336 3847 2393 3882 'eos

1336 3892 1418 3923 simili
1434 3891 1523 3921 modo
1535 3890 1642 3921 tamdiu
1656 3888 1918 3920 excommunicatos
1939 3882 2053 3922 publice
2064 3886 2218 3923 nuncietis,
2241 3878 2273 3907 &
2286 3876 2394 3907 faciatis

1335 3941 1385 3970 per
1400 3931 1497 3960 omnia
1509 3929 1587 3968 loca,
1604 3928 1640 3959 de
1656 3929 1753 3967 quibus
1767 3926 1896 3964 expedire
1910 3921 2049 3958 videritis,
2064 3927 2150 3948 etiam
2163 3916 2306 3954 nunciari3
2347 3954 2352 3959 .

1372 3969 1418 4000 Ac
1442 3969 1559 4005 Terras,
1579 3964 1692 4005 Castra,
1708 3967 1741 3996 ὃ(
1768 3964 1853 3995 Villas
1876 3971 1975 3993 eorum
1989 3958 2170 4000 supponentes
2197 3952 2395 3984 Ecclesiastico

1335 4006 1504 4045 interdieto,
1521 4005 1667 4045 ipsumque
1673 4004 1834 4039 auctoriate
1846 3999 1939 4032 nostra
1947 3993 2280 4029 facientesinviolabilirer
2299 3991 2392 4061 035}-

2381 4051 2394 4066 2
