2570 4261
222 175 303 216 144

67 240 147 278 Ann-
164 244 206 277 D·
219 257 258 280 tes
271 244 414 280 sabaudiae
426 269 436 283 ,
454 241 607 286 percipiam
619 239 772 285 'praediqftas
786 239 919 284 ducentas
932 239 1045 285 Marcas
1059 248 1161 284 annuas
1173 238 1208 269 ad
1223 237 1286 268 dic-

91 294 175 323 1274.
221 297 284 318 tum
303 285 482 327 Scaccarium
501 290 623 311 termmo
640 279 806 323 pr5aed16m3
836 288 873 323 ita
893 278 970 317 quod
991 279 1067 324 idem
1086 278 1231 322 Philippus
1249 277 1283 307 ὃς

69 325 136 351 ‚Ed-v.
160 332 184 351 1.
222 325 344 356 haeredes
364 323 401 351 sui
424 328 536 350 teneant
555 319 591 349 de
610 319 692 347 nobis
706 319 740 348 &
753 317 909 348 haeredibus
922 318 1023 348 nostris
1038 317 1171 356 praedicta
1183 314 1283 360 Castra

218 366 252 396 &
269 362 350 392 Villas
365 369 432 389 cum
448 358 572 396 Palatio,
587 358 795 397 imperpetuum
810 366 862 398 pro
873 356 1008 397 homagio
1025 357 1076 387 suo
1089 378 1099 394 ,
1117 364 1148 386 ut
1162 354 1282 394 superius

217 403 259 433 est
270 397 435 440 expressum.

256 440 290 470 In
306 438 399 474 cujuS,
417 435 478 465 &c-

249 511 337 544 Teste
353 511 437 551 Rege
449 511 522 549 apud
536 510 755 551 Northampton
774 521 819 542 11.
835 511 880 542 die
895 508 1085 541 Novembris.

299 646 318 652 “
398 639 448 670 De
465 640 619 684 Homagio
637 636 796 669 Lewellini
811 638 957 681 Principis
972 632 1091 668 Wlliae.

63 721 141 752 Arm·
156 719 197 750 D·
286 721 352 754 EX
372 722 537 759 Lewelino,
555 721 614 752 silio
627 719 760 759 Griffini,
777 720 900 751 salutern.

336 761 507 792 Memoriter
527 768 654 790 tenemus
670 759 748 797 quod
770 759 897 789 Nunciis
910 780 920 794 ,
937 755 971 787 ad
993 765 1045 786 nos
1063 765 1151 796 nuper
1164 765 1212 793 per
1231 763 1284 785 vos

86 769 121 789 12
164 782 170 788 .

61 802 114 826 An.
125 768 161 835 734·
215 799 373 831 transmissis
386 823 395 838 ,
411 800 444 831 &
464 799 613 829 nobiscum
631 798 703 839 apud
723 797 833 828 North.
847 796 1023 834 colloquium
1039 795 1220 833 habentibus,
1238 794 1282 823 in-

61 841 93 863 E.
117 845 141 863 ¹-
212 840 355 877 junximus
375 848 406 869 ut
428 839 510 868 vobis
530 837 682 867 adventurn
704 836 853 874 nostrum,
871 834 956 874 usque
967 834 1069 873 Sallop.
1085 834 1118 864 ad
1131 833 1280 863 instantem

59 878 121 902 ΡΜ·
134 884 160 911 3·
214 877 386 916 quindenam
400 877 497 907 Sancti
512 875 648 914 Martini,
663 883 854 915 exponerent,
865 874 901 904 ita
915 872 992 912 quod
1003 872 1036 902 ad
1050 882 1102 902 nos
1116 871 1219 902 ibidem
1232 880 1280 914 ac-

62 917 93 939 E.
113 922 134 939 ¹·
213 916 312 947 cedere
321 940 331 954 ,
349 918 382 947 &
399 915 564 955 homagium
577 913 703 945 vestrum
717 915 750 945 &
762 914 830 951 alia,
843 922 906 950 quae
919 912 1000 941 nobis
1011 912 1087 949 juxta
1101 920 1200 948 pacem
1210 933 1219 948 ,
1237 919 1279 938 in-

61 959 98 979 m·
113 951 159 989 3⁶·
211 963 269 993 ter,
291 955 406 986 celebris
421 954 586 991 memoriae,
608 953 769 983 Dominum
786 952 827 982 H.
845 951 957 990 Regem
974 949 1085 979 Patrem
1099 948 1228 979 nostrum
1245 948 1278 978 &

210 1004 262 1024 nos
283 1004 317 1024 ex
337 1003 413 1031 parte
434 1003 488 1023 una
500 1015 509 1030 ,
527 992 561 1022 &
581 1002 632 1022 vos
654 1001 689 1021 ex
707 991 789 1021 altera
801 991 899 1020 initam
914 989 948 1019 &
961 987 1114 1026 firmatam,
1132 987 1279 1018 observare

210 1034 364 1070 tenemini,
381 1032 473 1062 facere
485 1030 596 1071 polletis
608 1030 709 1069 absque
720 1029 852 1061 dilatione
866 1027 1007 1065 ulteriori,
1068 1065 1073 1070 .

250 1071 287 1101 Et
300 1070 383 1102 ecce!
404 1072 434 1100 in
449 1068 595 1107 dirigendo
607 1069 712 1108 gressus
732 1067 843 1098 nostros
864 1065 953 1097 versus
966 1073 1054 1105 partes
1067 1064 1137 1102 illas,
1154 1063 1278 1103 quodam

208 1110 380 1148 apostemate
393 1109 484 1139 subito
498 1101 706 1146 superveniente
715 1129 724 1144 ,
737 1107 842 1136 detenti
854 1105 942 1148 taliter
956 1102 1277 1147 infirmabamur-,quom

60 1141 77 1159 ⁸
93 1142 131 1171 ῙῙ·
144 1151 195 1178 42·
207 1149 287 1187 juxta
308 1159 360 1189 pro
401 1147 484 1178 situm
504 1153 515 1164 ⁸
537 1146 665 1176 nostrum
684 1145 853 1184 praedictum
864 1168 873 1182 ,
893 1147 949 1173 line
963 1152 1088 1181 corporis
1100 1141 1188 1172 nostri
1205 1151 1277 1180 peri-

208 1188 292 1225 culo,
309 1188 348 1218 ibi
369 1196 415 1217 em
428 1185 560 1216 accedere
575 1186 766 1223 nequivimus,
783 1183 861 1221 quod
876 1192 928 1212 nos
944 1181 1041 1211 taedet·
1060 1180 1097 1211 set
1110 1182 1277 1220 quamcitius

206 1227 243 1257 ab
264 1225 423 1256 infirmitate
444 1225 488 1255 illa
509 1224 720 1262 convaluimus,
739 1222 773 1253 ad
792 1231 880 1261 partes
894 1220 949 1251 illas
961 1205 1128 1251 accedemus
1146 1229 1180 1250 ex
1199 1219 1277 1251 caula

207 1265 236 1296 su
258 1264 373 1295 radieta.

239 1274 393 1334 {Zaeterum
411 1326 420 1341 ,
439 1303 502 1340 quia
516 1302 596 1332 nobis
615 1324 624 1340 ,
638 1302 717 1340 juxta
732 1300 854 1330 formam
873 1298 948 1338 pacis
962 1297 1122 1336 paediam,
1140 1297 1275 1341 tenemini

207 1342 238 1373 in
260 1342 303 1372 sex
324 1342 434 1372 milibus
456 1340 618 1371 Marcarum
634 1341 669 1371 de
681 1339 790 1369 duobus
806 1337 894 1367 Annis
910 1337 1042 1375 proximo
1059 1337 1223 1379 praeteritis,
1242 1337 1275 1367 &

207 1382 294 1411 etiam
308 1380 412 1410 Pontio
425 1379 460 1408 de
475 1378 562 1409 Mora
575 1379 604 1408 in
616 1379 727 1409 duobus
741 1377 854 1407 milibus
868 1375 1033 1406 Marcarum
1048 1384 1083 1405 ex
1095 1376 1276 1414 allignatione

206 1419 330 1450 Domini
346 1418 387 1447 H.
411 1416 499 1455 Regis
518 1417 604 1447 Patris
622 1417 709 1447 nostri
723 1428 733 1454 ·,
750 1416 834 1445 vobis
848 1415 1012 1445 mandamus
1029 1414 1156 1452 quatinus
1167 1413 1275 1444 dilectis

206 1459 241 1488 ὃς
262 1457 386 1487 fidelibus
407 1456 509 1486 nostris
521 1479 530 1493 ,
550 1455 676 1485 Imberto
695 1455 730 1485 de
747 1453 895 1484 Muntriall
910 1476 920 1492 ,
939 1454 972 1483 &
987 1452 1148 1482 Willielmo
1159 1452 1196 1482 de
1214 1451 1276 1483 Ha-

208 1497 317 1526 melton
331 1519 340 1533 ,
358 1504 429 1534 quos
447 1495 480 1524 ad
500 1503 589 1533 partes
611 1493 752 1524 Marchiae
769 1492 955 1529 destinamus,
972 1492 1072 1534 quibus
1085 1492 1114 1520 in
1128 1491 1193 1529 hiis,
1211 1501 1275 1535 quae

209 1536 290 1565 vobis
301 1534 396 1565 dicent
411 1542 445 1563 ex
459 1542 535 1573 parte
549 1532 641 1562 nostra
658 1556 666 1571 ,
683 1532 768 1562 fidem
785 1530 935 1561 adhibeatis
968 1530 1103 1560 leniorem
1115 1553 1125 1568 ,
1138 1529 1275 1573 praedieta

209 1573 253 1604 sex
268 1574 342 1603 milia
359 1571 541 1609 Marcarum,
561 1571 594 1601 &
611 1571 748 1609 praedi&o
761 1569 868 1600 Pontio
885 1579 942 1607 pne
964 1569 1018 1598 icta
1031 1569 1091 1598 duo
1105 1569 1179 1598 milia
1194 1568 1275 1599 Mar-

209 1622 306 1642 carum
321 1635 330 1649 ,
346 1610 471 1648 affignari
492 1611 524 1641 &
544 1609 645 1641 habere
664 1609 783 1647 faciatis,
799 1609 874 1646 juxta
891 1608 1012 1638 formam
1028 1608 1102 1645 pacis
1115 1606 1275 1646 praediffle,

206 1651 242 1681 ita
262 1650 338 1690 quod
355 1650 435 1679 vobis
456 1649 585 1686 imputari
607 1659 667 1679 non
683 1646 766 1686 poffit
786 1647 830 1678 vel
853 1647 970 1684 debeat,
986 1646 1064 1684 quod
1077 1655 1129 1686 pax
1142 1645 1275 1684 praedidta

207 1691 301 1720 minus
313 1689 386 1719 bene
397 1686 566 1718 observetur.

242 1765 331 1810 Teste
344 1765 426 1806 Rege
444 1764 518 1806 apud
534 1763 626 1806 Clyve
640 1773 688 1794 22.
703 1763 749 1795 die
768 1762 965 1802 Novembris,
982 1772 1058 1793 anno
1069 1761 1165 1802 Regni
1182 1761 1273 1794 nostri

205 1813 296 1837 tertio.

207 1941 255 1974 De
277 1942 364 1973 Bonis
391 1940 510 1987 Capella
535 1943 565 1972 in
587 1937 772 1983 Pontefrizffo
796 1937 934 1969 alienaris
954 1938 998 1969 A.
1022 1935 1103 1978 Bek,
1131 1937 1274 1968 Canonico

497 1987 627 2034 ejusdem
646 1986 784 2033 Capellae,
811 1983 1004 2028 restituendis.

56 2058 134 2089 Ann.
152 2058 193 2090 D.

78 2107 162 2137 1274.

55 2141 108 2164 An.
125 2147 150 2174 3.

55 2179 85 2202 f..
108 2185 130 2202 i.

53 2216 172 2251 Exorig.

210 2075 275 2137 G
284 2074 424 2114 Regorius
437 2074 608 2118 Episcopus,
626 2072 715 2103 servus
728 2072 870 2115 servorum
887 2070 943 2114 Dei
952 2093 961 2108 ,
976 2069 1081 2100 dilecto
1094 2069 1165 2100 Filio
1252 2109 1257 2115 ⁸

293 2113 383 2144 Priori
395 2115 431 2144 de
451 2114 570 2144 Breeton
582 2111 764 2142 Eboracensis
783 2110 912 2141 Diocelis
923 2132 933 2148 ,
951 2108 1064 2140 salutem
1077 2109 1110 2140 ὃς
1128 2107 1273 2148 Apostoli-

205 2161 269 2182 cam
281 2153 518 2183 benedictionem.

242 2190 288 2221 Ad
302 2191 469 2221 audientiam
482 2189 606 2220 nostram
621 2189 766 2229 pervenit,
783 2187 860 2226 quod
873 2196 930 2217 tam
944 2186 1062 2218 dilefflms
1074 2187 1159 2217 Filius
1174 2184 1268 2216 Anto-

203 2229 264 2258 nius
286 2229 344 2259 Bek
357 2252 366 2267 ,
391 2228 556 2259 Canonicus
577 2227 702 2265 Capellae
718 2226 813 2256 Sancti
829 2225 984 2256 Clementis
1007 2224 1098 2256 Castri
1112 2226 1148 2256 de
1161 2223 1270 2255 Ponte-

202 2267 292 2298 fracto
307 2268 488 2298 Eboracensis
502 2266 646 2303 Diocesis,
664 2266 751 2305 quam
760 2263 977 2294 Praedeceffores
990 2262 1029 2294 sui
1042 2262 1184 2295 Canonici
1198 2265 1268 2302 ejus—

198 2305 266 2336 dem
280 2305 420 2344 Capellae,
438 2307 487 2344 qui
502 2304 706 2342 praebendam,
725 2312 811 2341 quam
829 2303 928 2343 ipsein
940 2302 1041 2333 eadem
1057 2301 1172 2343 Capella
1190 2304 1267 2334 obti-

199 2353 263 2383 net,
281 2355 333 2385 pro
346 2353 473 2382 tempore
486 2352 633 2374 tenuerunt
647 2366 657 2380 ‚
675 2343 792 2378 domos,
811 2350 908 2379 terras,
927 2349 1017 2381 prata,
1036 2342 1149 2381 pascua,
1163 2351 1266 2372 nemo-

199 2393 228 2413 ra
242 2405 252 2421 ‚
268 2383 430 2414 molendina
442 2407 452 2422 ,
469 2382 591 2423 piscarias
605 2404 614 2419 ,
633 2382 754 2411 maneria
769 2402 778 2418 ‚
793 2380 869 2417 jura,
884 2380 1102 2420 jurisdictiones,
1119 2379 1266 2419 poffeffio-

199 2431 248 2451 nes
260 2445 269 2460 ,
288 2422 322 2453 &
334 2422 462 2461 quaedam
476 2421 526 2451 alia
538 2421 613 2451 bona
626 2442 636 2458 ,
654 2418 688 2449 ad
703 2419 889 2449 Praebendam
909 2417 993 2456 ipsam
1006 2419 1156 2456 spe&antia
1170 2441 1179 2456 ‚
1197 2420 1266 2450 datis

198 2459 276 2496 super
297 2460 353 2491 hoc
376 2461 485 2491 Litteris
499 2483 509 2498 ,
528 2458 606 2489 facitis
625 2458 899 2495 renunciationibus,
911 2458 1074 2496 juramentis
1084 2458 1264 2498 interpositis,

198 2499 232 2529 &
247 2500 337 2538 poenis
354 2499 466 2537 adjectis
499 2500 530 2528 in
544 2496 666 2538 praefatte
680 2496 846 2526 Praebendae
858 2496 1000 2525 laesionem
1009 2507 1159 2528 enormem
1168 2521 1177 2536 ,
1189 2507 1263 2527 non-

197 2538 278 2567 nullis
293 2536 411 2568 Clericis
422 2538 454 2568 &
470 2521 577 2574 laicis,
593 2535 728 2574 aliquibus
741 2544 841 2578 eorum
852 2534 887 2564 ad
900 2535 1001 2572 vitam,
1018 2536 1181 2578 quibusdam
1195 2546 1264 2567 vero

196 2575 232 2605 ad
255 2586 314 2606 non
336 2576 485 2606 modicum
507 2584 641 2612 tempus,
665 2574 699 2604 &
719 2574 775 2603 aliis
817 2581 933 2611 erpetuo
946 2596 955 2611 ,
973 2573 1006 2604 ad
1025 2578 1136 2605 firmam
1150 2575 1196 2606 vel
1212 2575 1262 2606 sub

197 2614 282 2644 censu
301 2624 396 2645 annuo
415 2613 612 2644 concesserunt
623 2635 632 2650 ,
648 2622 770 2652 quorum
788 2623 802 2642 a
813 2612 871 2650 iqui
887 2611 965 2650 super
978 2612 1031 2642 hiis
1042 2613 1264 2644 confirmationis

198 2652 300 2720 littezras
316 2675 326 2691 ,
347 2653 376 2682 in
397 2652 489 2683 forma
509 2651 682 2690 communi,
704 2650 834 2681 dicuntur
853 2651 868 2679 a
890 2649 962 2680 Sede
982 2650 1149 2691 Apostolica
1172 2654 1262 2692 impe-

202 2694 252 2721 trai
267 2701 290 2721 e.

238 2729 315 2768 Qiia
329 2732 400 2759 vero
421 2728 533 2760 interest
554 2727 647 2758 nostra
666 2727 744 2765 super
756 2728 814 2757 hoc
830 2725 866 2756 de
878 2734 1043 2766 opportuno
1057 2727 1183 2759 remedio
1197 2737 1262 2768 pro-

195 2767 290 2798 videre
305 2791 314 2806 ,
332 2768 490 2798 discretioni
505 2777 560 2798 tuae
594 2777 624 2796 er
640 2765 803 2806 Apostolica
817 2764 914 2804 scripta
930 2765 1093 2797 mandamus
1109 2790 1117 2804 ‚
1136 2769 1263 2805 quatinus

196 2815 228 2836 ea
240 2830 249 2844 ,
265 2816 328 2846 quae
348 2806 383 2836 de
405 2808 486 2837 bonis
500 2829 510 2844 ,
527 2805 560 2836 ad
601 2805 762 2835 rcebendam
777 2803 895 2833 eandem
907 2803 1110 2843 speetannbus,
1128 2815 1176 2842 per
1192 2816 1263 2836 con-

196 2844 331 2874 cessiones
350 2844 509 2883 hujusmodi
524 2867 533 2882 ,
550 2844 663 2874 alienata
682 2843 828 2873 invenietis
847 2842 962 2880 illicite,
981 2843 1026 2872 vel
1038 2843 1181 2882 distrasta,
1200 2854 1261 2876 non

194 2882 371 2913 obstantibus
382 2884 476 2914 litteris
490 2907 499 2922 ,
517 2883 609 2922 poenis
623 2905 632 2920 ,
648 2882 810 2921 juramentis
824 2903 834 2919 ,
858 2881 1114 2913 renunciationibus
1133 2883 1167 2913 &
1188 2893 1261 2914 con-

196 2920 397 2952 firmationibus
410 2921 563 2960 praedietis,
578 2921 684 2951 studeas
695 2920 729 2950 ad
741 2921 781 2956 ius
794 2920 827 2950 &
842 2920 1037 2958 proprietatem
1052 2921 1175 2959 praefatae
1183 2921 1260 2952 Prae-

197 2959 299 2988 bendae
313 2959 437 2998 legitime
457 2970 601 2991 revocare:
619 2958 848 2989 Contradic‘iores
862 2967 910 2998 per
923 2958 1069 2990 censuram
1087 2959 1260 2991 Ecclesiasti-

197 3006 262 3028 cam
277 3006 291 3026 a
313 2998 458 3037 pellatione
470 2998 606 3039 posposita
618 2996 836 3035 compescendo.

234 3035 281 3065 Te
306 3046 334 3066 es
346 3045 456 3067 autem.
477 3038 524 3075 qui
538 3037 638 3067 fuerint
651 3037 806 3074 nominati,
825 3035 845 3066 si
859 3035 884 3065 se
897 3035 998 3074 gratia,
1016 3035 1100 3074 odio,
1116 3037 1161 3067 vel
1175 3039 1261 3069 timo-

197 3083 226 3104 re
238 3073 432 3113 subtraxerint,
450 3085 498 3112 per
513 3075 656 3105 censuram
668 3074 786 3104 eandem
795 3097 805 3114 ,
819 3075 1003 3115 appellatione
1023 3075 1160 3115 cessante,
1175 3087 1259 3109 com-

197 3112 280 3153 pellas
293 3114 401 3144 veritati
415 3114 607 3143 testimonium
621 3113 773 3152 perhibere.

231 3188 300 3220 Dat.
316 3189 448 3231 Lugdun.
468 3200 511 3221 12.
526 3188 591 3220 Kal.
600 3188 712 3228 januar.
726 3189 910 3222 Pontificatsis
924 3191 1013 3223 nostri
1026 3201 1102 3223 anno
1114 3194 1204 3224 tertio.

888 3268 978 3307 sigillo
994 3268 1098 3309 avulsb.

243 3393 292 3425 De
316 3393 456 3440 Eapenfis
471 3393 646 3427 Alexandri
665 3396 751 3441 Regis
769 3397 868 3427 Scotiae
882 3421 892 3436 ‚
927 3395 971 3428 ad
986 3398 1210 3431 Coronationem

396 3441 550 3476 Edwardi
564 3445 651 3489 Regis
662 3469 671 3485 ‚
698 3447 729 3475 in
745 3443 895 3489 Angliam
910 3448 1067 3478 venientis.

49 3521 128 3554 Ann.
144 3522 186 3554 D.
201 3521 331 3585 REX
351 3525 503 3558 Batonibus
515 3527 567 3558 suis
580 3527 615 3558 de
628 3527 776 3558 Scaccario
787 3527 910 3558 salutem.

72 3569 156 3600 1274.
303 3563 430 3608 Allocate
439 3566 564 3602 Johanni
576 3566 613 3596 de
629 3566 756 3597 Lunetot
768 3590 777 3604 ,
796 3567 829 3597 &
843 3566 975 3597 Galfrido
989 3568 1025 3599 de
1039 3567 1173 3599 Neubald
1205 3581 1258 3601 nu-

49 3605 102 3629 An.
120 3610 145 3638 3.
197 3608 246 3636 per
260 3599 419 3644 custodibus
432 3603 613 3644 Episcopatus
624 3604 825 3649 Dunelmensis
837 3628 847 3642 ,
863 3606 893 3649 in
906 3607 1022 3649 exitibus
1039 3607 1162 3646 ejusdem
1176 3593 1256 3646 iipis-

49 3643 79 3683 Εἶ
104 3648 127 3667 i.
201 3646 333 3676 copatus,
353 3650 484 3686 centum,
499 3644 532 3674 &
544 3643 693 3682 sexaginta,
713 3644 915 3682 &quindecim
930 3645 1024 3683 libras,
1043 3656 1109 3685 quas
1120 3655 1168 3684 per
1182 3657 1256 3684 prae-

49 3677 161 3705 Libemt.
200 3684 316 3712 ceptum
330 3678 456 3722 nostrum
469 3681 651 3711 liberaverunt
663 3681 807 3712 karissimo
819 3682 933 3712 fratri&
943 3682 1016 3714 fideli
1028 3684 1127 3714 nostro
1134 3684 1254 3715 Alexan-

53 3723 79 3750 3.
93 3719 122 3742 Ε.
142 3725 164 3744 i.
199 3713 255 3757 drq
268 3712 342 3753 Regi
355 3715 457 3760 Scotiae
471 3718 567 3763 illustri
575 3743 584 3758 ,
602 3730 654 3757 pro
670 3721 721 3764 illis
738 3729 854 3764 centum
868 3720 956 3751 solidis
969 3722 1089 3762 diurnis,
1106 3733 1176 3763 quos
1190 3734 1253 3761 per-

49 3761 87 3780 m.
103 3762 145 3781 iz.
194 3751 322 3819 xcxifiictrslirtrs¹
330 3753 410 3820 nogkps
424 3765 452 3784 in
464 3756 749 3824 figgulssfidvssssfflbus
762 3758 813 3803 suis
826 3768 855 3788 in
872 3759 1020 3803 Angliam,
1037 3761 1253 3805 admandatum

196 3837 251 3867 pro
264 3813 384 3871 &pessis
398 3796 583 3873 ffinffi‘s'ui
591 3806 732 3877 2333}ss
739 3796 898 3875 Ἑζξῗᾞῖἒζ
903 3798 1255 3869 33ῗὲἓὲἷὲζέὶέἶῇᾟὲ

197 3874 269 3897 tram
278 3889 288 3905 ,
302 3867 495 3906 assignaVimus
509 3869 544 3900 de
557 3873 671 3902 eiiitibus
685 3872 870 3913 Episcopatus
884 3874 1019 3913 praedieti.

230 3942 318 3975 Teste
330 3942 412 3983 Rege
423 3944 496 3982 apud
508 3945 686 3979 Wodestoke
700 3949 746 3980 28.
764 3948 810 3981 die
824 3948 1002 3982 Decembris.

686 148 1489 200 ooNvENrioNEs,
1545 131 1942 201 LITERAE,

2408 236 2485 270 Ann.
2496 237 2541 271 D.⁴

2433 287 2516 317 1274.

1375 323 1404 350 δὲ
1421 327 1479 358 Pro
1498 325 1682 360 cancellario
1698 332 1735 367 «ᾖν
1750 326 1953 370 Univerfitate
1971 326 2086 359 Oxonii
2103 353 2114 370 ,
2139 325 2347 373 capellaniam
2403 321 2431 370 f
2432 319 2477 383 {²1³
2492 327 2540 393 ἐξ

1540 378 1572 406 in
1587 377 1714 420 Ecclefia
1730 375 1815 410 beatae
1838 379 1977 422 Virginis
1989 374 2181 420 fundaturis.

1327 457 1422 520 RE
1430 457 1461 488 X
1477 459 1689 492 Venerabilibus
1702 463 1733 492 in
1745 461 1864 492 Christo
1875 460 2017 500 Patribus,
2031 459 2254 500 Archiepiscopis
2266 459 2300 491 δε
2313 458 2392 498 Epis-
2402 461 2452 490 An.
2465 469 2492 499 3.

1322 534 1358 564 sl
1412 499 1508 536 copis,
1526 507 1574 537 per
1582 498 1723 539 Regnum
1739 500 1867 539 Angliae,
1885 500 1919 531 ὃς
1933 508 2033 531 terram
2051 498 2199 530 Hiberniae
2217 499 2392 539 constitutis,
2402 502 2434 563 11}-
2455 509 2478 528 ¹.

1333 544 1347 564 a
1360 542 1445 565 utem.
2422 544 2460 564 at.
2489 559 2498 567 .

1349 572 1441 618 ,Re-tri·
1453 573 1601 604 honestam
1614 585 1694 615 agere
1706 576 1862 615 credimus,
1880 586 1948 607 cum
1961 576 1996 607 ad
2010 577 2055 615 id,
2070 585 2104 606 ex
2111 575 2212 607 officio
2218 575 2319 615 Regiae
2327 578 2389 623 dig·
2402 578 2432 602 E·
2453 547 2485 603 ¹-3

1327 619 1420 641 nitatis
1435 613 1621 653 intendimus,
1637 625 1685 653 per
1698 615 1775 654 quod
1787 615 1877 645 divini
1890 615 1978 645 cultus
1988 623 2103 654 augetur
2117 615 2255 653 nominis,
2273 615 2307 645 &
2325 627 2386 647 ani-
2399 623 2436 641 m·
2456 622 2502 651 34·

1325 657 1435 680 marum
1451 650 1517 682 salus
1532 675 1541 690 ,
1558 653 1689 683 vivorum
1704 654 1808 684 scilicet
1821 654 1854 684 &
1875 653 1999 686 fidelium
2012 654 2231 692 defunetorum,
2244 654 2387 686 salubriter
2396 652 2475 681 intus.

1323 695 1507 727 procuratur,
1523 691 1682 728 jocundum
1703 692 1885 722 nihilominus
1901 701 2057 730 reputantes
2075 693 2113 731 si,
2130 693 2164 723 ad
2179 692 2388 730 praemissorum

1323 725 1488 771 desideratos
1503 729 1535 759 &
1550 729 1659 760 foelices
1669 731 1800 768 effeetus,
1819 740 1917 762 amore
1930 732 2037 762 virtutis
2051 754 2061 770 ‚
2078 730 2252 762 effundimus
2268 741 2336 762 cum
2348 732 2391 763 ef-

1325 764 1421 796 ficacia
1435 776 1530 805 preces
1543 767 1657 798 nostras.
1733 793 1743 804 ,

1346 803 1442 846 ‘Cum
1464 806 1547 844 igitur
1566 806 1658 837 dilecti
1677 807 1710 837 &
1727 805 1820 838 fideles
1839 807 1948 845 nostri,
1966 807 2155 839 Cancellarius
2168 808 2202 839 ὃς
2216 808 2392 842 Univerfitas

1324 841 1397 872 villae
1418 844 1522 874 nostrae
1545 844 1653 875 Oxonii
1677 845 1746 884 (ubi
1767 845 1848 876 suum
1870 846 2019 883 posuerunt
2039 848 2154 877 trivium
2168 848 2201 878 &
2214 848 2391 888 quadrivium

1324 880 1505 925 fundamenta
1515 906 1524 920 ,
1540 884 1589 913 ubi
1610 883 1674 913 fons
1695 883 1805 914 scaturit
1824 884 2013 923 Theologicae
2030 885 2179 923 facultatis,
2194 896 2228 916 ac
2242 887 2290 916 ubi
2303 887 2388 918 nudae

1323 928 1426 963 animae
1438 920 1558 951 filiorum
1574 922 1739 959 hominum,
1757 924 1932 953 venientium
1952 923 1988 952 de
2003 923 2101 962 longin
2124 925 2180 963 uis,
2197 924 2389 962 Philosophiae

1323 957 1446 1001 vestibus
1467 960 1638 997 induuntur)
1659 961 1689 990 in
1710 959 1833 992 Ecclesia
1851 962 1940 991 beatae
1955 962 2093 1001 Virginis,
2129 963 2176 993 reti
2191 963 2266 1001 loci,
2284 962 2390 1002 Capel-

1322 995 1422 1026 laniam
1443 998 1583 1035 quandam
1598 1023 1608 1037 ,
1626 998 1827 1030 deliberatione
1847 999 1938 1030 sanita
1959 1009 2046 1037 nuper
2059 1001 2092 1031 &
2104 1002 2238 1041 provida,
2256 1002 2388 1034 duxerint

1323 1033 1515 1074 statuendam,
1534 1045 1564 1067 ut
1577 1038 1607 1067 in
1621 1047 1653 1068 ea
1666 1046 1725 1068 tarn
1737 1047 1791 1077 pro
1805 1036 1900 1068 nostra
1915 1061 1924 1076 ,
1943 1036 2088 1068 Consortis
2105 1039 2138 1070 &
2152 1039 2306 1071 liberorum
2320 1051 2388 1072 nos-

1321 1081 1431 1104 trorum
1446 1075 1641 1107 incolumitate
1656 1086 1808 1116 corporea,
1825 1078 1911 1114 quam
1927 1085 1981 1113 pro
1993 1077 2153 1107 recolendae
2167 1080 2313 1109 memoriae
2320 1079 2387 1110 Do-

1322 1113 1392 1142 mini
1404 1115 1538 1151 genitoris
1551 1139 1560 1151 ,
1579 1124 1612 1144 ac
1635 1115 1754 1145 aliorum
1770 1125 1820 1152 pro
1841 1116 1984 1145 enitorum
2005 1114 2185 1153 nostrorum,
2204 1118 2238 1148 &
2253 1118 2386 1148 omnium

1319 1149 1535 1193 Benefae'oerum
1550 1153 1745 1184 Universitatis
1755 1153 1817 1184 e'us
1831 1163 1894 1190 em,
1915 1152 2042 1183 remedio
2053 1154 2209 1184 animarum
2222 1177 2232 1193 ,
2245 1153 2388 1193 Maiestati

1318 1188 1422 1220 divinae
1435 1190 1566 1222 sacrificia
1577 1191 1745 1222 offerantur:
1792 1201 1803 1222 t
1811 1215 1820 1231 ,
1837 1192 1872 1223 ad
1884 1193 1948 1222 haec
1960 1192 2231 1223 incommutabiliter
2243 1203 2387 1232 exequen-

1319 1227 1354 1272 da
1367 1251 1377 1267 ,
1398 1239 1563 1269 perpetuum
1585 1229 1770 1271 Capelianum
1786 1232 1815 1261 in
1832 1241 1863 1261 &a
1875 1253 1884 1268 ,
1903 1231 1949 1262 cui
1962 1230 2110 1261 necessaria
2124 1240 2178 1272 pro
2191 1231 2388 1264 sustentatione

1319 1276 1387 1296 vrtae
1400 1268 1436 1297 de
1447 1270 1563 1308 proprio
1576 1269 1741 1307 deputarent
1749 1292 1759 1308 ,
1776 1269 1904 1300 duxerint
1917 1268 2120 1300 ordinandum:

1357 1305 1392 1335 N
1393 1306 1429 1335 os
1443 1317 1493 1345 ue,
1510 1307 1691 1339 desiderantes
1705 1318 1739 1338 ex
1753 1308 1839 1338 corde
1850 1308 1926 1347 quod
1941 1309 1986 1346 pia
2000 1307 2124 1348 ipsorum
2138 1307 2277 1339 ordinatio
2289 1309 2323 1341 &
2333 1309 2388 1340 ho-

1319 1343 1394 1374 nesta
1403 1344 1420 1374 fi
1442 1345 1527 1376 elium
1540 1344 1649 1376 Christi
1662 1346 1782 1377 subsidiis
1795 1346 1976 1384 sustentetur,
1993 1355 2024 1377 ut
2036 1346 2195 1378 devotionis
2208 1357 2258 1385 pei·
2265 1348 2322 1379 hoc
2336 1359 2388 1380 cu—

1318 1382 1411 1413 mulus
1430 1392 1560 1423 augeatur
1575 1408 1584 1423 ,
1602 1386 1806 1415 universitatem
1821 1385 1943 1415 vestram
1957 1394 2061 1416 attente
2082 1386 2245 1425 requirimus
2258 1387 2292 1418 &
2306 1396 2390 1427 roga-

1317 1430 1380 1451 mus
1392 1445 1401 1460 ,
1427 1424 1571 1461 quatinus,
1595 1423 1700 1454 divinae
1714 1424 1900 1454 retributionis
1921 1425 2024 1455 intuitu
2040 1447 2051 1463 ‚
2069 1424 2103 1455 ὅ(
2125 1423 2287 1456 nostrorum
2302 1427 2390 1457 inter-

1318 1469 1405 1492 ventu
1426 1472 1459 1492 ro
1478 1464 1606 1492 aminum
1640 1461 1773 1492 omnibus
1787 1484 1797 1500 ,
1813 1463 1862 1500 qui
1876 1461 1910 1492 ad
1926 1461 2077 1492 Miffarum
2091 1462 2243 1501 solempnia
2257 1463 2390 1502 Capella-

1319 1500 1374 1528 niae
1391 1471 1533 1539 praedgiftae
1547 1484 1625 1530 caus}
1637 1500 1796 1531 devotionis
1810 1501 1845 1531 ὅτ
1859 1501 1992 1531 orationis
2003 1500 2165 1532 accesserint
2178 1523 2188 1539 ,
2206 1502 2390 1542 indulgentias

1317 1537 1419 1575 aliquas
1432 1562 1443 1579 ,
1468 1538 1623 1570 secundum
1644 1538 1722 1577 quod
1738 1538 1879 1576 potestatis
1891 1539 1973 1569 vobis
1993 1539 2008 1568 a
2021 1538 2090 1569 Deo
2110 1539 2182 1570 datae
2195 1549 2208 1569 r
2244 1541 2306 1572 uirit
2319 1541 2388 1572 offi-

1317 1577 1394 1606 cium
1408 1600 1418 1615 ,
1442 1576 1603 1609 concedatis
1618 1589 1628 1615 ·,
1645 1587 1676 1608 ut
1695 1587 1729 1608 ex
1749 1577 1805 1608 hoc
1821 1577 1903 1608 vobis
1923 1587 1939 1607 a
1955 1576 2025 1608 Deo
2038 1579 2205 1618 praemium,
2271 1581 2287 1609 a
2301 1581 2388 1610 nobis

1316 1616 1573 1657 commendationis
1590 1616 1684 1647 titulus
1699 1640 1710 1654 ,
1735 1616 1769 1646 &
1783 1616 2002 1650 multiformium
2018 1617 2168 1655 gratiarum
2183 1617 2308 1649 aditiones
2322 1619 2389 1659 pos-

1319 1656 1370 1685 unt
1385 1655 1418 1685 &
1431 1655 1551 1686 debeant
1565 1656 1671 1686 merito
1684 1656 1844 1694 provenire.

1333 1770 1338 1775 ⁸
1355 1729 1445 1763 Teste
1462 1731 1545 1772 Rege
1559 1731 1632 1773 apud
1643 1731 1846 1772 Woodstock,
1863 1733 1894 1763 in
1906 1731 2032 1764 crastino
2045 1733 2120 1765 beati
2132 1731 2264 1764 Thomae
2277 1732 2390 1774 Marty-

1317 1779 1351 1800 ris
1359 1793 1369 1809 ,
1385 1781 1462 1801 anno
1476 1771 1572 1811 Regni
1585 1771 1674 1802 nostri
1687 1772 1777 1802 tertio.

1317 1897 1424 1929 Litera
1442 1899 1529 1944 Regis
1551 1900 1682 1932 Domino
1699 1895 1937 1945 Abaga-Chaan
1960 1900 2092 1944 Principi
2117 1899 2219 1930 Gentis
2240 1896 2390 1945 Magalo-

1366 1957 1458 1988 rum,
1483 1945 1521 1979 de
1540 1947 1728 1990 Conveifione
1746 1946 1878 1993 praedifli
1907 1949 2054 1994 Principis
2074 1944 2223 1991 adfidem
2241 1944 2388 1991 Chrfiitz-

1363 2005 1437 2026 nam
1457 1997 1494 2033 (ᾔ
1512 1993 1548 2028 de
1563 1999 1675 2043 negotio
1691 1995 1788 2029 Terrae
1803 1995 1928 2030 Sanflae.

1315 2079 1542 2148 INENomine
1557 2081 1646 2112 Patris
1661 2122 1666 2126 η
1680 2081 1714 2113 &
1726 2081 1807 2126 Filii,
1825 2081 1859 2112 &
1873 2081 1893 2113 S
1915 2080 1992 2126 iritiis
2004 2080 2116 2124 Sanffi,
2134 2081 2216 2111 unius
2225 2079 2296 2125 Dei.
2311 2120 2316 2124 .
2401 2076 2478 2108 Ann.
2494 2078 2536 2113 D.

1338 2157 1343 2161 ¹
1410 2128 1427 2148 x
1443 2128 1519 2163 parte
1535 2104 1683 2164 Edvvardi,
1700 2120 1759 2150 Dei
1772 2128 1895 2164 gratia„
1929 2128 1986 2159 egis
1998 2119 2106 2163 Angliae
2138 2118 2262 2163 Domini
2275 2118 2383 2149 Hiber-
2420 2125 2507 2157 1274.

1314 2156 1693 2237 armazanazas
1703 2158 1898 2236 nigraes
1907 2156 2096 2227 asses
2112 2141 2383 2228 mazza&
2468 2166 2494 2194 ³·

1424 2219 1434 2235 >
2034 2219 2045 2235 >
2420 2216 2425 2222 '
2466 2217 2472 2224 ⁰

1315 2242 1508 2311 ne{eligiosus
1522 2275 1565 2318 vir
1580 2273 1662 2318 frater
1676 2273 1772 2318 David
1781 2297 1795 2317 ι,
1813 2273 1849 2318 de
1871 2272 1971 2318 ordine
1985 2271 2208 2317 Praedicatorum
2222 2296 2232 2311 ,
2245 2271 2379 2311 Capella-
2394 2236 2457 2298 ἔω·
2464 2244 2503 2296 ·3·

1311 2312 1800 2388 {¹33gaffigafgfflssgfmssffiffabgffi
1819 2310 2378 2389 ῗοῗᾷἓύέἓᾱῖῗέαῖῑὲἕῑὲᾇῗὲἰξέῗιέ
2392 2319 2492 2385 Ῐῖἕ[3’

1309 2387 1434 2419 nostram
1455 2389 1591 2419 accedens
1604 2412 1613 2427 ‚
1631 2373 1743 2426 literas’,
1756 2360 1829 2434 qffis
1842 2387 2023 2432 Sanffissimo
2038 2386 2114 2418 Patri
2128 2373 2261 2433 fDomino
2274 2388 2316 2433 G.
2330 2390 2382 2421 Sa-

1308 2426 1461 2457 crosanetae
1480 2426 1625 2458 Romanae
1648 2428 1681 2458 &
1702 2426 1871 2458 Universalis
1892 2426 2028 2457 Ecclesiae
2048 2425 2162 2456 summo
2175 2425 2328 2466 Pontifici,
2345 2429 2381 2460 &

1308 2464 1367 2508 aliis
1381 2465 1508 2505 Regibus
1521 2465 1688 2510 Christianis
1701 2476 1750 2507 per
1769 2465 1875 2497 vestros
1896 2464 2033 2496 Nuncios
2046 2463 2218 2503 destinastis,
2237 2466 2320 2497 nobis
2331 2467 2382 2498 de-

1307 2503 1665 2581 mliiigciuikiiiesndiillteistionis
1679 2542 1814 2574 affedbum
1823 2566 1833 2581 ,
1850 2552 1936 2612 qpam
1950 2542 1985 2573 ad
2000 2541 2087 2573 fidem
2100 2540 2290 2574 Christianam

1308 2589 1349 2611 tra
1836 2582 1845 2618 )
1882 2582 2001 2618 abeatis,
2016 2581 2050 2612 &
2063 2581 2237 2621 propositum
2251 2593 2288 2621 qu

1308 2629 1366 2656 prae
1393 2620 1467 2650 ando
1473 2621 1620 2658 juvamine
1633 2619 1799 2651 Christianis
1813 2620 1952 2651 &Terrae
1959 2619 2089 2658 Sanctae,
2101 2628 2200 2650 contra
2207 2618 2380 2653 Christianae

1307 2657 1371 2687 fidei
1379 2659 1525 2696 inimicos,
1539 2659 1632 2697 spiritu
1640 2658 1800 2696 Deidueti,
1814 2659 1883 2688 sicut
1891 2657 2045 2696 credimus,
2059 2658 2228 2695 concepistis
2237 2682 2246 2697 ‚
2261 2660 2379 2700 collegi-

1307 2704 1370 2726 mus
1383 2697 1416 2727 &
1429 2697 1613 2727 intelleximus
1626 2697 1787 2736 diligenter,
1792 2695 1872 2739 quod
1887 2695 2064 2739 ineffabiliter
2071 2695 2114 2726 est
2121 2696 2269 2728 aflectibus
2276 2698 2379 2730 nostris

1305 2742 1416 2773 gratum
1426 2757 1436 2772 ,
1444 2735 1521 2765 &de
1529 2745 1588 2773 quo
1603 2736 1686 2766 vobis
1698 2734 1862 2772 assurgimus
1876 2734 1911 2763 ad
1923 2742 2073 2772 gratiarum
2088 2734 2229 2764 uberiores
2241 2735 2376 2767 actiones.

1345 2771 1593 2812 Magnificentiam
1616 2771 1737 2803 vestram
1757 2780 1884 2810 rogantes
1897 2795 1907 2809 ,
1926 2773 1960 2802 ὅ(
1979 2772 2010 2801 in
2031 2772 2133 2802 virtute
2151 2772 2273 2803 altissimi
2295 2775 2378 2806 obse-

1306 2819 1431 2855 crantes,
1447 2812 1576 2855 quatinus
1591 2809 1903 2855 propositum-vestrum
1917 2809 2055 2853 Sanchim
2067 2809 2174 2848 velitis,
2192 2811 2376 2855 circa'prose-

1306 2849 2078 2925 gffiffiamnaepffigffluflggffigssggbffidffig‘ggnag‘r
2094 2847 2376 2921 {siffitereiiffisssss

1305 2926 1530 2997 adssffegplzrgtu
1546 2968 1617 2997 vero
1633 2965 1731 2997 nostro
1744 2964 1779 2996 ad
1792 2973 1895 2995 terram
1906 2964 2072 3004 praedietam
2085 2964 2118 2995 &
2129 2964 2168 2995 de
2179 2966 2302 2996 termino
2313 2965 2374 3004 pas-

1303 3005 1367 3045 sagii
1379 3003 1607 3036 Christianorum
1615 3028 1624 3042 ,
1641 3005 1723 3035 vobis
1733 3003 1767 3034 ad
1780 3004 1898 3044 praesens
1911 3013 1971 3033 non
1984 3004 2128 3041 potuimus
2141 3003 2260 3034 scribere
2270 3006 2372 3036 verita-

1304 3052 1362 3075 tem
1376 3067 1386 3083 ,
1403 3044 1466 3083 quia
1485 3043 1514 3072 in
1533 3043 1712 3074 confectione
1731 3043 1751 3062 *
1770 3041 1947 3082 praesentium
1958 3041 1993 3072 de
2006 3040 2134 3086 praediffl
2146 3041 2259 3111 passagii
2273 3045 2370 3074 termi-
2386 3054 2403 3072 ε
2419 3055 2457 3083 Π,
2471 3058 2523 3092 443

1304 3093 1346 3114 no
1370 3092 1431 3114 non
1455 3090 1513 3112 erat
1536 3092 1586 3120 per
1606 3089 1795 3113 memoratum
1815 3079 1957 3110 summum
1983 3079 2154 3111 Pontificem
2182 3091 2216 3111 or
2236 3089 2345 3112 matum
2358 3094 2370 3122 3

2331 2554 2385 2575 ex-

1382 2592 1448 2611 uam
1467 2582 1556 2613 nullus
1569 2583 1692 2612 omnino
1705 2582 1820 2612 salvatur
2339 2583 2378 2614 de

1304 3123 1393 3161 quam
1406 3121 1465 3152 cito
1480 3127 1574 3152 autern
1588 3120 1668 3158 super
1680 3117 1839 3159 praemiffis,
1859 3119 1936 3157 quod
1949 3120 2000 3149 erit
2012 3120 2043 3149 in
2051 3120 2184 3157 proximo
2220 3119 2289 3150 Deo
2300 3121 2371 3152 dan-

1303 3170 1350 3199 te,
1374 3157 1569 3191 certitudinem
1591 3159 1692 3189 habere
1714 3158 1885 3197 poterimus,
1904 3157 1933 3189 id
1953 3157 2134 3189 Excellentiae
2146 3142 2246 3189 vesirae
2258 3160 2372 3191 curabi-

1478 3207 1515 3227 re.

1305 3207 1620 3269 mlfidggririrssiendamus
1644 3235 1777 3274 potentiae
1798 3234 1898 3266 vestrae
1920 3233 2093 3271 affeetuose,
2117 3242 2262 3280 quantum·
2293 3276 2297 3280 Ι
2315 3237 2370 3268 ss'u-

2300 3284 2368 3307 anos

1303 3287 1366 3308 mus
1377 3299 1386 3314 ,
1405 3274 1574 3316 praedicium
1592 3276 1739 3314 negotium
1759 3273 1860 3305 Terrae
1878 3273 1991 3305 Sanetae
2002 3297 2012 3312 ‚
2031 3273 2064 3304 &
2078 3281 2179 3303 ornnes

1301 3317 1336 3348 de
1351 3316 1472 3354 partibus
1490 3312 1623 3343 Orientis.

1338 3392 1407 3423 Dat.
1428 3389 1502 3430 apud
1523 3389 1743 3420 Bellum-locum
1767 3389 1871 3430 Regis,
1889 3390 1937 3420 26.
1955 3389 2001 3421 die
2011 3389 2153 3429 januarii,
2167 3398 2244 3421 anno
2255 3389 2364 3428 Domi-

1300 3432 1331 3462 ni
1347 3438 1431 3469 1274.
1446 3429 1480 3460 &
1491 3438 1567 3459 anno
1583 3427 1679 3468 Regni
1695 3427 1785 3458 nostri
1800 3429 1889 3460 tertio.

1366 3556 1417 3588 De
1434 3553 1614 3586 ProteHione
1625 3563 1680 3598 pro
1696 3553 1742 3586 W.
1760 3552 1870 3597 Phssco
1886 3552 2042 3586 Alcanorae
2058 3554 2182 3586 Matris
2194 3553 2291 3598 Regis.

1297 3636 1494 3700 MAgister
1507 3636 1680 3668 Willielmus
1698 3638 1722 3668 le
1738 3637 1921 3677 Provencall,
1937 3637 2061 3668 Phificus
2081 3635 2222 3666 Alianorae
2233 3632 2354 3672 Reginae
2370 3630 2446 3663 Ann.
2462 3633 2503 3665 D.

1393 3676 1504 3715 Angliae
1517 3698 1526 3712 ‚
1546 3677 1638 3706 matris
1657 3676 1761 3716 Regis,
1778 3678 1847 3717 qui,
1871 3675 1907 3706 de
1925 3675 2037 3707 licentia
2055 3674 2156 3714 Regis,
2175 3682 2243 3704 cum
2255 3672 2352 3702 eadem
2394 3679 2478 3710 1275.

1297 3715 1327 3745 R
1364 3714 1408 3744 ina
1423 3714 1595 3752 profecturus
1615 3714 1655 3744 est
1674 3716 1708 3746 ad
1730 3724 1817 3754 partes
1835 3713 2042 3754 transmarinas,
2059 3713 2144 3744 habet
2152 3711 2252 3742 litteras
2264 3709 2353 3750 Regis
2365 3711 2418 3738 An.
2437 3720 2464 3748 3.

1294 3753 1332 3784 de
1370 3752 1547 3790 rotectione,
1566 3762 1614 3789 per
1628 3754 1775 3784 biennium
1787 3753 1943 3792 duratum,
1961 3763 2031 3784 cum
2043 3751 2098 3783 hac
2110 3748 2243 3793 clausula,
2369 3751 2398 3775 E·
2416 3758 2440 3776 ¹.

1342 3790 1482 3821 Volumus
1507 3792 1591 3821 etiam
1610 3792 1688 3831 quod
1706 3792 1782 3823 idem
1803 3791 1973 3822 Willielrnus
1998 3791 2109 3820 interim
2134 3787 2166 3817 fit
2189 3794 2296 3826 quietus
2317 3787 2353 3819 de
2367 3789 2426 3814 ΡΜ.
2438 3795 2464 3823 3.

1296 3829 1429 3860 omnibus
1448 3828 1554 3866 placitis
1572 3830 1605 3860 &
1629 3831 1769 3870 querelis3
1787 3831 1907 3869 exceptis
1929 3829 2034 3867 placitis
2052 3827 2089 3858 de
2105 3825 2173 3856 dote
2185 3848 2195 3863 ‚
2218 3826 2293 3858 unde
2309 3828 2352 3857 ni·
2366 3827 2398 3851 E·
2421 3834 2445 3852 1-

1295 3867 1356 3898 chil
1375 3866 1482 3904 habet,
1500 3867 1534 3897 &
1552 3877 1636 3906 quare
1657 3869 1776 3907 impedit
1788 3891 1798 3907 ,
1816 3869 1850 3899 ὃς
1869 3867 1949 3898 affisis
1967 3875 2052 3898 novae
2065 3863 2226 3903 diffeffinae,
2245 3866 2278 3895 &
2291 3866 2356 3897 ulti-
2365 3871 2403 3889 m·
2423 3871 2470 3899 3².

1296 3914 1355 3935 mae
1371 3904 1599 3945 praesentationis,
1617 3908 1651 3938 &
1664 3909 1786 3946 exceptis
1799 3905 1918 3944 loquelis
1929 3915 1995 3944 quas
2006 3912 2104 3947 coram
2111 3901 2273 3947 Justiciariis
2290 3914 2356 3935 nos-

1295 3944 1342 3974 tris
1353 3944 1560 3983 itinerantibus,
1579 3946 1609 3974 in
1623 3946 1673 3976 suis
1684 3946 1844 3983 itineribus,
1861 3943 2031 3973 summoneri
2040 3943 2214 3985 contigerit,
2234 3943 2354 3980 praesen-

1296 3981 1370 4012 tibus
1389 3982 1507 4012 minime
1525 3983 1645 4014 valituris
1665 3983 1685 4013 fi
1699 3985 1846 4021 contingat
1859 3981 1950 4020 ipsum
1964 3979 2156 4010 Willielmum
2170 3981 2221 4011 iter
2253 3981 2353 4018 γπῶς-

1296 4028 1358 4051 tum
1373 4028 1432 4049 non
1445 4021 1578 4060 arripere,
1596 4031 1650 4052 nec
1664 4022 1813 4059 postquam
1823 4018 1933 4049 redierit
1945 4018 1961 4047 a
1971 4018 2092 4061 partibus
2108 4019 2215 4058 supradi
2249 4021 2253 4026 '
2267 4043 2276 4051 .

1330 4057 1420 4090 Teste
1434 4057 1515 4100 Rege
1528 4059 1601 4101 apud
1614 4059 1749 4099 Wyndes.
1762 4069 1789 4099 9.
1803 4057 1850 4090 die
1860 4056 1885 4090 F
1885 4057 2009 4088 ebruaru.
2257 4098 2310 4136 Et

2286 4107 2296 4126 i
2310 4106 2357 4128 era
