2570 4261
170 100 251 150 184

103 268 128 284 “'
170 273 221 304 De
235 266 469 312 arcstando-illos
488 269 540 313 qui
553 265 674 312 fingunt
691 268 726 312 β’
748 265 797 312 effe
815 269 1025 299 Procuratores
1040 265 1076 301 ω’*
1097 263 1235 295 Mmcios

517 316 650 361 Capituli
665 314 701 347 de
715 315 885 348 Beverlaco.

224 400 248 431 E
258 399 288 430 X
307 401 442 431 omnibus
457 399 687 431 vicecomitibus
699 422 709 437 ,
732 400 765 431 &
779 399 889 430 Ballivis
902 421 912 437 ,
935 408 970 429 ac
991 397 1099 428 caeteris
1110 393 1237 426 fidelibus

221 440 285 477 suis,
303 440 337 469 ad
354 450 442 477 quos,
457 441 516 471 &Q
533 439 657 469 salutem.
1146 471 1151 476 ,

209 477 253 507 Ex
266 479 343 516 gravi
359 479 467 515 querela
487 478 611 518 Capituli
632 476 776 508 Beverlaci
795 477 959 516 accepimus
973 498 983 514 ‚
1005 473 1083 518 quod
1105 469 1237 510 quidam,

88 547 92 550 ,
169 517 293 555 propriu.¹
309 516 459 547 honestatis
473 518 672 554 immemores,
692 525 741 555 per
760 515 876 545 diversas
890 523 980 554 partes
997 513 1105 551 Angli-ae
1120 533 1130 549 ,
1153 507 1238 552 Wal-

97 571 117 590 -,
169 554 231 592 liae,
250 557 283 585 ὃς
299 553 447 586 Hibernia:
462 556 660 592 discurrentes,
679 555 712 585 ὃς
725 554 751 584 se
766 553 902 584 Nuncios
921 554 954 583 &
977 551 1178 595 Procuratores
1193 556 1237 583 ip-

168 592 220 622 fiiis
240 593 365 632 Capituli
387 594 456 624 falso
478 593 673 633 confingentes
686 616 695 631 ,
722 593 889 630 pecuniam,
911 589 1057 634 animalia,
1074 589 1183 625 legata,
1201 586 1235 616 &

167 631 217 660 alia
235 631 329 670 bona,
348 631 380 661 ad
397 642 467 670 opus
489 633 617 663 Fabricae
639 633 673 663 &
692 630 809 670 capsulae
832 630 906 661 Beati
918 630 1056 672 Johannis
1076 626 1237 661 Beverlaci,

169 678 271 708 petunt
286 672 318 701 ὃς
336 672 473 709 recipiunt
487 681 501 700 a
513 671 641 709 diversis,
659 671 692 701 ὃς
707 680 755 707 ea,
773 679 831 699 non
846 670 876 699 in
897 668 956 699 usus
978 668 1104 698 Fabricii:
1119 666 1154 696 &
1168 673 1236 701 cap-

165 709 231 739 sula:
245 709 457 748 prandium-tini,
476 709 513 741 set
528 711 556 740 in
571 710 633 739 usus
646 710 773 748 proprios
788 708 882 738 illicite
898 710 931 739 δε
952 704 1100 750 inhoneste
1112 712 1235 745 conver-

168 755 250 785 runt,
268 748 297 776 in
310 747 379 778 dieti
394 750 505 785 capituli
527 748 671 786 fraudem,
689 757 720 778 ac
737 747 937 785 completionis
956 745 1084 775 Fabricae
1098 742 1235 774 Ecclesiae

166 786 200 816 ὃς
217 786 333 824 capitilae
348 788 547 824 predictarum
560 786 774 817 retardationem
790 784 974 815 manifestam.
1088 821 1092 826 ⁵

206 823 340 855 Volentcs
357 827 439 863 igitur
456 826 614 863 hujusmodi
630 825 717 855 fraudi
731 825 764 854 δε
784 824 896 854 maliriae
911 823 1003 853 modis
1017 845 1026 860 ,
1048 821 1147 861 quibus
1162 828 1234 861 con-

168 864 260 900 venit,
278 864 410 902 obviare,
427 865 507 894 vobis
523 865 702 901 mandamus,
719 862 835 893 firmiter
849 863 1038 903 injungentes,
1058 859 1152 898 quod,
1172 858 1235 887 ubi-

164 910 281 939 cunque
296 902 403 939 aliquos
417 903 594 941 inveneritis,
613 904 642 932 in
657 902 765 932 Ballivis
780 900 893 940 vestris,
912 900 1107 939 confingentes
1116 897 1146 941 *se
1162 895 1235 939 Pro-

164 948 307 970 curatores
320 940 388 970 dieti
404 940 543 981 Capituli,
561 942 595 972 ad
617 940 757 981 praemissa
769 939 847 979 super
862 940 913 969 liiis
930 939 1046 983 Litteras
1060 936 1236 978 testimonia-

164 977 202 1006 les
216 978 336 1015 ejusdem
352 978 477 1016 Capituli
491 990 549 1010 non
565 980 699 1010 habentes
710 1003 720 1018 ,
747 979 817 1018 ipsos
832 1001 841 1016 ‚
864 977 1089 1021 sine-dilatione,
1105 973 1233 1010 arestari,

164 1016 197 1046 δε
214 1016 330 1047 detineri
344 1017 462 1056 faciatis,
479 1019 573 1049 donec
584 1019 620 1049 de
635 1018 707 1050 statu
722 1019 754 1049 δε
776 1017 989 1048 conveisatione
1005 1014 1163 1046 eorundem
1181 1022 1234 1043 vo-

164 1054 207 1084 bis
222 1055 380 1086 constiterit
393 1058 544 1088 evidenter.

201 1092 320 1124 Proviso
334 1095 413 1134 quod
429 1098 546 1136 pecunia
557 1106 590 1126 ac
604 1096 654 1126 alia
667 1096 744 1127 bona
755 1119 765 1134 ,
791 1094 866 1133 apud
879 1104 928 1125 eos
942 1095 1055 1124 inventa
1064 1117 1074 1131 ,
1093 1091 1138 1123 vel
1168 1099 1235 1134 5⁰5⁵

164 1131 230 1162 alios
243 1134 362 1164 nomine
376 1134 426 1165 suo
439 1135 560 1174 deposita
575 1158 584 1171 ,
608 1145 672 1174 quae
686 1135 757 1174 ipsos
769 1157 779 1173 ,
805 1135 924 1164 nomine
946 1131 1070 1170 Capituli
1087 1140 1144 1169 prae
1166 1129 1234 1172 idti,

165 1170 199 1200 ad
213 1181 284 1211 opus
297 1172 467 1209 praedictum
476 1197 486 1212 ,
503 1174 585 1204 vobis
600 1173 759 1204 constiterit
774 1172 934 1212 collegisse,
953 1172 1025 1201 veris
1037 1170 1234 1215 ⁴Procuratori-

165 1210 218 1239 bus
236 1210 364 1248 praedidti
384 1212 427 1242 Ca
449 1213 507 1243 ituli
526 1213 553 1242 in
569 1212 621 1243 hac
641 1221 719 1252 parte
733 1235 743 1250 ,
762 1211 808 1242 vel
826 1219 926 1241 eorum
939 1209 1066 1240 Nunciis
1079 1233 1089 1248 ‚
1116 1208 1235 1239 Litteras

166 1248 222 1278 suas
235 1250 313 1286 super
328 1250 383 1280 hoc
399 1252 609 1290 exiibentibus,
628 1251 748 1282 totaliter
761 1250 923 1280 liberentur.
994 1274 1004 1293 ,ἡ

205 1285 259 1325 Et,
279 1289 347 1326 siqui
362 1289 474 1320 forsitan
490 1290 503 1320 Ι
507 1291 594 1320 ,iteras
609 1289 713 1330 Regias
724 1313 735 1329 ,
754 1288 865 1319 Datum
877 1287 1056 1326 praesentium
1071 1285 1236 1331 praeceden-

166 1333 222 1364 tes,
241 1327 319 1366 super
334 1329 616 1359 recommendatione
661 1329 708 1359 vel
722 1326 888 1358 admissione
903 1327 937 1358 ad
952 1325 1111 1364 hujusmodi
1127 1325 1237 1355 elemo-

166 1364 234 1394 sinas
256 1365 425 1404 colligendas
440 1390 449 1406 ,
472 1368 595 1406 ipsorum
618 1352 840 1398 l3rocuratorum
861 1365 1055 1397 testimonium
1075 1365 1236 1409 legitimum

164 1413 229 1447 non,
246 1404 377 1435 habentes
391 1428 402 1445 ,
427 1406 575 1438 exhibeant
589 1430 599 1446 ,
622 1406 727 1438 eisdem
747 1405 847 1436 Literis
866 1404 902 1436 de
924 1412 1031 1436 caetero
1052 1405 1171 1434 minime
1188 1412 1237 1442 pa-

166 1451 252 1472 rearis.

202 1480 236 1511 In
252 1482 344 1521 cujus,
362 1483 423 1515 &e

203 1557 291 1590 Teste
303 1558 391 1599 Rege
405 1561 479 1601 apud
492 1561 682 1602 Berewycum
697 1562 777 1602 super
790 1560 950 1600 Twedam,
974 1568 1009 1591 10
1023 1557 1068 1591 die
1083 1557 1236 1591 Februarii.

13 1700 32 1718 ἦ
49 1701 102 1728 ΙΙΙ.

16 1748 81 1774 249.

170 1692 196 1719 ἓ*
224 1694 281 1728 Ad
301 1699 418 1743 Papam
436 1698 538 1745 quod,
563 1709 682 1732 mortuo
701 1697 825 1732 Thomu
850 1695 941 1744 Jorz.
961 1699 1064 1745 Anglo
1078 1725 1087 1740 ‚
1113 1697 1237 1745 Johan-

261 1756 310 1777 nes
331 1745 368 1779 de
387 1746 524 1781 Lenham
544 1776 554 1792 ‚
592 1752 678 1795 Regis
698 1747 840 1794 Confessbr
861 1746 905 1780 ad
928 1746 1145 1781 Cardinalatus

558 1801 671 1844 apicem
690 1796 847 1830 evehatur.

225 1888 282 1921 ΑΡ
291 1889 332 1921 AE
351 1889 417 1921 Rex
429 1891 504 1923 devo
517 1903 532 1923 a
565 1891 651 1923 edum
663 1892 757 1924 oscula
768 1893 925 1924 beatorum.

15 1899 150 1969 ΑΙΠῘἸΠΒ
168 1888 217 1951 P
258 1928 335 1960 Rem
357 1901 564 1963 honestamtgp
579 1931 647 1962 Deo
664 1940 770 1971 gratam
792 1941 871 1971 agere
890 1931 1030 1963 credimus
1043 1955 1053 1971 ,
1078 1932 1148 1963 dum
1163 1932 1238 1964 circa

13 1960 68 2005 Aa).
83 1989 112 2014 4·
169 1970 383 2009 promotionem
399 1969 513 2002 illorum
533 1971 706 2001 intendimus
724 1970 871 2010 diligenter
886 1993 895 2009 ‚
920 1981 991 2010 quos
1007 1972 1073 2002 virae
1093 1971 1238 2010 honestas,

41 2038 46 2043 .
84 2039 90 2045 ,
168 2004 321 2038 litterarum
335 2007 446 2040 scientia
461 2033 471 2049 ,
498 2009 606 2048 aliaque
621 2011 757 2041 virtutum
778 2009 812 2040 &
829 2019 946 2040 morum
965 2011 1109 2048 praeconia
1123 2020 1238 2041 recom-

13 2059 84 2082 ΗΘΜ
101 2055 134 2090 &⁸
169 2045 314 2077 mendant.

15 2097 55 2120 Fr.
70 2103 97 2129 4·
203 2082 285 2115 Hinc
309 2085 350 2116 est
370 2086 447 2126 quod
463 2110 472 2125 ‚
496 2087 565 2117 cum
579 2110 589 2125 ,
613 2088 699 2118 bonae
719 2087 887 2125 memoriae,
910 2087 1004 2118 Frater
1021 2087 1152 2119 Thomas
1165 2087 1238 2126 Jorz

166 2119 320 2189 ksinglicus,
339 2135 428 2163 nuper
442 2125 521 2157 Sedis
537 2125 712 2164 Apostolicae
728 2125 900 2164 cardinalis,
914 2127 975 2164 jam
988 2128 1078 2158 carnis
1099 2126 1238 2168 ergastulo

179 2168 200 2191 it
214 2171 310 2192 exutus

202 2198 238 2228 N
240 2209 272 2230 os
278 2223 288 2239 ,
307 2186 344 2232 de
358 2201 458 2233 vestrae
479 2204 534 2241 piae
550 2202 725 2234 Paterniratis
743 2202 894 2234 dulcedine
914 2203 1067 2240 specialiter
1090 2202 1239 2235 confiden-

167 2244 208 2267 tes
219 2260 228 2275 ,
255 2239 373 2278 quadam
396 2251 430 2271 ue
443 2242 488 2281 spe
502 2265 512 2281 ,
538 2242 616 2272 certa
629 2243 662 2273 &
680 2241 764 2273 firma
781 2241 884 2272 fiducia
902 2249 1028 2272 tenentes
1046 2243 1125 2279 quod
1163 2252 1240 2273 ree&

168 2277 287 2317 nostrae,
306 2289 370 2317 quae
409 2280 534 2311 onestate
549 2281 722 2319 fulciuntur,
740 2281 770 2310 in
785 2280 884 2311 vestrae
904 2279 1060 2311 Sanffiraris
1078 2291 1135 2321 prae
1148 2281 1239 2320 entia,

166 2314 200 2345 ad
215 2325 318 2355 oprarae
333 2318 516 2350 exauditionis
534 2321 652 2358 gratiam
668 2319 867 2358 admittentur,

206 2353 335 2386 Vestram
349 2357 531 2388 clementiam
544 2358 656 2388 devotis
669 2358 798 2396 precibus
810 2367 975 2396 exoramus,
990 2359 1117 2397 quatinus
1127 2358 1161 2390 ad
1174 2368 1240 2399 per-

168 2391 266 2424 sonam
287 2395 404 2435 religiosi
422 2397 455 2428 &
478 2396 589 2427 discreti
610 2398 664 2427 viri
685 2396 787 2427 Fratris
803 2396 939 2435 johannis
961 2396 997 2426 de
1021 2397 1153 2429 Lenham
1169 2421 1179 2436 ,
1203 2397 1238 2428 de

167 2430 282 2463 Ordine
294 2435 532 2474 praedicatorum,
551 2434 726 2466 Confessoris
739 2434 847 2473 nostri,
864 2436 912 2474 qui
931 2436 997 2466 vitae
1012 2435 1175 2475 honestate,
1194 2437 1240 2468 lit-

168 2477 290 2501 terarum
305 2473 434 2512 scientia,
452 2483 485 2506 ac
502 2474 629 2504 moribus
645 2474 678 2505 ὃς
698 2474 846 2504 virtutibus
861 2474 983 2514 gratiosis
997 2497 1006 2512 ,
1033 2475 1101 2506 sicut
1112 2476 1173 2514 jam
1190 2486 1239 2514 per

167 2512 365 2547 experientiam
380 2535 390 2550 ,
415 2522 450 2543 ex
474 2512 554 2551 ipsius
575 2512 789 2543 conversatione
803 2512 935 2549 diutina,
959 2513 1110 2544 nobiscum
1126 2514 1240 2553 habiti,

168 2550 319 2593 novimus,
339 2551 531 2590 multipliciter
553 2551 700 2589 insignitur
712 2574 722 2590 ,
748 2550 849 2584 vestrae
869 2552 993 2590 benigne
1012 2552 1240 2585 considerationis

167 2594 302 2619 intuitum
315 2590 482 2629 dirigentes,

207 2624 300 2664 Ipsum
321 2628 494 2660 sannorum
515 2628 629 2660 Parrum
649 2628 734 2660 dietae
756 2629 836 2660 Sedis
856 2627 1050 2660 Cardinalium
1075 2631 1240 2662 venerando

170 2662 272 2694 Coetui
287 2666 389 2697 sociare
398 2690 407 2706 ,
426 2669 459 2698 ὅ(
473 2667 508 2698 ad
522 2667 717 2698 Cardinalatfis
733 2668 898 2708 dignitatem
911 2670 947 2698 δε
961 2670 1072 2707 apicem
1085 2670 1240 2709 assumere,

169 2702 204 2732 &
220 2714 391 2746 promo-:cre
406 2707 537 2746 dignetur
551 2707 639 2737 vestra
660 2707 838 2745 providentia
852 2707 996 2745 paternalis
1008 2730 1018 2745 ,
1041 2717 1125 2747 quam
1141 2710 1171 2739 in
1184 2709 1240 2740 sin-

166 2742 238 2779 gulis
258 2745 462 2776 neceffiratibus
480 2745 581 2776 nostris
605 2746 713 2785 semper
732 2746 895 2777 invenimus
915 2746 1068 2785 propitiam
1088 2747 1123 2777 &
1141 2748 1240 2788 benig-

166 2789 250 2811 nam:

192 2820 354 2862 ‘speramus
369 2823 503 2862 siquidem
517 2823 594 2864 quod
608 2847 618 2862 ,
645 2824 663 2855 si
677 2823 787 2854 dietum
808 2822 935 2854 Fratrem
947 2822 1110 2865 Johannem
1128 2825 1163 2856 ad
1179 2824 1240 2865 dig-

166 2866 284 2890 nitatem
301 2860 495 2892 Cardinalatiis
509 2863 599 2894 vestra
612 2863 772 2893 {ane'iitudo
785 2862 896 2893 duxerit
910 2862 1105 2893 assumendum
1120 2885 1130 2900 ,
1156 2865 1163 2893 i
1188 2864 1240 2895 sius

169 2900 317 2933 promotio
333 2901 366 2931 ad
380 2901 522 2931 honorem
537 2901 594 2931 Dei
604 2926 613 2939 ,
629 2904 662 2932 ὃς
676 2902 710 2932 ad
725 2900 918 2932 commodum
932 2900 1089 2933 universalis
1102 2901 1146 2932 Ec
1176 2902 1238 2934 eliae

167 2934 267 2974 cedet,
286 2939 421 2978 totiusque
436 2941 533 2978 populi
549 2939 713 2970 Christiani.

209 2972 256 3017 Ut
271 2977 352 3014 igitur
368 2988 497 3016 optatum
513 2978 644 3009 nostium
659 2980 686 3009 in
702 2980 755 3009 hac
770 2986 848 3018 parte
866 2978 947 3009 citius
968 2979 1002 3010 &
1016 2978 1124 3010 felicius
1141 2979 1240 3011 conse-

170 3022 219 3051 qui
234 3014 373 3045 valeamus
387 3040 396 3053 ,
421 3017 455 3046 ad
476 3017 589 3047 dictum
608 3019 756 3057 negotium
777 3027 845 3048 cum
865 3017 961 3048 debita
981 3017 1126 3056 diligentia
1145 3019 1241 3056 prose-

170 3051 281 3089 quenda
298 3052 474 3092 Religiosiini
487 3057 597 3095 vii-um,
620 3058 653 3087 ὃς
667 3057 751 3086 nobis
763 3057 792 3086 in
807 3055 926 3086 Christo
940 3055 1075 3087 dilcdlum
1087 3080 1097 3096 ‚
1114 3056 1240 3089 Fratrem

166 3089 332 3127 Johannem
343 3092 379 3121 de
394 3094 550 3125 wrotham
558 3119 567 3131 .,

210 3128 334 3160 Dudum
349 3130 385 3160 de
398 3131 488 3162 domo
500 3133 532 3163 ἃ
548 3133 670 3171 familia,
685 3135 767 3164 clarae
781 3135 946 3171 memoriae,
963 3133 1087 3164 Domini
1100 3133 1135 3165 E.
1147 3144 1242 3174 quon-

172 3165 238 3197 dam
254 3167 342 3208 Regis
356 3169 470 3207 Angliae
484 3193 494 3208 ,
518 3173 649 3209 genitoris
664 3172 753 3203 nostri
768 3196 778 3211 ,
801 3171 967 3203 existentem
980 3197 990 3211 ,
1013 3173 1047 3204 &
1061 3182 1111 3213 per
1129 3173 1240 3204 dietum

172 3203 284 3236 Patrem
300 3207 429 3238 nostrum
444 3209 477 3239 ὃς
493 3219 545 3238 nos
565 3211 625 3240 alias
643 3212 671 3240 in
692 3211 846 3242 Nuncium
865 3211 900 3242 ad
921 3210 1120 3249 Apostolicam
1137 3211 1242 3243 sedem

174 3245 305 3283 mitium,
325 3247 372 3285 qui
388 3246 561 3277 Conventus
576 3248 702 3279 Fratrum
716 3249 939 3280 Praedicatorum
962 3249 1098 3280 London.
1112 3249 1242 3288 postmo-

173 3282 242 3312 dum
256 3283 337 3314 Prior
350 3285 418 3323 fuit,
434 3287 462 3316 iii
476 3285 578 3316 officio
591 3286 641 3316 illo
656 3288 745 3317 modo
757 3288 857 3318 debito
871 3289 903 3319 ὃς
917 3287 1046 3318 laudabili
1062 3289 1088 3319 se
1119 3289 1240 3329 erendo,

196 3322 279 3365 uique
293 3323 488 3362 conditiones,
506 3326 540 3356 &
555 3334 650 3355 mores
665 3348 674 3364 ‚
697 3335 730 3356 ac
751 3328 849 3357 merita
868 3328 973 3366 praefari
994 3326 1091 3358 Conse
1116 3327 1172 3358 oris
1189 3338 1241 3359 no-

174 3362 185 3389 i
202 3370 240 3396 ri,
258 3363 339 3392 novit
351 3362 504 3393 evidentius
517 3364 639 3403 aperire,

207 3398 260 3441 *Ad
274 3400 373 3430 vestrae
389 3403 441 3440 piae
451 3401 623 3432 paternitatis
635 3402 808 3439 praesentiam
822 3402 1009 3443 destinamus3
1029 3405 1091 3444 cui,
1110 3406 1243 3444 tanquam

173 3436 213 3465 illi
228 3437 263 3467 de
275 3447 333 3476 quo
344 3440 457 3477 plenam
471 3440 673 3480 confidenti-ain
687 3442 861 3478 optinemus,
882 3443 910 3471 in
931 3442 1000 3479 hiis,
1019 3453 1084 3481 quae
1100 3443 1178 3482 super
1189 3443 1243 3474 sta-

174 3483 205 3517 tu
219 3475 251 3505 &
267 3477 478 3508 conditionibus
489 3480 569 3517 ipsius
578 3479 753 3510 Conr‘efloris
765 3479 853 3510 nostri
867 3479 968 3510 vestra:
978 3480 1144 3513 Beatirudini
1156 3481 1244 3514 duxe-

172 3516 510 3586 ritCexpiiinenda,Ssidem
524 3517 670 3548 indubiam
685 3519 842 3558 dignemini
855 3518 995 3550 adhibere.

241 3561 279 3582 on
293 3563 385 3593 ervet,
430 3565 464 3586 τ.

15 2179 51 2198 m.
68 2180 112 2208 ²4·

13 2210 67 2237 dor.

208 3627 276 3660 Dat.
293 3631 365 3669 apud
375 3631 560 3673 Berewycum
575 3633 653 3671 super
666 3633 808 3666 Twedam
816 3657 827 3674 ,
848 3643 891 3674 15.
906 3634 953 3665 die
961 3634 1110 3667 Februarii.

27 3770 104 3802 Ann.
119 3772 161 3804 D.

27 3820 128 3885 A⁷113i141
135 3834 141 3840 ”
180 3847 305 3903 REX
323 3849 483 3882 Venerabili
504 3854 533 3883 in
555 3853 675 3885 Christo
698 3855 773 3886 Patri
790 3855 924 3887 Domino
935 3857 966 3887 Β.
982 3857 1039 3888 Dei
1049 3857 1155 3896 gratia,
1170 3858 1241 3901 tituli

27 3892 58 3914 Ε.
80 3898 107 3915 2.
126 3925 132 3935 Ι
255 3885 421 3932 Sanetoruin
440 3891 574 3935 Johannis
595 3893 628 3923 &
649 3893 748 3932 Pauli,
766 3893 926 3925 Presbitero
941 3894 1098 3935 Cardinali,
1117 3896 1242 3926 Domim

27 3930 98 3953 Rom.
112 3936 145 3959 U·
181 3923 294 3954 Summi
316 3924 459 3958 Pontificis
473 3929 656 3968 Camerario,
674 3932 789 3962 salutem
803 3942 870 3962 cum
883 3933 1037 3965 dilefflone
1051 3934 1164 3965 sincerii.

458 3767 517 3801 Ad
537 3769 713 3803 Cardinales
735 3769 771 3803 de
789 3770 960 3805 Credentia.

29 3967 70 4009 Ff.
84 3974 112 3999 4.
216 3962 297 3991 Cum
321 3964 436 3994 dilectos
458 3968 490 3996 &
514 3967 605 4012 fideles
625 3969 753 4009 nostros,
769 3970 931 4015 Henricum
952 3972 1118 4016 Spigurnel,
1135 3974 1169 4003 &
1187 3972 1241 4010 Jo-

30 4005 68 4066 ᾗ..
79 4011 131 4075 2²4.
178 4000 302 4032 hannem
317 4000 353 4032 de
368 4001 519 4042 Benstede,
537 4005 658 4046 Milites,
677 4018 731 4048 pro
745 4009 910 4047 quibusdam
924 4014 1058 4050 negotiis,
1074 4021 1126 4042 iios
1138 4012 1171 4044 &
1188 4010 1241 4043 sta-

628 84 1436 140 CONVENTIONES,
1491 89 1882 139 LITERAE,

1280 180 1343 203 tum
1365 173 1462 213 Regni
1483 175 1571 206 nostri
1594 177 1786 215 tangentibus,
1804 186 1838 207 ex
1857 184 1936 216 parte
1957 175 2055 208 nostra
2074 175 2197 208 Summo
2216 176 2349 210 Pontifici
2366 174 2444 205 Ann.
2460 174 2502 209 D.
2523 170 2540 206 '2

1280 213 1464 251 exponenda,
1482 214 1516 244 ad
1530 214 1609 252 ipfius
1624 215 1748 246 Domini
1759 215 1844 254 Papae
1859 215 2032 254 praesenriam
2046 215 2230 256 destinemus,
2392 222 2477 252 1311.

1321 250 1487 281 Amicitiam
1509 253 1630 283 vestram
1651 254 1806 284 affectuose
1824 255 1991 293 requirimus
2008 255 2042 285 ὃ(
2058 263 2205 294 rogamus,
2224 257 2354 294 quatinus
2371 254 2440 282 Edv.
2457 263 2488 281 2-

1284 289 1388 319 eisdem
1414 289 1558 321 Militibus
1579 291 1678 322 nostris
1698 294 1727 322 in
1746 292 1816 331 hiis,
1831 303 1894 332 quae
1917 293 1984 331 ipsi,
2002 292 2048 323 vel
2070 302 2170 323 eorum
2185 294 2253 324 alter
2271 295 2355 326 vobis

1284 336 1318 356 ex
1336 336 1412 371 parte
1433 328 1547 370 nostrii,
1565 330 1642 368 super
1656 331 1819 369 przcmiffis,
1837 331 1985 369 duxerint,
2003 331 2049 361 vel
2061 331 2168 362 duxerit
2182 332 2353 372 intimanda,

1284 364 1371 396 fidem
1394 366 1541 397 indubiam
1555 369 1685 398 adhibere
1694 392 1703 407 ,
1723 370 1756 400 ὃ(
1770 369 1851 407 super
1864 370 1938 400 felici
1953 370 1985 400 ὃς
2000 370 2098 407 optata
2111 370 2290 408 expeditione
2302 381 2352 402 eo-

1282 403 1421 474 lr‘umdgn'
1436 405 1602 443 impendere
1621 407 1729 446 velitis,
1746 418 1845 439 amore
1865 407 1975 446 nostri,
1991 407 2116 439 vestrum
2136 409 2242 440 salubre
2259 411 2353 442 consi-

1294 452 1354 473 ium
1390 452 1401 459 '
1410 453 1555 481 juvamen.

1321 518 1389 550 Dat.
1404 520 1477 559 apud
1491 520 1668 553 Berewicum
1679 522 1758 562 super
1770 523 1912 555 Twedam
1921 546 1931 562 ,
1952 524 1996 553 16.
2008 522 2056 554 die
2069 523 2218 556 Februarii.

1322 595 1437 627 Eodem
1458 598 1549 629 modo
1569 599 1694 630 scribitur
1715 603 1832 631 Domino
1853 603 1892 631 L.
1914 601 2023 631 sanei‘ae
2041 603 2145 632 Mariae
2167 605 2197 632 in
2219 605 2277 632 Via
2289 602 2351 633 lata

1283 637 1405 665 Diacono
1421 637 1580 667 cardinali:

1321 675 1354 703 P.
1375 675 1407 704 de
1429 674 1575 715 Columpna
1587 675 1768 716 Sacrofhnstae
1783 681 1912 709 Romame
1926 676 2048 720 Ecclefiae
2062 681 2188 710 Diacono
2200 678 2351 710 cardinali.

1283 798 1310 825 *ἴ
1330 803 1389 834 Pro
1417 805 1505 836 Petro
1534 807 1658 852 Anger,
1686 789 1792 839 Litcrae
1816 804 2041 849 testimoniales,
2066 805 2148 853 quod
2172 819 2228 839 non
2246 806 2284 851 est
2292 817 2348 854 pro
2371 819 2450 851 *HL
2499 827 2501 838 i

1423 853 1592 899 Templario
1614 851 1765 886 habendus
1781 865 1900 901 propter
1927 855 2044 902 longam
2069 853 2215 889 Barbam.
2370 868 2434 894 250.

1281 937 1417 999 REX
1444 942 1580 974 omnibus
1604 944 1703 974 amicis
1718 943 1752 974 δε
1778 942 1906 974 fidelibus
1923 943 1976 974 suis
1991 966 2001 982 ,
2025 943 2059 974 ad
2077 953 2147 983 quos
2161 967 2173 983 ,
2199 943 2262 976 &c.
2279 944 2347 977 salu-
2367 942 2444 974 Ann.
2458 944 2500 977 D.

1363 988 1430 1010 tem.
2385 991 2399 1012 1
2428 992 2472 1013 11.

1319 1017 1399 1049 Cum
1418 1018 1536 1051 dileetus
1558 1019 1684 1051 Valettus
1698 1019 1810 1059 noster,
1828 1020 1926 1051 Petrus
1940 1019 2052 1061 Auger,
2070 1020 2212 1052 exhibitor
2224 1021 2346 1060 praesen-
2363 992 2420 1050 Aa}
2435 1032 2465 1058 4.

1282 1057 1354 1088 tium
1363 1080 1374 1096 ,
1391 1068 1481 1096 nuper
1503 1060 1630 1098 voverit,
1648 1060 1729 1098 quod
1743 1059 1860 1090 Barbam
1873 1056 1949 1090 suain
1962 1060 2020 1091 radi
2035 1069 2094 1090 non
2108 1059 2191 1090 faciat
2203 1061 2346 1101 quousque
2366 1064 2396 1087 Ε·
2418 1071 2444 1088 2·

1280 1097 1532 1136 peregrinationem
1555 1098 1652 1129 fecerit
1663 1099 1692 1128 in
1707 1107 1786 1129 cerro
1798 1098 1884 1138 loco,
1899 1100 1930 1128 iri
1944 1099 2066 1139 partibus
2079 1098 2265 1130 transmarinis
2285 1109 2291 1129 :
2367 1102 2428 1126 ΡΜ·
2444 1108 2474 1135 4·

1318 1134 1356 1167 Er
1376 1135 1453 1166 idem
1474 1136 1576 1167 Petrus
1595 1137 1645 1167 sibi
1663 1138 1778 1176 timeat,
1796 1137 1873 1176 quod
1892 1137 1977 1175 aliqui
1997 1137 2106 1176 ipsum,
2122 1138 2231 1168 ratione
2249 1137 2347 1170 Barbae
2366 1140 2396 1164 Ε·
2418 1146 2445 1165 2-

1281 1172 1336 1203 suae
1357 1175 1489 1214 prolixae,
1506 1175 1586 1206 fuisse
1606 1175 1805 1214 Templarium
1820 1177 1968 1214 imponere
1982 1176 2033 1206 sibi
2049 1176 2156 1214 velint,
2174 1176 2208 1207 &
2223 1177 2249 1207 ei
2260 1176 2348 1208 infer·
2366 1181 2391 1213 P·
2417 1185 2443 1203 2-

1282 1222 1311 1243 re
1326 1213 1544 1254 impedimenta,
1563 1213 1608 1245 seu
1621 1215 1784 1254 gravamina
1796 1224 1829 1245 ex
1843 1214 1897 1246 hac
1910 1214 2009 1253 causa;
2366 1223 2403 1243 m·
2420 1223 2466 1242 2¹·

1320 1250 1387 1282 Nos
1401 1276 1411 1291 ,
1431 1254 1540 1284 veritati
1560 1253 1687 1284 volentes
1705 1253 1901 1284 testimonium
1920 1253 2066 1295 perhibere
2078 1277 2089 1292 ‚
2113 1254 2197 1285 vobis
2211 1277 2221 1293 ,
2248 1261 2348 1286 tenore

1283 1290 1477 1330 praesentium,
1495 1293 1675 1331 intimamus,
1691 1291 1770 1331 quod
1793 1291 1943 1331 praedi&us
1963 1291 2061 1323 Petrus
2081 1291 2122 1323 est
2137 1292 2273 1324 Vallettus
2289 1292 2348 1324 Ca-

1283 1338 1370 1359 merae
1385 1329 1510 1371 nostrae,
1527 1341 1582 1362 nec
1602 1341 1728 1371 unquam
1749 1331 1803 1362 fuit
1820 1330 2017 1377 Templarius,
2033 1331 2072 1361 set
2084 1330 2204 1363 Barbam
2217 1331 2294 1362 suam
2308 1332 2349 1364 sic

1285 1368 1423 1407 prolixam
1437 1368 1494 1400 esse
1509 1370 1646 1408 permittit
1659 1379 1693 1400 ex
1705 1368 1786 1400 caus&
1800 1369 1921 1407 superius
1934 1368 2081 1400 annotata.

1320 1406 1382 1438 Vos
1396 1408 1479 1448 igitur
1492 1410 1599 1439 amicos
1612 1417 1761 1448 rogamus,
1778 1408 1860 1439 vobis
1873 1407 2001 1439 fidelibus
2015 1406 2198 1447 mandantes,
2218 1409 2347 1447 quatinus

1283 1446 1400 1483 praefato
1424 1445 1547 1478 Valletto
1566 1445 1667 1478 nostro
1687 1456 1746 1477 non
1768 1444 1890 1478 inferatis
1902 1469 1913 1486 ,
1933 1447 2081 1478 occasione
2101 1446 2236 1487 piaedieca
2248 1469 2260 1486 ,
2275 1447 2350 1486 inju·
2400 1473 2405 1480 .

1283 1484 1373 1524 riam,
1391 1485 1567 1527 molestiam,
1584 1484 1838 1524 impedimentum,
1855 1485 1901 1516 seu
1914 1494 2075 1523 gravamen.

1321 1522 1473 1593 Indqu'us‚
1488 1524 1550 1556 &c.
1570 1525 1653 1565 usque
1672 1523 1707 1556 ad
1722 1523 1839 1559 Festum
1853 1524 1950 1556 Sancti
1965 1523 2118 1556 Michaelis
2130 1525 2262 1563 proximo
2274 1523 2352 1556 futu-

1282 1571 1348 1592 rum
1384 1571 1511 1593 uraruras.

1320 1638 1410 1671 Teste
1423 1639 1510 1679 Rege
1523 1641 1596 1681 apud
1611 1641 1796 1682 Berewycum
1809 1640 1886 1680 supet
1898 1639 2061 1680 Twedam,
2076 1648 2123 1680 17.
2137 1640 2185 1672 die
2199 1640 2348 1673 Februarii.

1760 1721 1814 1750 Per
1826 1719 1910 1750 breve
1924 1719 1956 1749 de
1963 1720 2078 1757 privato
2092 1716 2192 1756 sigillo.

1427 1852 1486 1888 Ad
1504 1856 1618 1901 Papam
1629 1881 1641 1900 ‚
1661 1865 1717 1902 pro
1736 1852 1814 1886 disto
1833 1856 1920 1888 Petro
1942 1850 2208 1888 commendatoria.

1282 1938 1331 2002 P
1340 1939 1399 1972 ΑΡ
1409 1943 1442 1969 AE
1462 1939 1529 1971 Rex
1544 1939 1646 1970 devota
1660 1939 1765 1978 pedum
1779 1939 1874 1972 oscula
1885 1940 2042 1971 beatorum.

1388 1978 1497 2010 Carum
1516 1977 1663 2010 Valettum
1682 1978 1829 2017 nostrum,
1847 1978 1965 2010 Petrum
1984 1978 2098 2018 Auget,
2113 1974 2264 2022 ad'vestraf.
2276 1973 2346 2019 San-

1283 2018 1386 2050 &itatis
1405 2017 1578 2058 praesentIam
1599 2017 1635 2048 de
1654 2016 1750 2048 nostra
1770 2016 1885 2048 licentia
1905 2018 2070 2049 venientem
2088 2023 2282 2060 cupientestin
2293 2013 2345 2044 suis

1319 2057 1414 2096 endis,
1431 2065 1545 2096 propter
1567 2056 1649 2094 ipfiu÷
1665 2057 1777 2087 bonum
1790 2057 1823 2088 ὃς
1837 2056 1974 2087 laudabile
1987 2056 2130 2087 servitium
2141 2054 2223 2085 nobis
2236 2062 2346 2121 ιῐηὲεη-

1296 2106 1362 2135 um,
1380 2096 1498 2127 feliciter
1513 2095 1681 2134 prosperari,
1699 2095 1791 2134 ipsum
1805 2093 1906 2127 vestrae
1921 2094 2092 2127 Clementiae
2103 2092 2254 2133 specialiter
2289 2099 2350 2122 uxi-

1284 2144 1347 2166 mus
1361 2133 1626 2165 commendandum
1639 2143 1646 2163 :

1322 2173 1532 2212 Supplicantes‚
1549 2182 1617 2204 curn
1632 2171 1754 2212 affeem,
1772 2173 1899 2211 quatinus
1917 2171 2040 2203 eundem
2052 2171 2208 2202 Vallettum
2221 2168 2352 2214 nostrum

1285 2211 1364 2253 super
1385 2212 1522 2249 negotiis,
1539 2221 1603 2255 quae
1625 2220 1678 2250 pro
1700 2210 1725 2240 se
1748 2211 1781 2242 δε
1794 2212 1891 2240 amicis
1905 2211 1957 2241 suis
1969 2209 2069 2242 vestrae
2082 2210 2227 2240 Sanetitati
2241 2207 2349 2251 duxerit

1284 2249 1450 2291 exponenda
1465 2272 1476 2288 ,
1493 2250 1618 2287 benigne
1641 2249 1736 2279 audire
1747 2272 1757 2286 ,
1775 2249 1882 2286 sibique
1895 2273 1905 2289 ,
1921 2249 2000 2287 super
2021 2248 2198 2285 expeditione
2217 2254 2348 2290 negotio-

1285 2299 1349 2319 rum
1370 2288 1554 2327 eorumdem,
1576 2288 1705 2319 favorem
1726 2287 1759 2320 ὃ(
1779 2289 1896 2327 gratiam
1918 2286 2077 2325 dignemini
2097 2285 2198 2317 nostris
2218 2284 2348 2324 precibus

1284 2328 1429 2365 impertiri.

1323 2366 1499 2405 Conservet,
1514 2364 1575 2396 δίε.

2361 2004 2413 2030 An.
2433 2011 2464 2038 4.

2365 2044 2396 2068 E.
2413 2049 2439 2068 ιι.

2369 2082 2442 2110 Rom;
2455 2078 2490 2113 όν

2368 2121 2410 2145 Fr.
2425 2126 2456 2153 4.

2367 2159 2400 2183 Ε.
2419 2165 2445 2183 2.

2367 2203 2403 2223 m.
2419 2192 2499 2230 2435*

1284 2484 1304 2515 b
1319 2444 1388 2489 Dat.
1409 2442 1483 2484 apud
1503 2441 1688 2483 Berewycum
1710 2441 1790 2481 super
1809 2441 1952 2475 Twedam
1971 2442 2003 2473 in
2024 2439 2121 2473 Scotia
2133 2463 2145 2479 ‚
2163 2449 2210 2478 17.
2228 2438 2276 2471 die
2297 2437 2351 2470 Fe-

1305 2492 1395 2515 ruarii.

1597 2616 1656 2651 Ad
1677 2620 1793 2665 Papam
1809 2617 1846 2651 de
1863 2616 2033 2652 Credentia.

1284 2703 1334 2766 P
1342 2704 1368 2736 A
1376 2704 1400 2735 P
1409 2702 1451 2735 AE
1464 2702 1532 2734 Rex
1544 2703 1647 2735 devota
1662 2703 1767 2742 pedum
1779 2703 1871 2735 oscula
1883 2704 2039 2736 beatorum.
2302 2741 2308 2747 ,
2364 2704 2444 2737 Ann.
2457 2704 2500 2738 D.

1392 2742 1537 2783 Qiaedam
1558 2743 1688 2782 negotia,
1707 2753 1758 2774 nos
1781 2743 1815 2774 &
1836 2742 1939 2774 statum
1961 2743 1990 2773 R
2028 2742 2058 2772 ni
2077 2740 2167 2786 nostri
2184 2747 2345 2786 tangentia,
2384 2753 2471 2785 1311.

1285 2783 1461 2814 in'unximus
1473 2804 1482 2820 ,
1508 2780 1617 2812 dilectis
1637 2782 1670 2813 &
1694 2781 1823 2812 fidelibus
1843 2781 1944 2813 nostris
1956 2805 1967 2822 ,
2025 2790 2123 2811 enrico
2143 2779 2183 2824 Sp
2213 2780 2289 2824 *rnel
2310 2779 2344 2810 &
2363 2786 2415 2812 An.
2428 2793 2458 2820 4.

1325 2821 1438 2854 icholao
1457 2819 1493 2851 de
1511 2819 1648 2851 Benstede
1660 2819 1818 2860 Militibus,
1834 2829 1906 2860 quos
1920 2820 1954 2851 ad
1969 2819 2070 2851 vestrae
2084 2789 2262 2864 Beatituffms
2275 2827 2346 2863 prae7
2364 2826 2396 2850 Ε.
2417 2832 2443 2852 2.

1284 2860 1402 2892 sentiam
1423 2858 1611 2898 destinamus,
1629 2858 1731 2890 vestrae
1746 2857 1921 2890 Clementiae
1932 2867 1968 2889 ex
1980 2866 2057 2897 parte
2069 2856 2167 2889 nostra
2179 2867 2255 2889 vivae
2267 2866 2349 2889 vocis
2367 2865 2439 2890 Rom.
2464 2859 2499 2895 ό·

1286 2899 1399 2931 oracula
1411 2898 1593 2937 exponend23
2368 2903 2412 2927 Er.
2435 2907 2466 2935 4.

1325 2938 1386 2969 Piae
1407 2936 1571 2967 Paternitati
1586 2936 1686 2967 vestrae
1699 2936 1841 2968 humiliter
1854 2935 2054 2976 supplicantes,
2075 2936 2206 2980 quatinus
2218 2933 2351 2972 eosdem,
2369 2942 2400 2966 Ε.
2418 2947 2444 2967 2.

1287 2977 1451 3009 Henricum
1472 2976 1506 3006 &
1526 2974 1707 3007 Nicholaum
1720 3000 1730 3014 ,
1754 2975 1999 3016 recommendatos
2023 2975 2157 3006 habentes
2170 2997 2181 3012 ,
2198 2973 2260 3018 ipfis
2276 2995 2287 3012 ,
2303 2974 2350 3003 vel
2365 2986 2402 3006 m.
2417 2984 2465 3011 ²4·

1287 3026 1390 3047 eorum
1410 3014 1502 3052 alteri,
1520 3015 1549 3043 in
1571 3015 1639 3053 hiis,
1652 3023 1717 3051 quae
1733 3012 1811 3051 super
1826 3013 1970 3051 praemiffis
1982 3014 2082 3044 vestrae
2095 3013 2287 3056 exposuerint,
2303 3011 2351 3042 vel

1286 3054 1443 3096 exposuerit
1463 3052 1607 3084 Sandritati
1621 3075 1631 3091 ‚
1655 3052 1740 3083 fidem
1761 3052 1906 3098 credulam
1925 3053 2086 3098 adhibere,
2104 3052 2138 3083 &
2159 3056 2282 3095 exporita
2300 3059 2351 3090 per

1286 3094 1399 3126 eosdem
1434 3091 1480 3122 vel
1494 3091 1612 3122 alterurn
1625 3089 1810 3130 eorumdem,
1825 3092 1948 3132 benigne
1962 3091 2118 3132 dignemini
2131 3088 2268 3121 exaudire.

1325 3117 1484 3164 Conslervet
1491 3152 1502 3169 ,
1520 3131 1580 3161 ὅτε.

1319 3210 1395 3258 [Dat.
1409 3207 1483 3249 apud
1498 3206 1680 3246 Berewycum
1694 3206 1774 3245 super
1785 3207 1926 3239 Twedam
1934 3231 1945 3247 ‚
1966 3208 2011 3239 18.
2023 3205 2069 3238 die
2082 3207 2233 3238 Februarii.

1289 3337 1349 3371 Ad
1372 3334 1548 3370 Cardinales
1572 3335 1609 3370 de
1633 3334 1792 3370 Credentia
1811 3347 1867 3382 pro
1888 3333 2033 3381 Johanne
2055 3335 2092 3369 de
2118 3333 2295 3378 Wmham,
2320 3337 2352 3367 in

1614 3385 1744 3432 quodam
1759 3385 1887 3431 speciali
1902 3388 2024 3431 negotio.

1288 3469 1416 3527 REX
1435 3469 1597 3502 Venerabili
1609 3472 1638 3502 in
1653 3469 1771 3502 Christo
1783 3469 1861 3501 Patri
1874 3470 2008 3501 Domino
2023 3469 2054 3500 Β.
2071 3469 2132 3500 Dei
2146 3468 2251 3513 gratia,
2269 3467 2350 3513 Dya-
2365 3475 2441 3508 Arm,
2456 3475 2497 3509 D-

1361 3520 1439 3541 cono
1457 3509 1616 3549 Cardinali,
1635 3511 1731 3541 amico
1752 3509 1801 3540 suo
1815 3508 1974 3547 karissimo,
1986 3508 2102 3540 salutem
2115 3517 2186 3539 cum
2198 3507 2349 3538 diledhone
2383 3523 2469 3553 1311,

1287 3549 1402 3582 sincera.
1536 3558 1540 3564 ·
2365 3556 2417 3580 An.
2453 3576 2460 3582 .

1325 3587 1406 3619 Cum
1420 3585 1596 3626 Religiosum
1611 3587 1724 3625 virum,
1742 3587 1776 3618 &
1792 3587 1875 3617 nobis
1887 3588 1917 3617 in
1929 3585 2047 3617 Christo
2060 3585 2212 3623 dileetum,
2223 3583 2349 3614 Fratrem
2366 3596 2396 3620 E.
2417 3563 2450 3619 ἔ

1285 3627 1449 3666 Johannem
1467 3625 1502 3655 de
1524 3624 1697 3664 Wrotham,
1714 3624 1824 3655 dudum
1844 3625 1880 3656 de
1899 3625 1991 3656 domo
2011 3625 2045 3656 &
2058 3624 2178 3665 familia,
2193 3623 2274 3666 clar‘fz
2287 3630 2350 3664 rne-
2366 3634 2436 3659 Rom.
2460 3630 2496 3666 25·

1288 3667 1407 3734 ffeoriae’
1425 3663 1548 3694 Domini
1562 3662 1597 3693 E.
1618 3663 1637 3683 ἢ*
1654 3663 1800 3702 quondam
1816 3663 1908 3702 Regis
1923 3663 2052 3704 Angliae,
2071 3662 2158 3693 Patris
2169 3661 2275 3698 nostri,
2292 3668 2350 3689 exi-
2364 3672 2409 3734 ΞΤ,
2428 3678 2459 3704 4,

1329 3713 1407 3735 sstem
1672 3726 1674 3728 -
2392 3727 2397 3733 -
2418 3717 2445 3734 2.

1327 3743 1389 3783 Qi
1409 3726 1581 3772 Conventus
1603 3740 1732 3772 Fratrum
1761 3740 1984 3772 Praedicatorum
2006 3739 2142 3770 London.
2161 3735 2348 3776 postmodum
2365 3755 2401 3773 m.
2425 3753 2470 3780 24·

1289 3780 1372 3811 Prior
1385 3781 1452 3817 fuit,
1489 3778 1595 3809 erendo
1610 3780 1636 3810 se
1652 3781 1680 3810 in
1695 3778 1809 3810 Officio
1823 3779 1872 3810 illo
1885 3779 2055 3810 laudabiliter
2067 3780 2101 3810 &
2114 3774 2242 3820 honeste,
2298 3815 2302 3820 ⁸
2319 3815 2325 3820 ·
2361 3783 2416 3811 dor.

1328 3819 1385 3850 Pro
1404 3828 1444 3857 qu
1483 3826 1530 3847 am
1553 3818 1661 3857 speciali
1687 3819 1804 3857 negorio
1819 3841 1828 3857 ‚
1850 3819 1929 3856 cujus
1949 3817 2014 3848 felix
2033 3818 2067 3848 &
2087 3815 2190 3859 festina.
2205 3813 2347 3860 expeditio
2362 3820 2382 3840 ²*
2404 3822 2458 3851 ΠΙ.

1288 3868 1349 3888 non
1372 3856 1520 3888 modicum
1540 3855 1638 3887 insidet
1661 3858 1740 3888 cordi
1759 3855 1874 3896 nostto,
1892 3856 1926 3887 ad
1937 3854 2108 3897 Sanctiffimi
2117 3851 2203 3882 Patris
2214 3852 2303 3883 nosti-1
2315 3862 2345 3884 m
2362 3869 2427 3897 251.

1288 3895 1409 3927 Christo
1426 3895 1548 3925 Domini
1564 3895 1675 3926 Summi
1689 3894 1833 3926 Pontificis
1846 3895 2020 3935 praesentiam
2031 3891 2218 3930 destinemus,
2291 3931 2296 3936 Ι

1325 3935 1488 3965 Amicitiam
1511 3932 1632 3964 vestram
1655 3933 1812 3964 affetstuose
1831 3934 1994 3972 requirimus
2013 3931 2046 3961 &
2061 3937 2351 3975 rogamus,·quatinus

1286 3973 1409 4004 eundem
1423 3972 1536 4003 fratrem
1547 3971 1711 4010 Johannem
1726 3971 1989 4003 recommendatum
2003 3968 2150 4006 habentes,
2168 3967 2219 3998 sibi
2233 3979 2264 3998 in
2278 3968 2350 4006 hiis,

1285 4021 1350 4051 quae
1370 4011 1451 4043 vobis
1472 4019 1507 4040 ex
1521 4017 1598 4048 parte
1608 4010 1702 4042 nostra
1715 4010 1795 4048 super
1813 4009 1933 4048 negotio
1946 4007 2084 4045 praedieto
2096 4006 2204 4043 duxerit
2217 4007 2351 4075 ἰηῖὶπιὲἓ-

2341 4067 2350 4081 ²

2365 1922 2502 1958 Ann.D.'

2392 1972 2477 2004 1311.
2523 1987 2527 1991 .

2563 2681 2570 2729 l
