2570 4261
1 201 126 240 Ann.D.

19 254 105 285 1291·

0 287 67 319 Edv.
89 293 116 317 10

31 2200 165 2239 ‘ll-52¹·

53 3767 130 3802 Ann.
143 3769 186 3801 D.

77 3817 162 3847 1291.

54 3851 108 3877 An.
128 3857 170 3883 ¹9·

55 3889 86 3914 Ε.
109 3896 119 3913 t
126 3907 133 3913 .

55 3927 98 3951 Ex
109 3927 168 3953 Au-

55 3967 121 4000 rogr.

713 118 824 160 ET
907 121 1173 162 ACTA

146 207 250 237 corum
263 201 439 241 reddituum,
457 210 665 241 proventuum,
683 204 717 234 ὃς
731 205 954 243 obventionum,
969 207 1045 244 juxta
1058 206 1208 245 praemiffae

167 241 328 274 oncessonis
342 242 446 272 iiostrae
460 242 599 279 formam,
619 241 652 271 ad
665 242 832 273 vindicanda
846 242 954 274 Christi
968 254 1041 275 tanta
1061 247 1095 276 ὅτ
1115 244 1202 274 Chri-

147 250 289 320 &anitatis
304 280 476 317 obprobria,
495 290 610 318 tamque
624 281 717 318 gravia
729 281 850 319 ejusdem
860 281 961 312 Terrae
975 283 1131 313 discrimina
1138 293 1204 320 pro-

146 319 293 359 pulsanda,
309 318 415 349 divinae
436 319 541 356 pietatis
564 320 665 348 intuitu
679 340 688 355 ‚
706 319 739 348 ὅ(
760 319 800 348 ob
822 322 1006 351 reverentiam
1028 321 1205 358 Apostolicae

149 358 218 389 sedis
231 367 264 388 ac
277 356 402 387 nostram
419 356 456 386 sic
470 356 550 386 dieto
564 356 640 395 Regi
653 356 798 387 liberaliter
812 357 942 388 exhibere
950 359 1205 396 procurent,quod

147 396 266 429 liberalis
285 395 463 425 exhibitionis
482 404 583 424 eorum
605 394 759 424 voluntaria
779 397 993 435 promptitudo,
1013 396 1203 427 necessitatem

147 434 296 474 cujussibet
315 433 471 462 coactionis
494 431 656 470 excludens,
675 432 701 461 se
722 433 794 469 apud
818 433 918 463 Deum
933 437 1124 473 meritoriam,
1142 436 1175 465 &
1191 435 1207 464 Ξι

150 474 234 506 nobis
254 470 476 509 prosequendam
496 471 645 509 gratiarum
664 470 820 501 actionibus
834 495 845 509 ,
866 482 934 502 cum
955 475 1086 511 oportuni
1107 474 1209 504 favoris

151 517 306 551 augmento
316 509 444 538 exhibeat
458 508 723 538 commendandam.

193 547 342 587 Qiocirca
363 546 535 577 Discretioni
558 545 658 577 vestrae
673 556 723 584 per
737 546 901 584 Apostolica
915 548 1014 586 scripta
1029 549 1210 586 mandamus,

154 595 156 598 ·
175 588 284 617 uatinus
298 595 347 623 per
361 594 432 622 vos,
448 584 493 615 seu
506 585 573 614 alios
589 583 680 615 dictos
696 585 947 624 Archiepiscopos,
966 597 1123 625 eorumque
1144 587 1210 617 Sus-

151 628 155 632 ”
179 635 194 656 a
214 633 314 661 aneOS,
332 625 365 654 &
386 623 453 653 alios
473 632 573 652 ornnes
595 623 628 652 &
651 623 773 659 singulos
792 624 977 663 supradictos,
996 626 1011 654 a
1033 625 1209 663 prestatione

152 633 240 694 1115ae
254 663 373 693 decimae
387 670 447 692 non
465 669 610 697 exemptos
646 670 677 692 ut
692 661 798 691 dietam
811 662 953 693 decimam
969 673 1018 700 per
1032 664 1145 694 eosdem
1166 664 1211 692 sex

154 711 260 740 annOS,
276 700 345 732 sicut
368 699 565 737 praemittitur,
583 685 675 729 eidem
698 699 774 737 Regi
796 699 906 730 Anuliae
929 702 1092 740 liberaliter,
1109 701 1212 739 absque

154 739 248 778 aliqua
259 737 423 770 difficultate
437 736 611 775 persolvant,
614 738 691 776 juxta
702 737 795 768 datam
808 727 890 769 vobis
902 740 917 769 a
931 739 999 770 Deo
1019 741 1194 778 prudentiam
1202 762 1213 777 ,

155 778 251 811 sedulo
266 777 417 814 moneatis,
434 777 468 806 ὅ(
480 774 631 806 efficaciter
645 775 787 806 inducatis.

197 815 292 854 Qod
303 815 323 845 fi
337 813 433 845 vestris
448 814 477 843 in
489 814 541 843 hac
555 823 631 851 parte
645 816 759 845 monitis
770 825 863 853 parere
878 816 1067 855 neglexerint,
1084 815 1130 847 vel
1146 825 1215 853 qua-

158 854 279 885 litercun
300 863 336 882 ue
350 851 523 889 distulerint,
542 862 594 882 vos
610 863 658 882 eos
673 854 813 884 universos
823 855 873 892 ,&
889 855 1008 894 singulos
1025 855 1059 884 ad
1076 854 1216 892 ipsamde-

159 893 268 923 cimam
303 891 361 921 icto
376 890 469 930 Regi,
488 899 517 920 ut
533 890 707 929 praedicitur,
725 892 928 931 exhibendam,
946 895 975 922 in
997 894 1122 923 terminis
1144 901 1216 930 quos

160 930 196 962 ad
215 930 272 960 hoc
293 929 423 959 duxeritis
445 928 644 967 praefigeiidos,
663 930 826 960 audioritate
844 931 939 962 nostra
953 955 963 970 ,
983 932 1077 969 quavis
1097 941 1215 967 eorum,

161 969 209 1003 vel
222 969 334 1007 alicujus
350 977 383 997 ex
398 969 435 997 eis
447 968 630 1004 appellatione
645 968 769 1006 remota,
788 971 901 1009 cogatis.

176 1039 179 1043 ,
201 1008 279 1046 Qia
293 1015 362 1037 vero
376 1007 404 1035 in
417 1006 538 1043 partibus
553 1006 600 1036 illis
613 1006 698 1036 iidem
713 1007 850 1046 redditus,
869 1016 1039 1045 proventus,
1057 1010 1090 1039 &
1106 1007 1218 1038 obven-

161 1047 256 1079 tiones
275 1044 472 1082 diversimodi,
491 1044 559 1074 ficut
580 1045 781 1083 intelleximus,
799 1048 966 1077 extimantur
980 1071 989 1084 ,
1008 1048 1041 1077 &
1063 1047 1146 1077 variae
1169 1046 1218 1075 ha-

155 1079 268 1118 bentur
283 1084 475 1114 eXtimationes
489 1082 612 1120 ipsorum
648 1085 751 1121 nos,in
767 1085 825 1114 hoc
838 1084 940 1115 vestras
954 1086 1134 1115 conscientias
1148 1093 1218 1113 one-

162 1131 253 1156 rantes
263 1142 273 1161 ,
289 1122 439 1159 volumus,
457 1121 593 1159 vobisque
606 1106 731 1163 districte
743 1124 936 1161 praecipimus,
953 1132 985 1154 ut
1000 1123 1100 1154 Deum
1113 1122 1220 1166 haben-

164 1167 206 1193 tes
221 1171 279 1199 prae
293 1160 439 1197 oculis,de
453 1159 589 1190 Concilio
602 1161 787 1190 discretorum
800 1161 908 1192 illarum
923 1161 1081 1192 Civitatum
1094 1162 1128 1192 &
1143 1160 1220 1190 Dio-

168 1200 294 1237 cesium,
312 1200 340 1229 in
356 1199 456 1237 quibus
471 1199 521 1228 erit
534 1200 635 1228 taxatio
648 1198 790 1237 facienda,
810 1199 846 1230 ἧς
866 1200 1022 1230 eorundem
1044 1199 1220 1235 reddituum,

166 1246 360 1277 proventuum
374 1261 384 1275 ,
402 1237 435 1267 &
454 1237 663 1267 obventionum
684 1236 827 1268 dierorum
849 1237 894 1268 sex
912 1248 1054 1268 annorum
1067 1261 1077 1276 ,
1094 1246 1194 1269 verum
1211 1259 1221 1272 ‚

167 1285 253 1316 prout
269 1276 356 1307 solent
370 1276 519 1314 provenire
533 1274 744 1314 communiter,
753 1275 881 1305 studeatis
894 1284 985 1306 taxare
993 1277 1119 1306 valorem
1127 1274 1222 1314 ,quod

167 1316 309 1346 didiarum
323 1315 443 1352 partium
456 1312 607 1350 Ecclesiae,
625 1312 801 1350 ipsarumque
816 1313 956 1344 Restores
967 1316 1136 1344 taxationem
1157 1323 1222 1343 ean-

167 1355 236 1385 dem
250 1353 352 1391 absque
366 1352 444 1392 gravi
457 1349 562 1389 possint
583 1351 775 1382 incommodo
795 1352 941 1390 tollerare,
960 1353 1095 1391 quodque
1113 1362 1162 1390 per
1181 1352 1224 1389 ip-

166 1393 223 1424 sam
244 1390 383 1429 scandali,
401 1398 486 1430 prout
506 1389 662 1420 commode
683 1389 743 1420 fieri
765 1392 868 1427 poterit
882 1413 892 1429 ,
909 1391 1075 1428 praecidatur
1093 1391 1223 1427 materia,

189 1429 352 1461 iaecludatur
367 1430 412 1460 via
446 1428 555 1458 ericulis
570 1429 729 1458 animarum
743 1429 777 1459 &
792 1428 985 1466 indeinpnitati
1000 1430 1101 1469 Regiae
1122 1428 1224 1459 consu-

180 1477 238 1500 atur
255 1478 261 1498 :
281 1467 355 1498 Non
375 1467 415 1497 ob
441 1467 549 1497 antibus
569 1467 738 1504 quibussibet
758 1467 905 1507 privilegiis
918 1492 927 1504 ,
953 1468 1129 1507 indulgentiis
1144 1491 1153 1505 ,
1179 1466 1225 1498 vel

168 1507 264 1546 gratiis
275 1505 414 1548 praedit-Cris
429 1504 670 1544 Archiepiscopis,
688 1515 847 1543 eorumque
866 1506 1070 1546 Suffraganeis,
1087 1507 1133 1536 seu
1153 1506 1227 1542 aliis,

167 1546 215 1577 vel
236 1547 359 1583 ipsorum
378 1543 476 1582 alicui,
494 1552 540 1574 aut
559 1544 735 1583 dignitatibus
757 1543 802 1574 seu
821 1544 967 1575 ordinibus
989 1544 1145 1576 eorundem
1159 1569 1168 1582 ,
1192 1545 1225 1575 &

167 1584 320 1623 specialiter
334 1581 524 1621 Cistertiensi,
540 1582 814 1620 praemonstratensi,
830 1583 1023 1622 cluniacensi,
1041 1583 1225 1626 Cartusiensi,

170 1620 442 1658 Grandimontensi,
459 1620 506 1651 vel
520 1630 621 1652 eorum
637 1620 889 1660 Universitatibus,
907 1630 953 1653 aut
967 1622 1088 1660 personis
1110 1622 1227 1661 singula-

171 1662 265 1699 ribus,
283 1660 332 1691 sub
355 1668 524 1697 quacunque
544 1659 636 1690 forma
657 1660 812 1689 verborum
833 1660 876 1690 seu
891 1661 1080 1699 expressione,
1097 1662 1132 1691 ab
1147 1663 1228 1700 Apo-

172 1699 272 1730 stolica
293 1697 356 1728 sede
376 1696 531 1735 conceffis,
546 1697 651 1728 etiamsi
669 1698 846 1728 contineatur
861 1700 889 1728 in
909 1701 946 1728 eis
963 1700 1041 1737 quod
1055 1700 1091 1730 de
1103 1700 1228 1737 ipsorum

171 1739 238 1769 totis
250 1737 395 1767 tenoribus
410 1735 542 1774 seriatim,
558 1736 603 1767 vel
615 1735 652 1766 de
667 1737 758 1766 vei-bo
772 1735 806 1765 ad
820 1737 940 1767 verbum
949 1762 958 1775 ,
976 1738 1021 1768 seu
1033 1738 1069 1768 de
1077 1740 1229 1778 impetran-

170 1777 315 1813 tium‚aut
330 1785 362 1805 ω
375 1775 749 1813 obtinentium,nominibus
763 1776 882 1812 propriis
894 1776 1004 1813 plenam
1018 1777 1051 1808 &
1064 1777 1229 1816 expreffiim,

172 1814 219 1845 seu
237 1813 413 1851 explicitam,
431 1820 681 1852 quantumcunque
702 1814 851 1851 importeat
872 1815 900 1843 in
920 1814 1035 1851 posteris
1054 1815 1148 1846 litteris
1170 1817 1230 1846 fieri

175 1853 368 1884 mentionem:
389 1852 423 1883 &
439 1851 563 1890 qualibet
577 1851 628 1882 alia
643 1851 725 1888 ipsius
742 1852 820 1882 Sedis
837 1852 1025 1893 indulgentia,
1042 1855 1232 1893 cujuscunque

175 1892 298 1929 tenoris,
316 1891 433 1928 formae,
451 1890 497 1920 vel
509 1890 689 1928 expressionis
711 1890 824 1928 existat,
844 1901 893 1928 per
912 1901 1015 1931 quam,
1030 1892 1066 1922 de
1087 1894 1178 1924 verbo
1197 1894 1231 1923 ad

175 1930 298 1960 verbum
316 1929 495 1967 praesentibus
515 1938 576 1959 non
595 1928 741 1966 insertam,
759 1937 806 1959 aut
827 1930 995 1960 nominatim
1015 1932 1048 1962 &
1064 1931 1233 1972 singulariter

175 1977 290 2036 nondex
311 1968 428 2006 ressam,
446 1966 563 1998 effeetus
583 1977 680 1998 earum
700 1968 828 2005 impediri
849 1968 895 1998 vel
911 1970 1011 2007 quovis
1023 1970 1114 2002 modo
1128 1971 1234 2009 valeat,

176 2007 222 2038 vel
258 2007 265 2036 i
291 2007 354 2037 erri.

216 2044 364 2075 Caeterum
380 2044 512 2076 volumus
523 2069 532 2082 ,
548 2043 625 2082 quod
638 2053 684 2082 tu,
702 2044 786 2074 frater
798 2044 954 2084 Episcope,
973 2047 1002 2076 in
1017 2056 1164 2085 exemptos
1178 2054 1235 2078 tuae

178 2083 307 2115 Civitatis
331 2083 387 2114 sive
409 2083 552 2121 DiocesiS,
572 2083 741 2121 praemisiam
763 2093 821 2112 non
845 2092 970 2114 exerceas
984 2085 1171 2124 potestatem,
1189 2085 1235 2116 sed

179 2131 229 2160 tu,
247 2122 286 2152 fili
303 2122 436 2160 Decane,
454 2124 482 2152 in
496 2131 641 2160 exemptos
656 2121 784 2152 Civitatis
798 2122 832 2152 &
848 2121 977 2153 Diocesis
998 2123 1155 2163 Midensis,
1173 2135 1235 2155 eam

178 2169 229 2199 per
243 2168 271 2191 te
280 2183 289 2199 ,
305 2161 352 2191 vel
367 2170 416 2199 per
429 2161 514 2191 aliurn
527 2160 614 2191 libere
627 2160 715 2191 valeas
731 2169 869 2190 exercere.

219 2199 238 2219 ἡ*
258 2199 352 2230 Porro
367 2199 499 2230 volumus
514 2207 545 2229 ut
559 2198 694 2236 quicquid
709 2198 745 2228 de
759 2198 816 2235 ipsa
829 2198 943 2230 decima
964 2200 1119 2231 collestum
1137 2202 1236 2240 fuerit,

179 2246 331 2276 antequam
352 2237 428 2267 idem
452 2238 517 2268 Rex
537 2237 571 2267 ad
586 2236 818 2267 transfretandum
833 2246 908 2267 mare
921 2239 1055 2275 ingressus
1068 2240 1168 2279 fuerit,
1186 2241 1237 2271 suis

180 2278 263 2308 certis
278 2276 311 2306 ad
327 2277 385 2307 hoc
400 2276 544 2314 Nunciis,
560 2274 711 2313 postquam
726 2285 794 2305 cum
809 2275 859 2305 suo
876 2278 997 2307 exercitu
1012 2288 1088 2308 mare
1109 2280 1239 2309 transfre-

179 2315 257 2347 tandi
277 2315 359 2346 causa
379 2316 522 2345 intraverit
542 2314 694 2353 assignatiS,
712 2314 746 2344 &
769 2314 846 2351 quod
865 2314 900 2344 de
922 2314 997 2345 dieta
1010 2317 1123 2347 decima
1137 2318 1239 2348 deinde

199 2354 347 2393 olligetur,
368 2354 437 2384 sicut
458 2353 613 2384 colleftuni
637 2353 736 2390 fuerit,
754 2351 881 2382 studeatis
895 2353 946 2383 suis
959 2353 993 2383 ad
1006 2355 1064 2385 hoc
1077 2355 1241 2394 deputandis

176 2365 309 2424 &unciis
322 2391 462 2431 affignare.
711 2429 715 2434 .
831 2429 835 2434 η

221 2431 269 2461 Ut
289 2439 383 2460 autem
403 2431 486 2460 vobis
505 2438 539 2458 ex
561 2427 730 2458 assumendis
749 2428 907 2466 laboribus,
925 2430 958 2460 ὅ(
974 2429 1201 2462 sollicitudinibus
1212 2434 1241 2462 in

184 2469 347 2510 praemissis,
364 2469 473 2499 uberius
488 2468 638 2505 praemium
653 2475 765 2496 aeterna:
779 2467 967 2497 retributionis
981 2471 1134 2508 accrescat,
1152 2481 1204 2501 vos
1225 2472 1241 2500 a

184 2507 364 2546 praestatione
376 2506 534 2545 hujusmodi
550 2507 670 2535 decimae
685 2515 744 2535 non
759 2504 891 2547 duximus
906 2507 1086 2546 eximendos,
1104 2508 1149 2538 sed
1165 2518 1243 2539 tene-

187 2547 213 2578 ri
225 2547 357 2577 volumus
376 2544 409 2575 ad
432 2543 564 2575 eandem:
584 2544 642 2574 Pro
666 2547 789 2580 expensis
804 2545 887 2574 etiam
905 2545 1017 2583 vestris,
1035 2547 1122 2576 nichil
1136 2548 1172 2577 de
1186 2548 1244 2587 ipsa

185 2584 298 2614 decima
310 2585 437 2620 exigetis:
458 2582 490 2613 Iu
505 2583 561 2613 aliis
574 2591 667 2612 autem
681 2581 844 2619 praediciam
858 2582 998 2613 decimam
1012 2586 1243 2624 contingentibus

187 2622 385 2663 prosequendis
394 2646 403 2660 ,
419 2622 575 2653 moderatas
589 2620 625 2650 de
635 2620 710 2650 dieta
725 2620 836 2650 decima
848 2620 950 2651 facietis
965 2623 1100 2659 expensas.

232 2661 279 2692 Ad
295 2660 491 2700 exequendum
499 2670 568 2690 vero
583 2658 783 2697 praedictatam
797 2659 908 2697 grandia
922 2662 1061 2698 &ardua,
1079 2671 1246 2701 magnaeque

189 2700 359 2737 requirentia
379 2698 639 2736 circumspeeiionis
659 2697 842 2735 industriam,
863 2706 893 2729 ut
912 2700 1012 2737 tutiuS,
1030 2699 1188 2740 efficacius,
1205 2710 1246 2733 at-

189 2748 249 2776 que
263 2738 414 2768 consultius
428 2739 558 2767 executio
572 2736 627 2774 ipsa
642 2736 793 2774 procedat,
811 2746 862 2767 vos
875 2737 975 2767 ambos
988 2739 1016 2768 in
1032 2739 1170 2776 praedicstis
1182 2750 1248 2770 mo-

190 2777 315 2814 nitione,
332 2776 501 2814 coactione,
517 2776 656 2806 taxatione
670 2798 680 2812 ,
697 2774 840 2805 dierorum
862 2777 1050 2807 terminorum
1070 2778 1248 2816 praefixione,

191 2825 306 2845 necnon
328 2815 361 2845 δε
383 2813 564 2851 assignatione
576 2813 706 2852 illorum,
725 2821 789 2851 quae
805 2813 862 2843 five
876 2821 1026 2852 antequam
1042 2816 1168 2853 praefatus
1183 2817 1248 2847 Rex

191 2860 270 2884 mare
284 2853 419 2893 ingressus
434 2852 535 2890 fuerit,
554 2852 611 2883 sive
625 2851 689 2891 post
703 2851 799 2891 colligi
811 2861 846 2882 ex
859 2851 971 2884 decima
986 2855 1120 2892 praedicsta
1133 2857 1249 2887 contin-

189 2901 255 2932 get,
273 2892 292 2922 fi
305 2891 465 2929 possibilitas
478 2891 620 2931 suppetat,
637 2890 729 2922 adeffe
740 2892 925 2928 praecipimus.

229 2930 260 2960 Si
279 2938 373 2960 autem
395 2929 441 2960 vel
463 2938 576 2967 morte,
593 2929 639 2961 vel
658 2929 712 2959 alio
731 2929 951 2968 impedimento,
968 2940 1029 2962 non
1043 2940 1171 2972 captato,
1188 2943 1249 2964 non

191 2967 278 3006 ficto,
295 2967 424 2999 vestrum
437 2966 556 2998 alterum
569 2968 699 3005 impediri
713 2969 878 3007 contigerit,
894 2969 1015 3007 reliquus
1026 2970 1183 3009 hujusmodi
1196 2973 1250 3001 im-

192 3006 357 3044 pedimento
378 3004 510 3044 durante,
528 3006 668 3044 praemiffa
686 3006 886 3038 nichilominus
908 3017 1074 3046 exequatur:
1094 3010 1251 3049 hujusmodi

195 3054 266 3076 vero
285 3043 492 3082 impedimento
511 3044 651 3082 cessante,
669 3046 758 3076 ambo
779 3045 877 3085 simul,
895 3046 964 3078 ficut
986 3048 1160 3086 praedicitur,
1179 3058 1251 3086 prze-

193 3081 280 3114 missis
293 3082 460 3120 exequendis
471 3081 622 3112 efficaciter
634 3083 788 3114 intendatis.

233 3120 283 3152 Ad
303 3121 366 3151 haec
385 3129 416 3151 ut
436 3121 594 3151 animarum
613 3120 688 3151 saluti
709 3122 820 3153 uberius
840 3123 1013 3163 consulatur,
1031 3125 1191 3156 absolvendi
1203 3135 1252 3163 per

195 3169 266 3198 VOS,
283 3159 329 3190 vel
343 3168 391 3196 per
403 3158 488 3197 alios,
503 3159 580 3197 juxta
595 3158 718 3190 formam
733 3160 885 3201 Ecclesiae,
900 3162 965 3200 post
981 3163 1194 3194 satisfactionem
1202 3164 1252 3194 de—

196 3199 301 3236 bitam,
318 3207 419 3228 omnes
438 3197 516 3235 illos,
536 3198 584 3235 qui
605 3206 720 3235 propter
738 3199 882 3230 defe&um
898 3201 1040 3232 solutionis
1054 3202 1175 3233 decimae
1189 3213 1251 3233 me-

195 3244 332 3274 moratae,
347 3236 393 3266 seu
412 3235 649 3273 impedimentum
669 3235 782 3274 aliquod
801 3238 930 3269 solutioni
953 3241 1112 3279 hujusmodi
1128 3251 1252 3279 quomo-

194 3274 304 3305 dolibet
325 3273 497 3312 praestitum,
513 3274 675 3304 sententiam
694 3279 996 3309 excommunicationis
1016 3281 1200 3318 incurrerint,
1218 3281 1252 3310 ὃ(

195 3310 366 3350 dispensandi
382 3321 450 3342 cum
463 3313 519 3350 eis,
537 3312 616 3349 super
630 3312 822 3350 irregularitate
837 3315 874 3345 sic
888 3315 962 3356 ligati
976 3317 1003 3348 se
1025 3317 1124 3348 divinis
1145 3319 1254 3348 immis-

194 3349 290 3382 cendo
305 3351 510 3388 contraxerint,
529 3350 642 3388 plenam
657 3350 690 3380 &
705 3350 819 3381 liberam
833 3355 915 3386 vobis
928 3357 962 3388 &
975 3356 1091 3388 cuilibet
1105 3356 1251 3395 vestrum,

194 3386 381 3421 concedimus
394 3396 495 3419 tenore
506 3388 685 3426 praesentium
698 3389 871 3426 potestatem.

235 3474 304 3506 Dat.
324 3474 397 3513 apud
415 3474 534 3505 Urbem
552 3474 689 3506 Veterem
709 3475 823 3508 decimo
842 3480 943 3517 quinto
966 3481 1106 3513 Kalendas
1126 3481 1229 3520 Aprilis
1243 3506 1252 3520 ,

198 3511 383 3547 Pontificatsis
395 3512 485 3544 nostri
497 3522 573 3544 anno
588 3522 698 3551 quarto.

895 3594 952 3625 Sub
960 3595 1013 3638 filo
1025 3596 1150 3626 canabeo.

199 3729 288 3762 Balla
311 3727 458 3763 Nicholai
485 3733 567 3776 Papae
589 3732 712 3777 Qarti
740 3728 776 3762 de
804 3731 933 3762 Decima
962 3734 1034 3779 Regi
1051 3733 1193 3779 conceffit,
1220 3733 1256 3765 de

245 3775 325 3810 bonis
342 3776 546 3821 Ecclefiasticis
562 3782 592 3810 in
610 3781 717 3825 Regnis
738 3779 850 3824 Angliae
865 3780 902 3816 (ῥ’
917 3780 1015 3813 Scoriae
1029 3808 1039 3824 ,
1064 3786 1100 3820 (ᾗ
1112 3782 1153 3826 fir
1172 3794 1256 3815 men·

245 3828 286 3858 tio
302 3830 334 3859 in
348 3826 451 3860 eadem
466 3825 502 3859 de
512 3827 641 3873 perstinis
663 3830 816 3872 exemptis.

202 3913 395 3977 NIcolaus
416 3918 589 3959 Episcopus,
607 3919 701 3950 servus
721 3920 867 3952 servorum
889 3920 963 3961 Dei,
981 3924 1185 3956 venerabilibus
1206 3925 1261 3955 fra-

297 3957 400 3996 tribus,
473 3958 644 3989 Carleolensi
654 3981 664 3996 ,
676 3959 712 3990 &
784 3958 956 3994 Cadmenfi
967 3959 1133 4002 Episcopis,
1146 3963 1262 3995 salutem

202 3993 238 4026 &
250 3991 449 4033 Apostoiicam
463 3998 704 4031 benedictionem.

1255 121 1729 171 PUBLICA.
2245 136 2296 184 85

1283 206 1359 237 Non
1371 209 1472 252 absque
1485 210 1586 243 laetitiae
1601 214 1696 245 multae
1711 216 1840 253 materia,
1855 215 1916 247 &c.
1936 216 2107 249 venerabiles
2128 217 2223 249 fratres
2242 228 2295 248 no-
2312 217 2437 249 Anni),

1244 243 1315 275 stros
1330 249 1472 279 universos
1483 248 1654 290 Episcopos,
1672 263 1704 283 ac
1723 252 1840 284 dilestos
1860 254 1930 285 filios
2032 255 2163 295 Eiectos,
2180 257 2239 287 &e
2260 258 2294 288 &
2338 261 2422 294 1291.

1242 293 1303 312 non
1324 293 1464 328 exemptas
1505 298 1533 318 er
1554 289 1692 326 Regnum
1713 291 1817 322 Scotiae
1835 293 1996 325 constitutas
2010 317 2020 332 ,
2043 294 2103 325 &c.
2148 295 2295 333 Qiocirca
2310 296 2376 323 Edv.
2399 304 2424 323 ι.

1246 320 1419 354 Fraternitati
1441 297 1555 370 vei-{re
1573 328 1632 358 &o
1650 328 1695 358 seu
1716 329 1783 359 alios
1802 330 1894 361 dictos
1914 331 2086 371 Episcopos,
2103 333 2136 363 &
2149 334 2216 363 alios
2229 343 2294 363 om-

1244 368 1311 397 nes,
1329 361 1389 391 &c-
1408 363 1546 399 praediffls
1566 364 1725 406 Episcopis,
1742 367 1787 397 seu
1806 368 1862 398 aliis
1875 392 1885 407 ,
1902 372 1946 400 vel
1967 370 2089 408 ipsorum
2111 371 2213 409 alicui,
2233 372 2294 402 &e

1245 395 1391 440 Caeterum
1406 400 1552 444 volumus,
1571 404 1649 441 quod
1664 414 1761 435 neuter
1773 406 1897 437 vestrum
1910 409 1938 437 in
1952 417 2097 446 exemptos
2111 408 2165 439 suae
2187 409 2296 439 Civita-

1249 443 1298 478 tis,
1310 436 1523 480 'five-Dloceiis
1536 464 1546 477 ,
1564 441 1732 480 praemissam
1753 453 1878 475 exerceat
1897 446 2063 483 potestatem
2078 471 2088 484 ,
2102 446 2147 477 sed
2170 447 2295 478 vestrum

1248 473 1365 517 quilibet
1381 484 1409 504 in
1423 486 1571 519 ⁴exemptos
1586 478 1713 511 Civitatis
1726 481 1759 511 &
1776 481 1903 513 Diocesis
1917 484 2040 523 alterius,
2059 495 2121 514 eam
2136 496 2183 523 per
2203 485 2230 515 se
2248 485 2296 516 vel

1247 520 1298 548 per
1311 512 1395 542 alium
1411 513 1495 545 libere
1510 516 1597 547 valeat
1609 527 1746 548 exercere.
1784 519 1892 558 Porro,
1907 523 1966 552 ἃς.
1986 533 2037 554 vos
2051 524 2084 554 &
2099 522 2235 554 Ecclesias
2247 534 2297 555 ve-

1248 548 1314 579 stras
1328 559 1343 580 a
1357 551 1550 592 praestatione,
1568 555 1627 586 &c-
1644 556 1729 594 usque
1743 557 1772 586 in
1785 556 1881 587 finem.

1985 635 2075 673 Sigillo
2092 636 2196 676 avulsb.

1286 701 1344 741 Ista
1359 711 1480 733 remanet
1494 708 1523 734 in
1536 706 1710 745 Garderoba',
1725 706 1763 742 (ᾤ’
1777 715 1892 748 quatuor
1906 708 2017 748 ejusdem
2028 714 2127 740 tenoris
2139 712 2302 752 diriguntur,

1250 743 1311 769 viz.
1327 744 1355 770 in
1367 741 1477 785 Anglic{
1495 754 1549 773 una
1571 746 1766 785 Wintonienfi,
1785 745 1822 781 (sy
1842 746 1934 777 altera
1957 748 2133 788 Lincolnienfi
2155 750 2302 790 Epifiopis,

1251 775 1289 811 ὠ
1305 783 1390 808 tertia
1403 781 1524 819 Episcopo
1537 782 1687 823 Middenfi,
1705 787 1813 814 Decano
1826 785 1986 827 Dublinenfi
2006 790 2035 817 in
2050 787 2204 826 Hibernia,
2220 800 2302 828 quar-2

1253 822 1285 847 ta
1300 827 1366 847 vero
1379 819 1506 860 Carlienfi
1521 819 1559 855 ὠ
1571 821 1735 863 cathanenfi
1749 823 1887 862 Epiftopis.

1527 946 1576 977 De
1593 949 1704 978 exeniis
1719 949 1800 992 Papae
1813 946 1898 990 mtffis
1913 959 1933 980 a
1951 951 2038 994 Rege.

1257 1017 1448 1085 Nicolaus
1468 1025 1638 1067 Episcopus,
1655 1029 1747 1060 servus
1768 1030 1913 1061 servorum
1933 1030 2005 1069 Dei,
2025 1033 2163 1065 carissimo
2179 1036 2207 1065 in
2222 1033 2309 1066 Chri-
2329 1038 2455 1070 Ann.D.

1351 1063 1395 1094 sto
1411 1064 1488 1105 filio,
1506 1065 1648 1097 Edwardo
1665 1068 1740 1107 Regi
1755 1067 1865 1107 Angliae
1879 1068 1991 1107 illustri,
2009 1071 2161 1103 salutem&
2175 1074 2309 1112 apostoli·
2349 1088 2433 1117 1291.

1257 1112 1321 1133 cam
1336 1103 1575 1133 benedictionem.
2328 1122 2380 1145 Ay„
2400 1127 2443 1153 ¹9-

1296 1139 1460 1171 Affefflone
1482 1142 1595 1179 'patema
1613 1153 1679 1174 rece
1701 1145 1771 1174 imus
1792 1142 1910 1183 litteras,
1928 1155 1995 1183 quas
2018 1147 2100 1176 nobis
2112 1158 2162 1184 per
2176 1149 2311 1180 dileetum
2331 1161 2358 1183 Ε.
2383 1165 2406 1184 1.

1258 1178 1377 1217 Wlpelli
1392 1179 1428 1209 de
1442 1179 1538 1219 Luca,
1556 1181 1661 1212 nostrae
1704 1193 1805 1213 amerae
1826 1183 2022 1214 Mercatorem
2057 1185 2174 1215 latorem
2194 1189 2311 1224 praesen-
2329 1198 2369 1220 Ex
2385 1195 2442 1220 Au-

1257 1218 1345 1254 tium,
1364 1216 1454 1257 Regia
1468 1217 1613 1249 Celsitudo
1624 1219 1739 1259 direxit,
1758 1222 1808 1259 &,
1825 1229 1882 1252 tam
1898 1232 1961 1260 quae
1976 1223 2004 1251 in
2018 1206 2069 1252 islis
2091 1225 2230 1254 contineri
2248 1235 2312 1262 per·
2331 1240 2393 1268 mgr.

1258 1255 1396 1294 speximus
1410 1280 1419 1294 ,
1439 1257 1524 1294 quam
1547 1267 1611 1295 quae
1631 1259 1713 1288 nobis
1736 1268 1770 1289 ex
1787 1268 1863 1297 parte
1883 1259 1975 1299 Regia
1998 1260 2105 1291 Labrus
2125 1261 2181 1299 ipse
2200 1264 2274 1294 vivae
2293 1264 2311 1284 *Ψ
2332 1270 2462 1305 *11.522‚

1259 1295 1340 1325 vocis
1354 1293 1483 1331 expressit
1496 1295 1627 1335 oraculo,
1646 1297 1732 1334 pleno
1746 1298 1912 1337 collegimus
1927 1298 2078 1329 inoellezstu.

1299 1332 1498 1370 Prosequimur
1518 1343 1610 1364 autem
1634 1334 1857 1366 munificentiam
1876 1336 1997 1375 Regiam
2013 1337 2144 1368 uberibus
2157 1339 2315 1372 actionibus

1261 1372 1426 1410 gratiarum,
1444 1371 1522 1408 super
1541 1371 1619 1412 Capa
1652 1375 1685 1404 &
1709 1373 1813 1404 Doxali
1836 1374 1942 1413 altaris,
1959 1385 1991 1406 ac
2013 1376 2067 1405 alio
2082 1386 2191 1416 panno,
2209 1379 2316 1417 sericis,

1262 1409 1391 1447 plumarii
1411 1411 1502 1447 operis
1522 1411 1622 1448 multip
1633 1412 1668 1441 ici
1689 1413 1819 1443 varietate
1831 1412 1982 1452 distinctis,
2001 1414 2034 1444 &
2048 1414 2132 1445 anulo
2146 1425 2232 1447 aureo
2247 1427 2317 1448 cum

1264 1447 1371 1486 Lapide
1385 1447 1567 1487 Smaragdino
1575 1472 1585 1488 ‚
1603 1459 1666 1486 quae
1680 1449 1770 1481 dietus
1784 1450 1905 1490 Labrus,
1924 1461 1992 1482 cum
2005 1460 2059 1483 tuae
2075 1452 2180 1485 devota
2203 1465 2319 1486 recom-

1265 1486 1444 1516 mendatione
1458 1487 1598 1525 personae,
1616 1489 1685 1518 nobi
1730 1489 1910 1520 raesentialiter
1925 1491 2105 1527 praesentavit.

1303 1523 1467 1562 Caeterum,
1486 1526 1549 1563 quia
1570 1525 1661 1563 ipsum
1722 1527 1875 1567 agnitudini
1898 1528 1996 1568 Regiae
2007 1529 2145 1560 devotum
2160 1531 2193 1562 δε
2206 1531 2319 1563 fidelem

1264 1562 1326 1593 fore
1341 1565 1547 1602 cognovimus,
1564 1564 1597 1594 ὃ(
1613 1566 1668 1603 ejus
1682 1566 1853 1597 incrementa
1872 1567 1962 1598 felicia
1982 1569 2161 1607 cupientem,
2178 1579 2245 1600 eum
2267 1571 2318 1600 tibi

1265 1603 1428 1639 propensius
1443 1602 1687 1633 commendamus.

1302 1640 1391 1676 Super
1411 1641 1462 1670 hiis
1480 1649 1592 1679 autem,
1611 1652 1674 1680 quae
1692 1642 1773 1673 nobis
1787 1642 1862 1673 idem
1879 1643 1987 1675 Labrus
2000 1652 2035 1675 ex
2046 1654 2124 1683 parte
2138 1645 2231 1685 Regia
2245 1654 2319 1678 retu-'

1265 1677 1312 1716 lit,
1329 1688 1378 1716 per
1388 1688 1454 1709 eum
1469 1679 1519 1710 tibi
1533 1678 1661 1710 duximus
1677 1681 1910 1719 respondendum.

1304 1754 1370 1786 Dat.
1383 1755 1457 1793 apud
1470 1755 1588 1787 Urbem
1602 1755 1738 1788 Veterem
1754 1758 1770 1789 8
1785 1757 1924 1789 Kalendas
1938 1758 2059 1798 Aprilis,
2075 1758 2260 1791 Pontificatfis
2268 1771 2321 1792 no-

1267 1792 1316 1823 stri
1328 1804 1402 1824 anno
1421 1803 1529 1832 quarto.

1957 1848 2012 1879 Sub
2019 1848 2073 1890 filo
2090 1849 2216 1881 canabeo.

1299 1980 1390 2012 Bulla
1406 1978 1441 2011 de
1459 1990 1539 2012 nova
1553 1980 1716 2024 concefflone
1734 1979 1942 2017 obventionum
1953 2010 1963 2026 ‚
1982 1995 2038 2031 pro
2058 1987 2185 2032 Negotia
2204 1987 2300 2021 Terrae

1740 2031 1858 2076 fimffae‘.

1352 2112 1462 2144 Icolaus
1485 2114 1658 2153 Episcopus,
1675 2114 1765 2146 servus
1787 2116 1931 2147 servorum
1952 2117 2027 2156 Dei,
2045 2118 2185 2152 carissimo
2198 2120 2227 2150 in
2240 2119 2328 2150 Chri·
2346 2127 2471 2160 AnnD,

1366 2150 1410 2183 sto
1425 2152 1482 2183 filio
1497 2153 1646 2191 Edvardo,
1662 2153 1739 2193 Regi
1753 2152 1864 2194 Angliae
1877 2156 1991 2196 illustri,
2007 2157 2121 2188 salutem
2134 2159 2167 2189 ὅ(
2182 2158 2328 2197 Apostoli-

1274 2200 1338 2221 cam
1351 2191 1592 2221 benedictionem.
2373 2177 2428 2205 ¹²9
2433 2176 2457 2196 1‘

1307 2229 1383 2259 Inter
1396 2238 1512 2268 caetera,
1527 2230 1563 2260 de
1579 2231 1679 2269 quibus
1690 2230 1913 2271 Magnificentiae
1927 2232 2048 2272 Regiae,
2061 2233 2095 2264 ad
2103 2234 2328 2272 prosecutionem
2344 2210 2409 2272 {a}
2420 2206 2462 2234 ¹8·

1273 2268 1415 2298 utiliorem
1427 2269 1533 2307 negotii
1547 2269 1647 2299 Terrae
1658 2269 1774 2308 sanctae,
1794 2270 1872 2308 quod
1893 2279 2026 2310 tanquam
2048 2271 2182 2310 Princeps
2202 2272 2332 2304 Catholi-
2347 2288 2386 2311 Ex
2402 2267 2459 2311 Aa,

1274 2317 1324 2337 cus
1338 2306 1518 2345 assumpsisti,
1537 2307 1715 2345 personaliter
1737 2309 1982 2348 prosequendum,
2000 2310 2213 2342 deliberavimus
2233 2312 2333 2343 subve-
2349 2330 2410 2358 ΜΨ,
2457 2313 2462 2317 ’

1276 2347 1351 2375 nire:
1370 2345 1511 2375 decimam
1532 2348 1664 2376 omnium
1686 2346 1948 2377 Ecclesiasticorum
1970 2357 2178 2388 proventuum,
2195 2350 2230 2380 δε
2243 2350 2336 2380 reddi-

1276 2392 1359 2414 tuum
1373 2385 1401 2412 in
1416 2383 1526 2422 Angliae
1538 2384 1700 2422 Scotiaeque
1713 2384 1838 2424 RegniS,
1856 2386 1889 2416 &
1904 2386 2018 2416 Walliae
2033 2396 2066 2416 ac
2085 2386 2243 2425 Hybemiae
2262 2389 2338 2419 Ter*

1277 2423 1330 2459 ris,
1349 2431 1398 2459 per
1413 2422 1457 2451 sex
1469 2423 1596 2460 annos&
1612 2422 1696 2453 Festo
1709 2423 1872 2454 Nativitatis
1887 2423 1962 2453 Beati
1970 2424 2108 2461 Johannis
2124 2424 2253 2463 Baptistae
2266 2437 2335 2458 ven-

1277 2467 1342 2490 turo
1364 2461 1495 2496 proxime
1517 2461 1704 2491 numerandos
1719 2487 1728 2501 ,
1752 2463 1803 2492 tibi
1822 2461 1858 2492 de
1879 2462 1995 2492 fratrum
2024 2462 2188 2494 nostrorum
2215 2465 2335 2496 consilio

1279 2497 1408 2528 duximus
1432 2499 1665 2538 concedendam,
1684 2501 1718 2531 &
1740 2500 1850 2538 insuper
1872 2510 1972 2530 omnes
1986 2501 2172 2532 obventiones
2186 2503 2214 2532 in
2229 2503 2335 2536 eisdem

1282 2535 1390 2575 Regnis
1411 2538 1444 2567 ὃς
1465 2537 1578 2575 Tei-ris,
1598 2548 1647 2576 per
1668 2538 1781 2568 eosdem
1801 2538 1847 2568 sex
1864 2548 1950 2568 annos
1968 2539 2067 2569 Terrae
2079 2540 2200 2577 praefatae
2215 2541 2334 2574 subsidio

1280 2583 1478 2612 proventuras,
1495 2577 1528 2606 ὃς
1543 2580 1607 2613 quse
1621 2577 1635 2605 a
1647 2585 1777 2614 tempore
1792 2587 1868 2615 quo,
1887 2577 1973 2607 felicis
1992 2579 2210 2617 recordationis,
2227 2579 2336 2612 Hono-

1281 2614 1336 2643 rius
1352 2612 1426 2650 Papa
1441 2622 1569 2652 quartus,
1587 2614 1780 2645 Praedeceffor
1795 2614 1908 2653 noster,
1926 2625 1969 2645 eas
1984 2617 2034 2645 tibi
2049 2616 2186 2648 concessit
2200 2617 2270 2649 dum
2292 2620 2336 2651 vi-

1281 2659 1360 2682 veret
1380 2661 1587 2692 provenerunt,
1606 2653 1675 2684 sicut
1694 2654 1724 2683 in
1737 2653 1793 2683 aliis
1806 2653 1906 2684 nostris
1919 2653 2032 2693 litteris,
2050 2665 2114 2693 quae
2127 2655 2228 2696 Regali
2245 2656 2337 2689 Celfi-

1282 2690 1372 2720 tudini
1383 2689 1554 2729 diriguntur,
1572 2691 1679 2729 plenius
1691 2693 1858 2722 continetur.

1322 2728 1400 2765 Quia
1412 2731 1482 2759 vero
1499 2729 1574 2759 idem
1587 2731 1733 2769 negotium
1748 2730 1834 2770 longe
1842 2731 1952 2769 majoris
1967 2731 2156 2763 subventionis
2163 2734 2265 2764 auxilio
2273 2744 2340 2765 nos-

1284 2767 1357 2797 citur
1370 2766 1509 2806 indigere,
1526 2767 1559 2797 ad
1575 2768 1707 2799 exhibitae
1720 2770 1802 2799 nobis
1816 2779 1865 2807 per
1879 2778 1940 2800 tuos
1954 2770 2089 2801 Nuncios
2104 2771 2205 2811 Regiae
2220 2772 2338 2804 Petitio-

1285 2805 1326 2835 nis
1341 2804 1516 2843 instantiam,
1531 2806 1568 2836 de
1581 2806 1700 2837 fratrum
1714 2806 1843 2838 Consilio
1854 2807 2069 2847 praedictorum,
2088 2809 2274 2841 concedimus
2288 2812 2340 2842 tibi

1284 2853 1386 2874 ornnes
1398 2844 1600 2884 obventiones,
1640 2856 1685 2876 uas
1699 2845 1778 2876 disto
1793 2846 1912 2877 subsidio
1927 2848 1954 2876 in
1968 2847 2086 2887 praefatis
2100 2847 2208 2888 Regnis
2223 2849 2340 2880 &Ter-

1284 2882 1333 2920 ris,
1352 2882 1367 2911 a
1383 2892 1513 2920 tempore
1532 2886 1601 2914 novi
1624 2885 1674 2914 imi
1694 2883 1821 2914 Concilii
1842 2885 2050 2924 Lugdunensis,
2069 2886 2153 2924 usque
2174 2886 2207 2916 ad
2228 2896 2340 2926 tempus

1285 2921 1473 2951 concessionis
1491 2921 1705 2953 Praedecessoris
1723 2923 1861 2962 ejusdem,
1880 2932 2060 2962 compertum
2082 2924 2163 2955 fuerit
2177 2926 2334 2957 obvenisse.

1286 2958 1316 2989 Si
1335 2968 1430 2990 tamen
1451 2959 1488 2990 de
1506 2959 1574 2997 illiS,
1593 2960 1638 2991 vel
1662 2963 1759 2999 quavis
1774 2971 1869 2992 earum
1885 2970 1974 3000 parte,
1993 2963 2163 2994 inveniretur
2175 2964 2278 3002 aliquid
2292 2973 2341 3003 per

1285 2995 1379 3029 sedem
1392 2997 1589 3038 Apostolicam
1603 2998 1668 3037 post
1682 2998 1758 3030 idem
1772 3000 1937 3030 Concilium
1950 3000 2062 3031 forsitan
2076 3001 2253 3041 ordinatum,
2268 3004 2345 3033 ordi—

1285 3037 1433 3067 nationem
1445 3036 1602 3074 hujusmodi
1617 3047 1665 3075 per
1678 3037 1891 3069 concessionem
1908 3039 2070 3076 praesentem
2092 3050 2151 3070 non
2172 3041 2342 3072 intendimus

1287 3075 1316 3104 in
1331 3075 1426 3113 aliquo
1440 3076 1607 3112 immutare,
1626 3086 1679 3106 nec
1693 3077 1718 3106 ei
1730 3077 1862 3107 volumus
1876 3077 2045 3115 aliquatenus
2059 3077 2193 3118 derogari.

1325 3113 1373 3145 Ut
1396 3121 1489 3145 autem
1504 3113 1646 3152 praedieiae
1659 3114 1846 3145 conceffionis
1862 3116 1966 3146 nostrae
1982 3118 2173 3148 commodum
2189 3117 2340 3149 efficaciter

1288 3152 1463 3189 consequaris
1478 3176 1487 3190 ,
1518 3152 1720 3183 venerabilibus
1742 3154 1868 3184 fratribus
1894 3153 1995 3185 nostris
2098 3156 2289 3187 Wintoniensi
2310 3158 2344 3188 &

1289 3190 1483 3221 Lincolniensi
1497 3190 1655 3228 Episcopis,
1673 3201 1723 3228 per
1737 3192 1799 3222 alias
1812 3192 1909 3223 damus
1922 3192 2030 3223 nostras
2044 3192 2143 3224 litteras
2157 3195 2185 3224 in
2200 3195 2345 3233 mandatis,

1289 3237 1321 3259 ut
1341 3239 1442 3260 omnes
1465 3229 1607 3267 praedictas
1619 3230 1822 3269 obventiones,
1841 3241 1904 3269 quae
1920 3232 1936 3261 a
1950 3239 2080 3270 tempore
2097 3235 2246 3263 memorati
2260 3231 2344 3262 Con-

1289 3267 1347 3297 cilii
1356 3267 1457 3306 ,usque
1471 3268 1504 3298 ad
1519 3277 1628 3304 tempus
1642 3268 1764 3305 praefatae
1774 3269 1962 3300 concessionis
1975 3270 2042 3300 diei-i
2058 3270 2270 3301 Praedecessoris
2277 3271 2345 3301 i-lo-

1289 3307 1380 3343 norii,
1398 3315 1429 3337 ut
1450 3307 1626 3345 praedicitur,
1643 3307 1839 3346 obvenerunt,
1855 3308 1891 3339 de
1918 3310 2018 3346 quibus
2037 3308 2101 3346 post
2123 3309 2213 3346 ipsum
2232 3308 2345 3339 Conci-

1288 3344 1358 3374 lium
1371 3354 1432 3375 non
1443 3346 1484 3375 est
1497 3355 1544 3382 per
1558 3344 1663 3374 dietam
1675 3345 1769 3375 sedem
1783 3346 1856 3377 aliud
1872 3347 2048 3384 ordinatum,
2066 3347 2099 3377 &
2115 3357 2179 3384 quae
2194 3347 2209 3376 a
2230 3356 2344 3384 tempo-

1290 3393 1320 3413 re
1340 3383 1527 3414 concessionis
1545 3382 1666 3421 ejusdem
1688 3383 1813 3421 praedie'ti
1834 3383 2045 3415 Praedecessoris
2060 3385 2205 3415 obvenisse
2222 3385 2344 3416 noscun-

1291 3430 1352 3460 tur,
1370 3432 1485 3453 necnon
1506 3432 1564 3458 eas,
1584 3431 1649 3459 quas
1669 3432 1717 3459 per
1735 3422 1825 3453 dictos
1836 3424 1882 3453 sex
1896 3433 1983 3454 annos
1996 3424 2145 3462 contigerit
2158 3425 2307 3460 provenire
2327 3424 2344 3453 a

1291 3461 1479 3499 quibuslibet,
1495 3460 1566 3498 apud
1580 3470 1652 3497 quos
1665 3461 1692 3489 in
1709 3461 1814 3499 Regnis
1828 3463 1862 3493 &
1875 3462 1971 3492 Terris
1984 3461 2086 3492 eisdem
2099 3471 2142 3491 eas
2157 3463 2266 3498 reperiri
2274 3472 2346 3492 con-

1293 3500 1398 3538 tinget,
1418 3499 1607 3538 cujuscunque
1622 3499 1673 3529 sint
1687 3499 1851 3539 Dignitatis,
1868 3501 2086 3539 praeminentiae,
2105 3499 2276 3536 conditionis
2296 3509 2343 3532 aut

1296 3537 1398 3576 status,
1417 3549 1465 3577 per
1479 3538 1521 3575 se,
1540 3537 1585 3567 vel
1599 3547 1648 3575 per
1661 3537 1730 3567 alios
1743 3539 1908 3568 auftoritate
1920 3538 2012 3568 nostrii
2026 3539 2150 3576 exigant,
2169 3539 2202 3568 &
2218 3537 2296 3576 quod
2309 3539 2347 3569 de

1294 3577 1356 3614 ipsis
1376 3577 1461 3615 usque
1480 3576 1513 3605 ad
1535 3574 1649 3605 Festum
1670 3576 1831 3606 Nativitatis
1852 3577 1927 3607 Beati
1944 3577 2080 3614 johannis
2103 3575 2230 3613 Baptistae
2245 3599 2255 3615 ,
2280 3578 2346 3608 anni

1295 3614 1419 3646 Domini
1440 3614 1576 3645 millesimi
1595 3613 1777 3644 ducentesimi
1799 3615 1970 3652 nonagesimi
1991 3613 2119 3651 secundi,
2137 3614 2262 3646 fueritin
2274 3626 2348 3653 prae-

1295 3653 1376 3683 ditiis
1398 3654 1504 3691 Regnis
1524 3653 1557 3683 ὅ(
1578 3653 1674 3682 Terris
1697 3655 1843 3691 exactum,
1861 3655 1888 3682 in
1912 3653 2014 3684 eodem
2038 3652 2121 3682 Festo
2138 3653 2206 3691 tibi,
2224 3654 2270 3684 vel
2294 3655 2347 3684 tuis

1296 3691 1421 3722 Nunciis
1433 3692 1466 3721 ad
1479 3693 1535 3721 hoc
1549 3692 1629 3721 certis
1641 3690 1788 3730 affignent:
1810 3691 1999 3730 Qirecunque
2015 3700 2082 3720 vero
2091 3690 2204 3734 postea,
2221 3692 2346 3731 usquead

1296 3730 1382 3761 finem
1400 3730 1542 3759 ditiorum
1563 3729 1607 3758 sex
1626 3739 1765 3760 annorum
1786 3730 1941 3759 obvenient
1958 3738 1992 3759 ex
2015 3728 2134 3767 eisdem,
2153 3730 2277 3760 similiter
2291 3731 2349 3760 exi-

1295 3779 1379 3809 gant,
1394 3770 1426 3799 &
1442 3777 1473 3798 ea
1486 3768 1551 3805 tibi,
1569 3767 1614 3798 vel
1628 3767 1759 3798 fimilibus
1773 3770 1824 3798 tuis
1837 3767 1978 3805 Nunciis,
1997 3776 2080 3805 prout
2102 3769 2288 3805 obvenerint,
2306 3779 2346 3798 as-

1297 3809 1400 3848 signare
1412 3815 1572 3844 procurent.

1335 3845 1482 3876 Caeterum
1496 3844 1515 3873 si
1530 3844 1614 3882 aliqui
1627 3844 1670 3875 vel
1684 3846 1755 3875 inter
1770 3844 1921 3882 vivos,vel
1935 3844 1963 3873 in
1979 3842 2029 3873 suis
2043 3844 2146 3875 ultimis
2161 3845 2348 3876 voluntatibus

1297 3884 1400 3923 aliquas
1418 3881 1577 3921 hujusmodi
1603 3883 1789 3913 obventiones
1802 3882 2021 3921 convertendas,
2039 3892 2119 3914 certo
2135 3884 2224 3914 modo
2237 3885 2264 3913 iii
2279 3884 2349 3920 ejus-

1299 3923 1366 3954 dem
1383 3922 1483 3952 Terrae
1504 3920 1655 3951 subsidium
1676 3921 1844 3959 deputarunt
1861 3921 2010 3959 haetenus,
2030 3922 2073 3951 vel
2089 3924 2117 3952 in
2132 3922 2255 3963 futurum
2271 3920 2351 3950 forsi-

1300 3971 1347 3993 tan
1359 3959 1550 3998 deputabunt,
1570 3959 1702 3990 nolumus
1717 3960 1794 3997 quod
1809 3970 1857 3997 per
1871 3958 1977 3991 dietam
1990 3959 2115 3992 nostram
2124 3960 2352 3997 concessionem,

1299 4001 1352 4040 piis
1365 3999 1481 4031 illorum
1495 3997 1685 4031 voluntatibus
1696 3997 1856 4066 derogetulr.
2315 4033 2346 4064 Si
