2570 4261
55 228 131 259 Anu.
146 225 187 256 D.

77 267 160 306 1238.

57 311 120 333 Hm.
143 315 167 341 3.

57 351 107 378 Ἰ.
127 351 191 388 333-

201 156 282 199 tw

201 239 271 260 cum
292 237 345 267 pro
364 227 564 258 reformatione
586 224 661 262 pacis
680 224 752 253 inter
771 232 824 253 nos
842 221 876 252 &
898 219 1071 257 Ecclesiam,
1089 226 1121 248 ut
1133 214 1260 258 dicebat,

202 268 410 306 quamplurium
432 265 567 295 Nuncios
581 287 590 301 ,
608 272 641 293 ac
665 261 817 292 nonnullos
838 260 874 290 de
893 257 1114 290 occidentalibus
1137 254 1260 293 partibus

205 308 223 325 ²*
245 306 388 343 Principes
402 306 434 335 &
450 302 597 339 PraelatOS,
614 300 649 331 ad
664 299 804 339 synodum
817 298 974 329 intenderet
981 292 1261 338 convocare,Lum-

205 344 306 374 bardos
323 342 488 382 praedictos,
504 339 686 370 Excellentiae
698 338 803 369 nostrae
814 338 962 374 bannitos,
978 337 1007 365 in
1022 342 1125 373 treugis
1139 340 1206 362 cum
1220 339 1262 366 ip-

204 384 234 413 so
243 383 343 421 ,usque
356 383 383 410 in
398 380 559 416 proximum
574 377 679 417 Festum
693 377 901 408 resurrectionis
913 374 1080 405 Dominicae
1093 369 1264 414 contrahen-

203 421 262 459 dis,
280 416 524 456 comprehendere
543 416 727 454 deberemus,
746 415 855 446 causam
876 414 983 454 fingens
1004 420 1052 449 ut,
1070 419 1103 440 ex
1124 406 1264 439 universa-

201 458 318 490 lioribus
332 459 448 495 treugis,
468 456 575 486 vocatis
586 456 621 486 ad
634 454 784 494 Synodum
798 454 927 484 securitas
939 452 1040 490 largior
1048 449 1226 488 praeberetur.

245 496 348 527 Audite
361 495 519 525 mirabilem
531 495 784 525 circumventionis
797 491 919 523 modum
932 490 967 519 ad
981 487 1188 526 depressionem
1200 493 1266 513 nos-

205 545 257 567 trae
265 534 384 572 Justitiae
399 533 603 573 excogitatum!
622 532 693 564 dum
707 541 807 570 pacem
823 529 972 561 nobiscum
986 527 1059 558 velle
1071 525 1174 568 habere
1186 523 1212 553 se
1233 521 1268 551 si-

208 574 341 611 mularet,
359 581 390 603 ut
410 571 590 603 Lumbardos
609 571 644 602 ad
664 580 794 608 tempuS‚
833 579 861 599 er
881 575 1041 609 treugarum
1061 563 1206 600 suffragia,
1223 570 1268 590 re-

206 613 352 650 spirantes,
370 621 470 642 contra
491 621 544 641 nos
566 611 665 641 fortius
685 609 802 647 postmo
824 616 873 637 urn
887 608 915 636 in
931 603 1085 634 rebellione
1098 599 1266 645 confirmet:

205 660 293 689 utque
308 659 408 681 contra
420 660 488 687 nos,
505 649 539 679 ad
553 647 722 679 discordiam
737 646 764 677 se
778 645 1017 687 medio-tempore
1032 647 1269 687 pervenientium,

207 688 390 719 Praelatorum
403 713 413 726 ,
438 688 471 718 ad
491 689 675 719 vocationem
695 686 772 716 suam
786 709 796 723 ,
818 683 933 715 subsidia
952 682 1083 712 licentius
1107 684 1243 717 praeparet
1258 700 1269 713 ,

207 729 284 766 spem
298 728 382 758 nobis
396 725 561 757 concordiae
576 725 732 764 pollicetur.
1043 758 1048 763 ¹
1135 756 1140 762 ,
1250 754 1255 759 ,

245 765 299 804 Et,
316 775 347 797 ut
366 765 509 796 evidenter
530 764 564 794 ad
578 763 697 794 oculum
712 761 844 798 videatis,
862 759 940 799 quod
954 769 1006 797 pro
1020 756 1158 788 discordia
1171 764 1271 786 conei—

206 805 276 835 lium
289 804 426 842 advocet,
439 805 532 842 potius
545 804 631 842 quam
646 812 699 840 pro
714 811 796 839 pace,
815 801 1003 829 FORMAM
1017 796 1272 840 ADVOCATIO-

208 846 277 874 NIS
291 842 439 880 attendite,
457 843 486 872 in
509 852 564 881 qua
583 841 670 871 nichil
688 840 811 870 omnino
826 838 861 868 de
874 838 975 868 futura:
988 843 1064 874 pacis
1084 834 1202 877 tractatu
1221 831 1272 861 de-

208 881 409 921 scribitur,nisi
424 879 502 920 quod
518 890 564 910 ma
584 881 625 910 riis
638 880 671 910 &
683 879 773 908 arduis
781 876 916 908 Ecclesiae
925 875 1069 907 Romanae
1082 880 1203 913 negotiis
1217 880 1271 902 vo-

209 929 339 951 catorum
354 921 527 958 praesentiam
539 929 554 948 a
579 927 636 949 erat
649 926 832 956 oportunam.
1169 950 1173 955 .
1189 949 1193 954 ⁵

244 961 435 989 TEMPUS
462 959 611 1001 inspicite,
635 957 706 987 dum
728 963 863 996 negatum
889 953 973 984 nobis
1001 952 1066 982 ante
1090 949 1272 987 coneilium,

208 997 361 1038 postquam
375 1007 427 1027 nos
442 997 482 1027 est
497 996 636 1036 aggressus
649 994 805 1032 hostiliter,
823 993 919 1024 nititur
933 999 1120 1033 convocare..

247 1036 429 1067 Considerate
447 1037 659 1066 PERSONAS
673 1044 683 1071 ,¹
703 1033 774 1064 dum
790 1057 799 1070 ,
818 1032 910 1070 spretis
930 1028 1148 1072 magnificentiae
1167 1025 1273 1057 nostrae

210 1075 350 1113 Nunciis,
387 1085 415 1105 er
437 1085 508 1112 quos
529 1074 579 1104 sibi
599 1073 748 1103 traetatum
763 1072 839 1112 pacis
851 1068 1010 1108 hujusmodi
1021 1066 1177 1108 optulistis,
1196 1074 1274 1095 nunc

210 1113 345 1145 Provinc.
359 1085 511 1144 &mitem
526 1122 572 1143 ma
592 1111 743 1142 nificentiae
755 1109 860 1140 nostrae
880 1107 1034 1145 rebellem,
1051 1105 1159 1149 ducem
1174 1103 1275 1148 'Vene-

210 1154 329 1192 tiarum,
346 1151 551 1183 Marchionem
571 1121 723 1181 &stensem
736 1172 746 1188 ‚
764 1149 915 1179 Comitem
937 1145 1033 1177 Sancti
1052 1144 1206 1188 Bonifacii,
1223 1141 1276 1172 Al-

212 1193 326 1222 bertum
345 1191 382 1221 de
404 1190 562 1229 Romano,
586 1189 760 1226 Diakinum,
778 1185 1000 1218 Gnosterinium
1022 1183 1059 1214 de
1079 1182 1222 1219 Camino,
1240 1181 1275 1212 &

211 1229 333 1262 Paulum
355 1229 561 1260 Traversanum
577 1252 586 1268 ,
604 1238 673 1259 cum
695 1228 797 1266 quibus
816 1228 845 1256 in
867 1224 975 1255 malum
987 1221 1127 1267 'nostrum
1141 1244 1151 1259 ,
1167 1220 1229 1251 data
1248 1229 1275 1249 ei

211 1270 349 1307 pecunia,
368 1277 453 1306 prout
470 1268 510 1298 est
522 1268 633 1306 publica
648 1276 722 1297 voce
742 1265 906 1301 notorium,
925 1270 1103 1301 conjuravit,
1121 1268 1207 1292 vocat
1228 1267 1277 1289 ex-

213 1307 308 1346 pressis
324 1307 490 1338 nominibus
505 1307 540 1336 ad
553 1306 703 1346 Synodum
718 1303 912 1343 supradietam,
1074 1340 1080 1344 ·
1207 1337 1211 1342 ¹

250 1347 493 1386 Verumptamen,
511 1346 552 1376 ob
564 1345 750 1375 reverentiam
763 1342 865 1373 summi
880 1340 985 1380 Regis,
999 1346 1150 1370 nominato
1158 1336 1276 1374 Episco-

233 1396 253 1416 ο
273 1384 404 1415 duximus
421 1384 647 1422 respondendum
662 1407 671 1421 ,
718 1380 776 1412 uod
794 1391 846 1411 nos
866 1389 934 1410 cum
953 1378 1125 1409 sacrosancta
1144 1376 1279 1420 Romana

213 1395 357 1461 EIcclefia,
373 1431 462 1453 matre
476 1422 586 1461 nostra,
604 1393 774 1452 discordiam
788 1429 848 1450 non
862 1418 1015 1455 habemus,
1033 1416 1071 1447 set
1084 1416 1120 1446 ab
1133 1414 1279 1458 hujusmo-

213 1462 243 1492 di
265 1462 391 1493 Romani
413 1461 558 1491 Pontificis
579 1463 687 1499 impetu
701 1458 836 1499 justitiam
849 1457 965 1495 Imperii
980 1455 1070 1486 nostri
1083 1452 1281 1491 defendimus,

215 1503 249 1533 &
264 1502 390 1538 injuriam
402 1500 602 1540 propulsamus.

251 1539 469 1570 Nichilominus
496 1547 592 1569 tamen
617 1547 686 1568 cum
712 1539 721 1567 i
742 1536 771 1567 so
796 1536 905 1572 semper
932 1543 1033 1573 pacem
1054 1532 1156 1562 habere
1176 1539 1281 1574 perop-

215 1579 334 1609 tavimus
356 1578 390 1610 &
410 1586 541 1616 optamus
556 1600 565 1617 ,
584 1587 634 1616 per
655 1587 713 1615 quo
752 1574 881 1615 generale
904 1572 1003 1604 mundi
1020 1570 1168 1602 discidium
1190 1577 1279 1600 etrite-

216 1627 289 1647 mus.

254 1655 291 1686 Et
311 1664 342 1687 ut
362 1656 492 1686 tractatus
513 1655 588 1693 pacis
600 1653 829 1684 aremotioribus
842 1652 965 1690 partibus
981 1659 1041 1680 non
1076 1655 1213 1684 uaeratur,
1232 1655 1281 1684 per

159 1694 171 1703 ⁴
217 1694 340 1725 eundem
354 1694 529 1732 Episcopum
538 1703 585 1732 ,ac
596 1693 663 1723 alios
677 1693 771 1722 bonos
785 1692 879 1728 viros,
893 1689 1005 1728 justitia:
1019 1698 1059 1718 no
1087 1697 1124 1717 rae
1136 1686 1283 1722 conscios,

216 1734 250 1764 &
264 1743 426 1764 communis
438 1732 604 1763 concordiae
616 1731 769 1768 zelatores,
787 1729 821 1759 ad
836 1728 1000 1767 praesentem
1020 1725 1170 1757 traetatum
1192 1733 1284 1762 pacis,

219 1780 250 1803 ut
263 1772 335 1803 mala
346 1772 382 1802 de
394 1771 491 1802 medio
507 1772 588 1802 citius
602 1769 777 1807 auferantur,
795 1767 952 1806 optulimus
973 1775 1026 1810 nos
1045 1772 1170 1807 paratos,
1187 1763 1284 1792 Treu-

218 1821 265 1850 gas
278 1812 362 1842 etiam
371 1835 380 1848 ,
398 1811 464 1841 licet
477 1810 559 1841 nobis
573 1818 707 1847 tanquam
721 1808 755 1838 ad
769 1816 877 1847 guerrae
889 1804 1005 1836 subsidia
1026 1806 1135 1833 munitis
1155 1800 1266 1832 infestas
1275 1825 1285 1839 ,

217 1851 288 1881 inire
302 1848 494 1881 concessimus
507 1858 577 1879 cum
588 1848 711 1884 eodem,
729 1846 866 1884 sperantes
883 1854 932 1883 per
944 1853 1004 1881 eas,
1023 1842 1111 1886 velud'
1122 1851 1171 1881 per
1195 1849 1283 1885 quan—

218 1889 293 1957 dan}J
303 1888 469 1919 salutiferam
490 1887 608 1925 scalam,
634 1885 707 1916 ³0ffe
724 1884 832 1916 facilius
851 1882 886 1914 ad
905 1882 1009 1913 excelsa
1031 1881 1129 1920 palatia
1149 1889 1223 1918 pacis
1244 1887 1286 1908 as-

219 1938 274 1959 cen
296 1938 313 1957 i.

260 1965 441 1996 Lumbardos
455 1973 550 1996 tamen
565 1963 747 1995 Excellentiae
760 1960 866 1992 nostrae
880 1959 1115 1996 rebelles,anexu
1122 1965 1287 1994 treugarum

222 2004 382 2043 hujusmodi
396 2029 406 2044 ,
433 2003 503 2036 sicut
522 2003 631 2042 semper
652 2001 819 2033 exclusimus
835 2024 845 2039 ,
864 1999 903 2030 sic
924 2000 1134 2039 imperpetuum
1155 1994 1288 2026 exclude-

223 2054 294 2075 mus.

260 2081 331 2113 Nec
341 2107 350 2120 ,
368 2083 440 2113 inter
453 2092 506 2113 nos
522 2082 555 2113 &
568 2091 635 2112 eum
650 2079 767 2112 durante
785 2077 911 2117 praesenti
932 2075 1110 2112 discrimine,
1128 2073 1286 2118 concilium

244 2132 274 2152 er
289 2131 371 2159 eum,
389 2120 474 2152 velud
488 2130 537 2159 per
548 2119 662 2151 hostem
682 2117 830 2157 publicum
851 2115 984 2153 Imperii,
999 2113 1060 2144 fieri
1078 2120 1288 2157 permittemus:

223 2132 384 2191 Praesertim
399 2169 468 2190 cum
482 2159 581 2197 nobis,
599 2158 741 2196 Imperio,
756 2157 789 2188 &
801 2155 935 2186 omnibus
946 2162 1027 2184 terrae
1041 2151 1236 2189 Principibus,
1247 2159 1291 2180 in-

225 2197 455 2230 decentissimum
466 2196 767 2236 judicemus,honoris
782 2194 874 2225 nostri
887 2192 996 2224 causam
1009 2191 1076 2222 foro
1087 2190 1214 2235 suspe&o
1227 2188 1291 2220 sub-

226 2239 319 2276 icere,
337 2237 384 2268 vel
402 2236 511 2276 judicio
531 2236 678 2276 Synodali:
698 2234 736 2265 set
757 2233 908 2271 omnibus,
926 2231 961 2262 ad
974 2229 1134 2262 concilium
1147 2227 1221 2259 istud
1235 2238 1290 2259 vo-

639 120 1436 180 CONVENTIONES‚

1512 117 1919 171 L1TERAE‚

1344 205 1499 238 Attendati
1521 206 1574 236 itur
1589 206 1721 237 industria
1736 206 1847 243 Regia,
1865 203 1968 235 callidis
1981 210 2041 234 non
2061 202 2258 233 circumventa
2278 200 2371 233 consi-
2389 200 2465 232 Arm.
2478 200 2521 231 D.
2546 199 2557 231 i*

1303 246 1363 284 liis,
1382 246 1402 276 si
1421 255 1474 276 vos
1492 214 1591 276 {cetat
1612 246 1646 277 &
1667 246 1751 276 vobis
1772 244 1898 282 expediat·
1912 243 2050 273 sororium
2066 242 2099 273 &
2114 241 2247 279 fratrem,
2264 248 2310 271 aut
2324 242 2373 272 sal-

2390 241 2494 280 ,1238.
2540 247 2542 253 ·

1303 293 1365 315 tem
1383 280 1528 320 amicum,
1546 283 1592 314 seu
1613 282 1760 322 postremo
1780 291 1942 321 quenquam
1963 281 2078 326 Regem
2093 303 2102 319 ‚
2120 288 2168 311 aut
2189 279 2372 323 Principem,
2389 284 2453 308 Heri.
2476 288 2501 316 3.

1304 323 1352 353 cui
1365 332 1425 353 non
1441 321 1590 352 indixerins
1602 322 1752 361 praelium,
1770 322 1841 352 sicut
1856 320 1898 351 est
1913 319 2010 360 Regni
2019 321 2087 359 juris
2108 320 2142 350 &
2159 328 2265 356 moris,
2283 327 2383 356 pecu-.

1305 362 1362 391 niae
1375 360 1479 393 vestrae
1492 361 1598 391 viribus
1614 361 1782 399 impugnari.

1343 399 1382 429 Et
1397 399 1465 438 quid
1481 399 1566 429 refert
1577 408 1648 429 auro
1662 401 1696 431 &
1711 405 1842 439 argento,
1859 397 1908 428 vel
1921 397 2005 427 armis
2018 406 2067 435 per
2088 406 2160 434 vos,
2177 395 2223 427 vel
2244 395 2375 433 patienti-

1306 437 1359 468 bus
1379 439 1479 475 vobis,
1500 436 1588 468 hostis
1611 437 1700 468 nostri
1723 437 1846 476 praesidia
1867 436 2052 467 muniantur?
2071 435 2224 472 praesertim
2247 444 2315 465 curn
2336 434 2374 464 ab

1306 483 1424 514 experto
1442 476 1576 514 sciamus,
1595 476 1674 514 quod
1698 477 1811 515 majoris
1830 474 1923 505 auxilii
1937 483 2071 511 manum,
2088 482 2190 503 contra
2199 482 2271 511 nos,
2287 472 2374 510 Papae

1306 516 1450 554 porrigere
1464 524 1524 544 non
1536 514 1648 552 possetis
1657 540 1666 554 ,
1682 525 1768 553 quam
1784 514 1804 544 si
1816 513 1852 544 de
1866 513 1975 550 Regno
1989 511 2086 543 vestro
2098 512 2262 549 permittatis
2281 521 2369 549 pecu-

1308 553 1385 582 niam
1401 552 1568 592 ministrari,
1586 553 1622 584 de
1635 563 1689 591 qua
1704 552 1963 584 Mediolanensibus
1976 552 2009 583 &
2023 551 2080 581 aliis
2117 548 2287 580 roditoribus
2306 559 2374 581 nos-

1308 592 1357 621 tris
1379 590 1569 628 stipendiarios
1591 592 1694 623 milites
1716 591 1891 630 pollicetur,
1908 601 1958 628 per
1977 599 2064 628 quam
2106 597 2208 619 evotos
2227 589 2261 618 &
2278 587 2373 618 fideles

1311 627 1424 660 nostros
1446 639 1462 659 a
1481 629 1613 661 fidelitate
1632 630 1728 661 nostra
1745 629 1880 661 seducere
1893 631 2009 668 nititur,
2027 627 2156 666 adeoque
2171 628 2248 665 quoi
2265 626 2374 664 aliquo-

1310 677 1376 698 rum
1399 667 1536 698 debilium
1559 667 1663 708 fidem,
1680 670 1709 699 in
1730 669 1891 699 evidentem
1913 668 2077 706 infamiam,
2095 668 2129 698 &
2152 675 2211 695 non
2231 666 2324 695 minus
2344 666 2374 695 in

1311 716 1481 745 perpetuum
1495 716 1598 737 eorum
1612 709 1744 746 exitium,
1764 707 1806 738 est
1819 707 1900 746 hujus
1914 708 1996 745 pretii
2009 706 2164 737 vaenalitate
2178 713 2326 734 mercatus.

1350 745 1409 776 Pro
1422 745 1508 784 Deo,
1526 745 1610 776 frater
1625 746 1800 785 chariffime,
1819 755 1879 776 non
1891 746 2015 784 primum
2030 744 2103 775 istud
2117 753 2133 775 a
2150 743 2232 774 vobis
2245 743 2377 781 incipiat,

1311 784 1358 815 vel
1371 793 1471 827 contra
1484 794 1535 814 nos
1549 784 1660 823 saltem,
1680 785 1757 823 quod
1771 786 1854 822 gratis
1868 784 1964 829 Reges
1977 794 1992 814 a
2005 784 2134 824 Regibus
2158 783 2376 821 impugnentur:

1312 832 1367 853 nec
1383 826 1420 854 iic
1436 824 1581 854 cervicem
1594 822 1717 863 Regiam
1729 823 1838 861 Papalis
1850 822 1971 853 dominii
1981 823 2082 862 jugum
2097 829 2221 859 premat,
2240 828 2271 850 ut
2286 821 2314 849 in
2330 820 2378 850 of-

1311 861 1418 892 fensam
1438 861 1602 901 Evangelici
1623 861 1763 902 dogmatis
1785 863 1819 893 &
1832 870 1938 892 naturae
1973 862 2154 899 proximum,
2171 859 2326 897 sororium,
2343 860 2378 892 ὃς

1313 901 1458 939 amicum,
1477 901 1538 931 imo
1552 900 1685 938 fratrem,
1700 910 1753 932 vos
1764 901 1794 930 in
1809 908 1919 931 tantum
1934 886 2057 930 delectet
2069 898 2232 930 offendere:
2253 899 2380 928 maxime

1315 949 1385 970 cum
1418 940 1447 969 in
1462 939 1574 970 instanti
1585 939 1720 978 negotio,
1736 949 1797 969 non
1812 939 1899 978 magis
1913 938 2120 977 nostra,quam
2133 936 2241 974 vestra,
2259 937 2292 967 ὃ(
2309 936 2379 966 alio-

1313 988 1380 1008 rum
1429 986 1532 1018 egum,
1549 979 1583 1009 &
1598 977 1783 1016 Principum,
1801 977 1822 1008 si
1835 977 1897 1007 sane
1911 976 2115 1016 diligenterque
2128 975 2314 1014 attenderitis,
2331 985 2381 1014 per

1315 1016 1491 1055 consequens
1503 1027 1545 1047 res
1558 1024 1660 1057 agatur.

1352 1055 1502 1095 Qiocirca
1508 1055 1684 1087 serenitatem
1690 1055 1814 1095 Regiam
1822 1053 1999 1092 praesentium
2007 1061 2107 1085 tenore
2119 1052 2276 1084 affectuose
2287 1053 2382 1092 requi-

1317 1095 1407 1124 rimus
1427 1105 1459 1125 ac
1473 1104 1622 1134 rogamus,
1640 1103 1776 1133 quatenus
1788 1092 1953 1123 industriam
1967 1101 2000 1122 ac
2013 1093 2170 1130 potentiam
2182 1091 2306 1123 vestram
2319 1092 2381 1122 tali-

1316 1133 1384 1171 buS,
1403 1143 1438 1164 ex
1453 1134 1553 1172 quibus
1567 1142 1677 1164 tantum
1689 1132 1871 1163 obstaculum
1885 1130 2089 1169 formidamus,
2107 1130 2177 1161 sicut
2197 1139 2328 1160 amorem
2347 1131 2382 1161 &

1315 1171 1458 1202 honorem
1472 1172 1604 1203 nostrum
1617 1172 1745 1212 diligitis,
1762 1180 1822 1202 tam
1836 1169 1966 1209 strenue,
2003 1179 2069 1199 uam
2081 1168 2194 1200 viriliter
2216 1169 2385 1206 opponatis,

1319 1220 1380 1240 non
1397 1212 1593 1248 permittentes
1606 1211 1642 1242 de
1657 1209 1826 1248 redditibus,
1844 1209 1938 1247 talliis,
1956 1218 1994 1239 co
2004 1208 2100 1247 lectis,
2118 1216 2166 1238 aut
2179 1206 2316 1245 aliquibus
2329 1207 2386 1237 aliis

1319 1250 1545 1318 obvenitionibus
1557 1249 1656 1289 Regni
1667 1249 1770 1288 vestri,
1789 1248 1940 1287 pecuniam
1954 1247 2076 1286 aliquam
2090 1245 2125 1278 ad
2146 1245 2313 1277 Romanam
2334 1255 2386 1276 cu-

1318 1297 1389 1317 riam
1425 1299 1441 1318 e
1461 1297 1555 1319 ortari.

1356 1326 1391 1356 N
1394 1337 1427 1358 ec
1442 1299 1516 1357 pstUd
1529 1336 1581 1358 vos
1596 1326 1697 1365 decet,
1715 1335 1763 1358 aut
1778 1325 1891 1364 expedit
1902 1325 2085 1356 conniventia
2099 1323 2222 1363 qualibet
2242 1331 2289 1354 aut
2310 1320 2388 1353 diffi-

1320 1365 1475 1396 mulatione
1489 1365 1668 1405 pertransire,
1685 1366 1756 1397 sicut
1769 1376 1822 1396 vos
1836 1374 1897 1395 non
1909 1363 2016 1395 velletis
2032 1364 2112 1401 quod
2124 1371 2224 1393 contra
2238 1372 2291 1393 vos
2304 1371 2319 1392 a
2333 1371 2388 1392 no-

1319 1404 1361 1433 bis
1375 1404 1409 1435 &
1425 1403 1526 1435 nostris
1538 1404 1742 1443 qualiacunque
1756 1405 1856 1442 petita,
1874 1403 1920 1434 vel
1933 1401 2054 1441 petenda
2074 1401 2204 1441 suffragia
2218 1401 2346 1432 daremus
2358 1410 2389 1431 a·

1319 1442 1458 1482 liquibus,
1476 1443 1524 1475 vel
1538 1441 1631 1473 modo
1667 1443 1775 1474 uolibet
1790 1441 1850 1473 dari
1865 1450 2035 1479 pateremur.

1359 1480 1492 1520 Alioqui,
1509 1491 1547 1512 ne
1561 1480 1631 1512 dum
1657 1481 1741 1520 imili,
1759 1481 1804 1512 sed
1814 1479 1945 1519 justiori,
1962 1489 2012 1517 per
2031 1488 2085 1510 vos
2106 1478 2274 1509 instruamur
2292 1487 2391 1508 exem-

1322 1519 1389 1558 plo,
1408 1529 1439 1550 ut
1452 1521 1501 1559 iis,
1520 1521 1570 1558 qui
1582 1520 1666 1550 vobis
1678 1520 1853 1558 attinent,&
1867 1518 1969 1557 quibus
1982 1517 2101 1549 vinculo
2113 1517 2214 1548 veteris
2228 1516 2392 1547 dilectionis

1321 1558 1519 1598 astringimur,
1537 1557 1682 1597 hucusque
1703 1566 1819 1598 negata,
1837 1565 1938 1588 contra
1955 1566 2010 1587 vos
2027 1555 2061 1587 &
2082 1554 2222 1596 Regnum
2243 1554 2391 1594 vestrum,

1322 1597 1501 1637 largiremur,
1518 1597 1590 1628 dum
1603 1607 1656 1629 vos
1671 1597 1747 1636 Papa
1766 1598 1795 1627 iri
1811 1595 2010 1634 prosecutione
2019 1593 2134 1633 justitiae
2153 1593 2257 1624 nostrae
2278 1593 2390 1624 favora-

1322 1636 1391 1666 biles
1405 1637 1562 1675 invenerit,
1581 1636 1631 1674 qui
1644 1637 1727 1668 vobis
1741 1637 1770 1667 in
1782 1635 1862 1666 nullo
1875 1635 1985 1672 penitus
2000 1634 2117 1671 attinet,
2134 1633 2185 1663 nisi
2194 1631 2274 1671 quod
2286 1633 2389 1672 gloria-

1322 1683 1368 1705 tur
1384 1675 1475 1713 (quod
1490 1685 1551 1706 non
1568 1675 1625 1705 sine
1639 1675 1729 1707 multa
1742 1673 1913 1706 verecundis
1926 1672 2059 1710 dicimus)
2072 1673 2103 1703 in
2117 1672 2202 1704 vobis
2214 1671 2319 1702 habere
2338 1670 2393 1702 do-

1324 1714 1404 1743 minii
1418 1714 1474 1753 ligii
1489 1713 1665 1753 potestatem.

1363 1751 1454 1790 Super
1474 1752 1621 1791 praemissis
1638 1761 1733 1783 autem
1755 1751 1884 1791 singulis,
1901 1751 1936 1782 δε
1957 1749 2038 1788 super
2055 1749 2113 1780 aliis
2125 1748 2262 1780 omnibus
2274 1748 2392 1780 servitiis

1324 1790 1446 1829 nostris,
1463 1792 1494 1821 in
1512 1793 1521 1821 i
1544 1791 1574 1821 sis
1596 1793 1718 1829 partibus
1760 1789 1942 1827 rocurandis‚
1960 1798 2031 1820 ecce
2045 1788 2184 1818 mittimus
2199 1788 2282 1818 vobis
2301 1787 2344 1817 H.
2358 1787 2396 1817 de

1324 1828 1468 1861 Eambota
1486 1830 1513 1860 lv
1527 1830 1615 1860 ilitem
1635 1831 1669 1862 &
1689 1829 1744 1860 fide
1756 1839 1803 1860 em
1824 1827 1975 1865 nostrum,
1992 1827 2112 1858 latorem
2133 1825 2329 1864 praesentium3
2348 1825 2392 1856 di-

1325 1868 1483 1898 lectionem
1503 1869 1626 1899 vestram
1647 1877 1777 1908 rogantes
1796 1867 1941 1905 attentius,
1980 1874 2097 1897 uatenus
2116 1874 2148 1895 ea
2170 1875 2234 1903 quae
2255 1866 2339 1895 vobis
2360 1873 2395 1894 ex

1327 1915 1406 1944 parte
1427 1905 1524 1937 nostra
1544 1907 1668 1946 dixerit,
1686 1908 1757 1938 sicut
1779 1906 1906 1945 personae
1925 1915 1966 1935 no
1993 1915 2033 1935 rae
2047 1929 2057 1943 ,
2074 1903 2263 1935 indubitanter
2281 1902 2398 1933 dileetio

1326 1945 1418 1976 vestra
1432 1945 1546 1984 credat,
1564 1947 1598 1977 &
1613 1945 1762 1985 adimpleat
1777 1953 1848 1976 cum
1864 1943 1987 1981 effe&u;
2007 1953 2041 1974 ac
2058 1953 2107 1981 per
2121 1942 2211 1980 ipsum
2226 1941 2340 1980 praecise
2360 1951 2396 1972 ac

1326 1984 1514 2054 gaeterndinate
1529 1984 1710 2024 respondeat,
1729 1982 1866 2024 quicquid
1878 1983 1915 2013 de
1928 1981 2069 2021 praedietis
2082 1981 2218 2012 omnibus
2241 1979 2398 2019 providerit

1355 2032 1419 2053 cien
1441 2033 1500 2054 um.

1365 2060 1508 2092 Volumus
1522 2062 1599 2092 enim
1612 2063 1642 2092 in
1656 2061 1820 2093 instantibus
1833 2061 1954 2100 negotiis
1966 2059 2025 2091 effe
2037 2060 2125 2096 certi,
2143 2069 2159 2088 a
2172 2059 2274 2097 quibus
2294 2056 2399 2088 debea-

1328 2109 1392 2131 mus
1406 2101 1555 2139 expectare
1569 2100 1737 2141 consilium,
1756 2101 1789 2132 δε
1802 2109 1818 2130 a
1831 2101 1933 2138 quibus
1946 2098 1979 2130 sit
1986 2097 2155 2130 cavendum.

1331 2235 1351 2256 *²
1376 2236 1497 2267 Littera
1522 2235 1717 2281 Imperatoris
1739 2229 1907 2265 Baronibus
1934 2231 2052 2278 Angliae
2074 2228 2304 2276 eapfflulatoria
2319 2257 2330 2273 ‚
2363 2230 2400 2263 de
2421 2234 2438 2254 ¹*
2456 2236 2480 2264 1.
2491 2234 2557 2274 385,

1370 2281 1552 2330 publicando
1580 2286 1717 2328 iniquam
1739 2280 1890 2325 Pontificis
1911 2283 2042 2314 Romam·
2061 2280 2265 2326 fintentiam,
2290 2291 2399 2313 necnon

1376 2331 1412 2365 de
1430 2333 1546 2365 auxilio
1563 2329 1659 2364 eidem
1675 2327 1848 2376 praestando.

225 2278 311 2315 catis,
327 2286 375 2314 per
395 2285 515 2314 terram,
531 2275 632 2306 ditioni
654 2273 754 2305 vestrae
774 2271 947 2312 subjectam,
965 2271 994 2300 in
1016 2269 1140 2307 perionis
1156 2268 1191 2300 δε
1206 2267 1289 2297 rebus

223 2315 401 2347 securitatem
413 2314 587 2352 denegamus
602 2312 765 2352 quamlibet.

264 2355 334 2394 Qa
354 2363 406 2392 pro
427 2362 470 2384 ter
491 2353 676 2384 Serenitatem
696 2350 819 2390 Regiam
834 2348 1014 2388 praesentibus
1025 2347 1207 2389 exhortamur
1222 2354 1291 2413 [RE-

223 2402 322 2432 tenus‚
337 2403 387 2430 per
425 2392 534 2424 raelatos
548 2390 707 2423 Universos
720 2390 753 2421 &
768 2388 889 2429 singulos
902 2388 999 2427 Regni
1011 2383 1216 2424 vestri,EdiCti
1261 2393 1291 2413 e-

224 2433 265 2470 gii
276 2439 485 2471 programmate
495 2431 629 2470 vulgato,
646 2428 813 2466 divulgetis,
833 2436 864 2459 ut
877 2426 968 2457 nullus
981 2425 1031 2456 sub
1052 2424 1202 2455 securitatis
1223 2432 1291 2453 nos·
1332 2417 1549 2479 FRedericus
1564 2441 1574 2455 ,
1598 2415 1659 2447 Dei
1677 2417 1783 2456 gratia,
1801 2415 2008 2447 Romanorum
2028 2414 2187 2453 Imperator
2207 2414 2318 2454 semper
2339 2414 2401 2446 Au-
2423 2426 2501 2458 Am·
2513 2425 2554 2458 D-

224 2479 278 2502 trae
293 2470 411 2509 fiducia,
428 2469 461 2500 ad
476 2469 626 2507 Synodum
638 2467 725 2506 ipsam
737 2466 861 2497 accedat.
1374 2495 1378 2500 .
1401 2454 1498 2496 gustus
1529 2455 1683 2499 Jerusalem
1697 2457 1732 2487 &
1744 2455 1855 2499 *Siciliae-
1870 2454 1945 2499 Rex,
1972 2453 2154 2499 Comitibus,
2173 2452 2347 2492 Batonibus,
2366 2454 2400 2485 δε
2445 2475 2481 2496 12
2501 2465 2529 2496 8·

265 2510 335 2541 Nos
350 2511 427 2540 enim
443 2508 708 2547 quantumcumque
720 2505 817 2545 Regni
832 2503 918 2535 vestri
939 2502 1084 2540 fidelibus,
1099 2502 1141 2532 ob
1161 2509 1292 2531 amorem
1331 2495 1465 2526 umversis
1481 2478 1641 2525 Nobilibus
1657 2493 1755 2534 Regni
1770 2493 1899 2533 Angliae,
1918 2479 2028 2525 dilecns
2041 2493 2106 2531 sibi,
2122 2492 2239 2524 salutem
2261 2494 2295 2525 δε
2313 2502 2402 2524 omne
2421 2509 2474 2533 An.
2484 2475 2537 2543 323,

223 2550 384 2587 principum
405 2557 502 2591 quem.
516 2548 639 2586 gerimus
654 2571 664 2585 ,
679 2543 858 2575 libentissime
881 2542 1039 2573 deferamus
1055 2553 1066 2579 ι,
1085 2539 1291 2578 praesumptuo-
1337 2534 1460 2564 bonum-

1374 2572 1405 2603 Si
1418 2572 1566 2612 diligenter
1581 2570 1714 2602 karissimi
1729 2570 1834 2610 fratris,
1854 2571 1887 2603 &
1902 2569 2001 2602 sororii
2014 2569 2104 2601 nostri
2118 2569 2207 2611 Regis
2217 2569 2329 2602 illustris
2335 2570 2402 2601 Do·
2421 2549 2559 2619 32¹{s425

227 2589 284 2619 sam
298 2596 393 2618 tamen
406 2585 551 2617 audaciam
563 2595 665 2616 eorum
674 2608 683 2622 ,
703 2584 751 2621 qui
765 2582 799 2613 ad
816 2583 926 2612 inimici
940 2580 1029 2611 nostri
1050 2580 1234 2610 vocationem
1247 2587 1294 2609 ac-
1369 2611 1374 2616 ,
1399 2612 1404 2616 ¹
1498 2612 1503 2616 Ι
1596 2611 1601 2616 .
1705 2611 1711 2616 ι
1815 2612 1820 2616 η
1922 2611 1927 2616 .

1334 2621 1406 2642 mini
1419 2611 1505 2641 vestri
1516 2610 1643 2642 serenitas
1658 2611 1691 2641 &
1704 2609 1837 2640 mdustria
1851 2610 1962 2648 Regia,
1978 2617 2065 2654 prout
2078 2608 2192 2640 deceret
2212 2610 2246 2641 &
2267 2609 2401 2648 deberet,
2422 2622 2499 2660 usqu,
2507 2628 2557 2657 47·

225 2625 377 2663 cederent,
395 2634 448 2656 nos
463 2633 525 2655 non
538 2623 652 2656 deceret
667 2621 802 2653 ullatenus
814 2621 1007 2660 aequanimiter
1020 2618 1146 2649 tolerare.

266 2712 335 2743 Dat.
354 2711 415 2743 &c.

1333 2649 1507 2687 attenderet,
1525 2650 1559 2680 &
1573 2659 1626 2680 vos
1643 2648 1728 2690 (apud
1746 2659 1818 2687 quos
1832 2649 1980 2686 nobilitas,
1996 2646 2149 2686 industria,
2165 2649 2331 2680 exercitium
2347 2649 2402 2678 mi-

1333 2689 1428 2726 litare,
1446 2689 1481 2720 &
1498 2689 1584 2718 animi
1603 2687 1691 2718 robur
1711 2687 1855 2724 hucusque
1872 2686 1989 2723 resedit,
2005 2687 2078 2716 inter
2101 2696 2173 2723 quos
2194 2688 2280 2717 etiarn
2291 2686 2350 2717 sem
2372 2697 2402 2717 er

1335 2728 1425 2758 extitit
1447 2726 1502 2756 fida
1522 2725 1602 2763 fides)
1624 2727 1672 2764 qui
1693 2726 1777 2756 omni
1793 2726 1856 2763 jure
1868 2724 2017 2761 videlicet,
2036 2724 2070 2755 &
2084 2724 2200 2762 natura,
2219 2725 2296 2764 Regi
2307 2735 2345 2756 ve
2370 2735 2404 2755 ro

1335 2767 1370 2797 &
1385 2765 1521 2795 Domino
1532 2764 1599 2794 dare
1611 2764 1700 2795 velitis
1713 2763 1865 2794 consilium
1879 2763 2009 2799 salutare,
2027 2762 2077 2799 ipsi
2085 2761 2220 2792 Domino
2247 2763 2344 2794 vestro
2361 2763 2405 2793 di-

1287 2814 1289 2816 ·
1337 2803 1500 2842 xiffetis,&
1521 2802 1613 2833 adhuc
1630 2802 1664 2833 ad
1684 2802 1804 2832 litteram
1822 2802 1962 2845 dixeritis,
1980 2800 2078 2838 quale,
2097 2808 2252 2838 quantum,
2269 2801 2304 2832 &
2318 2802 2406 2839 quam

229 2855 369 2900 Increpat
396 2857 565 2900 Imperator
587 2855 696 2900 Regem
716 2850 831 2897 Angliae
852 2876 862 2891 ‚
887 2846 969 2895 quod
989 2846 1160 2893 permifi'rit
1176 2845 1296 2890 finten-

277 2906 355 2935 tiam
372 2905 701 2936 lia-communicationis
715 2910 818 2934 contra
833 2910 902 2931 enm
919 2901 950 2930 in
965 2906 1047 2928 terra
1056 2894 1117 2941 fica
1129 2892 1295 2940 publicari,

279 2954 317 2989 (ῥ’
331 2955 490 2998 pecuniam
509 2952 617 2997 colligi,

1355 2842 1440 2873 rande
1459 2842 1491 2872 sit
1511 2842 1684 2872 matrimonii
1703 2841 1738 2871 &
1757 2839 1897 2870 affinitatis
1915 2838 2081 2877 Vinculum,
2099 2838 2179 2877 quod
2198 2839 2270 2869 inter
2289 2839 2407 2877 Regem

1335 2852 1469 2919 angliae,
1486 2881 1521 2912 &
1535 2880 1706 2910 Romanum
1719 2879 1884 2916 Principem
1903 2877 1946 2908 est
1964 2877 2161 2915 contraistum,
2180 2877 2214 2909 δε
2236 2878 2352 2915 qualiter
2372 2878 2407 2909 il—

1337 2920 1385 2951 lud
1400 2919 1531 2950 voluntas
1548 2918 1606 2949 Dei
1622 2918 1721 2949 excelsi
1735 2917 1856 2947 firmavit
1869 2926 1919 2955 per
1932 2916 2073 2954 sequentia
2087 2917 2204 2956 pignora
2218 2915 2404 2955 filiorum,&

1360 2969 1410 2989 uos
1430 2958 1538 2988 frud'tus
1559 2966 1593 2988 ex
1615 2967 1669 2996 eo,
1686 2966 1735 2995 per
1758 2956 1948 2994 consequens,
1967 2954 2096 2986 credatur
2107 2956 2180 2986 inter
2195 2954 2354 2995 Regnum,
2372 2957 2407 2987 &

1337 2969 1495 3035 imperium
1516 3005 1722 3034 proventuros,
1739 2996 1799 3026 tarn
1819 2996 1892 3036 ipse,
1910 3003 1996 3033 quam
2018 3004 2071 3024 vos
2094 2993 2195 3024 daretis
2210 3003 2328 3031 operam
2343 3002 2408 3025 toto

84 3045 213 3078 Ann.D.
231 3045 440 3107 FRedericus
462 3045 522 3076 Dei
541 3045 626 3085 gratia
648 3043 853 3074 Romanorum
875 3040 1049 3078 Imperator,
1067 3038 1176 3077 semper
1198 3038 1298 3078 Augu·
1338 3036 1419 3077 posse
1432 3035 1549 3074 qualiter
1560 3043 1679 3073 uterque
1692 3033 1824 3065 nostrum
1838 3033 1985 3073 diligenter
1997 3032 2117 3063 alterum
2129 3032 2316 3071 indempnem
2335 3043 2409 3063 con-

106 3087 191 3127 1238.
301 3085 376 3124 stus,
394 3084 570 3115 Hierusalem
583 3085 617 3114 &
630 3082 733 3112 Sicilire
744 3081 828 3118 Rex,
846 3078 945 3110 illustri
966 3078 1042 3118 Regi
1063 3078 1242 3117 Anglorum,
1259 3078 1299 3108 sa-
1338 3076 1474 3112 servaret,
1493 3075 1526 3105 &
1541 3075 1672 3104 inimicus
1683 3073 1777 3104 homo
1789 3073 1826 3102 ab
1841 3071 1948 3103 affectu
1962 3071 2072 3103 alterius
2084 3071 2205 3102 alterum
2223 3070 2361 3102 reducere
2373 3072 2407 3104 δε

85 3130 136 3153 An.
155 3135 201 3162 23·
232 3125 363 3157 lutem&
380 3123 494 3154 sincerae
509 3122 666 3152 dileitionis
679 3119 826 3150 affeCmm.
1336 3122 1464 3145 avertere
1477 3123 1538 3143 non
1551 3112 1666 3144 valeret.
1851 3150 1856 3155 ·

87 3169 119 3192 H·
141 3174 152 3201 3
271 3164 354 3195 Cum
372 3163 443 3193 inter
464 3161 559 3200 Reges
577 3161 653 3190 orbis
676 3161 709 3190 ὃς
730 3158 875 3196 Principes
896 3156 1015 3187 affinitas
1030 3154 1173 3186 interdum
1189 3155 1223 3186 &
1238 3163 1300 3185 ma·
1377 3152 1442 3190 Set,
1460 3151 1599 3182 nescimus
1614 3161 1673 3189 quo
1686 3149 1794 3188 modo,
1811 3159 1889 3188 cujus
1908 3148 2061 3187 instiniffm,
2077 3149 2157 3186 cujus
2179 3147 2319 3188 utilitatis,
2338 3149 2407 3187 quin

237 3203 406 3234 trimonium
428 3200 619 3237 contrahitur,
635 3206 716 3228 tanto
738 3198 824 3235 magis
843 3198 914 3226 inter
933 3205 982 3226 eos
1002 3193 1120 3224 affectio
1133 3193 1235 3231 debet,
1253 3194 1300 3224 vel
1339 3192 1432 3233 potius
1448 3189 1565 3228 dampni
1584 3189 1666 3220 frater
1686 3189 1720 3219 &
1740 3188 1860 3219 sororius
1878 3187 1992 3226 noster,
2008 3188 2042 3219 &
2056 3197 2110 3218 vos
2125 3196 2240 3226 omnes,
2259 3188 2293 3219 &
2307 3187 2405 3226 singuli

235 3243 304 3271 unio
324 3242 417 3279 potius
434 3238 570 3275 suboriri,
587 3243 696 3275 quanto
711 3236 834 3273 ,majores
855 3235 930 3272 aliis,
948 3235 982 3265 ὃ(
1004 3234 1034 3262 in
1053 3232 1198 3262 altioribus
1219 3232 1300 3270 positi
1343 3229 1433 3268 (quod
1448 3228 1575 3259 dolentes
1588 3228 1714 3259 &inviti
1728 3227 1884 3264 referimus)
1901 3227 1960 3257 tam
1981 3234 2106 3264 apertam
2126 3225 2278 3264 malitiam,
2292 3226 2352 3255 tam
2373 3235 2403 3255 e—

90 3285 103 3300 *
122 3286 143 3313 l.
155 3285 218 3321 384.
235 3281 253 3299 *
273 3279 389 3317 speculis
407 3277 594 3318 dignitatum,
618 3276 757 3306 virtutum
775 3273 953 3303 inferioribus
973 3272 1079 3302 debent
1091 3270 1219 3308 exempla
1231 3270 1301 3308 por-
1341 3278 1444 3299 norme
1458 3267 1595 3306 flagitium
1631 3268 1691 3297 tam
1706 3267 1832 3296 immane
1845 3265 1950 3304 scelus,
1968 3265 2028 3296 tarn
2042 3263 2207 3296 evidentem
2219 3264 2405 3302 injuriam,il-

235 3319 337 3357 rigere:
355 3319 462 3356 quanto
486 3326 521 3347 ue
535 3324 585 3353 per
598 3314 743 3345 unanimes
754 3311 910 3342 voluntates
923 3310 1048 3349 ipsorum
1061 3319 1114 3348 pax
1128 3311 1161 3340 ὃς
1176 3319 1302 3340 concor-

236 3356 281 3385 dia
296 3355 406 3386 firmior
420 3365 469 3386 cre
481 3356 520 3385 cit
534 3355 564 3384 in
578 3352 689 3391 populis
725 3351 848 3380 honores
860 3349 1002 3380 servantur
1024 3350 1053 3379 in
1071 3349 1253 3387 alterutrum,
1270 3349 1301 3378 in

238 3395 411 3432 suorumque
425 3394 597 3424 roborantur
611 3392 640 3421 in
653 3375 800 3428 pos’cerum
809 3390 869 3427 jura
884 3387 914 3417 R
951 3397 1065 3418 norum.

277 3431 332 3470 Et,
350 3443 419 3463 cum
430 3432 510 3462 hu'us
524 3430 670 3468 fructum,
688 3438 723 3459 ex
736 3427 869 3470 affinitate
881 3437 922 3457 no
948 3436 975 3456 ra
983 3426 1083 3466 ,nobis
1096 3426 1131 3456 &
1143 3425 1226 3456 vobis
1241 3434 1302 3456 cre-

241 3470 393 3501 diderimus
418 3472 472 3501 liae
485 3480 553 3500 enus
580 3476 788 3507 proventurum
809 3465 978 3503 (praesertim
1000 3474 1071 3495 cum
1095 3465 1136 3494 ob
1150 3465 1155 3470 “
1191 3465 1302 3494 tionem

241 3509 419 3545 cognationis
434 3507 539 3539 nostrae
551 3507 723 3537 firmaverint
739 3505 812 3535 sacra
825 3504 1002 3542 sequentium
1017 3503 1136 3540 pignora
1176 3502 1300 3539 liorum)

240 3554 335 3576 totum
349 3548 499 3577 intentioni
513 3545 619 3577 nostrae
632 3545 809 3576 contrarium
825 3541 917 3581 (quod
937 3541 1064 3572 dolentes
1085 3541 1118 3573 &
1132 3542 1212 3572 inviti
1231 3541 1304 3571 refe-

241 3585 339 3620 rimus)
353 3586 518 3622 experimur.

283 3621 366 3652 Dum
380 3632 481 3659 practer
493 3623 538 3661 id,
555 3621 635 3661 quod
650 3621 751 3652 illatam
764 3620 847 3651 nobis
866 3629 916 3658 per
938 3618 1108 3649 Romanum
1128 3616 1304 3648 Pontificem

243 3659 419 3690 manifestam
438 3662 583 3699 injuriam,
601 3670 685 3698 quam
707 3660 788 3690 vobis
810 3668 869 3697 prae
890 3659 998 3688 caeteris
1018 3666 1102 3688 terrae
1124 3656 1303 3694 Principibus

244 3699 357 3736 prorsus
379 3699 582 3729 intolerabilem
603 3698 802 3735 credebamus,
821 3696 1040 3727 conniventibus
1060 3695 1151 3725 oculis
1165 3704 1304 3733 pertrans-

243 3736 310 3774 isse,
328 3737 452 3773 iniquam
465 3736 545 3774 ipsius
565 3745 664 3766 contra
677 3747 730 3766 nos
743 3737 777 3767 &
798 3735 909 3773 plenam
930 3734 999 3765 odio
1019 3734 1121 3764 carnali
1138 3733 1304 3764 sententiam

244 3773 454 3813 permittendo,
473 3775 554 3804 vobis
568 3775 741 3805 audientibus
756 3775 789 3804 ὃς
803 3773 967 3810 scientibus,
985 3783 1046 3803 non
1061 3773 1117 3802 line
1132 3772 1220 3802 multa
1234 3780 1302 3800 nos-

243 3814 280 3843 tri
294 3814 406 3851 injuria,
426 3813 458 3841 &
475 3811 586 3851 Imperii
602 3813 812 3843 verecundia&
823 3811 1006 3850 jacim-amer
1021 3811 1158 3850 Regnum
1173 3809 1300 3840 vestrum

246 3851 372 3889 undique
386 3849 536 3888 publicari,
554 3860 647 3888 nunc,
667 3859 751 3889 prout
764 3859 844 3881 certo
859 3851 1068 3887 comperimus,
1087 3849 1179 3879 eidem
1196 3847 1304 3886 capitali

247 3891 366 3920 inimico
388 3887 487 3919 nostro
509 3887 582 3929 fatue
596 3889 773 3926 obediendo,
792 3888 934 3918 honorem
950 3887 1080 3918 nostrum
1095 3889 1128 3918 &
1142 3887 1304 3926 sanguinem

247 3928 362 3966 sitienti,
380 3927 417 3957 de
431 3925 561 3956 Eccleiiis
581 3925 675 3964 Regni
689 3927 789 3965 vestri,
809 3925 907 3956 vestris
927 3936 959 3956 ac
981 3926 1219 3963 praedecefforum
1242 3934 1306 3955 ves-

247 3974 358 3996 trorum
383 3967 467 4004 (quos
488 3965 606 4003 reputari
627 3963 738 3995 nostros
754 3965 849 3995 nostra
863 3964 1009 4001 compellit
1022 3964 1151 4001 affinitas)
1169 3965 1212 4001 pia
1227 3963 1307 4002 largi-

247 4006 327 4035 tione
340 4004 445 4041 ditatis,
462 4003 496 4033 ad
510 4003 753 4045 impugnationem
764 4002 891 4033 nostram
906 4004 1063 4040 pecuniaria
1078 4003 1162 4039 finitis
1172 4002 1307 4040 subsidia,

246 4043 330 4076 tallias
343 4043 378 4075 &
393 4042 524 4074 collectas
536 4039 693 4071 ministrari.

1340 3309 1425 3338 latam
1440 3305 1578 3336 Romano
1617 3306 1687 3336 rinci
1708 3305 1780 3345 iper
1795 3305 1965 3335 Romanum
1980 3302 2162 3341 Antistitem,
2183 3303 2260 3341 (quae
2280 3311 2339 3332 non
2359 3302 2405 3333 so-

1340 3347 1401 3377 lum
1416 3345 1621 3382 Imperatorem
1635 3345 1669 3375 &
1699 3344 1840 3384 mperium
1854 3351 2048 3382 tangunt,nec
2064 3341 2155 3373 solum
2168 3341 2264 3380 Reges
2279 3341 2313 3372 δε
2323 3340 2406 3371 Prin-

1342 3386 1435 3422 cipes,
1452 3392 1557 3414 verum
1570 3383 1654 3413 etiam
1670 3392 1786 3421 omnes,
1804 3383 1837 3413 δε
1853 3382 1974 3422 singulos
1986 3380 2122 3413 universae
2134 3388 2217 3411 terrae
2230 3378 2357 3410 Nobiles
2371 3380 2407 3411 &

1343 3421 1504 3459 Maonates)
1518 3422 1739 3452 conniventibus
1750 3421 1840 3452 oculis
1853 3421 1991 3459 toleratis3

1380 3446 1591 3499 AEquanimiter
1602 3461 1735 3497 patientes
1749 3461 1893 3498 iniquam,
1907 3460 1941 3491 &
1955 3458 2058 3490 carnali
2077 3455 2146 3488 odio
2164 3455 2277 3494 plenam
2296 3455 2406 3486 senten-

1342 3501 1411 3531 tiam
1434 3499 1570 3538 Gregorii
1592 3498 1720 3529 Romani
1739 3497 1887 3530 Pontificis
1907 3500 1937 3529 in
1959 3507 2012 3528 nos
2032 3497 2116 3528 latam
2131 3519 2142 3533 ,
2166 3503 2266 3525 contra
2287 3494 2405 3536 fratrum

1343 3538 1474 3576 consilia,
1492 3545 1592 3568 contra
1604 3536 1704 3568 Deum
1719 3537 1754 3568 ὅ(
1766 3547 1887 3568 omnem
1898 3536 2052 3576 justitiam,
2069 3535 2099 3564 in
2111 3533 2242 3564 favorem
2257 3533 2408 3563 haeretico·

1343 3587 1408 3607 rum
1424 3575 1697 3614 Mediolanensium,
1716 3576 1876 3607 &suorum
1887 3585 1959 3607 com
1979 3574 2068 3604 licum
2082 3573 2221 3610 (quorum
2241 3572 2252 3601 1'
2271 3571 2297 3602 se
2316 3569 2406 3600 faetus

1342 3615 1385 3646 est
1397 3614 1547 3652 defensor,
1565 3615 1598 3645 ὃ(
1611 3615 1738 3652 publicus
1751 3614 1938 3646 Conciliarius
2012 3619 2112 3642 contra
2134 3620 2186 3641 nos
2202 3610 2236 3641 δε
2263 3609 2406 3651 mperium

1342 3653 1474 3684 nostrum
1492 3653 1648 3692 praecipuus
1668 3655 1836 3693 receptator)
1857 3655 1888 3684 in
1908 3651 1998 3683 oculis
2019 3649 2109 3681 Rewis
2123 3648 2226 3686 vestri,
2241 3647 2274 3678 &
2288 3645 2406 3684 vestris,

1344 3703 1394 3732 per
1412 3699 1506 3722 toturn
1530 3690 1667 3730 Regnum
1691 3693 1804 3732 Angli-ae
1820 3691 1971 3734 publicari,
1989 3698 2054 3728 quae
2069 3675 2296 3720 Ziffamationem
2314 3684 2405 3716 nostri

1344 3731 1470 3761 nominis
1482 3730 1612 3760 continet
1624 3731 1658 3762 δε
1671 3731 1798 3762 honoris.

1382 3768 1421 3800 Et
1442 3768 1550 3799 utinam
1572 3768 1622 3799 ista
1641 3769 1812 3801 sufficerent:
1850 3769 1916 3806 Set,
1934 3766 2014 3807 quod
2033 3766 2110 3806 pejus
2128 3762 2171 3793 est
2185 3786 2201 3805 ,η
2214 3762 2248 3793 &
2270 3760 2407 3800 Maiesta-

1344 3816 1403 3837 tem
1422 3806 1547 3837 nostram
1566 3815 1681 3847 tangens
1702 3810 1809 3848 acrius,
1824 3807 1912 3847 Regis
1933 3805 2106 3841 thesaurum,
2125 3800 2307 3842 Clericoruni
2331 3801 2407 3831 bona

1345 3848 1378 3877 &
1398 3844 1606 3884 Ecclesiarum,
1626 3856 1675 3884 per
1698 3847 1799 3885 tallias,
1817 3844 1965 3883 colleetas,
1983 3844 2017 3875 &
2036 3841 2098 3871 alias
2111 3840 2289 3883 ‘extorsiones
2312 3840 2408 3870 multi-

1349 3885 1450 3922 plices,
1468 3883 1502 3913 ad
1526 3885 1771 3923 impugnationem
1792 3883 1918 3915 nostram
1940 3879 2098 3923 permittitis
2109 3886 2138 3908 in
2156 3876 2265 3921 Regno
2279 3876 2338 3921 fieri
2373 3878 2408 3909 &

1345 3922 1380 3954 ad
1400 3922 1519 3953 Curiam
1540 3923 1706 3955 Romanam
1725 3924 1883 3962 deportari,
1901 3924 1935 3953 &
1955 3919 2004 3959 qui
2021 3925 2102 3947 eratis
2123 3915 2194 3959 olim
2218 3916 2321 3960 liberi,¹
2348 3923 2407 3960 icut

1346 3964 1442 4031 ‹staeteri
1463 3960 1623 4000 christiani,
1641 3972 1719 3994 nunc
1739 3971 1834 3994 autem
1854 3970 1904 3998 per
1922 3958 2040 3989 nimiam
2059 3954 2237 3986 tolerantiam
2256 3954 2324 3985 facti
2346 3953 2412 3985 estis

1375 4010 1425 4031 rvi.

1359 4010 1432 4069 eHa
1453 4037 1556 4069 Deus!
1575 4038 1720 4071 sustineret
1738 4037 1804 4069 haec
1826 4034 1912 4067 hodie
1924 4057 1934 4071 ,
1959 4031 1981 4070 si
1999 4032 2133 4070 viveret,
2158 4030 2302 4062 Henricus
2323 4029 2415 4099 seffor

2424 2665 2458 2688 H.
2479 2669 2554 2697 3-m.

2427 2708 2471 2735 ¹5·
