2570 4261
690 172 802 214 ET
886 173 1154 214 ACTA

1237 172 1716 220 PUBLICA.
2235 197 2282 240 31

0 263 50 288 lnn.
63 253 104 285 D.
123 255 248 298 Jacobus
262 260 456 296 Primogenitus
463 259 575 288 Domini
582 260 638 287 Be·
676 260 786 287 Riccani
801 257 832 286 de
846 257 1001 288 Lamanon.
1263 260 1360 287 Pontio
1374 259 1505 297 Celsonen.
1524 273 1557 291 ac

2 294 85 326 1288-
163 301 283 334 rengarii
302 297 444 336 Gatelini,
676 297 774 324 Petrus
789 296 820 324 de
833 296 969 335 Terascon.
989 295 1028 330 (ἔγ
1264 296 1364 340 Gaufr.
1383 302 1497 336 Apten,
1513 299 1700 331 Ecclefiarum
1713 299 1879 340 praepositis:
2304 293 2379 324 Am]-
2390 292 2430 326 D.

2 335 41 363 lv.
63 342 88 362 ι.
124 336 298 365 Bertrandus
312 338 509 373 Primogenitus
527 337 639 364 Domini
677 333 837 363 Gautelmus
850 335 881 363 de
898 334 1028 364 Arelate.
1263 334 1406 371 Magtstris
1423 335 1570 366 Willzelmo
1585 340 1616 368 de
1632 340 1714 368 Lucia
1730 340 1881 371 Dunelmen
1916 338 1954 376 ῤ’
2322 334 2407 363 1288.

1264 374 1338 403 Rem.
1358 375 1537 413 Rapaturcie,
1556 377 1583 405 in
1598 376 1722 407 Ecclesia
1735 378 1854 409 Ilerden.
1876 365 2105 412 Archidiaconist
2299 374 2366 400 Edv.
2390 381 2415 408 ¹·-

167 420 215 450 Ad
228 420 364 457 majorem
378 426 473 448 autem
492 418 572 456 hujus
595 419 634 448 rei
656 417 807 448 cautelam
830 419 985 457 praelibatus
1000 418 1066 449 Rex
1079 417 1189 457 Arago-

125 469 197 489 num
218 458 360 488 mandavit
382 466 432 494 per
454 467 501 486 me
514 478 524 494 ‚
555 456 758 494 infrascriptum
779 456 935 487 Notarium
953 482 963 495 ,
993 458 1029 487 de
1051 457 1189 494 praedictis

126 497 245 541 praesens
259 495 407 533 puplicum
421 494 481 524 fieri
495 493 730 533 instrumentum,
748 496 795 525 cui
816 495 934 535 sigillum
954 496 1034 526 suum
1054 496 1120 526 fecit
1140 505 1189 532 ap-

126 545 205 573 poni.

162 619 231 651 Dat.
252 620 326 659 apud
345 619 493 658 Campum
515 618 676 658 Francum,
695 620 724 650 in
747 619 871 660 Aragon.
897 631 972 651 anno
996 621 1012 650 a
1032 619 1191 651 Nativitate

1261 410 1438 455 Johanne-de
1454 412 1551 452 Lasc'i,
1571 415 1720 444 Cancellar.
1741 416 1863 456 Ecclffiae
1879 422 1937 448 Cice
1961 429 2016 449 ren.

1264 449 1309 478 Ac
1324 449 1482 480 Nobilibus
1499 451 1589 490 Viris,
1607 453 1738 491 Johanne
1753 455 1847 484 Sabat.
1866 418 2034 497 σοηβίῑανίο,
2053 457 2091 492 &⁴

1264 489 1346 516 Petro
1360 488 1392 517 de
1407 491 1526 525 Logran.
1548 490 1643 519 Milite
1655 492 1720 520 dieti
1733 495 1810 529 Regis
1825 497 1950 531 Aragon.

1264 527 1380 555 Domino
1395 529 1437 555 W
1437 527 1543 556 illielmo
1558 529 1590 558 de
1603 533 1699 567 Scoppa
1716 531 1810 560 Milite
1821 533 1936 570 praefati
1949 536 2028 570 Regis
2039 532 2151 571 Angliae
2160 557 2169 573 ,
2187 545 2221 564 ae

1265 566 1381 593 Domina
1396 565 1512 595 Matheo
1526 567 1557 595 de
1572 568 1667 595 Adria
1686 567 1795 606 Milite,
1813 567 1851 603 &¹

1265 602 1398 641 Magistro
1412 604 1509 632 Adam
1525 605 1557 633 de
1569 605 1693 644 Dufflato
1706 605 1805 635 Clerico
1813 628 1823 645 ,
1841 610 1952 638 Domini
1964 611 2094 648 Principis
2113 610 2227 650 Salern,
2243 608 2282 647 ὠ

1266 641 1408 680 Magist-ris
1421 642 1554 680 Stephano
1567 644 1599 672 de
1614 645 1712 672 Sanc‘lo
1724 648 1835 681 Georgia
1844 668 1853 682 ,

1264 682 1358 708 Soran.
1372 691 1410 712 *ac
1431 683 1474 709 W
1474 680 1580 710 illielmo
1603 682 1634 710 de
1655 681 1790 719 Blisburg.
1811 682 1932 724 Eccltfiae
1947 685 1978 714 de
1996 684 2142 716 Auclande
2156 686 2284 717 Dunelm.

1302 720 1376 746 Dioc.
1399 722 1466 748 can.
1483 717 1521 753 όν
1535 719 1629 749 Cleric.
1649 723 1728 750 Dom.
1749 724 1812 758 Reg.
1831 721 1920 759 Angl.
1940 727 2089 753 memorati.

125 657 251 689 Domini
268 659 353 690 1288.

164 738 326 771 IndiCtione
338 739 457 770 secunda
494 739 681 770 Pontificatsis
699 739 823 770 Domini
837 739 975 770 Nicholai
996 739 1079 777 Papae
1101 740 1189 777 quarti

124 787 201 808 anno
215 779 309 818 primo
317 802 334 822 ,ἰ
346 787 441 816 quarta
454 763 500 807 die
513 787 633 808 exeunte
649 779 751 808 Mense
766 778 889 809 Octobr.
904 780 933 808 in
948 778 1053 808 Palatio
1063 801 1073 816 ,
1084 778 1113 807 in
1129 787 1188 815 quo

125 816 313 854 hospitabatur
327 816 437 846 illustris
452 816 518 846 Rex
533 816 656 856 Aragon.
675 817 848 856 praelibatus,
866 817 1058 855 praesentibus,
1264 793 1399 824 Testibus
1411 794 1445 824 ad
1460 795 1517 826 hoc
1532 797 1634 827 notatis
1649 796 1800 834 specialiter
1816 799 1850 829 &
1863 800 1973 838 rogatis.

1266 868 1304 900 Et
1317 879 1371 909 ego
1382 870 1525 914 Jnohannes
1540 872 1635 903 Erturi
1650 872 1687 903 de
1707 872 1853 912 Cadamo,
1872 874 2048 913 Apostolicae
2067 877 2146 907 Sedis
2165 877 2287 908 auctori-

1228 916 1282 938 tate
1296 908 1434 938 Notarius
1448 909 1615 948 Pupplicus,
1628 911 1679 940 hiis
1692 913 1826 942 omnibus
1842 914 1967 952 interfui,
1980 917 2092 953 propria
2105 926 2191 947 manu
2204 917 2290 954 scrip-³

1229 946 1266 984 si,
1285 947 1318 976 &
1335 946 1368 976 ad
1381 948 1517 984 majorem
1533 949 1703 979 evidentiam
1718 951 1926 987 praemistorum
1940 963 2065 992 rogatus,
2086 956 2143 984 inei
2159 956 2226 994 ligni
2239 965 2290 984 an-

1229 986 1377 1015 notatione
1390 986 1419 1014 in
1435 986 1507 1016 hanc
1522 988 1683 1024 pupplicam
1697 988 1820 1018 formam
1835 990 1937 1027 redegi.

1266 1023 1331 1067 Ego
1345 1033 1415 1053 vero
1430 1024 1580 1061 praedictus
1596 1025 1734 1056 Notarius
1746 1027 1774 1055 in
1794 1035 1838 1063 17.
1856 1028 1944 1065 linea,
1960 1029 2018 1059 fere
2032 1030 2061 1059 ‘in
2074 1029 2131 1060 fine
2152 1030 2234 1068 ipsius
2257 1031 2290 1061 li-

1230 1071 1307 1099 neae,
1323 1071 1352 1091 in
1365 1061 1425 1092 hoc
1445 1062 1606 1101 vocabulo,
1626 1063 1722 1092 annuli
1742 1072 1805 1094 ante
1824 1066 2067 1104 consignationem
2090 1070 2123 1098 &
2142 1069 2210 1108 ligni
2233 1068 2290 1099 mei

1229 1099 1453 1138 appositionem,
1471 1100 1528 1130 feci
1549 1101 1685 1140 rasuram,
1704 1103 1737 1133 ὃς
1755 1103 1784 1131 in
1805 1103 1892 1133 rasura
1913 1104 2029 1143 eadem,
2056 1107 2165 1144 propria
2184 1116 2291 1145 manu,

1230 1139 1403 1168 vocabulum
1416 1137 1526 1169 didium
1541 1139 1641 1177 scripsi.

164 902 191 941 *ι
203 902 356 944 Venerabili
370 905 456 932 Patre
470 906 586 933 Domino
601 907 636 933 R.
654 903 775 934 Bathon.
792 901 830 939 ῤ’
844 903 954 934 lVellen.
975 902 1114 942 Epifiopo,
1133 900 1172 937 &³

163 942 295 979 Discretis
309 944 384 970 Viris
392 964 401 979 ,

161 981 274 1016 Hugone
286 980 318 1009 de
332 978 497 1018 Mataplano
512 979 656 1019 Maffilien.

162 1020 258 1048 Pontio
273 1017 406 1056 Celfimen.
425 1030 457 1048 ac

163 1055 266 1094 Gaufr.
286 1061 392 1095 Apten.
413 1056 590 1096 Ecclefiarum
601 1056 765 1097 praepofitis,
784 1057 943 1097 Magssris,

164 1097 208 1124 W
207 1094 315 1125 illielmo
329 1097 361 1125 de
376 1096 461 1125 Luda
474 1094 650 1134 melmenfi

163 1136 254 1173 Reym.
273 1136 412 1172 Rippactie
423 1138 451 1163 in
465 1133 582 1174 Ecclefia
598 1135 714 1164 Ilerden.

163 1171 297 1210 Johanne
311 1173 344 1202 de
360 1172 464 1213 Lascy,
483 1171 633 1202 Cancellar.
653 1171 775 1212 Ecclefiae
789 1171 913 1213 Cycester.

163 1210 299 1249 Johanm’
313 1211 419 1240 sabath
433 1210 603 1251 Confiliario,
622 1209 660 1245 (ἔγ

164 1252 247 1279 Petro
262 1250 293 1279 de
307 1252 392 1286 Logn.
413 1248 507 1278 Mlite
521 1250 586 1278 dim
600 1251 678 1286 Regis
696 1252 822 1286 Aragon.

164 1290 280 1317 Domino
295 1288 425 1317 Mattheo
440 1288 471 1316 de
486 1288 612 1316 Adrian.

167 1326 301 1366 Magistro
316 1327 377 1356 Aa'.
394 1324 493 1356 clerico
508 1325 574 1354 dieii
589 1328 701 1354 Domini
716 1327 846 1363 Principis
857 1323 1032 1354 salernitani.

4 906 109 945 11.380.

1232 1269 1367 1315 Confeffio
1383 1270 1504 1314 Alfonsi
1516 1271 1693 1318 Arragoniae
1710 1275 1797 1319 Regis
1816 1272 1851 1305 cle
1862 1278 2008 1319 pecunia,
2028 1284 2082 1318 per
2100 1276 2207 1320 Regem
2224 1279 2294 1309 An-

1271 1320 1338 1366 gliae
1346 1318 1408 1362 fibi
1423 1330 1584 1351 numerata
1599 1332 1654 1366 pro
1666 1321 1774 1365 forma
1785 1323 1869 1367 pacii
1880 1349 1890 1364 ,
1907 1322 1999 1368 sitper
2026 1318 2199 1355 liberatione
2219 1336 2295 1371 prae.

163 1402 202 1434 Et
217 1402 358 1434 nonnullis
373 1402 430 1433 aliis
445 1401 579 1432 Testibus
593 1401 628 1431 ad
641 1401 701 1432 hoc
716 1398 823 1432 vocatis
836 1400 989 1439 specialiter
1003 1401 1036 1431 δε
1050 1400 1160 1439 rogatis.
1269 1368 1335 1412 fast
1351 1370 1498 1413 Prmc‘pls
1515 1378 1594 1401 mm·

1227 1452 1304 1513 vIN
1320 1452 1455 1483 Nomine
1466 1451 1594 1497 ⁵Domini
1608 1452 1713 1498 Amen..
1825 1494 1831 1499 ·
1994 1495 1999 1501 ι
2254 1497 2259 1502 ⁸
2312 1479 2388 1510 Am.
2400 1476 2432 1510 D

1298 1490 1488 1536 inpraesentia
1501 1501 1577 1535 mei,
1593 1491 1709 1523 Notarii
1723 1492 1756 1524 &
1769 1492 1882 1524 testium
1898 1493 2137 1533 subscriptorum,
2157 1494 2295 1535 Magnifi-
2432 1500 2440 1511 ”

1231 1538 1280 1560 cus
1299 1529 1436 1573 Princeps
1443 1553 1452 1567 ,
1471 1528 1618 1573 Dominus
1639 1531 1788 1569 Alfonius,
1807 1531 1865 1562 Dei
1885 1534 1968 1572 gratia
2002 1533 2112 1564 illustris
2135 1533 2200 1564 Rex
2224 1535 2296 1564 Ara·
2331 1519 2416 1550 1²88·

1226 1576 1357 1606 gonum,
1377 1568 1581 1612 Majoricarum
1603 1569 1635 1599 &
1657 1569 1764 1613 Valent.
1783 1580 1816 1600 ac
1837 1570 1946 1615 Comes
1961 1556 2130 1616 &archinon
2150 1573 2294 1616 confessus
2312 1558 2424 1623 ‘¹3¹¹'1f6‘

1231 1606 1273 1636 est
1288 1608 1321 1637 &
1332 1615 1505 1651 ¹rec-ognovu
1520 1607 1548 1650 se
1561 1607 1763 1677 prceEsegiitierffigr
1778 1609 1913 1678 ῐὲξὲἓὲῐίῖε
1926 1610 2110 1679 {stiliabliliige
2121 1610 2295 1679 &RMagRifiI
2312 1618 2342 1662 L:
2359 1639 2389 1662 B.
2396 1628 2424 1670 f·

1229 1645 1620 1751 {Egrbngffiegoffiirggffiae
1634 1657 1773 1716 &WDucg
1793 1657 1951 1724 Aquitm÷ae
1966 1660 1995 1726 ‚a
2010 1659 2112 1725 viginii
2134 1658 2291 1718 trieztgernillia
2317 1683 2377 1709 ¹50'
2396 1683 2423 1701 η’

166 1479 204 1510 Et
217 1489 271 1519 ego
282 1478 427 1517 Johaniies
442 1479 536 1511 Erturi
551 1478 587 1509 de
610 1477 758 1516 Cadamo,
776 1476 954 1515 Apostolicae
975 1476 1053 1508 Sedis
1072 1476 1195 1519 auetori-

127 1526 184 1549 tate
198 1518 335 1548 Notarius
350 1517 502 1557 Publicus,
521 1518 573 1548 hiis
587 1518 722 1547 omnibus
736 1517 864 1554 interfui,
882 1517 994 1556 propria
1010 1525 1096 1545 manu
1109 1515 1194 1557 scrip-

128 1556 165 1594 fi,
183 1557 232 1595 &,
251 1556 285 1586 ad
307 1557 443 1594 majorem
466 1556 636 1587 evidentiam
658 1554 866 1593 praemissorum
887 1564 998 1595 rogatus
1013 1578 1023 1594 ,
1049 1555 1106 1584 mei
1127 1554 1195 1592 ligni

126 1596 310 1626 annotatione
321 1595 352 1625 in
366 1595 439 1626 hanc
454 1595 597 1633 publicam
612 1594 725 1624 forman
739 1593 841 1633 redegi.

2311 1716 2383 1740 Penes
2390 1715 2443 1739 Ca·

0 1907 106 1940 mn.D.

0 1948 83 1979 1288.

0 1991 29 2015 ln.
50 1989 90 2014 16.

125 1730 175 1762 De
202 1726 315 1760 duobus
340 1726 504 1771 menstbm,
529 1728 613 1760 ultra
639 1727 738 1760 decem
753 1728 881 1773 menses,
907 1730 1038 1772 Principi
1056 1725 1191 1757 Salerni-

170 1786 240 1808 timo
258 1787 313 1822 per
345 1779 451 1822 Regem
482 1779 625 1823 Arragan
659 1775 803 1819 concffs,
830 1774 936 1822 quibus
960 1778 1190 1816 Conventiones‚

163 1824 255 1871 fitper
277 1822 449 1857 liberatione
461 1826 523 1871 fita
533 1825 661 1870 sufflas,
687 1835 803 1858 tenetur
821 1823 992 1870 adimplere.

166 1908 201 1939 N
217 1908 351 1940 Nomine
364 1909 505 1949 Domini,
520 1909 626 1941 Amen.

195 1947 228 1977 ln
250 1948 392 1986 praesentia
412 1950 485 1987 mei,
504 1949 621 1979 Notarii
645 1948 678 1979 &
695 1947 807 1979 testium
824 1947 1060 1988 subscriptorum,
1078 1945 1192 1978 ordina-

128 1992 191 2016 tum
204 1987 299 2018 fuit&
315 1995 492 2018 conventum
507 1989 580 2018 inter
591 1986 757 2026 magnificos
781 1986 943 2026 Principes,
962 1986 1109 2017 Dominos
1132 1984 1192 2014 Ed-

1269 1731 1396 1752 arcarum
1412 1722 1544 1761 Argenti,
1563 1730 1621 1753 tam
1637 1724 1666 1752 in
1681 1723 1779 1762 Auro,
1799 1726 1885 1763 quam
1901 1725 2032 1763 Argento
2047 1736 2120 1763 puro
2140 1727 2174 1757 &
2192 1728 2291 1765 bono,

1228 1761 1318 1797 polita
1334 1770 1383 1798 pei·
1397 1760 1486 1798 ipsum
1501 1760 1614 1801 Regem
1632 1761 1743 1801 Angliae
1754 1773 1807 1800 pro
1822 1772 1899 1801 parte
1910 1765 1944 1795 &
1958 1766 2078 1794 nomine
2091 1764 2204 1804 Egreoii
2218 1765 2292 1803 Viri,
2309 1758 2403 1778 merar-

1228 1799 1354 1829 Domini
1379 1799 1496 1837 Kaioli,
1521 1799 1658 1838 Principis
1680 1801 1843 1832 Salernitani
1859 1826 1867 1840 ,
1895 1812 1949 1840 pro
1970 1803 2115 1834 securitate
2134 1789 2238 1834 scilicet
2261 1805 2294 1834 &

1229 1838 1447 1875 complemento
1461 1839 1644 1906 qiparurndam
1659 1838 1914 1878 Conventionum,
1927 1840 2020 1871 eidem
2037 1841 2113 1881 Regi
2127 1841 2296 1881 Aragonum

1229 1886 1279 1914 per
1299 1877 1448 1914 prael-atum
1498 1878 1637 1914 rincipem
1657 1878 1910 1917 complendarum,
1928 1879 1997 1910 sicut
2015 1881 2043 1909 in
2058 1879 2195 1918 Capitulis
2211 1879 2295 1910 Con*

1229 1916 1400 1945 ventionum
1423 1916 1540 1952 ipsarum
1554 1940 1564 1954 ,
1601 1915 1681 1953 super
1701 1916 1868 1947 liberatione
1889 1918 1959 1948 diCti
1979 1918 2119 1956 Principis
2139 1919 2241 1949 habitis
2262 1920 2296 1950 ὃς

1229 1954 1350 1983 tractatis
1358 1978 1367 1992 ,
1387 1952 1494 1991 plenius
1510 1955 1686 1984 continetur:

1268 1991 1451 2022 Renuncians
1463 1992 1540 2022 idem
1554 1992 1620 2022 Rex
1634 1991 1818 2031 Aragonum,
1837 2003 1872 2024 ex
1886 2002 1963 2025 certa
1984 1995 2113 2032 scientia,
2131 1994 2295 2035 exceptioni

1 2048 6 2053 .
32 2035 55 2053 i.
127 2024 273 2063 wardum,
300 2025 356 2055 Dei
376 2026 478 2064 oraria,
503 2025 631 2065 Angliae,
657 2025 809 2069 Alfonsum
829 2025 1013 2064 Aragonum,
1040 2023 1193 2068 Majorica-
1228 2039 1289 2060 non
1303 2039 1471 2070 numeratae,
1492 2036 1552 2061 non
1573 2031 1692 2069 habitae,
1711 2041 1771 2062 non
1793 2042 1932 2071 receptae,
1951 2035 1984 2064 &
2005 2043 2065 2064 non
2089 2034 2185 2071 politae
2204 2044 2292 2071 pecu-

2 2086 8 2091 .
23 2067 52 2090 B.
60 2062 88 2100 f.
127 2073 190 2092 rum
204 2065 238 2094 &
253 2063 364 2095 Valent.
376 2049 472 2103 §eges
486 2064 621 2103 illustres,
635 2074 668 2094 ac
680 2073 827 2108 egregitur}
841 2065 935 2094 virum
951 2062 1117 2107 D9m1num
1132 2061 1193 2092 Ka·
1229 2069 1301 2107 niae,
1319 2069 1397 2107 doli,
1416 2070 1449 2100 &
1471 2071 1501 2099 in
1522 2068 1645 2107 factum,
1664 2070 1696 2100 ὅ(
1716 2071 1850 2108 omnibus
1875 2071 1931 2101 aliis
1945 2073 2176 2110 exceptionibus,
2195 2074 2292 2102 omnia

0 2111 41 2136 ¹7-
61 2102 85 2128 b.
127 2101 238 2145 tolum,
256 2102 418 2140 Principem
433 2103 595 2134 Salernitan.
615 2103 712 2141 quod,
732 2103 798 2132 licet
812 2113 841 2132 in
853 2102 971 2133 traciam
981 2101 1135 2145 interposit.
1148 2100 1192 2130 su·
1228 2117 1287 2145 que
1297 2107 1372 2146 Jurjs
1386 2107 1504 2146 auxilio,
1522 2115 1581 2138 tarn
1596 2108 1753 2146 Canonici,
1772 2110 1859 2147 quarn
1874 2109 1977 2149 Civili,
1996 2120 2046 2148 per
2067 2120 2132 2149 quae
2152 2111 2245 2149 posset
2266 2111 2294 2141 se

0 2150 48 2167 enes
57 2145 107 2168 Ca·
124 2149 175 2177 per
195 2141 358 2171 liberatione
379 2142 461 2179 ipsius
482 2142 621 2186 Principis
639 2142 754 2180 habito,
771 2151 825 2171 nec
846 2150 905 2170 non
925 2142 959 2172 ὃ(
979 2150 1008 2170 m
1025 2139 1192 2178 qmbusdam
1229 2155 1331 2176 contra
1346 2145 1481 2184 praedi&a
1494 2146 1646 2177 defendere
1659 2147 1704 2177 vel
1713 2148 1819 2186 juvare.

0 2187 74 2207 lerar·

8 3796 114 3836 11.381.

125 2178 181 2208 aliis
199 2180 334 2218 pupplicis
348 2180 554 2218 instrumentis,
572 2181 677 2218 scriptis
692 2189 778 2209 manu
792 2180 848 2209 mei
864 2179 934 2209 infra
947 2178 1039 2216 scripti
1059 2178 1094 2208 N
1096 2179 1193 2223 orarii,
1228 2203 1231 2208 Δ

126 2219 303 2248 contineatur
318 2219 445 2256 expresse
458 2219 536 2257 quod
550 2219 641 2249 dichis
653 2218 787 2257 Princeps
799 2218 900 2248 habeat
912 2217 1014 2247 decem
1032 2216 1192 2260 mensesQa

126 2256 171 2286 die
190 2257 245 2286 suae
266 2257 451 2296 liberationis,
467 2258 538 2288 infra
560 2267 632 2296 quos
654 2265 765 2287 tenetur
783 2256 840 2294 ipse
861 2256 996 2294 Princeps
1013 2255 1137 2293 tradere,
1162 2265 1192 2284 in

126 2294 208 2332 posse
227 2295 294 2325 dieti
315 2296 403 2336 Regis
423 2296 605 2336 Aragonum,
623 2295 670 2327 vel
687 2294 845 2325 Haeredum
865 2295 995 2332 suorum,
1026 2294 1191 2324 Dominum

127 2333 271 2364 Karolum
287 2334 514 2374 primogenitum
526 2335 625 2372 suum,
642 2335 676 2365 &
689 2335 817 2372 optinere
833 2342 960 2372 treugam
983 2333 999 2362 a
1021 2332 1191 2363 sacrosanCm

129 2371 254 2403 Ecclelia
267 2373 417 2412 Romana,
436 2375 469 2404 ὃς
484 2374 499 2403 a
514 2372 666 2412 magnifico
681 2372 814 2409 Principe
827 2371 962 2402 Domino
977 2370 1192 2410 Philippo,Dei

126 2410 228 2449 gratia,
253 2411 327 2448 Reg.
348 2412 474 2442 Franciae
494 2411 609 2449 illustri,
627 2412 661 2441 ὃς
683 2410 818 2440 Domino
837 2409 949 2439 Karolo
971 2409 1067 2439 Fratre
1086 2409 1137 2439 suo
1157 2409 1191 2440 &

128 2449 291 2480 valum-ibus
304 2450 372 2488 suis,
388 2449 439 2480 sub
451 2448 697 2480 commissionibus
711 2456 850 2479 certarum
870 2457 1039 2485 poenarum,
1058 2456 1143 2485 prout
1162 2448 1193 2476 in
1230 2456 1232 2459 ’

125 2487 230 2517 eisdem
243 2489 363 2519 maetam
376 2489 409 2518 &
423 2488 614 2518 instrumentis
629 2487 735 2525 plenius
751 2487 920 2516 continetur.

164 2526 241 2557 Non
260 2535 355 2557 tamen
374 2527 479 2564 praefati
500 2526 567 2556 Rex
588 2525 698 2566 Angliae
711 2526 744 2555 &
760 2524 895 2561 Princeps
911 2523 1035 2554 incidant
1047 2524 1078 2553 in
1092 2533 1192 2561 poenas

125 2564 193 2601 ipsas
208 2587 218 2603 ,
243 2565 288 2594 vel
308 2565 428 2603 aliquam
449 2563 628 2602 earumdem,
653 2563 674 2594 si
695 2563 766 2593 infra
787 2563 938 2601 praediecos
960 2562 1062 2593 decem
1083 2561 1191 2592 menses

125 2602 203 2632 idem
216 2602 349 2640 Princeps
363 2613 422 2633 non
431 2604 575 2641 compleat
589 2601 758 2640 supradicta,
772 2601 811 2632 set
824 2602 924 2632 habeat
940 2601 1095 2639 praelibatus
1108 2600 1191 2630 Prin-

124 2650 191 2678 ceps
231 2641 302 2671 ultra
319 2641 421 2671 decem
444 2641 552 2672 menses
574 2641 741 2679 praedidtos,
767 2641 801 2671 ὃς
823 2640 891 2670 alios
911 2639 982 2671 duos
1004 2639 1126 2670 menses·
1153 2640 1190 2670 ita

125 2664 206 2716 quod
220 2680 318 2710 habeat
331 2690 437 2710 annum
452 2682 597 2717 integrum
626 2680 642 2709 a
658 2679 704 2709 die
718 2677 773 2709 suae
786 2678 958 2709 liberationis
972 2688 1108 2709 numeran
1129 2687 1190 2717 um,

124 2717 196 2747 infra
217 2729 320 2756 quem,
339 2718 389 2748 sub
409 2704 656 2748 commistionibus
670 2717 865 2755 praetatstarum
879 2725 1047 2755 poenarum,
1065 2724 1191 2747 teneatur

123 2756 248 2794 praes'atas
266 2758 472 2787 conventiones
485 2756 626 2787 attendere
644 2757 677 2787 &
696 2756 860 2793 complere,
879 2766 939 2786 non
959 2755 1090 2786 obstante
1111 2754 1191 2794 quod

125 2795 154 2824 in
170 2795 303 2834 mistam,
317 2795 390 2833 apud
403 2795 563 2826 Oleronem
576 2794 692 2833 habito,
711 2794 972 2831 superliberatione
992 2794 1062 2825 dicti
1080 2794 1191 2825 Princi-

124 2834 181 2871 pis,
201 2834 272 2864 inter
286 2833 379 2873 Reges
396 2833 511 2864 eosdem
536 2835 731 2871 contineatur,
750 2833 829 2870 quod
849 2832 928 2864 idem
941 2832 1098 2873 Princeps,
1118 2833 1190 2863 infra

126 2871 228 2902 decem
243 2872 368 2909 menses,
386 2872 402 2902 Ξι
414 2872 460 2903 die
474 2872 528 2903 suae
541 2872 725 2909 liberationis,
741 2871 852 2902 dietum
865 2872 946 2902 suurn
966 2873 1060 2910 primo
1081 2873 1189 2902 enitum

126 2911 155 2939 in
171 2909 250 2948 posse
263 2910 331 2941 dieti
346 2910 433 2950 Regis
446 2911 633 2951 Aragonum,
648 2911 694 2942 vel
703 2909 864 2941 Haeredum
884 2910 1001 2941 suorum
1019 2919 1061 2942 tra
1081 2920 1128 2942 ere
1148 2919 1190 2941 te-

124 2957 232 2978 neatur.
471 2958 473 2962 ·

164 2986 251 3024 Nec,
270 2986 550 3025 postpraedidtorurn
564 2986 689 3018 duorum
704 2988 845 3018 mensium
865 2987 1055 3026 additionem,
1073 2987 1191 3018 retarda-

125 3024 167 3054 bit
188 3024 279 3055 dietus
300 3025 435 3062 Princeps
454 3034 606 3062 procurare
624 3034 752 3066 treugam
772 3025 953 3064 praedkstam,
972 3027 1009 3057 set
1021 3028 1139 3066 juravit,
1156 3025 1189 3056 ad

126 3063 218 3093 {andta
233 3062 292 3107 Dei
303 3062 480 3108 Ewangelia,
498 3062 612 3107 fideliter
624 3064 716 3096 faeere
728 3065 810 3104 poffe
822 3065 904 3096 suum
918 3065 1025 3096 dieram
1047 3074 1190 3105 treugam,

124 3111 214 3140 quam
226 3110 307 3133 citius
320 3111 442 3139 poterit,
457 3109 596 3139 optinere.

164 3139 240 3170 Non
261 3149 356 3171 tamen
375 3139 498 3171 incidant
518 3140 625 3178 praefati
645 3141 712 3172 Rex
732 3142 844 3182 Angliae
865 3143 898 3174 &
919 3142 1053 3181 Princeps
1073 3143 1103 3172 in
1125 3151 1189 3179 poe-

124 3187 192 3208 nam
213 3178 348 3218 aliquam,
367 3188 436 3210 tam-
447 3181 477 3209 in
498 3178 638 3217 praedictis
651 3181 768 3212 trastatu
782 3183 816 3213 &
830 3181 1037 3218 instrumentis,
1057 3180 1142 3219 quam
1159 3181 1187 3209 in

125 3217 243 3247 tractatu
263 3217 337 3256 apud
360 3217 520 3248 Oleronem
543 3218 649 3256 habita,
666 3220 917 3258 comprehensam,
934 3220 954 3250 fi
976 3229 1102 3259 treugam
1117 3228 1187 3257 prae-

126 3255 249 3294 dietam,
266 3256 338 3286 infra
350 3256 501 3294 praedictos
515 3254 617 3286 decern
629 3257 755 3296 menses,
772 3258 863 3289 diffluis
877 3259 1012 3296 Princeps
1031 3258 1188 3297 nequiverit

128 3294 273 3333 optinere,
292 3294 454 3325 dummodo
468 3294 554 3332 ipsam
567 3303 695 3333 treugam
707 3297 834 3334 optineat
856 3297 926 3328 infra
944 3307 1052 3328 annum
1071 3296 1189 3335 praedic-

126 3341 199 3363 tum.

165 3370 286 3401 Praesens
306 3379 400 3401 autem
420 3370 559 3401 ordinatio
578 3371 613 3402 &
633 3373 790 3403 conventio
808 3373 882 3404 fasta
904 3374 956 3406 fuit
988 3374 1092 3406 eodem
1120 3372 1166 3403 die
1179 3395 1189 3410 ‚

126 3409 279 3448 postquam
292 3410 352 3440 aliae
366 3408 556 3440 ordinationes
568 3410 601 3440 &
617 3412 820 3441 conventiones
833 3413 936 3443 habitae
949 3414 982 3445 &
996 3413 1114 3444 firmatae
1129 3412 1190 3442 fue-

127 3449 200 3488 rint,
219 3457 283 3487 quae
296 3449 326 3478 in
339 3448 457 3486 praefatis
470 3447 630 3478 tractatibus
643 3449 678 3480 &
693 3448 884 3481 instrumentis
899 3451 1006 3489 plenius
1027 3452 1190 3489 exprimun-

129 3495 183 3517 tur.

166 3525 213 3556 Ad
233 3525 370 3564 majorem
388 3526 461 3555 vero
483 3525 620 3555 cautelam
640 3526 773 3556 omniurn
812 3528 1003 3560 raemissorum
1017 3552 1027 3568 ,
1062 3527 1190 3566 praedicti

129 3563 226 3602 Reges
240 3564 273 3595 &
288 3563 423 3603 Princeps
439 3563 658 3606 mandaverunt,
675 3562 712 3593 de
723 3574 756 3604 pr
801 3566 882 3605 istis,
901 3577 951 3605 per
964 3577 1013 3598 me
1025 3568 1094 3597 infra
1107 3567 1191 3603 scrip-

130 3610 192 3633 tum
211 3602 386 3641 Notarium,
403 3603 520 3640 praesens
542 3612 600 3642 pup
621 3601 708 3631 licum
728 3601 788 3633 fieti
808 3604 1046 3644 instrumentum,
1065 3607 1110 3636 cui
1123 3604 1192 3634 dicti

129 3639 338 3686 Regeslsigilla
357 3641 420 3680 sua,
437 3642 472 3673 &
492 3640 569 3671 idem
611 3641 723 3678 rinceps
742 3641 873 3681 Sigillum
890 3645 985 3682 annuli
1002 3645 1041 3676 sui
1063 3644 1192 3675 fecerunt

130 3689 243 3720 apponi.

169 3755 280 3787 Actum
295 3756 370 3795 apud
390 3756 537 3795 Campum
560 3756 700 3788 Francum
719 3756 748 3786 in
769 3755 893 3796 Aragon.
909 3769 984 3791 anno
1002 3760 1018 3790 a
1033 3759 1192 3792 Nativitate

133 3792 255 3825 Domini
272 3797 355 3827 1288.
370 3795 531 3826 indictione
546 3795 681 3833 secunda,
694 3793 880 3826 Pontificatfis
896 3798 915 3816 ³¹²
932 3797 1055 3829 Domini
1071 3798 1191 3829 Nicho-

132 3832 168 3862 lai
186 3832 270 3870 Papae
292 3844 320 3874 4.
339 3845 413 3864 anno
431 3836 542 3872 primo,
562 3842 656 3871 quarta
676 3833 723 3863 die
742 3842 860 3864 exeunte
881 3837 976 3867 mense
999 3837 1144 3876 octobri,
1161 3838 1191 3867 in

135 3869 259 3910 Palatio,
277 3874 306 3902 in
320 3884 378 3911 quo
393 3873 581 3911 hospitabatur
596 3871 706 3902 illustris
719 3871 785 3901 Rex
800 3871 924 3912 Aragon.
943 3876 1119 3916 praelibatus,

170 3947 353 3980 Praesentibus
363 3950 524 3982 Venerabili
539 3949 621 3980 Patre
633 3949 784 3987 Domino,

172 4026 206 4053 R.
225 4024 379 4056 Bathonien
392 4025 430 4062 &-
447 4027 551 4058 Wellen
563 4028 700 4067 Episcopo,

174 4061 214 4094 Et
227 4062 348 4095 discretis
358 4064 448 4105 Viris,
465 4069 538 4106 Hug.
555 4067 587 4098 de
601 4064 760 4106 Mataplan.
780 4064 938 4106 Maffalien.

1266 2183 1305 2215 Et
1327 2185 1495 2222 promittens
1515 2194 1548 2215 ac
1569 2185 1715 2224 obligans,
1740 2195 1790 2223 per
1811 2185 1987 2225 solempnem
2011 2186 2236 2225 stipulationem,
2253 2184 2294 2217 ei-

1229 2221 1298 2253 dem
1319 2223 1443 2261 Principi
1465 2223 1613 2261 praesenti,
1637 2225 1671 2255 δε
1691 2224 1834 2262 recipienti
1858 2234 1911 2262 pro
1931 2224 1958 2254 se
1979 2226 2012 2255 &
2034 2225 2205 2256 Haeredibus
2226 2226 2296 2264 suis,

1228 2261 1273 2300 se,
1293 2262 1326 2292 ὃς
1346 2261 1500 2299 Haeredes,
1518 2261 1564 2292 seu
1582 2262 1752 2293 successores
1774 2262 1852 2300 suos,
1880 2264 1914 2294 &
1933 2264 2030 2293 omnia
2053 2263 2155 2303 Regna
2177 2263 2238 2303 sua,
2261 2274 2295 2294 ac

1228 2301 1327 2330 omnia
1344 2301 1420 2331 bona
1440 2300 1485 2331 sua
1499 2322 1509 2339 ,
1534 2299 1679 2331 restituere
1700 2301 1793 2332 eidem
1816 2301 1942 2338 Principi
1955 2325 1964 2340 ‚
1989 2302 2034 2333 vel
2052 2302 2104 2332 suis
2124 2302 2295 2333 Haeredibus

1229 2338 1361 2376 praedicta
1374 2339 1472 2378 viginti
1487 2339 1538 2369 tria
1550 2339 1624 2369 milia
1638 2339 1805 2370 Marcarum
1821 2340 1955 2378 Argenti,
1974 2339 2004 2369 in
2019 2339 2137 2370 Casibus
2149 2341 2178 2370 in
2192 2342 2295 2379 quibus

1228 2386 1261 2406 ea
1281 2376 1427 2408 restituere
1444 2377 1602 2415 tenebitur,
1621 2377 1691 2408 sicut
1712 2380 1742 2407 in
1757 2377 1883 2415 quodam
1897 2378 1951 2407 alio
1964 2378 2171 2418 instrumentO,
2188 2379 2293 2417 scripto

1229 2424 1315 2446 manu
1329 2417 1386 2446 mei
1401 2415 1565 2453 infrascripti
1578 2415 1696 2446 Notarii
1732 2416 1838 2453 plenius
1851 2416 2023 2447 continetur.

1267 2453 1391 2492 Recepit
1413 2456 1518 2484 autem'
1533 2454 1662 2491 praefatus
1685 2438 1752 2484 Iiex
1774 2453 1941 2493 Aragonum
1960 2454 2096 2492 praediCta
2118 2456 2146 2486 vi
2167 2453 2217 2485 inti
2244 2454 2295 2486 tria

1229 2491 1350 2522 millium
1367 2492 1532 2522 Mai-carum
1547 2493 1665 2531 Argenti
1675 2494 1791 2531 partim,
1810 2492 1929 2531 scilicet,
1948 2493 1977 2522 in
1989 2493 2133 2533 Sterlingis
2165 2495 2227 2524 onis
2236 2514 2246 2532 ,
2258 2493 2294 2524 ad

1230 2531 1368 2560 rationem
1386 2529 1535 2561 tresdecim
1555 2530 1722 2561 Solidorum
1744 2532 1778 2562 &
1794 2539 1914 2569 quatuor
1927 2530 2034 2561 Denar.
2053 2542 2106 2569 pro
2122 2531 2240 2571 Marca3
2258 2534 2294 2564 &

1229 2570 1329 2606 partim
1343 2570 1372 2598 in
1385 2568 1536 2599 Turonen.
1554 2568 1838 2607 bonis,Argenti,ad
1854 2570 1994 2599 rationem
2010 2571 2212 2610 quinquaginta
2224 2581 2294 2609 qua-

1228 2615 1293 2637 tuor
1307 2607 1459 2637 Turonen.
1478 2607 1654 2637 Gross'orum
1666 2617 1719 2644 pro
1734 2607 1848 2638 Marca·
1868 2617 1900 2637 ac
1915 2609 2016 2647 partim
2036 2610 2063 2638 in
2086 2608 2213 2639 Florenis
2230 2609 2293 2640 Au-

1229 2646 1280 2680 reis
1293 2644 1391 2683 bonis,
1411 2645 1533 2684 scilicet,
1551 2645 1596 2676 sex
1617 2645 1755 2676 Florenos
1770 2656 1824 2684 pro
1839 2631 1956 2685 Marca,
1973 2648 2066 2677 minus
2087 2646 2199 2678 duobus
2219 2647 2295 2678 Soli·

1229 2684 1270 2714 dis
1282 2683 1434 2717 Turonen.
1453 2685 1641 2714 minutorum.
1852 2716 1853 2720 ,

1267 2722 1315 2753 Ad
1330 2723 1467 2761 majorem
1480 2729 1574 2753 autem
1588 2721 1748 2761 hujusmodi
1764 2723 1803 2752 rei
1816 2721 1966 2754 Cautelam
1975 2748 1984 2762 ,
2002 2723 2158 2761 praelibatus
2173 2723 2239 2755 Rex
2254 2722 2296 2755 Α-

1228 2770 1324 2801 ragon.
1350 2761 1493 2791 mandavit
1514 2771 1564 2798 per
1584 2771 1647 2799 me,
1672 2760 1881 2799 infrascriptum
1901 2761 2077 2800 Notarium,
2095 2762 2131 2793 de
2152 2763 2296 2800 praedictis

1228 2800 1346 2845 praesens
1367 2799 1514 2838 publicum
1528 2799 1588 2830 fieri
1599 2799 1843 2838 Instrumentum,
1861 2801 1908 2832 cui
1921 2800 2041 2840 figillum
2055 2801 2136 2832 suum
2154 2802 2222 2833 fecit
2244 2811 2294 2840 ap·

1228 2849 1305 2879 poni.

1264 2915 1283 2935 *²
1303 2915 1414 2946 Datum
1427 2914 1501 2953 apud
1515 2913 1662 2960 Campum
1676 2913 1817 2946 Francum
1830 2914 1860 2945 in
1876 2913 1999 2954 Aragon.
2016 2923 2093 2946 anno
2111 2915 2128 2946 a
2148 2914 2293 2947 Nativita-

1226 2963 1255 2985 te
1275 2953 1400 2985 Domini
1426 2953 1509 2984 1288.
1535 2952 1697 2984 Indictione
1716 2953 1835 2985 secunda
1847 2978 1857 2992 ,
1882 2953 2068 2984 Pontificatfis
2089 2954 2212 2985 Domini
2232 2955 2293 2985 Ni-

1228 2993 1321 3024 cholai
1335 2993 1420 3030 Papre
1435 2993 1524 3030 quarti
1539 3001 1616 3022 anno
1628 2993 1741 3030 primo,
1761 3001 1861 3030 quarto
1882 2991 1928 3022 die
1941 3001 2061 3023 exeunte
2076 2993 2179 3023 Mense
2194 2993 2291 3024 octo-

1228 3032 1288 3070 bri,
1306 3032 1336 3061 in
1356 3031 1462 3062 Palatio
1486 3031 1516 3060 in
1533 3040 1593 3069 quo
1615 3030 1802 3070 hospitabatur
1818 3029 1928 3061 illustris
1940 3029 2006 3061 Rex
2019 3031 2144 3071 Aragon.
2163 3032 2290 3071 praeliba-

1228 3077 1280 3101 tus.

1265 3145 1466 3185 Praesentibus,

1265 3222 1418 3253 Venerabili
1433 3225 1519 3252 Patre
1530 3223 1646 3252 Domino
1659 3223 1694 3252 R.
1710 3220 1825 3253 Bathon
1838 3220 1877 3259 ἐν
1891 3221 2004 3255 Wllen.
2023 3222 2164 3264 Episcopo,

1266 3264 1308 3291 Et
1320 3261 1450 3301 Difiretis
1465 3263 1541 3290 Viris

1264 3303 1371 3338 Hugon.
1390 3301 1423 3330 de
1441 3283 1599 3337 Matapl'ast.
1618 3297 1765 3339 Maffilien.

1265 3341 1363 3368 Pontio
1378 3336 1509 3378 Celsonen.
1526 3348 1558 3366 ac

1263 3376 1400 3416 Gaufrido
1415 3381 1520 3414 Apten.
1540 3374 1717 3416 Ecclefiarum
1730 3374 1897 3444 Praepssti52

1266 3415 1408 3455 Magistris
1424 3417 1467 3446 W
1466 3413 1572 3444 illielmo
1584 3415 1616 3443 de
1630 3415 1715 3444 Luda
1729 3417 1812 3444 Dune
1824 3427 1891 3445 men.
1911 3411 1949 3450 ὀ·

1265 3455 1416 3494 Reymundo
1429 3455 1584 3493 Ripaturrie
1600 3455 1628 3481 in
1642 3452 1760 3493 Ecclefia
1773 3452 1888 3484 Ilerden.
1907 3451 2026 3483 Archid.

1264 3492 1398 3532 Johanne
1409 3494 1441 3523 de
1456 3488 1558 3531 Lascy,
1578 3490 1737 3530 Cancellar,
1755 3491 1877 3532 Ecclefiae
1893 3491 2035 3532 Cycestren.

1265 3568 1305 3600 Et
1318 3570 1458 3600 nonnullis
1469 3568 1525 3598 aliis
1538 3566 1655 3599 testibus
1666 3567 1701 3598 ad
1714 3567 1773 3600 hoc
1788 3568 1896 3601 'vocatis
1908 3565 2060 3609 specialiter
2072 3563 2106 3597 &
2121 3563 2231 3606 rogatis.

1266 3644 1305 3676 Et
1317 3646 1383 3686 Ego
1390 3646 1533 3685 johannes
1546 3642 1643 3675 Erturi
1656 3643 1693 3675 de
1707 3644 1838 3676 Cadamo
1854 3642 2031 3681 Apostolicae
2044 3640 2123 3673 Sedis
2137 3640 2288 3687 audiorita-

1228 3693 1258 3716 te
1273 3684 1412 3716 Notarius
1424 3683 1573 3720 Publicus,
1592 3682 1643 3712 hiis
1657 3685 1790 3714 omnibus
1805 3683 1934 3722 interfui,
1951 3682 2062 3720 propria
2076 3691 2162 3713 manu
2176 3681 2267 3719 scripsi
2276 3702 2287 3720 ‚

1228 3726 1279 3762 ὃς,
1297 3724 1331 3753 ad
1354 3724 1490 3761 majorem
1513 3720 1684 3752 evidentiam
1702 3721 1911 3764 praemissorum
1932 3728 2059 3760 rogatus,
2077 3721 2136 3752 mei
2153 3719 2223 3760 figni
2237 3727 2287 3751 nn-

1229 3763 1375 3795 notatione
1389 3763 1417 3793 in
1432 3761 1505 3792 hanc
1519 3759 1662 3798 puplicam
1675 3760 1800 3792 formam
1813 3759 1919 3798 redegi.

2315 2933 2447 2974 *114824'
