2570 4261
226 110 301 150 142
705 93 1285 137 CONVENTIO

70 179 147 210 Ann.
164 179 205 211 D.
218 182 371 213 risdietioni
383 180 549 212 eorumdem
564 179 770 217 Episcoporum
783 179 810 210 su
831 189 859 209 er
872 179 930 210 hoc
943 190 980 210 eo
993 179 1084 211 modo
1098 188 1150 211 vos
1161 181 1277 212 submit-

93 227 178 256 1274.
220 230 278 251 tere
298 220 440 251 curavistis
453 242 462 257 ,
494 218 650 256 videlicet,
674 226 705 248 ut
727 218 794 248 dieti

846 218 951 256 piscopi
970 219 999 248 in
1019 227 1127 256 partem
1144 241 1154 258 ,
1179 229 1277 250 contra

68 258 136 286 Σίν.
158 266 183 287 1-
218 259 455 296 compolirionem
484 256 649 293 praedictam
673 257 857 294 venientem,
884 256 996 295 poffent
1014 256 1156 288 censuram
1176 257 1279 288 Eccle-

62 1482 137 1513 Ann.
155 1480 196 1512 D.

91 1530 175 1559 1274

61 1563 115 1588 An.
133 1570 158 1588 2.

62 1603 83 1626 Ε
116 1608 125 1625 i

62 1622 100 1665 aa}
109 1619 180 1675 0'rig.

62 2299 81 2333 θ’
92 2299 118 2329 11
141 2308 185 2337 37.

60 2822 137 2855 Ann.
153 2823 193 2855 D,

81 2870 167 2900 1274.

58 2904 111 2928 An.

132 2911 146 2927 2

59 2943 90 2967 Ε.
112 2949 135 2966 i.

59 2981 90 3005 L.
112 2975 180 3013 Rs.

59 3015 125 3051 ²84.
143 3015 168 3042 b.

61 3696 127 3726 Ann
152 3694 193 3726 D.

80 3743 164 3772 1274.

60 3776 113 3800 An.
133 3783 159 3799 2.

60 3815 91 3837 E.
113 3820 135 3836 i.

61 3847 171 3885 L.B.f.

102 3896 151 3914 ,ιι

221 295 358 327 siasticam
380 303 520 331 exercere,
538 304 571 324 ac
595 293 774 324 obscuritates
787 295 867 334 ipsius
881 296 1109 334 compositionis,
1127 295 1147 325 si
1160 294 1278 326 fortassis

219 342 393 372 emergerent
408 355 418 370 ,
452 333 622 369 interpretari
644 332 677 362 &
697 334 780 362 etiam
802 333 940 363 declarare
955 356 966 372 ,
994 343 1078 374 prout
1094 356 1102 371 ,
1124 333 1277 364 secundum

221 373 336 440 Degum,
354 371 479 402 viderent
499 370 621 410 qualitati
633 371 756 409 negotii,
773 371 806 401 ὃ(
821 372 907 410 quieti
920 372 1083 402 earumdem
1098 373 1217 412 partium
1231 381 1279 402 ex-

274 420 319 439 ise.

217 420 236 450 p
256 446 446 479 Postmodum
465 446 554 484 vero,
573 445 652 483 super
674 447 838 486 quibusdam
856 446 1005 486 Articulis,
1023 449 1053 478 iii
1073 448 1279 486 compositione

218 485 273 522 ipsa
294 486 450 523 contentis,
467 486 515 524 qui
537 485 565 514 in
587 486 676 523 aliqua
695 494 770 524 parte
784 486 821 515 sui
836 486 955 516 dubium
971 487 1004 517 &
1018 485 1213 516 obscuritatem
1231 485 1280 516 ha-

218 523 341 561 bebant,
356 524 427 553 inter
450 523 596 561 praeditstas
615 531 703 561 partes
717 523 874 563 quaestione
886 525 1010 561 suborta,
1028 524 1113 554 iidem
1128 524 1279 564 Episcopi,

216 571 301 598 prout
322 571 358 591 ex
381 562 471 591 forma
490 561 647 599 hujusmodi
668 562 852 592 submissionis
865 571 1010 601 poterant,
1029 563 1058 591 in
1072 562 1192 601 praefatis
1205 562 1281 592 Arti-

219 600 288 629 culis
309 601 384 630 circa
402 600 523 630 dubium
544 600 577 631 &
596 600 793 631 obscuritatem
815 601 951 640 praedieta
964 600 1104 638 quandam
1119 602 1280 640 interpreta-

217 638 328 667 tionem
347 639 381 669 &
401 637 616 669 declarationem
630 638 759 669 fecerunt
771 639 917 677 providam
930 639 963 670 δε
977 638 1132 677 salubrem,
1149 648 1233 679 prout
1249 640 1279 669 in

216 674 330 706 Litteris
347 675 412 706 inde
434 675 588 714 confectis,
614 676 780 707 eorumdem
801 677 1008 718 Episcoporum
1025 676 1127 717 sigillis
1145 678 1280 717 munitis,

214 714 322 752 plenius
334 714 435 745 dicitur
449 715 607 745 contineri:

258 751 326 783 Nos
345 753 453 792 itaque,
471 753 522 783 tuis
543 752 785 792 supplicationibus
804 753 944 791 inclinati,
970 754 1222 791 interpretationem
1245 755 1279 786 δε

212 790 428 821 declarationem
449 791 609 829 praedietas,
635 791 703 821 sicut
718 791 836 831 provide
856 791 939 821 saetae
959 791 1021 821 sunt
1037 814 1047 830 ,
1071 800 1140 822 ratas
1161 793 1195 823 &
1217 802 1279 831 gra-

215 838 256 860 tas
268 829 414 868 habentes,
432 829 490 859 illas
505 829 668 859 austoritate
680 829 846 870 Apostolica
861 829 1077 869 confirmamus,
1094 831 1128 862 &
1141 831 1281 871 praesentis

213 867 306 906 scripti
320 868 475 907 patrocinio
488 868 710 898 communimus.

252 905 337 937 Nulli
359 915 427 946 ergo
447 907 568 936 omnino
589 906 740 937 hominum
754 907 832 937 liceat
846 906 919 936 hanc
936 907 1063 947 paginam
1079 906 1182 938 nostrae
1196 907 1280 939 Con-

215 943 380 975 firmationis
401 943 566 983 infringere,
584 946 628 974 vel
643 945 668 975 ei
680 945 744 976 ausu
759 946 905 975 temerario
920 945 1060 976 contraire
1075 955 1081 975 ε

252 983 343 1023 Siquis
354 991 447 1013 autem
462 984 519 1013 hoc
535 991 697 1022 attemptare
711 983 921 1022 praesumpserit,
937 983 1158 1022 indignationem
1172 984 1279 1016 Omni-

216 1023 338 1059 potentis
350 1021 408 1051 Dei
421 1022 454 1052 &
468 1021 621 1052 Beatorum
634 1021 710 1052 Petri
723 1023 756 1054 ὃς
771 1021 850 1053 Pauli
863 1021 1069 1062 Apostolorum
1082 1024 1138 1061 ejus
1150 1023 1177 1054 se
1188 1034 1278 1056 nove-

213 1061 251 1090 rit
264 1060 446 1091 incursurum.

226 1137 232 1142 ὓ
250 1097 318 1130 Dat.
342 1099 472 1139 Lugdun.
497 1106 541 1137 15.
562 1098 629 1130 Kal.
650 1098 796 1138 Septemb.
817 1097 1000 1130 pontificatus
1019 1098 1109 1131 nostri
1127 1110 1203 1132 anno
1223 1108 1279 1133 ter-

212 1144 263 1169 (10.

608 1214 662 1246 Sub
670 1213 731 1258 filis
738 1213 832 1255 sericis
837 1214 918 1254 flavi
932 1215 1057 1256 rubeique
1070 1213 1169 1245 coloris.

216 1342 307 1373 Bulla
339 1343 413 1387 Regi
444 1339 480 1373 a'e
501 1339 537 1386 se
563 1354 620 1373 non
645 1340 867 1374 intromittendo
889 1339 975 1374 rebus
1004 1337 1211 1384 Ecclefiasticis
1242 1342 1274 1372 in

369 1389 535 1434 Vasconia,
562 1399 688 1435 tempore
714 1393 883 1424 vacationis
906 1389 1118 1433 Eccltfiarum.

217 1472 424 1534 GRegorius
437 1472 609 1514 Episcopus,
628 1474 718 1519 servus
732 1475 873 1519 servorum
888 1475 963 1519 Dei,
977 1473 1117 1505 carissimo
1134 1474 1162 1504 in
1177 1474 1275 1519 Chris-

212 1512 450 1581 benedtiphscijltiltgm·
573 1513 648 1552 Regi
668 1514 782 1554 Anghae
804 1514 901 1544 illustri
912 1514 1025 1544 salutem
1041 1514 1074 1544 δε
1089 1512 1273 1551 apostolicam

252 1588 296 1620 Ut
318 1589 382 1620 Rex
396 1613 405 1628 ,
450 1589 476 1620 ui
499 1598 528 1621 te
549 1589 583 1620 ad
609 1590 686 1628 regni
705 1589 804 1621 solium
823 1590 1001 1629 sublimavit,
1025 1589 1123 1630 dirigat
1145 1589 1274 1630 prospere

213 1628 317 1670 greffus
338 1637 415 1666 tuos,
429 1599 499 1667 ffura
519 1626 727 1666 Ecclesiastica,
750 1631 842 1659 immo
862 1629 906 1659 sua
921 1629 1004 1659 debes
1027 1630 1078 1659 tuis
1097 1630 1273 1666 temporibus

213 1668 313 1701 illibata
332 1667 424 1697 facere
442 1666 616 1705 conservari,
635 1667 667 1698 &
687 1667 838 1706 Ecclefias,
854 1678 887 1698 ac
907 1667 1038 1697 Personas
1051 1667 1273 1707 Ecclesiasticas,

209 1720 226 1740 a
237 1706 288 1736 suis
301 1705 521 1745 oppressoribus,
536 1706 628 1745 regalis
642 1707 776 1743 potentiae
788 1706 904 1736 brachio
918 1706 1065 1737 defensare.

247 1745 321 1775 Sane
335 1745 368 1775 ad
385 1745 554 1775 audientiam
568 1743 694 1774 nostram
709 1744 869 1775 Venerabili
883 1745 977 1775 Fratre
992 1744 1089 1775 nostro
1102 1744 1273 1775 Auxitanen-

212 1783 232 1813 fi
251 1783 355 1814 Archie
375 1784 470 1821 iscopo
490 1782 627 1813 referente
643 1783 771 1823 pervenit
787 1806 797 1821 ,
820 1783 896 1824 quod
916 1784 935 1814 si
952 1783 1073 1822 aliquam
1091 1792 1125 1813 ex
1144 1783 1273 1814 Ecclesiis

211 1794 373 1852 Cathedralp.
394 1821 555 1852 Provinciae
577 1821 768 1852 Auxitanensis
788 1832 886 1852 vacare
910 1823 1011 1852 contin
1033 1830 1077 1859 at,
1096 1821 1215 1852 Nobilis
1229 1823 1271 1852 vir

370 1860 536 1890 Senescallus
554 1869 615 1890 tuus
638 1861 667 1889 in
688 1859 857 1898 wasconia,
879 1861 997 1891 arnmini
1024 1861 1159 1890 rationem
1180 1860 1273 1890 bono-

211 1907 275 1928 rum
304 1899 501 1939 temporalium
527 1899 610 1936 ipsius
637 1898 769 1929 Ecclefiae
791 1900 913 1929 vacantis
934 1900 1068 1937 quamdiu
1087 1908 1150 1929 eam
1173 1909 1272 1930 vacare

210 1937 370 1976 contingit,
392 1946 491 1968 contra
515 1936 643 1967 'ustitiam
664 1946 820 1976 occupare,
837 1947 870 1967 ac
890 1937 1014 1968 detinere
1032 1944 1202 1980 occupatam
1221 1947 1273 1977 pro

210 1975 256 2005 sua
273 1977 416 2006 voluntate
440 1947 595 2016 praeiiimm
613 1985 773 2020 quanquam
792 1975 865 2006 nulla
889 1985 923 2005 ex
940 1975 1042 2006 eisdem
1063 1975 1195 2007 Eccleiiis
1216 1978 1232 2006 a
1246 1985 1272 2006 te

212 2013 326 2053 Regalia
347 2023 458 2054 teneat,
477 2014 504 2044 id
527 2025 561 2044 ue
580 2015 647 2053 tibi,
671 2014 718 2046 vel
731 2013 811 2045 dieto
831 2014 985 2045 Senescallo
1006 2024 1064 2045 non
1077 2022 1220 2054 competat
1238 2015 1274 2045 de

210 2051 436 2091 Consuetudine,
453 2053 497 2084 vel
531 2052 633 2091 eJure.

248 2089 327 2121 Cum
348 2092 430 2131 igitur
449 2091 543 2121 Laicis
561 2090 725 2129 disponendi
739 2091 775 2122 de
788 2092 869 2123 rebus
881 2089 1082 2122 Ecclesiasticis
1096 2090 1170 2122 nulla
1185 2091 1217 2123 sit
1233 2099 1274 2123 at-

211 2129 312 2160 tributa
331 2130 463 2169 potestas,
482 2130 664 2160 Serenitatem
684 2129 806 2169 Regiam
827 2138 958 2170 rogamus
978 2131 1012 2161 &
1027 2130 1171 2160 hortamur
1184 2138 1274 2161 atten-

211 2168 258 2206 te,
283 2169 411 2207 quatinus
429 2168 509 2206 talia,
554 2177 598 2198 uae
621 2167 774 2199 redundant
795 2170 825 2198 in
847 2170 887 2200 tui
904 2168 1117 2213 derogationem
1140 2168 1272 2208 honoris,

210 2215 261 2244 per
282 2206 403 2236 eundem
425 2206 524 2237 Senesc
552 2207 610 2236 lum
631 2206 689 2236 fieri
708 2207 863 2237 nullatenus
881 2208 1003 2246 patiaris,
1023 2207 1068 2237 sed
1085 2206 1274 2248 Ecclesiasip-
1316 2226 1319 2227 ν
1381 2224 1389 2225 e

211 2244 265 2283 sas,
280 2253 332 2284 pro
345 2244 443 2275 divina
453 2245 486 2276 &
500 2244 594 2275 nostra
609 2244 779 2283 reverentia,
797 2245 901 2276 habens
933 2245 1070 2286 ropeniius
1084 2246 1272 2276 commenda-

211 2291 267 2321 tas,
285 2293 328 2313 eas
342 2283 376 2313 &
391 2284 467 2313 bona
479 2283 596 2323 ipsarum
609 2283 628 2302 ²⁸¹
644 2284 674 2313 in
688 2283 739 2313 suis
750 2283 858 2321 juribus
869 2284 903 2316 &
927 2285 1086 2315 ibertaiibus
1099 2283 1196 2314 favore
1214 2284 1274 2315 Re-

210 2322 260 2360 gio
302 2321 462 2360 rosequaris3
481 2322 517 2352 ita
537 2321 632 2362 quod,
649 2330 749 2363 praeter
769 2323 875 2353 divinae
896 2323 1082 2355 retributionis
1103 2323 1272 2363 praemium,

210 2369 268 2390 con
290 2362 352 2399 igna
366 2360 416 2390 tibi
430 2370 446 2391 a
460 2360 542 2390 nobis
554 2361 701 2400 proveniat
714 2360 789 2391 astio
801 2362 959 2400 gratiarum.

212 2436 467 2506 AnDZt'teIfttigdun‘
488 2435 605 2469 decimo
626 2436 747 2469 Kalend.
767 2437 959 2478 Septembris,
976 2436 1161 2470 pontificatus
1181 2438 1271 2470 nostri

261 2485 280 2505 n
398 2499 405 2505 .

889 2554 943 2585 Sub
950 2553 1003 2597 filo
1015 2552 1141 2585 canabeo.

209 2678 259 2711 De
283 2679 438 2724 Francisbo
465 2680 622 2723 Accusfii,
655 2678 699 2712 ad
727 2679 969 2713 Parliamenrum
992 2682 1079 2727 Regis
1103 2682 1234 2713 francia
1257 2705 1268 2720 ‚

481 2740 536 2774 per
562 2731 671 2775 Regem
693 2728 812 2775 Angliae
838 2726 990 2772 destinato.

271 2811 427 2851 Dwardus,
452 2812 510 2845 Dei
526 2814 626 2852 gratia,
651 2813 717 2844 Rex
736 2812 782 2844 Ari
801 2813 863 2851 liae,
880 2812 1024 2844 Dominus
1044 2812 1210 2851 Hiberniae,
1238 2812 1271 2843 &

285 2850 353 2882 Dux
379 2852 539 2890 Aquitaniae
553 2875 563 2891 ,
590 2851 621 2882 R
650 2853 656 2858 ’
678 2851 735 2882 ioso
790 2853 832 2882 iro
853 2853 885 2882 &
905 2852 1010 2882 dile&o
1030 2851 1079 2881 fibi
1101 2853 1131 2882 in
1156 2851 1271 2882 Christo

209 2887 298 2957 giam
314 2889 438 2928 Johanni
459 2890 496 2921 de
512 2890 616 2921 Turno
670 2890 820 2921 heiaurario
841 2889 957 2920 Domus
979 2890 1095 2930 Templi
1118 2890 1271 2921 Parisiensis

246 2935 330 2957 sstem.

247 2964 325 2995 Cum
345 2976 397 3004 pro
416 2967 534 3007 negotiis
556 2966 672 3006 nostris,
690 2967 719 2998 in
738 2966 826 2997 Curia
846 2966 1014 2998 Sereniffimi
1032 2966 1185 3008 Principis,
1205 2966 1273 2998 Do-

211 3004 282 3033 mini
303 3004 337 3034 &
358 3005 555 3044 consanguinei
577 3005 662 3048 nostri
684 3005 831 3043 karissimi,
848 3004 969 3074 Philipipi
991 3006 1078 3045 Regis
1102 3005 1226 3036 Franciae
1240 3006 1272 3036 il-

212 3041 318 3080 lustris,
337 3043 366 3072 in
388 3043 498 3073 instanti
521 3043 708 3074 Parliamento
732 3046 781 3075 suo
802 3054 926 3081 exequen
948 3046 984 3084 is,
1003 3045 1120 3075 dilectos
1133 3045 1166 3075 &
1181 3045 1274 3075 fideles

211 3080 323 3110 nostros
344 3081 521 3112 Umbertum
541 3081 708 3113 Guidonem
729 3084 763 3114 &
778 3083 956 3113 Franciscum
971 3083 1097 3115 Accursii
1110 3083 1146 3114 de
1160 3083 1272 3114 Bononi

211 3118 245 3149 ad
258 3118 335 3148 idem
348 3118 566 3149 Parliamentum
581 3121 729 3151 mittamus.

245 3156 304 3187 Vos
323 3167 452 3197 rogamus
472 3159 597 3198 quatinus
614 3159 715 3189 eisdem
731 3159 774 3190 vel
789 3170 888 3190 eorum
903 3160 979 3191 alteri
1001 3160 1144 3191 trescentas
1159 3160 1205 3190 vel
1220 3161 1273 3191 du-

208 3203 303 3225 centas
322 3196 403 3226 libras
420 3196 531 3226 Turon.
555 3206 588 3226 ex
600 3205 700 3227 mutuo
714 3198 815 3228 habere
830 3199 932 3229 faciatis
946 3200 980 3230 ad
1003 3199 1135 3230 Salarium
1148 3198 1272 3229 advoca-

209 3242 318 3270 torum,
336 3244 406 3273 quos
428 3235 528 3273 eligent
546 3234 580 3264 ad
601 3245 671 3274 opus
694 3236 823 3267 nostrum
844 3237 908 3267 inde
923 3237 1157 3278 acquietandum‚
1172 3238 1205 3269 ὃς
1220 3248 1272 3268 nos

211 3282 257 3302 eas
269 3273 350 3303 vobis
364 3273 477 3314 quando
493 3273 634 3303 volueritis
651 3274 751 3305 habere
763 3275 904 3305 faciemus.

208 3347 328 3418 secffiilb
332 3349 407 3416 apud
421 3348 549 3390 Odyhm.
565 3349 690 3381 secundo
701 3350 748 3381 die
762 3351 949 3392 Septembris,
968 3353 1056 3384 Anno
1069 3353 1164 3393 Regni
1180 3352 1270 3384 nostri

211 3508 316 3540 Litera
342 3512 528 3558 Margarerae
555 3511 703 3557 Comitiffe
728 3511 877 3545 Flandriae
895 3539 904 3555 ‚
925 3525 979 3560 per
1007 3528 1100 3561 quam
1121 3513 1271 3559 fitpplicat

256 3556 383 3589 Domino
403 3563 474 3605 Regi
493 3558 573 3606 quod
589 3559 732 3605 quostiam
750 3563 851 3593 Gentis
866 3562 926 3607 sitae
949 3573 1059 3597 nautas
1077 3560 1202 3597 libcrari
1214 3561 1272 3606 fa-

259 3606 319 3635 ciat
340 3605 374 3636 de
391 3607 513 3651 Prifima
535 3607 632 3652 Castri
651 3607 687 3641 de
701 3607 869 3642 Northam.

214 3685 499 3753 Echellentiffimo
519 3692 653 3738 Domino
669 3694 724 3739 ‘suo
744 3692 885 3738 Edwardo
897 3717 907 3732 ,
923 3694 984 3739 Dei
999 3695 1102 3739 gratifi,
1116 3694 1192 3733 Regi
1208 3694 1271 3725 An-

289 3734 351 3767 glae
366 3749 375 3763 2
404 3727 534 3758 Domino
554 3731 701 3763 Hiberniae
714 3756 723 3770 ,
745 3732 777 3762 &
799 3732 826 3762 A
846 3741 956 3763 uitamae
983 3734 1082 3771 Dum,
1110 3732 1269 3772 Margareta

216 3762 353 3792 Flandriae
368 3766 400 3794 ὃς
415 3765 588 3812 Haynaultiae
601 3770 767 3814 Comitiffa,
785 3742 870 3814 fid-{ijs
882 3773 938 3808 eius
950 3772 983 3802 ὃ(
996 3772 1197 3810 consanguinea
1210 3793 1220 3808 ,
1232 3770 1270 3814 (ᾳ-

214 3801 450 3869 ἱὲῑῖῐέυξίὧῖἓιῃῐτι
464 3807 681 3844 promptitudine
693 3809 841 3845 serviendi,
859 3818 980 3846 paratam
993 3810 1026 3840 ad
1040 3811 1097 3848 ejus
1111 3809 1270 3846 beneplaci-

248 3875 436 3907 Intelleximus
454 3879 529 3920 quod
543 3903 552 3916 ,
570 3890 637 3923 cum
656 3882 804 3922 Burgenses
823 3884 857 3916 &
877 3884 1008 3915 homines
1019 3885 1107 3916 nostri
1125 3891 1221 3923 portus
1235 3883 1272 3913 de

211 3925 291 3961 novo
305 3923 402 3954 portu,
421 3925 468 3952 qui
484 3917 628 3955 vulgariter
641 3919 740 3952 dicitur
755 3922 813 3952 Yss
827 3933 868 3959 ιὰ,
887 3922 952 3959 post
970 3934 1069 3963 pacem
1085 3947 1095 3961 ,
1113 3922 1200 3964 vestri
1212 3930 1273 3965 gra-

210 3952 971 4029 mtmffifffflssafflmffi
982 3959 1273 4035 susumus

1315 94 1967 150 NEs3L1TERAE,

1314 181 1423 212 Gentes
1442 180 1548 226 nostras
1568 181 1670 214 factam
1693 184 1726 215 &
1744 184 1828 214 etiam
1845 184 2046 224 proclamatam
2059 184 2069 223 3
2083 193 2171 223 nuper
2184 185 2275 217 versus
2285 191 2374 224 partes
2393 180 2471 213 Ann-
2483 180 2526 213 D}

1317 229 1374 250 tarn
1396 219 1492 259 Regni
1511 219 1595 251 vestri
1616 222 1727 262 Angli-ae
1741 245 1750 260 ,
1768 224 1852 261 quam
1869 222 1989 260 Scotiae,
2008 231 2117 254 tantum
2132 224 2300 264 piscandi&
2313 224 2374 257 vic·
2412 228 2497 259 1274.

1315 267 1378 289 tum
1400 257 1479 288 suum
1492 267 1562 289 cum
1583 260 1679 291 labore
1698 261 1747 291 suo
1759 260 1903 301 quaerendi
1917 261 1943 290 se
1957 260 2172 301 transtulissent,
2189 262 2321 294 haetenus
2334 264 2375 295 se·
2393 261 2463 289 Edv.
2485 268 2509 287 ¹-

1315 297 1442 327 cundum
1457 295 1559 328 diversa
1571 297 1739 339 Regionum
1751 308 1879 336 tempora
1891 299 2106 345 consueverunt,

1354 334 1391 364 Et
1406 335 1440 365 ad
1476 343 1570 365 ortum
1583 336 1619 367 de
1636 337 1767 377 Berewyc
1781 338 1815 368 ad
1828 337 2031 368 difficcandum
2052 347 2119 369 retia
2132 339 2193 377 sua,
2211 339 2245 370 ὅ(
2260 340 2377 378 requies-

1315 373 1438 417 cendum
1448 344 1552 403 ibidem
1561 397 1571 412 ‚
1585 384 1619 418 ac
1634 375 1901 420 sibiprovidendum
1912 376 1948 406 de
1960 375 2131 421 Victualibus
2144 402 2154 416 ,
2173 379 2207 408 &
2221 377 2256 408 ad
2269 377 2318 408 alia
2330 378 2377 411 sua

1316 411 1485 455 expedienda
1499 421 1608 451 negotia
1621 413 1811 458 applicuissent
1821 437 1830 453 ‚
1839 414 1973 452 sperantes
1984 415 2088 446 ibidem
2099 425 2151 455 pro
2165 413 2216 447 suis
2230 415 2376 448 neceffitaa

1315 451 1393 519 Ubiist
1403 449 2034 534 Zffidainpiicgrgrsscdiffiiisuiionmi’riiggahadstiis
2044 516 2054 530 ‚
2071 491 2155 532 usque
2175 492 2211 523 ad
2226 494 2253 524 vi
2275 494 2325 524 inti
2343 493 2378 524 &

1314 526 1385 556 duos
1398 548 1408 564 ,
1425 536 1549 566 quorum
1568 537 1686 558 nomina
1705 529 1817 559 inferius
1836 529 1898 560 sunt
1913 530 2040 568 inscripta
2055 552 2065 568 ,
2083 530 2222 569 cujusdam
2265 533 2321 563 uvii
2339 532 2379 562 al-

1317 573 1403 594 veum
1417 565 1619 602 pertransissent
1631 566 1666 596 ad
1677 566 1775 597 locum
1790 567 1989 599 Dominationi
2002 568 2102 600 vestrae
2121 569 2278 606 subditum,
2296 570 2376 601 defe-

1316 611 1406 633 rentes
1425 602 1519 634 secum
1541 605 1608 635 retia
1625 605 1670 635 sua
1687 605 1854 637 difficcanda
1873 606 1979 637 ibidem
1997 629 2007 645 ,
2033 605 2204 639 Castellanus
2223 608 2314 639 vester
2337 609 2376 640 de

1317 640 1413 671 Norh.
1435 641 1581 686 Dyocaesis
1600 642 1712 674 Durern
1726 666 1736 682 ,
1753 644 1844 674 dietos
1862 644 2004 675 Homines
2025 645 2152 686 nostros,
2167 656 2235 678 cum
2248 646 2300 677 suis
2311 648 2376 678 reti-

1316 679 1382 724 bus,
1400 680 1428 709 in
1443 680 1488 710 die
1502 680 1706 720 Assumptionis
1719 682 1881 713 beatissimae
1895 683 2013 722 Virginis
2026 706 2036 722 ,
2053 695 2142 725 nuper
2155 686 2309 725 praeterita,
2325 695 2374 716 ce·

1316 726 1380 756 pit,
1401 720 1434 750 &
1454 728 1502 749 eos
1523 720 1550 749 in
1570 718 1673 750 Castro
1693 720 1728 751 de
1740 720 1839 751 Norh.
1857 721 1962 752 detinet
1978 721 2122 754 arrestatos
2133 748 2144 763 ,
2158 725 2192 756 &
2214 725 2243 755 in
2257 724 2376 755 vinculis

1311 756 1598 826 ferredihmancipatos
1611 780 1621 796 ,
1637 767 1736 796 contra
1755 759 1962 791 ordinationem
1983 762 2017 793 &
2036 762 2285 799 proclamationem
2301 764 2378 802 pacis

1335 805 1372 825 rae
1432 806 1457 826 ae

1315 805 1334 835 p
1351 833 1440 871 Super
1459 818 1517 873 quo
1534 834 1704 865 excellentiae
1723 834 1822 866 vestrae
1841 836 1880 867 fin
1901 836 2046 868 nificamus
2065 837 2156 869 didios
2175 839 2323 879 Burgenscs
2340 841 2374 873 δε

1316 871 1445 902 homines
1458 871 1569 902 nostros
1581 872 1677 917 legales
1692 873 1725 903 &
1738 873 1830 905 fideles
1844 845 1917 914 essige,
1936 885 1970 906 ac
1984 876 2054 906 boni
2067 879 2250 917 nominis,&
2264 881 2298 910 ad
2311 889 2374 919 par-

1313 918 1353 954 tes
1366 910 1468 941 vestras
1481 919 1591 941 tantum
1605 911 1727 951 piscandi
1741 912 1774 943 &
1789 913 1899 944 vietum
1912 913 1992 944 suum
2006 917 2121 956 proprio
2135 917 2231 948 labore
2242 927 2371 958 quaeren-

1312 949 1358 987 di,
1376 958 1458 987 prout
1470 957 1579 988 tempus
1592 949 1762 981 modernum
1774 952 1874 990 exigit,
1888 952 2048 990 adveniffe3

1348 987 1548 1018 Celfitudinem
1560 987 1681 1018 vestram
1695 990 1804 1019 attentis
1820 997 1946 1029 rogantes
1959 991 2087 1030 precibus
2101 1015 2112 1031 ,
2129 993 2163 1024 &
2177 995 2262 1025 etiarn
2276 995 2371 1032 requi-

1311 1034 1401 1057 rentes
1423 1026 1549 1064 quatinus
1570 1026 1662 1057 dictos
1682 1025 1801 1066 Burgen.
1824 1028 1858 1058 &
1873 1028 2002 1059 homines
2016 1029 2142 1068 nostros,
2160 1041 2230 1069 quos
2242 1033 2371 1063 innoxios

1312 1065 1513 1103 protestamur,
1531 1065 1639 1101 iustitiae
1652 1066 1753 1096 intuitu
1766 1067 1799 1097 &
1813 1076 1910 1097 amore
1930 1066 2018 1097 nostri
2031 1067 2175 1099 deliberari
2189 1079 2257 1101 cum
2268 1072 2373 1102 retibus

1311 1104 1345 1135 &
1360 1104 1416 1134 aliis
1427 1104 1507 1133 rebus
1522 1103 1572 1133 suis
1586 1103 1764 1142 indampnes,
1779 1104 1798 1134 fi
1811 1105 1915 1142 placet,
1931 1105 2017 1136 vestri
2047 1106 2112 1136 ratia
2123 1108 2249 1145 jubeatis.

1349 1141 1400 1180 Et,
1417 1151 1448 1173 ut
1461 1142 1497 1172 de
1511 1141 1640 1173 fidelitate
1654 1143 1687 1174 &
1702 1143 1865 1174 innocentia
1881 1143 2026 1175 dierorum
2063 1146 2238 1184 urgenfium,
2257 1147 2291 1178 &
2304 1146 2374 1178 Ho-

1314 1181 1426 1211 minum
1447 1180 1609 1211 nostrorum
1629 1182 1735 1219 plenius
1755 1181 1855 1212 vestrae
1867 1182 2003 1213 serenitati
2017 1182 2122 1222 liquere
2136 1184 2241 1224 valeat,
2257 1187 2373 1217 nomina

1309 1219 1434 1258 ipsorum
1455 1219 1528 1257 apud
1550 1219 1647 1249 Norh.
1662 1219 1860 1259 detentorum,
1877 1229 1907 1252 ut
1922 1221 2032 1251 dietum
2047 1221 2104 1260 est,
2122 1221 2232 1253 inferius
2245 1221 2375 1255 duximus

1311 1257 1507 1296 exprimenda,
1527 1258 1559 1289 &
1571 1258 1632 1289 sunt
1644 1258 1684 1288 hii
1716 1258 1876 1289 Wattekim
1892 1259 2017 1290 Michael
2031 1259 2095 1290 Bon
2109 1260 2230 1292 Welino
2265 1261 2375 1299 Johan-

1311 1306 1359 1326 nes
1378 1296 1471 1327 Piliser
1483 1321 1493 1335 ,
1512 1296 1621 1327 Walter
1642 1297 1678 1327 de
1689 1281 1851 1336 brabantia,
1870 1297 2028 1329 Renoudus
2042 1298 2195 1340 Anglicus,
2211 1285 2374 1332 hiieholaus

1310 1334 1346 1365 de
1357 1334 1522 1373 Boidekins,
1543 1337 1557 1352 *¹*
1576 1334 1686 1366 Hoelre
1697 1335 1844 1366 Balduinus
1880 1336 2030 1368 Havenare
2041 1336 2184 1369 Henricus
2200 1336 2309 1370 Surinc.
2319 1338 2371 1370 Ba-

1308 1373 1424 1404 nekinus
1438 1373 1599 1412 Alverdon,
1619 1373 1788 1404 Hanelrinus
1803 1360 1956 1414 Niicelare,
1990 1375 2115 1406 ohannes
2129 1376 2228 1408 Goma
2253 1401 2262 1415 ,
2278 1374 2376 1409 Mieus

1310 1411 1423 1450 Moytel
1436 1436 1445 1450 ‚
1468 1411 1594 1442 Michael
1609 1411 1679 1457 Scor
1693 1435 1703 1450 ‚
1723 1411 1854 1457 Comus
1869 1413 1963 1444 Slabar
1995 1437 2005 1453 ,
2020 1414 2192 1446 Willekinus
2213 1387 2376 1457 I-iateaout,

1307 1449 1473 1482 Hanekinus
1487 1450 1574 1481 Wall.
1589 1451 1725 1489 Lippinus
1738 1451 1771 1481 Fi
1783 1460 1822 1481 ius
1835 1450 2000 1491 Willielmi,
2015 1451 2177 1484 Havekinus
2190 1454 2275 1485 Filius
2287 1449 2331 1486 W
2333 1457 2376 1486 ic-

1308 1490 1489 1558 iiae'lxxrilffles
1498 1488 1919 1558 &afflrinsrl‘sgOt'VIJ-Iaffilrinus
1933 1489 2155 1530 Meuleunnare,
2166 1492 2310 1531 Johannes
2324 1494 2375 1525 Fi:

1332 1538 1362 1558 us
1414 1539 1466 1559 ons
1580 1538 1631 1558 ane
1655 1538 1663 1557 i
1685 1538 1714 1558 us
1771 1538 1801 1559 er
1836 1538 1861 1559 e.

1347 1565 1459 1597 Placeat
1474 1551 1559 1603 ³igitur
1580 1565 1721 1604 Maiestati
1736 1566 1836 1597 vestiae
1857 1568 1936 1605 super
1947 1566 2147 1599 deliberatione
2160 1569 2305 1601 distorum
2317 1570 2373 1602 ho·

1307 1605 1420 1636 minum
1441 1605 1603 1636 nostrorum
1623 1613 1733 1636 tantum
1750 1605 1841 1636 facere
1871 1604 1949 1645 quod
1962 1605 2031 1636 dieti
2046 1605 2186 1638 Homines
2201 1608 2289 1639 nostri
2307 1619 2370 1650 pre-

1305 1653 1351 1673 ces
1365 1644 1469 1675 nostras
1482 1643 1726 1687 in-deliberatione
1737 1643 1780 1675 sua
1795 1645 1829 1675 &
1841 1629 1954 1675 suorum
1968 1644 2041 1684 apud
2056 1655 2107 1675 vos
2122 1646 2170 1676 sibi
2187 1646 2302 1678 sentiant
2317 1659 2368 1680 va-

1305 1682 1399 1721 luiffe,
1416 1683 1450 1714 &
1466 1682 1581 1721 perinde
1593 1681 1692 1712 vestrae
1704 1682 1863 1717 Serenitati,
1880 1684 1925 1713 cui
1938 1692 1987 1717 per
1998 1684 2094 1713 omnia
2105 1683 2238 1715 volumus
2253 1686 2286 1716 &
2301 1697 2372 1728 pro⁴

1306 1721 1438 1758 ponimus
1451 1720 1645 1759 complacere,
1663 1721 1795 1766 &ctiam
1810 1721 1906 1766 vestris
1920 1721 2060 1752 Gentibus
2073 1723 2103 1752 in
2117 1730 2187 1754 terra
2199 1723 2312 1764 nostra,
2330 1734 2373 1756 te-

1310 1769 1425 1828 negrgumr
1439 1759 1934 1843 ahiosgreanism&p{i:?;sfiiiieissagseffe
1946 1796 2078 1842 volumus
2089 1799 2219 1844 homines
2231 1801 2265 1832 &
2281 1801 2372 1833 subdi-

1307 1843 1350 1866 tos
1370 1836 1476 1867 vestros
1495 1847 1576 1867 omni
1596 1835 1676 1866 bono
1697 1834 1798 1867 affeetu
1812 1860 1821 1874 ,
1839 1845 1898 1875 quo
1912 1844 2065 1875 poterimus
2080 1858 2091 1874 ,
2109 1838 2179 1870 insta
2194 1847 2294 1870 terram
2307 1849 2374 1871 nos-

1307 1882 1378 1905 tram
1392 1875 1490 1906 fovere
1502 1898 1511 1913 ,
1530 1875 1663 1913 tractare,
1682 1875 1716 1905 &
1731 1875 1820 1906 facere
1835 1875 1991 1919 pertratstari
2008 1888 2018 1912 3
2037 1875 2071 1906 ὃ(
2087 1875 2165 1914 super
2184 1876 2241 1908 hoc
2257 1888 2305 1916 per
2325 1887 2373 1909 to-

1307 1920 1364 1957 tam
1377 1922 1477 1944 terram
1487 1913 1616 1984 &stram
1630 1914 1884 1952 proclamationem
1899 1914 2042 1954 publicam
2062 1914 2095 1946 &
2119 1915 2247 1946 edietum
2261 1916 2319 1947 fieri
2333 1917 2375 1948 fe-

1309 1961 1402 1983 cimus
1433 1962 1485 1983 ene
1524 1963 1548 1984 e.

1344 1989 1378 2020 In
1391 1961 1511 2031 qgorum
1530 1991 1664 2022 omnium
1682 1990 1785 2023 testim.
1805 1990 1982 2032 praesentibus
1995 1990 2092 2023 litteris
2103 1990 2230 2032 Sigillum
2243 1991 2372 2025 nostrum

1306 2028 1435 2060 duximus
1453 2030 1661 2069 apponendum.

2391 1350 2410 1370 ¹*
2422 1352 2461 1381 11.
2479 1351 2522 1390 38.

1307 2103 1454 2175 V.D.²f¹.¹m
1467 2117 1544 2139 anno
1557 2106 1682 2140 Domini
1699 2116 1781 2147 ¹274·
1799 2105 1880 2138 Feria
1892 2107 1989 2146 quinta
2003 2114 2066 2138 ante
2078 2105 2266 2139 Nativitatem
2280 2109 2368 2140 beatae

1337 2154 1437 2185 irginis.

1304 2270 1353 2301 De
1365 2271 1512 2314 pecunia,
1543 2280 1598 2316 pro
1621 2270 1718 2305 Henr.
1736 2268 1772 2302 de
1782 2269 1982 2363 filemania,
2007 2269 2170 2304 Willielmo
2188 2269 2224 2303 de
2245 2271 2368 2304 Valence

1804 2331 1818 2350 0
1830 2329 1897 2351 uta·

1383 2403 1509 2434 Niversis
1525 2402 1632 2433 Christi
1649 2401 1790 2441 fidelibus,
1816 2402 1850 2433 ad
1893 2413 1943 2434 uos
1965 2402 2109 2442 ptaesentes
2127 2404 2226 2434 litterae
2238 2413 2372 2442 pervene-
2391 2389 2469 2423 ΑΜ·
2482 2389 2526 2423 DJ

1306 2479 1338 2510 D
1393 2443 1450 2486 rint
1465 2466 1475 2481 ,
1491 2441 1665 2473 Willielmus
1678 2441 1713 2472 de
1735 2441 1867 2472 Valencia
1914 2445 2026 2473 ominus
2040 2442 2201 2473 Pembroke
2211 2443 2324 2474 salutem
2340 2444 2369 2474 in
2392 2439 2500 2497 Aiaz7z4⁸

1339 2489 1449 2511 omino.
2440 2491 2445 2496 ·
2484 2490 2490 2497 ·

1339 2518 1487 2550 Noveritis
1499 2519 1596 2559 quod,
1615 2529 1682 2550 cum
1696 2542 1706 2557 ,
1725 2519 1807 2550 clarae
1821 2520 1969 2549 memoriae
1983 2543 1993 2557 ,
2012 2518 2157 2550 Dominus
2178 2519 2320 2551 Henricus
2335 2521 2370 2551 de
2391 2512 2421 2535 E.
2446 2518 2470 2535 ¹·

1305 2556 1473 2596 Almannia,
1491 2558 1595 2595 Nepos
1609 2558 1720 2595 noster,
1739 2558 1836 2595 nobis,
1854 2559 1883 2588 in
1898 2558 1984 2588 tribus
1997 2557 2125 2588 Centum
2141 2559 2174 2590 &
2187 2559 2371 2603 quinquagin-
2388 2545 2446 2574 Lib.
2457 2549 2494 2574 A.

1305 2604 1334 2626 te
1351 2595 1458 2626 Marcis
1478 2597 1579 2628 Sterlin
1598 2607 1681 2627 orum
1696 2606 1729 2626 ex
1748 2605 1849 2626 mutuo
1864 2604 2020 2635 teneretur,
2036 2606 2068 2626 ac
2083 2596 2276 2628 Serenissimus
2289 2597 2371 2628 Prin·
2382 2583 2409 2621 f·
2426 2594 2490 2621 ²²5·

1303 2643 1385 2673 ceps,
1405 2634 1509 2673 Nepos
1524 2636 1557 2666 &
1603 2636 1716 2665 ominus
1731 2634 1824 2664 noster
1837 2634 1988 2665 karissimus
2003 2658 2013 2672 ,
2030 2633 2184 2666 Edwardus
2198 2636 2256 2666 Dei
2271 2637 2373 2680 gratia,
2392 2627 2516 2691 ἓΐὲηη

1304 2671 1369 2740 lsK¹ex
1390 2671 1501 2715 Angliae
1523 2673 1631 2703 illustris
1646 2696 1655 2711 ,
1674 2672 1823 2711 pecuniam
1845 2673 1919 2703 illam
1940 2682 1993 2710 pro
2016 2672 2132 2710 praefato
2145 2673 2278 2704 Henrico
2292 2674 2374 2706 nobis

1318 2719 1478 2778 oeslgilutr'nus
1500 2749 1534 2780 ὅ(
1548 2748 1729 2779 concedimus
1750 2746 1827 2787 quod
1847 2746 1922 2777 idem
1936 2746 2081 2777 Dominus
2095 2747 2190 2778 noster
2204 2748 2269 2778 Rex
2284 2758 2372 2788 pecu-

1303 2788 1380 2817 niam
1394 2787 1468 2816 illam
1483 2787 1518 2816 ab
1536 2786 1694 2817 Executore
1709 2785 1815 2827 praefati
1831 2784 1954 2814 Domini
1965 2784 2104 2824 Henrici,
2122 2787 2240 2816 nomine
2255 2787 2371 2827 nostro,

1305 2824 1417 2864 recipiat
1430 2825 1460 2854 in
1472 2825 1760 2866 recompensationem
1774 2823 1919 2854 solutionis
1932 2823 2091 2864 praedietae,
2109 2824 2191 2855 nobis
2213 2835 2262 2863 per
2280 2825 2370 2866 ipsum

1306 2865 1484 2942 faelisssscum
1498 2903 1648 2948 pecuniam
1669 2901 1744 2932 illam
1765 2901 1801 2931 ab
1821 2898 1979 2931 Executore
1998 2899 2079 2941 ipfius
2098 2901 2256 2942 receperit,
2274 2911 2322 2932 eos
2336 2901 2373 2934 de

1305 2940 1381 2972 dieta
1394 2942 1513 2978 pecunia
1529 2942 1652 2971 omnino
1667 2941 1828 2979 quictamus.

1347 2979 1376 3010 [n
1390 2981 1466 3016 cujus
1479 2981 1518 3010 rei
1531 2979 1725 3010 testimonium
1740 2978 1919 3019 praesentibus
1931 2977 2026 3009 litteris
2038 2977 2168 3018 Sigillum
2182 2976 2311 3009 nostrum
2328 2977 2373 3009 fe-

1307 3020 1398 3050 cimus
1410 3019 1523 3058 apponi.

1345 3095 1412 3126 Dat.
1427 3094 1500 3134 apud
1514 3094 1678 3136 Wyndesor
1691 3094 1736 3125 die
1751 3093 1844 3124 Lunae

1307 3133 1464 3204 {agnggariae
1481 3131 1602 3172 Virginis
1617 3157 1627 3173 ,
1643 3143 1721 3165 anno
1735 3132 1829 3172 Regni

1845 3094 1998 3163 i>proiit-ria
2011 3092 2076 3138 post
2088 3092 2203 3138 Festum
2222 3093 2294 3137 Nat.
2307 3093 2373 3138 bea-

1878 3143 1969 3164 ormni
1983 3132 2072 3163 noſtri
2089 3132 2176 3174 Regis
2191 3131 2320 3170 praedieti
2332 3131 2377 3165 se-.

1613 3298 1673 3329 Pro
1688 3294 1831 3343 Johanne
1856 3294 1892 3329 de
1908 3298 2060 3329 Britania.

1380 3380 1444 3412 EX
1464 3380 1598 3411 militibus
1633 3379 1722 3411 liberis
1735 3381 1916 3419 hominibus,
1935 3381 1969 3412 δε
1983 3381 2115 3412 omnibus
2125 3380 2200 3418 aliis,
2214 3380 2372 3411 tenentibus
2387 3377 2462 3409 Ann.
2473 3377 2522 3417 D,

1388 3420 1424 3450 de
1435 3420 1545 3463 honore
1559 3418 1592 3449 &
1605 3403 1739 3464 ²Rapotde
1752 3419 1882 3460 Hasting.
1897 3419 2020 3450 salutem.
2407 3425 2492 3461 1274.

1342 3459 1422 3490 Cum
1444 3457 1586 3488 Dominus
1606 3456 1747 3489 Henricus
1768 3458 1832 3488 Rex
1845 3481 1855 3496 ,
1872 3466 1949 3496 pater
1966 3456 2078 3496 noster,
2096 3466 2146 3495 per
2158 3456 2275 3487 Cartam
2289 3456 2363 3486 suam
2381 3459 2433 3483 An.
2454 3466 2481 3485 2.

1305 3498 1410 3529 dederit
1430 3497 1464 3527 &
1483 3494 1647 3526 concesserit
1667 3495 1808 3526 kariffimo
1827 3497 1902 3527 fratri
1913 3519 1924 3534 ,
1941 3495 1976 3527 &
1991 3495 2066 3526 fideli
2082 3494 2180 3525 nostro
2189 3495 2312 3533 Johanni
2329 3492 2364 3523 de
2381 3497 2411 3521 Ε.
2434 3503 2456 3521 i.

1306 3536 1445 3567 Britannia
1462 3533 1611 3573 praedistos
1634 3533 1776 3565 honorem
1794 3535 1828 3566 &
1848 3535 1967 3575 Rapum
2019 3532 2180 3564 habendum
2194 3533 2244 3563 sibi
2258 3532 2292 3564 δε
2305 3532 2364 3575 bae-
2382 3535 2441 3560 Pat.
2452 3542 2480 3560 2.

1306 3575 1417 3606 redibus
1438 3573 1490 3602 suis
1509 3573 1716 3616 imperpetuum
1728 3596 1738 3611 ,
1761 3575 1815 3604 una
1835 3583 1904 3605 cum
1926 3555 2017 3603 feodis
2041 3570 2169 3602 Militum
2185 3571 2218 3602 &
2233 3569 2364 3601 omnibus
2384 3574 2413 3598 Ε.
2439 3580 2462 3599 i.

1307 3613 1364 3643 aliis
1415 3611 1549 3641 rtinenriis
1562 3610 1626 3640 suis:
2385 3617 2422 3637 m.
2440 3617 2481 3643 iz,⁴

1345 3651 1365 3681 S
1390 3650 1431 3679 vis
1449 3648 1543 3678 eidem
1561 3647 1635 3692 Regi
1686 3650 1720 3680 tri
1735 3649 1831 3694 nostro
1843 3649 1877 3682 &
1890 3647 2047 3693 haeredibus
2066 3646 2118 3678 suis
2129 3645 2232 3678 Castro
2243 3644 2279 3675 de
2292 3642 2369 3673 Has-

1305 3689 1428 3770 ἓὲῗὰςέξ
1441 3683 2288 3766 ‘iflssiicsfflssn‘ipeaeiifftiffnssfssssffnssiff‘ssofffifissnbssd'mu
2255 3691 2316 3750 “¹¹ss
2327 3681 2369 3751 Ξῖ

1308 3763 1607 3845 Ρᾟὲῗιξῆιᾳηάειῐηυε
1622 3802 1700 3841 quod
1713 3803 1830 3844 praefato
1838 3802 1964 3842 Johanni
1973 3823 1983 3839 ,
2001 3801 2032 3830 in
2046 3796 2180 3842 homagiis
2193 3796 2228 3827 ὅ(
2245 3795 2301 3841 alii-3,
2314 3797 2368 3827 ffir-

1307 3841 1380 3871 vitiis
1400 3838 1497 3869 vestris
1517 3839 1615 3870 debitis
1635 3842 1669 3872 &
1690 3841 1845 3879 consuetis,
1862 3848 1994 3879 tanquam
2015 3837 2148 3881 Dormno
2163 3832 2276 3873 vestro,
2290 3843 2389 3873 Juxta>

1307 3879 1429 3948 forfflam
1439 3877 1631 3948 ‘concgcffionis
1646 3879 1804 3919 praediaoe,
1820 3877 1995 3911 intendentes
2007 3875 2061 3906 fitis
2071 3873 2105 3904 &
2118 3871 2323 3913 respondentes.

1399 3925 1496 3954 cujus,
1548 3926 1574 3948 c.

1351 3995 1439 4028 Teste
1454 3995 1536 4037 Rege
1548 3997 1622 4038 apud
1637 3996 1808 4039 Wyndesor.
1830 4004 1877 4027 11.
1888 3993 1935 4026 die
1948 3990 2128 4033 Septembris.
2332 4029 2377 4059 Do
