2570 4261
0 314 72 348 Ami.
80 306 123 342 D.

0 573 111 598 Αιωι.
150 551 191 612 S

2 613 34 636 H.
56 616 80 642 3.

4 650 62 674 ΡΜ.
81 652 125 670 21.

2 689 36 713 Η,
59 691 85 718 3.
106 691 131 708 n.

5 733 30 749 2.
50 721 75 748 d.

6 761 53 788 Ἰ·
69 766 134 796 375·

30 3841 93 3870 ¹²1.
110 3840 172 3878 376.

623 193 754 234 ET
837 192 1158 234 AC-TA
1241 192 1829 242 PUBLICA.

94 372 107 416 ¹·
145 368 294 402 Omnium
318 365 510 412 querelarum
539 367 616 396 inter
641 364 756 411 Angliae
786 367 823 403 (ῤ’
854 368 953 398 Scotiae
987 369 1077 413 Reges
1103 364 1211 409 finalis

189 413 345 449 concordia
378 423 478 446 coram
514 412 622 445 Ottone
650 401 810 446 Ca‘rdinali
836 416 948 461 Legato
974 414 1056 461 apud
1089 411 1209 446 Ebora-

191 476 272 497 cum.

200 548 286 579 Ciant
299 546 445 588 praesentes
458 547 492 578 ὅτ
504 545 590 576 futuri
606 545 684 584 quod
699 547 736 577 ita
756 548 909 585 convenit,
927 548 955 577 in
970 547 1112 585 praesentia
1124 557 1212 578 vene-

209 586 298 618 rabilis
310 588 393 627 patris
406 585 528 616 Domini
544 584 583 614 O.
596 585 697 614 Titulo
712 586 808 616 Saneti
822 584 962 616 Nicholai
976 588 1001 615 iii
1017 596 1130 617 carcere
1138 586 1212 616 Tul-

151 627 225 657 liano
244 624 371 656 Diaconi
393 623 565 661 Cardinalis,
581 624 616 655 ὃς
635 631 703 653 tunc
726 624 902 664 Apostolicae
921 624 989 654 sedis
1006 624 1121 664 Legati,
1138 625 1213 662 apud

152 664 335 702 Eboracum,
354 664 425 694 inter
439 662 606 692 Dominum
624 661 788 694 Henricum
803 662 917 702 Regem
941 663 1069 702 Angliae,
1088 665 1121 694 &
1146 663 1214 693 Do-

153 704 266 734 minum
287 700 479 734 Alexandrum
504 700 616 739 Regem
639 700 764 738 Scotiae,
790 701 868 740 super
886 702 905 721 *ί
926 702 1059 732 omnibus
1079 702 1216 740 querelis,

153 752 219 780 quas
237 742 313 772 idem
335 741 401 771 Rex
422 740 529 770 Scotiae
551 747 698 777 moverat,
717 739 763 770 vel
784 749 903 771 movere
915 749 1024 777 poterat
1037 750 1137 771 contra
1154 740 1215 770 dic-

152 790 215 812 tum
228 780 345 818 Regem
360 779 487 816 Anoliae,
505 777 591 816 usque
602 777 636 807 ad
651 777 730 807 diem
744 778 878 817 Veneris,
894 779 1053 816 proximam
1067 788 1131 810 ante
1151 779 1216 808 Fes-

155 828 218 850 tum
234 818 329 849 saneti
345 803 510 855 Micssaelis,
527 826 603 846 anno
616 817 711 854 gratiae
727 817 877 848 millefimo
898 817 1093 848 ducentesimo
1113 817 1218 848 tricesi-

154 868 205 888 mo
219 858 356 896 septimo,
373 857 494 893 scilicet,
1052 896 1056 900 .

189 896 282 933 Super
295 895 487 926 Comitatibus
508 893 831 933 Northumberlandiae,
850 893 1097 931 Cumberlandre,
1118 892 1219 923 West-

155 934 331 973 merlandiae,
352 944 423 972 quos
443 932 519 963 idem
543 932 609 962 Rex
629 932 736 964 Scotiae
755 934 834 971 petiit
850 933 920 964 sicut
937 933 1129 964 haereditatem
1143 932 1219 962 suam

155 984 171 1004 a
185 973 265 1004 dieto
278 972 362 1012 Rege
377 972 494 1011 Angliae.
1055 1010 1060 1015 ι
1190 1009 1195 1013 ¹

192 1011 232 1043 Et
245 1019 377 1049 praeterea
389 1010 426 1041 de
441 1010 603 1048 quindecim
618 1010 741 1040 millibus
756 1009 921 1042 Marcarum
944 1008 1061 1050 Argenti
1100 1018 1166 1047 quas
1189 1007 1222 1037 il-

156 1050 247 1081 lustris
261 1049 327 1080 Rex
338 1049 500 1087 Johannes,
519 1057 596 1086 pater
611 1048 737 1087 praedieti
753 1048 874 1080 Henrici
887 1049 977 1086 Regis
989 1033 1125 1093 'Angsiae‚
1143 1057 1223 1077 rece-

156 1097 233 1126 perat
253 1097 269 1118 a
289 1087 424 1119 Domino
442 1087 622 1125 willielmo,
641 1088 785 1126 quondam
812 1088 895 1127 Rege
916 1087 1039 1124 Scotiae,
1057 1095 1135 1124 patre
1150 1096 1223 1129 prae-

156 1127 227 1158 dieti
241 1126 392 1157 Alexandri
408 1126 496 1166 Regis
513 1126 633 1164 Scotiae,
652 1137 706 1165 pro
720 1126 884 1165 quibusdam
904 1125 1164 1162 conventionibus,
1179 1134 1224 1154 m-

157 1174 200 1196 ter
221 1165 314 1196 dietus
334 1165 432 1203 Reges
454 1166 544 1203 initis,
568 1175 634 1203 quae
652 1175 668 1195 a
689 1164 769 1195 dieto
790 1165 872 1204 Rege
890 1164 1024 1203 johanne
1038 1173 1099 1193 non
1113 1163 1223 1193 fuerant

158 1205 333 1241 observatae,
350 1212 380 1234 ut
395 1203 471 1235 idem
487 1203 644 1234 Alexander
657 1203 723 1234 Rex
737 1203 841 1233 Scotiae
853 1203 973 1233 dicebat.

195 1243 233 1274 Et
249 1243 285 1273 de
300 1243 540 1274 conventionibus
550 1243 629 1272 factis
644 1243 714 1272 inter
727 1241 838 1272 dictum
851 1241 1015 1272 Henricum
1030 1239 1147 1279 Regem
1163 1239 1225 1284 Ari-

157 1283 237 1321 gliae,
256 1281 419 1312 &dietum
442 1280 635 1312 Alexandrum
655 1280 768 1319 Regem
787 1280 910 1317 Scotiae,
936 1280 1017 1317 super
1039 1279 1224 1308 matrimonio

158 1319 355 1352 contrahendo
372 1322 442 1350 inter
456 1319 580 1349 eundem
591 1318 755 1348 Henricum
771 1318 888 1355 Regem
906 1317 1036 1357 Angliae,
1055 1318 1089 1348 ὃς
1111 1316 1227 1361 Marga-

161 1368 252 1389 retam
272 1359 398 1389 sororem
421 1358 492 1388 dieii
516 1355 665 1386 Alexandri
680 1356 768 1396 Regis
782 1356 904 1394 Scotiae,
924 1355 1002 1396 quod
1016 1364 1050 1385 ex
1065 1363 1141 1393 parte
1156 1355 1225 1386 dieti

160 1397 250 1437 Regis
263 1396 374 1437 Angliae
388 1406 448 1426 non
462 1395 515 1427 fuit
530 1395 728 1433 observatum,
743 1395 813 1425 sicut
833 1393 912 1425 idem
933 1395 999 1425 Rex
1021 1394 1129 1425 Scotiae
1150 1394 1229 1425 dice-

163 1436 220 1467 bat.

202 1473 241 1504 Et
260 1474 296 1504 de
310 1474 444 1504 omnibus
456 1472 514 1503 aliis
533 1471 650 1510 querelis
665 1481 731 1510 quas
745 1471 836 1503 dietus
850 1471 1025 1510 Alexander,
1045 1471 1111 1515 Rex
1123 1471 1230 1515 Scotiae

163 1514 274 1550 movit,
300 1511 346 1542 vel
366 1521 486 1542 movere
504 1512 614 1550 potuit,
638 1521 691 1549 pro
712 1511 754 1549 se,
779 1511 824 1542 vel
846 1522 900 1549 pro
921 1510 1141 1541 antecessoribus
1161 1510 1232 1549 suis,

162 1560 264 1619 codntra
282 1551 393 1581 dietum
412 1550 527 1590 Regem
546 1549 657 1590 Angliae
669 1574 679 1588 ,
703 1549 790 1588 usque
808 1549 843 1580 ad
865 1551 1021 1581 terminum
1043 1548 1231 1587 praedium,

163 1591 193 1623 vi
214 1590 306 1620 elicet-

202 1613 403 1667 Qiod'dietus
418 1627 576 1658 Alexander
590 1626 657 1657 Rex
672 1627 778 1658 Scotiae
794 1627 900 1672 remisit
913 1627 946 1658 ὃς
956 1627 1071 1672 'quieto-s
1085 1626 1234 1664 clamavit,

163 1667 281 1737 ξὲἓίέιειε,
301 1666 603 1743 ᾖεῂῗζιῗῡῖιιξξωξυῐιῐξί
621 1664 1235 1742 91ξὲξᾷΙ-ἓέἓξὲἷυξῆῑῇιᾟέζξέῐὶᾔέξζ

166 1743 412 1782 Cumberlandiae,
439 1745 472 1776 ὅτ.
493 1743 758 1774 Westmerlandiae:
786 1742 825 1774 Et
846 1752 938 1774 totam
958 1744 1126 1781 praedictam
1147 1752 1235 1781 pecu-

167 1786 260 1814 niam:
277 1783 316 1814 Et
332 1792 434 1814 omnes
454 1783 675 1820 conventiones,
694 1781 779 1812 fatias
804 1783 877 1812 inter
888 1782 1058 1820 praedieium
1068 1781 1234 1820 johannem

167 1822 283 1862 Regem
306 1821 434 1862 Angliae,
452 1822 487 1852 ὃς
509 1821 678 1859 praedietum
689 1820 902 1858 willielmum,
923 1821 1038 1860 Regem
1054 1820 1177 1858 Scotiae,
1192 1820 1235 1850 su-

168 1872 218 1900 per
231 1861 296 1899 conj
338 1862 368 1891 iis
381 1859 515 1891 faciendis
530 1861 603 1890 inter
618 1859 788 1898 praedieium
802 1859 966 1890 Henricum
985 1859 1098 1928 Rzem
1115 1859 1162 1889 An
1182 1858 1237 1898 liae,

166 1901 214 1931 vel
229 1899 317 1930 Ricar
338 1909 388 1930 um
406 1899 523 1930 fratrem
537 1898 637 1937 suum,
655 1900 689 1930 ὃς
703 1897 913 1937 Marvaretam,
928 1898 975 1929 vel
995 1898 1034 1929 Isa
1056 1898 1138 1928 ellam
1169 1907 1239 1928 oro-

168 1949 213 1970 res
224 1938 350 1977 praedisti
360 1936 513 1975 ,Alexandri
526 1936 616 1975 Regis
630 1937 748 1968 Scotiae:
769 1922 808 1968 fit
820 1937 944 1968 fimiliter
959 1938 1166 1981 conventiones
1180 1936 1239 1967 fac-

169 1986 209 2009 tas
230 1978 301 2008 inter
322 1976 432 2007 dietum
454 1974 617 2006 Henn'cum
637 1975 752 2015 Regem
774 1976 904 2014 Angli-ae,
923 1977 957 2007 &
977 1975 1090 2007 dietum
1116 1975 1238 2006 Alexan-

169 2016 254 2046 drum
273 2015 389 2055 Regem
402 2015 525 2052 Scotiae,
542 2014 623 2052 super
636 2015 820 2045 matrimonio
836 2014 1035 2045 contrahendo
1055 2016 1127 2045 inter
1148 2014 1239 2052 ipsum

172 2053 463 2122 HenricumSRegem
477 2053 605 2094 Angliae,
619 2054 654 2085 ὃ(
667 2052 860 2093 Margaretam
875 2053 1005 2085 sororem
1026 2052 1095 2084 dieti
1118 2051 1241 2083 Alexan-

170 2093 214 2124 dri
230 2093 277 2123 Re
297 2094 317 2122 is
353 2094 445 2123 cotiae.

210 2131 269 2162 Pro
303 2141 335 2162 ac
350 2139 444 2161 autem
459 2130 622 2162 remiffione
636 2131 672 2163 ὃς
687 2131 780 2169 quieta
802 2131 968 2170 clamantia,
987 2129 1138 2170 praedictus
1157 2129 1241 2160 Hen-

171 2171 246 2201 ricus
270 2169 334 2200 Rex
358 2169 471 2209 Angliae
491 2169 587 2209 dedit,
602 2172 636 2202 &
658 2169 889 2201 conceffitdieto
903 2169 1066 2201 Alexandro
1080 2169 1156 2208 Regi
1169 2169 1242 2200 Sco-

173 2209 220 2239 tiae
232 2208 365 2239 ducentas
379 2208 488 2239 libratas
503 2216 585 2238 terrae
598 2208 671 2239 infra
682 2208 775 2239 dictos
794 2207 957 2239 Comitatus
978 2208 1244 2239 Northumberlan-

170 2247 226 2277 diae
247 2249 280 2278 &
301 2246 547 2285 Cumberlandiae3
565 2247 585 2277 fi
603 2247 749 2285 praedietae
768 2246 900 2278 ducent-ae
922 2247 1030 2278 libratae
1044 2256 1126 2278 terrae
1135 2248 1164 2276 in
1179 2247 1242 2284 ipsis

173 2285 368 2317 Comitatibus
382 2294 459 2316 extra
473 2286 574 2325 Villas,
593 2286 643 2316 ubi
657 2285 757 2316 Castra
771 2285 819 2316 fita
833 2285 912 2324 sunt,
930 2286 1035 2326 possint
1050 2286 1186 2324 inveniri,
1197 2286 1243 2324 &,

172 2325 263 2362 siquid
279 2324 343 2354 inde
356 2324 492 2363 defuerit,
512 2325 537 2354 ei
553 2324 711 2363 perficietur
730 2326 761 2354 in
780 2324 851 2354 locis
873 2325 1101 2362 competentibus
1121 2325 1155 2355 ὅ(
1176 2334 1246 2362 pro-

171 2364 369 2432 finguioribus
399 2363 481 2394 dietis
501 2362 695 2394 Comitatibus
714 2363 1022 2394 Northumberlandiae
1041 2365 1076 2396 &
1097 2362 1245 2395 Cumber-

184 2413 218 2433 an
241 2412 287 2432 iae:

212 2439 460 2479 HABENDAS,
478 2440 630 2479 tenendas,
648 2441 724 2472 &in
741 2439 904 2471 Dominico
917 2440 1074 2472 retinendas
1086 2440 1180 2471 eidem
1202 2439 1244 2471 Α-

175 2479 308 2510 lexandro
323 2479 353 2509 R
392 2481 399 2509 i
415 2479 540 2517 Scotiae,
559 2479 593 2510 &
605 2477 763 2509 haeredibus
775 2479 828 2509 suis
842 2478 971 2518 Regibus
983 2479 1108 2518 Scotiae,
1125 2478 1163 2509 de
1182 2478 1244 2510 dic-

176 2525 209 2548 to
223 2517 356 2548 Henrico
406 2528 421 2548 e
441 2528 457 2548 e
471 2517 598 2557 Angliae,
617 2518 651 2548 &
664 2516 822 2548 haeredibus
834 2517 901 2548 suis:

215 2555 389 2587 REDDE
443 2556 474 2586 D
483 2556 514 2586 O
533 2555 599 2587 inde
611 2556 756 2591 annuatim
769 2566 860 2586 unum
874 2555 1050 2586 Austurcum
1064 2555 1171 2587 Sorum
1193 2556 1245 2594 ipfi

176 2593 254 2634 Regi
270 2594 397 2633 Angliae,
415 2595 448 2625 &
463 2594 621 2625 haeredibus
635 2594 687 2624 suis
700 2593 774 2632 apud
789 2593 914 2625 Karleol.
934 2605 984 2632 per
1000 2604 1099 2625 manus
1119 2594 1246 2626 Consta-

175 2633 274 2664 bularii
293 2632 386 2663 Castri
406 2632 533 2664 Karleol.
558 2633 723 2671 quicunque
743 2632 844 2672 fuerit,
872 2633 901 2663 in
923 2632 1010 2663 Festo
1035 2632 1245 2671 Affumptionis

175 2673 267 2704 beatae
286 2671 405 2708 Mariae,
422 2681 476 2709 pro
494 2671 627 2703 omnibus
649 2670 780 2710 servitiis,
799 2672 832 2703 &
854 2671 1120 2711 consuetudinibus,
1139 2673 1173 2703 &
1186 2672 1245 2702 aliis

176 2710 341 2750 demandis,
360 2720 425 2750 quae
436 2720 490 2748 pro
503 2710 607 2740 eisdem
621 2711 700 2741 terris
711 2711 782 2750 exigi
795 2709 918 2748 possint3

214 2749 256 2781 Ita
278 2750 365 2780 libere
384 2748 464 2787 quod
483 2748 612 2786 praedisti
631 2748 698 2779 Rex
710 2748 817 2780 Scotiae
831 2749 864 2780 &
877 2748 1003 2780 haeredes
1017 2748 1057 2780 sui
1069 2748 1190 2780 habeant
1209 2750 1243 2781 &

177 2796 290 2819 teneant
308 2788 395 2819 dietas
415 2795 498 2817 terras
515 2789 548 2819 ὃς
569 2787 700 2818 homines
721 2786 862 2818 dictarum
875 2796 1012 2819 terrarum
1025 2797 1094 2819 curn
1108 2788 1245 2819 omnibus

176 2827 368 2865 libertatibus,
386 2826 524 2857 &liberis
539 2825 804 2865 consuetudinibus,
821 2826 856 2858 &
869 2827 1026 2865 quietantiis
1039 2826 1106 2865 suis,
1123 2828 1154 2857 in
1177 2828 1245 2858 bos-

178 2875 217 2896 co
230 2866 264 2897 &
276 2865 378 2904 plano,
396 2866 426 2895 in
439 2866 521 2903 pratis
536 2866 569 2896 &
582 2864 715 2905 pasturis,
733 2866 762 2895 in
783 2866 861 2903 aquis
882 2867 916 2897 &
937 2865 1123 2904 molendinis,
1141 2867 1172 2896 in
1193 2867 1246 2897 viis

177 2905 213 2936 &
227 2905 347 2941 semitis,
365 2905 395 2933 in
408 2902 509 2943 stagnis
523 2905 556 2935 &
569 2905 697 2942 vivariis,
715 2904 746 2934 in
762 2903 884 2934 mariscis
898 2905 931 2935 &
945 2904 1080 2943 piscariis,
1099 2914 1168 2935 cum
1183 2904 1245 2936 Sok

138 2974 141 2977 ,
177 2944 212 2974 &
228 2942 299 2981 Sak,
316 2941 408 2973 Tholl
423 2942 456 2972 &
468 2942 597 2980 Theam,
615 2942 861 2982 Infrangenethef,
878 2942 988 2974 Utfran
1008 2943 1137 2982 enetlief,
1151 2943 1245 2974 Ham-

178 2980 266 3012 sokne
272 3004 282 3019 ,
304 2979 481 3024 Grithbreeh
489 2980 626 3019 ,Blodwit
633 3004 644 3020 ,
650 2982 818 3026 Fyghtwyt,
832 2980 955 3025 Eerd'wit
960 3005 971 3021 ,
1014 2990 1127 3027 engwyt
1135 3006 1145 3019 ,
1154 2982 1245 3021 Leyr-

178 3018 885 3095 ‘gcyssaff'ssssissssffifffstii'nlnffrriiiiatss‘iclffiffcm²
904 3019 1029 3052 F⁰rst²¹¹'
1048 3020 1119 3051 ὼ
1132 3029 1245 3060 ‘empus

216 3095 256 3127 Et
296 3095 355 3127 uod
372 3094 428 3133 ipse
448 3094 515 3125 Rex
536 3095 658 3135 Scotiae,
675 3098 709 3128 &
729 3096 856 3128 haeredes
877 3097 931 3143 sui,
949 3099 984 3130 &
997 3108 1099 3130 omnes
1114 3098 1245 3131 homines

180 3134 221 3165 sui
235 3157 245 3173 ‚
293 3145 310 3164 e
331 3133 470 3174 praedietis
489 3135 568 3165 terris
590 3134 642 3165 sint
661 3135 741 3165 liberi
753 3160 763 3175 ,
790 3137 825 3168 &
845 3137 932 3174 quieti
953 3137 989 3167 ab
1010 3139 1093 3168 omni
1114 3137 1218 3168 Scotto
1233 3164 1243 3177 ,

181 3172 336 3212 Ghyeldo,
354 3174 388 3206 &
401 3172 536 3203 omnibus
547 3173 653 3204 auxiliis
663 3173 880 3206 vicecomitum
889 3198 899 3213 ,
911 3176 945 3207 δε
958 3177 1091 3207 omnium
1103 3176 1247 3207 ministro-

179 3220 244 3242 rum
265 3210 381 3242 suorum
428 3212 462 3242 &
485 3210 521 3241 de
539 3211 626 3251 Hyda
657 3235 667 3250 ,
692 3211 839 3253 Carueag,
864 3213 1013 3255 Danegeld
1059 3214 1243 3255 Hornegeffl,

181 3248 376 3294 Exercitibus,
392 3233 587 3293 wapentakiis
622 3220 774 3290 Scutagiis,
793 3251 944 3291 Lestagiis‚
961 3237 1113 3293 Staliagiis,
1132 3254 1244 3294 Shyris‚

180 3286 347 3318 Hundredis
362 3312 373 3326 ‚
394 3286 510 3332 W‘ardis
524 3310 534 3326 ,
557 3275 725 3326 W’ardpenn
755 3314 765 3328 ,
792 3290 958 3330 Averpenv,
984 3291 1160 3323 Hundredes
1174 3302 1243 3333 eny,

181 3325 395 3367 Burghalpeny,
417 3324 636 3371 Tethingperiy,
661 3328 694 3358 &
713 3298 750 3357 cie
768 3338 788 3358 e
809 3329 902 3359 eribus
922 3329 1114 3362 Castellorum
1129 3355 1139 3370 ,
1189 3341 1244 3361 on-

182 3366 272 3404 tium,
289 3365 445 3396 Parcorum
466 3363 622 3404 Clausuris,
641 3367 674 3397 ὃς
693 3367 776 3396 omni
830 3369 922 3406 areio,
940 3369 1127 3409 Summagio,
1150 3368 1245 3400 Navi-

182 3405 249 3449 gio,
268 3404 301 3436 δε
315 3403 351 3435 de
364 3403 508 3434 domuum
522 3402 675 3442 Regalium
687 3403 890 3445 aedificatione,
904 3408 938 3438 &
954 3408 1126 3439 omnimoda
1145 3418 1246 3446 opera-

183 3452 270 3474 tione.

222 3481 261 3512 Et
280 3480 359 3519 quod
380 3480 509 3519 praedicti
530 3479 596 3510 Rex
615 3480 739 3519 Scotiae,
755 3481 789 3513 ὃς
801 3481 925 3514 haeredes
938 3483 996 3523 sui,
1014 3485 1136 3516 habeant
1149 3487 1246 3516 omnia

182 3520 327 3559 animalia,
352 3529 418 3558 quae
437 3518 569 3549 dicuntur
588 3518 683 3558 Wayf
724 3519 838 3552 inventa
858 3523 889 3552 in
908 3523 1050 3560 praedietis
1069 3525 1147 3554 terris
1162 3547 1172 3562 ,
1196 3525 1247 3556 nisi

185 3559 219 3590 ali
242 3560 282 3590 uis
295 3569 326 3589 ea
339 3558 447 3589 secutus
461 3557 559 3602 fuerit,
576 3558 625 3601 qui
638 3543 722 3595 posin
734 3557 767 3588 &
780 3559 847 3590 velit
861 3561 983 3598 probare
996 3562 1074 3601 quod
1089 3563 1133 3593 sua
1146 3563 1208 3593 sint.

252 3597 403 3629 onceffum
416 3596 458 3628 est
472 3605 556 3627 etiam
570 3606 586 3626 a
599 3596 679 3626 dicto
691 3595 776 3633 Rege
789 3596 915 3638 Angliae,
932 3601 1012 3638 quod
1025 3602 1124 3632 omnia
1145 3601 1246 3639 placita

186 3647 254 3675 quae
273 3638 303 3667 in
322 3636 402 3667 dietis
421 3636 518 3674 terris,
535 3634 571 3665 de
583 3643 689 3665 caetero
701 3644 765 3664 eme
799 3644 862 3675 ent,
879 3638 913 3668 δε
929 3648 995 3676 quae
1006 3649 1106 3670 coram
1119 3639 1246 3677 justicia-

185 3676 232 3705 riis
247 3677 277 3705 in
288 3675 402 3714 Banco,
418 3675 467 3706 vel
480 3684 579 3705 coram
593 3673 653 3712 ipso
669 3673 751 3717 Rege
790 3674 896 3717 ngliae,
912 3677 942 3706 in
954 3677 1052 3708 itinere
1071 3678 1139 3716 suo,
1157 3680 1246 3710 teneri

186 3714 409 3752 consueverunt,
427 3713 463 3743 de
481 3722 586 3744 caetero
606 3712 770 3750 placitentur
788 3721 817 3741 in
838 3714 915 3744 curia
928 3714 1009 3753 ipfius
1021 3716 1110 3756 Regis
1124 3717 1248 3756 Scotiae,

188 3752 222 3783 &
241 3752 388 3783 haeredum
409 3752 541 3791 suorum,
567 3751 642 3782 Infra
684 3749 807 3780 raedistas
826 3758 926 3790 terras,
951 3754 985 3784 &
1006 3754 1045 3784 ibi
1064 3756 1250 3787 terminentur

188 3800 239 3828 per
260 3790 380 3821 Ballivos
401 3791 526 3828 ipsorum
546 3790 634 3829 Regis
678 3790 777 3825 cotiae,
796 3789 829 3819 &
850 3789 996 3820 haeredum
1010 3792 1126 3824 suorum
1141 3805 1192 3832 per
1205 3805 1250 3825 re-

190 3836 305 3859 turnum
319 3830 413 3861 brevis
427 3829 508 3867 ipsius
520 3828 610 3867 Regis
626 3828 753 3871 Angliaz,
772 3828 805 3858 &
821 3827 968 3872 haeredum
981 3829 1001 3848 '¹‘
1022 3831 1154 3870 suorum,
1173 3833 1253 3871 quod

190 3865 383 3898 Vicecomi'tes
395 3869 520 3906 ipsorum
533 3867 636 3898 eisdem
660 3866 769 3896 Ballivis
791 3866 895 3896 habere
916 3867 1034 3907 facient,
1049 3870 1069 3900 si
1086 3871 1187 3910 placita
1206 3872 1253 3903 illa

192 3904 248 3938 ibi,
266 3915 316 3942 per
328 3906 419 3942 legem
437 3906 565 3945 Angliae,
583 3905 717 3936 teneri&
732 3905 875 3935 terminari
890 3904 1003 3941 possint.

229 3941 267 3972 Et
289 3941 402 3981 placita,
421 3954 484 3982 quae
503 3946 543 3975 ibi
562 3954 660 3975 coram
680 3943 817 3982 praedietis
840 3942 964 3981 Ballivis,
988 3954 1038 3982 per
1057 3946 1149 3986 legem
1169 3957 1252 3979 terrae

192 3981 336 4012 terminari
356 3992 415 4012 non
436 3991 588 4021 poterunt,
605 3992 703 4013 coram
719 3981 880 4020 justiciariis
902 3981 1025 4013 Domini
1038 3984 1127 4022 Regis
1141 3986 1254 4023 Angliae

193 4020 228 4050 &
251 4018 398 4049 haeredum
416 4020 530 4052 suorum
551 4021 759 4058 itinerantibus,
778 4020 812 4050 ad
827 4021 928 4058 primas
940 4020 1025 4052 affisas
1039 4022 1109 4053 infra
1123 4023 1256 4056 Comita-

194 4066 256 4094 tuS,
274 4057 303 4086 in
319 4058 418 4088 Quibus
432 4067 513 4090 terrae
529 4060 583 4090 illae
597 4060 716 4097 fuerint,
732 4068 877 4089 teneantur
891 4059 924 4090 &
939 4062 1125 4091 terminentur
1145 4064 1174 4093 in
1198 4064 1256 4101 pri-

195 4094 519 4166 ωτᾶεάνῑηῑιὲἰρὲοωω
536 4098 779 4138 Justiciai·iorum,
798 4097 958 4138 priusquam
976 4098 1068 4137 aliqua
1086 4099 1135 4133 alia
1155 4101 1256 4141 placita

257 4145 306 4166 om.
344 4158 349 4164 .
395 4157 401 4164 .
438 4158 445 4165 .

2236 213 2310 256 131

1253 286 1418 323 teneantur,
1441 280 1597 325 secundum
1612 283 1692 320 quod
1702 285 1810 322 justum
1824 286 1923 324 fuerit,
1935 285 2069 324 praesente
2084 285 2241 317 Senescallo
2255 285 2323 316 dieii
2335 285 2409 315 Ann-
2424 276 2466 311 D:

1255 317 1345 356 Regis
1367 319 1490 358 Sconae,
1512 321 1545 351 &
1570 320 1704 352 assidente
1722 331 1853 362 tanquam
1870 325 2030 363 Justiciaiio
2052 324 2086 354 ad
2106 325 2150 354 illa
2164 326 2263 362 placita
2284 332 2325 354 te-
2358 328 2443 361 1237-

1256 357 1366 394 nenda,
1385 359 1422 388 ita
1437 358 1515 395 quod
1534 358 1630 389 Ballivi
1640 384 1648 397 ,
1668 361 1711 390 xe]
1725 361 1854 392 homines
1870 364 1950 401 ipsius
1964 363 2052 402 Regis
2067 364 2193 401 Scotiae,
2203 363 2239 393 de
2252 373 2324 400 pi'ae‘-
2339 370 2402 392 Heu.
2425 368 2450 395 3·

1256 394 1338 424 dietis
1357 397 1435 426 terris
1449 420 1458 434 ,
1483 407 1537 434 pio
1561 397 1635 427 nulla
1654 398 1875 431 siimwoiiitione
1890 426 1899 439 ,
1923 402 1968 432 vel
1984 402 2079 440 aliquo
2100 402 2203 439 placito
2226 410 2325 432 exeant

1256 432 1419 465 Comitatus
1434 436 1460 464 in
1475 435 1575 473 quibus
1590 436 1733 473 praedictae
1748 447 1829 468 terrae
1842 439 1955 470 fuerint.

1295 472 1381 510 Siqua
1394 483 1465 504 vero
1478 482 1550 503 terra
1562 473 1692 514 assignata
1708 475 1789 506 fuerit
1801 477 1881 506 dieto
1896 478 1972 517 Regi
1987 478 2105 517 Scotiae,
2124 479 2159 509 de
2181 478 2321 517 praediffls

1257 509 1387 541 ducentis
1404 511 1509 542 libratis
1520 521 1619 550 terrae,
1638 513 1708 542 infra
1721 523 1807 544 metas
1822 515 1959 553 Potestne,
1973 517 2062 547 nullus
2077 517 2247 548 Forestarius
2258 518 2321 548 Re-

1256 550 1296 588 gis
1318 549 1430 589 Angliae
1449 550 1562 580 intrabit
1581 551 1701 581 eandem
1721 560 1822 582 terram
1843 553 1923 590 ipsius
1938 554 2025 591 Regis
2036 555 2141 586 Scotiae
2155 557 2189 586 ad
2201 556 2320 587 man‘du-

1258 587 1397 626 candum,
1416 588 1461 619 vel
1484 588 1697 628 hospitandum,
1713 590 1760 620 vel
1781 591 1884 629 aliquid
1903 592 1976 622 aliud
1990 591 2176 633 exigendum,
2195 595 2244 625 nisi
2260 605 2321 625 tan-

1257 634 1320 656 tum
1343 636 1395 664 pro
1418 627 1640 658 attachiamentis
1653 628 1785 658 faciendis
1798 628 1834 659 de
1850 630 1971 668 placitis,
1989 631 2022 660 ad
2039 632 2182 663 Forestam
2195 633 2321 671 spectan-

1258 665 1350 703 tibus,
1369 666 1402 696 ὃ(
1426 666 1484 696 hoc
1506 676 1555 704 per
1578 666 1668 697 visum
1688 667 1786 699 Ballivi
1807 668 1888 706 ipsius
1903 668 1992 709 Regis
2004 669 2126 709 Scotiae,
2145 671 2165 700 si
2178 673 2325 710 requisitus

1259 704 1387 733 interesse
1401 704 1530 735 voluerit.

1298 741 1403 772 Placita
1425 753 1496 773 vero
1517 753 1653 782 coronae,
1671 753 1739 774 cum
1762 746 1792 775 in
1813 744 1952 783 praedietis
1969 747 2047 777 terris
2060 744 2238 786 emerserint,
2256 756 2324 779 atta-n

1261 779 1390 823 ehienrur
1404 791 1452 818 pei·
1464 780 1601 812 Ballivuni
1615 784 1649 813 ὃς
1663 782 1856 814 Coronatores
1869 784 1957 824 Regis
1972 785 2098 825 Angliae,
2116 787 2247 824 praesente
2263 786 2326 818 Bal-

1261 818 1321 848 livo
1336 818 1423 862 Regis
1440 819 1561 858 Scotiae,
1581 821 1600 850 si
1614 821 1757 859 requisitus
1779 824 1876 853 venire
1895 824 2033 862 voluerit,
2052 825 2085 855 &
2107 825 2273 865 placitentur
2291 827 2326 857 ὃς

1262 863 1449 898 terminentur
1461 858 1561 888 cadem
1576 859 1675 896 placita
1687 870 1787 890 corani
1805 860 1969 899 justiciariis
1990 863 2181 893 itinerantibus
2202 865 2236 894 δε
2256 874 2328 902 prae⁴

1263 893 1343 924 dieto
1356 895 1514 926 Senescallo
1526 896 1559 927 ad
1575 899 1698 935 primam
1712 898 1817 929 affisam
1857 900 1926 930 ficut
1942 900 2109 938 praedictum
2124 902 2174 932 est.

1302 931 1351 976 De
1374 933 1573 977 aliis-placitiS,
1597 936 1646 965 ubi
1667 937 1686 966 fi
1708 937 1804 975 aliquis
1826 923 1979 968 iiominum
2001 938 2117 969 suorum
2139 940 2174 970 de
2188 939 2327 980 przediffls

1263 977 1343 1000 terris
1358 973 1508 1002 convietus
1524 974 1605 1003 fuerit
1619 974 1655 1003 de
1668 974 1786 1014 felonia,
1805 976 1870 1013 post
1880 976 2020 1014 judicium
2036 977 2144 1007 faetum
2161 977 2207 1008 fiat
2223 979 2328 1016 justitia

1264 1018 1314 1046 per
1336 1008 1456 1039 Balliiros
1478 1012 1511 1041 ὃς
1533 1011 1664 1042 homines
1685 1013 1810 1049 ipsorum
1832 1014 1920 1053 Regis
1939 1014 2043 1045 Scotiae
2058 1017 2091 1046 δε
2105 1017 2251 1046 haeredum
2265 1017 2330 1047 suo-

1266 1056 1347 1091 rurn3
1366 1048 1407 1092 ita·
1416 1056 1511 1078 tamen
1528 1048 1606 1087 quod
1619 1060 1679 1080 non
1692 1051 1788 1081 licebit
1801 1051 1881 1081 dietis
1897 1052 1972 1091 Regi
1987 1053 2093 1084 Scotiae
2107 1055 2150 1084 vel
2171 1055 2329 1086 haeredibus

1266 1084 1317 1115 suis
1337 1094 1479 1116 remittere
1501 1086 1582 1117 alicui
1601 1087 1728 1125 judicato
1749 1099 1867 1126 poenam
1885 1091 1910 1119 ei
1924 1090 2047 1120 debitam
2062 1092 2217 1123 secundum
2235 1094 2330 1133 legem

1265 1131 1363 1155 terrae:
1383 1124 1454 1156 Nec
1468 1125 1625 1157 haeredibus
1637 1125 1856 1164 dampnatorum
1872 1136 1991 1167 terram,
2010 1139 2059 1166 per
2081 1131 2215 1161 feloniam
2237 1131 2330 1163 perdi-

1265 1169 1343 1201 tam,
1360 1162 1493 1202 reddere,
1511 1174 1566 1194 nec
1586 1165 1670 1197 etiam
1689 1168 1908 1197 amer-ciamenta
1928 1168 2071 1197 remittere
2093 1169 2160 1206 hiis,
2179 1171 2227 1207 qui
2237 1166 2332 1201 amer·-

1267 1202 1329 1232 ciati
1345 1201 1449 1232 fuerint
1460 1212 1513 1240 pro
1528 1213 1714 1242 quocumque
1729 1205 1886 1235 forisfa&o.

1308 1239 1416 1271 Omnia
1436 1242 1521 1271 etiam
1542 1244 1777 1281 amerciamenta,
1795 1245 1828 1274 ὃς
1849 1243 1980 1282 escaetae,
1998 1245 2031 1275 ὃς
2047 1253 2200 1282 proventus
2212 1244 2248 1276 de
2261 1253 2334 1283 prae-

1270 1277 1352 1309 dietis
1368 1280 1464 1318 terris,
1483 1280 1542 1309 tam
1562 1280 1599 1311 de
1620 1291 1696 1312 anno
1718 1282 1750 1312 &
1771 1280 1819 1312 die
1829 1281 1899 1312 dieti
1912 1282 2002 1319 Regi„—
2016 1282 2128 1320 Angliii:
2140 1284 2173 1313 ὃς
2186 1285 2336 1314 liaeredum

1270 1317 1402 1356 suorum,
1422 1319 1481 1348 tarn
1502 1318 1538 1348 de
1557 1320 1636 1350 terris
1657 1330 1706 1358 per
1716 1319 1853 1351 feloniam
1867 1320 2033 1358 forisfactis,
2053 1322 2139 1359 quiim
2151 1322 2186 1351 de
2198 1323 2334 1353 omuibus

1269 1356 1326 1386 aliis
1348 1357 1486 1395 exitibus,
1520 1358 1580 1388 tam
1602 1357 1638 1388 de
1680 1358 1765 1389 lacitis
1788 1359 1911 1389 Forestae
1928 1383 1937 1397 ,
1961 1360 2046 1398 quam
2068 1360 2104 1390 de
2123 1362 2257 1391 omnibus
2280 1361 2336 1390 aliis

1272 1394 1381 1433 placitis
1393 1418 1404 1434 ,
1437 1396 1569 1426 homines
1589 1406 1648 1434 prae
1668 1398 1788 1427 testarum
1810 1406 1944 1428 terrarum
1966 1399 2194 1438 contingentibus
2207 1424 2217 1438 ,
2250 1409 2340 1429 rema-

1273 1441 1357 1463 neant
1376 1434 1438 1472 ipsis
1461 1434 1537 1474 Regi
1555 1435 1661 1466 Scotice
1682 1437 1715 1467 &
1734 1436 1892 1466 haeredibus
1913 1436 1963 1466 suis
1983 1439 2216 1477 imperpetuum,
2240 1439 2292 1476 ὃς,
2318 1438 2339 1468 si

1274 1472 1349 1502 forte
1371 1474 1516 1513 contingat
1537 1475 1632 1512 aliquo
1652 1483 1783 1512 tempore
1804 1475 1876 1513 ipsos
1895 1475 2011 1514 Regem
2034 1476 2140 1506 Scotiae
2157 1477 2201 1507 vel
2216 1477 2341 1507 haeredes

1275 1510 1338 1541 suos
1350 1510 1390 1541 im
1413 1512 1515 1542 lacitari
1527 1511 1564 1543 de
1576 1512 1715 1551 praedietis
1728 1515 1826 1552 terris,
1842 1513 1889 1544 vel
1900 1513 1937 1544 de
1950 1514 2042 1552 aliqua
2060 1523 2138 1552 parte
2158 1516 2341 1555 earumdem,

1278 1550 1370 1580 dicius
1390 1522 1457 1580 Rex
1478 1550 1607 1596 Angliae,
1623 1552 1657 1583 ὅ(
1675 1552 1801 1582 haeredes
1823 1552 1879 1590 sui,
1898 1552 2008 1583 easdem
2032 1562 2132 1593 terras,
2152 1554 2221 1584 sicut
2244 1555 2300 1585 illas
2316 1556 2343 1585 ei

1278 1587 1372 1632 dedit,
1383 1589 1445 1626 ipsis
1459 1588 1536 1630 Regi
1551 1590 1656 1621 Scotiae
1670 1591 1704 1622 &
1718 1590 1874 1622 haeredibus
1887 1590 1939 1622 suis
1955 1592 2147 1623 warantizabit
2160 1593 2193 1623 ὅτ.
2210 1592 2344 1624 defendet

1277 1636 1484 1666 inperpetuum.

1316 1665 1357 1696 Ita
1378 1667 1472 1706 quod,
1490 1675 1604 1705 propter
1624 1667 1692 1699 illud
1713 1668 1864 1706 placitum,
1883 1678 1944 1699 non
1964 1669 2111 1707 oportebit
2132 1669 2202 1707 ipsos
2227 1668 2343 1710 Regem

1282 1704 1388 1736 Scotiae
1404 1708 1437 1738 &
1452 1705 1577 1737 haeredes
1591 1706 1653 1737 suos
1667 1706 1702 1737 ad
1716 1707 1838 1738 Curiam
1850 1707 1938 1747 Regis
1954 1708 2068 1748 Angliae
2079 1707 2232 1748 accedere,
2251 1718 2282 1740 ut
2303 1711 2346 1739 in-

1279 1744 1316 1774 de
1331 1744 1412 1774 alicui
1426 1745 1619 1783 respondeant.

1318 1781 1357 1813 Et
1376 1783 1467 1814 dietus
1489 1784 1556 1814 Rex
1576 1784 1682 1816 Scotiae
1702 1784 1770 1816 fecit
1788 1784 1867 1816 dieto
1880 1785 2013 1817 Henrico
2030 1785 2108 1826 Regi
2119 1785 2231 1826 Angliae
2245 1787 2348 1818 homa-

1281 1823 1360 1861 gium
1371 1822 1453 1853 stium
1465 1822 1501 1853 de
1512 1822 1653 1861 praediffis
1666 1825 1761 1862 terris,
1780 1825 1813 1855 &
1827 1823 1989 1856 fidelitatem
2005 1826 2030 1854 ei
2040 1826 2151 1863 juravit.

1320 1860 1430 1899 Scripta
1443 1872 1530 1901 vero,
1545 1862 1590 1893 vel
1604 1861 1789 1892 instrumenta
1801 1863 1881 1901 super
1893 1863 2033 1901 praedietis
2048 1865 2213 1903 maritagiis,
2228 1865 2261 1895 ὃς
2275 1874 2347 1895 cori-

1282 1901 1464 1931 ventionibus
1477 1912 1491 1931 a
1502 1900 1641 1938 przedieto
1654 1900 1738 1940 Rege
1747 1901 1881 1940 johanne
1893 1901 2039 1940 quondam
2055 1902 2138 1942 Rege
2154 1903 2267 1940 Angliae
2276 1927 2284 1941 ‚
2293 1904 2350 1933 five

1282 1948 1298 1967 a
1318 1938 1455 1977 piaedieto
1475 1939 1608 1970 Henrico
1627 1939 1711 1980 Rege
1731 1939 1860 1980 Angliae,
1878 1941 1911 1971 ὃς
1935 1951 1950 1970 a
1972 1940 2112 1978 praedieto
2132 1941 2183 1972 W.
2203 1941 2349 1980 quondam
2375 1952 2376 1955 ¹

1282 1976 1369 2014 Rege
1388 1978 1510 2017 Scoriae,
1529 1979 1575 2010 vel
1597 1989 1612 2009 a
1630 1978 1768 2016 praedie‘to
1790 1978 1951 2010 Alexandro
1979 1979 2065 2017 Rege
2078 1980 2183 2010 Scotiae
2198 1981 2329 2011 confeeta

1284 2015 1390 2046 debent
1409 2017 1477 2047 hinc
1499 2018 1565 2049 inde
1582 2017 1705 2056 restituit,
1723 2027 1760 2047 eo
1780 2018 1856 2048 salvo
1876 2018 1972 2056 quod,
1993 2018 2013 2048 fi
2035 2020 2064 2048 in
2083 2018 2145 2057 ipsis
2159 2019 2283 2057 scriptis,
2301 2005 2350 2050 vei

1282 2054 1475 2086 instrumentis
1495 2056 1585 2095 aliqua
1607 2056 1725 2094 capitula
1758 2058 1906 2096 negotium
1925 2057 2044 2095 praesens
2058 2067 2119 2088 non
2133 2059 2289 2097 tangentia,
2308 2059 2353 2088 in-

1283 2095 1448 2133 veniantur,
1473 2105 1537 2133 quse
1559 2094 1712 2126 alterutrius
1731 2081 1850 2135 Regum
1870 2095 2018 2127 utilitatem
2038 2097 2217 2135 contineant,
2244 2097 2352 2127 debent

1283 2132 1417 2170 praedicta
1437 2134 1557 2171 capitula
1578 2144 1628 2171 per
1646 2134 1788 2172 utriusque
1803 2134 1923 2172 Regum
1937 2135 2039 2165 litteras
2050 2136 2195 2166 innovari:
2216 2135 2350 2166 Similiter

1284 2180 1380 2202 autem
1393 2172 1414 2202 si
1428 2182 1492 2210 quae
1509 2172 1605 2203 Cartae
1618 2172 1698 2210 super
1717 2173 1857 2211 praediffis
1873 2172 2066 2204 Comitatibus
2081 2181 2216 2212 poterunt
2237 2175 2351 2207 inveni-

1285 2211 1325 2249 ri,
1345 2209 1421 2249 Regi
1436 2210 1549 2251 Angliae
1562 2211 1750 2242 restituentur.

1323 2247 1361 2279 Et
1374 2249 1393 2279 fi
1409 2249 1501 2288 forte,
1520 2251 1549 2280 in
1561 2249 1724 2289 posterum,
1740 2250 1830 2289 aliqua
1843 2249 2027 2282 instrumenta
2041 2252 2219 2282 inveniantur
2231 2249 2355 2296 deprae-

1286 2287 1369 2318 dietis
1391 2287 1583 2320 Comitatibus
1604 2289 1638 2320 ὃ(
1657 2290 1916 2328 conventionibus,
1935 2300 2000 2329 quae
2020 2299 2081 2320 non
2094 2289 2199 2322 fuerint
2213 2290 2356 2331 restituta,
2417 2295 2433 2318 Β

1287 2326 1394 2359 viribus
1408 2336 1534 2367 careant,
1553 2329 1586 2359 &
1601 2339 1654 2366 pro
1667 2328 1748 2359 nullis
1761 2328 1923 2359 habeantur.

1324 2364 1412 2396 Hanc
1434 2375 1529 2397 autem
1547 2368 1774 2398 conventionem
1795 2391 1804 2407 ,
1830 2367 1947 2398 fideliter
1969 2367 2121 2398 tenendam
2141 2369 2357 2408 inperpetuum,

1308 2403 1437 2435 raedietus
1459 2404 1526 2435 Rex
1547 2406 1657 2446 Angliae
1677 2407 1746 2437 fecit
1760 2407 1789 2436 in
1804 2408 1927 2437 animam
1942 2406 2019 2437 suam
2028 2409 2120 2446 jurare
2132 2406 2185 2437 W.
2206 2407 2357 2439 Comitem

1334 2453 1461 2474 arennae:
1481 2443 1521 2475 Et
1535 2444 1627 2475 dietus
1643 2445 1709 2475 Rex
1723 2445 1829 2476 Scotiae
1852 2445 1976 2475 similiter
1994 2446 2024 2475 in
2042 2446 2167 2475 animam
2188 2446 2265 2477 suam
2288 2447 2357 2478 fecit

1284 2481 1376 2520 jurare
1391 2481 1553 2513 Walterum
1568 2482 1687 2523 Cumyn
1696 2507 1705 2522 ,
1724 2482 1876 2514 Comitem
1890 2483 1927 2513 de
1941 2483 2102 2514 Meneteth.

1327 2519 1366 2550 Et
1400 2529 1512 2552 raeterea
1526 2521 1603 2552 idem
1621 2521 1687 2552 Rex
1700 2521 1806 2553 Scotiae
1819 2521 1888 2552 fecit
1907 2521 2057 2553 Comitem
2079 2522 2230 2553 Malcolm.
2251 2522 2357 2555 Comi-

1287 2566 1348 2588 tem
1389 2569 1405 2589 e
1425 2559 1594 2598 Meneteth,
1618 2560 1783 2591 VValterum
1802 2560 1892 2591 filium
1912 2560 2025 2599 Anani,
2050 2561 2210 2592 Walterum
2229 2560 2359 2601 Olifard,

1291 2596 1374 2627 Bern.
1394 2597 1417 2627 F
1418 2598 1504 2637 raser,
1523 2598 1686 2629 Henricum
1700 2598 1736 2629 de
1750 2598 1864 2637 Baillol,
1878 2598 2044 2629 Gilbertiim
2061 2599 2260 2630 Marescallum
2269 2625 2280 2637 ,
2294 2601 2360 2632 Co-

1288 2637 1389 2666 mitem
1409 2635 1513 2667 Penbr.
1537 2636 1579 2667 H.
1606 2637 1756 2668 Comitem
1779 2637 1932 2668 Hereford.
1960 2637 2056 2668 David
2080 2637 2199 2678 Cumyn
2259 2638 2358 2671 David

1292 2673 1491 2706 Marescallum
1530 2676 1680 2707 Thomam
1696 2676 1785 2706 filiurn
1799 2675 1914 2707 Ranulfi
1949 2676 2143 2720 Willielmum
2157 2677 2194 2708 de
2208 2663 2289 2710 i'ort.
2305 2678 2361 2718 Jo-

1287 2713 1412 2743 hannem
1432 2713 1469 2745 de
1488 2700 1604 2754 fiaillol,
1623 2716 1657 2747 ὃς
1679 2714 1844 2746 Henricum
1865 2715 1902 2745 de
1914 2699 2058 2759 lffiasting,
2070 2725 2161 2753 jurare
2173 2715 2211 2747 de
2225 2717 2360 2755 paceista

1288 2752 1409 2821 tfenenda
1422 2753 1452 2783 in
1467 2753 1559 2785 forma
1572 2754 1725 2785 litterarum
1740 2755 1911 2792 patentium,
1931 2763 1997 2793 quas
2011 2757 2061 2792 ipii
2076 2753 2151 2794 Regi
2166 2755 2278 2795 Angliae
2293 2756 2361 2789 inde

1303 2799 1426 2822 ecerunt.

1328 2829 1464 2861 Praeterea
1486 2830 1563 2862 idem
1585 2831 1651 2862 Rex
1671 2832 1795 2870 Scotiae,
1815 2831 1849 2863 ὃς
1869 2831 1990 2862 Barones
2010 2831 2139 2870 praedieti
2156 2832 2239 2870 jurati
2258 2832 2360 2872 posue-

1289 2878 1355 2899 runt
1370 2868 1397 2898 se
1406 2869 1591 2907 jurisdietioni
1606 2870 1731 2901 Domini
1747 2870 1850 2909 Papae,
1868 2870 1918 2901 sub
1939 2869 1992 2901 hac
2015 2870 2126 2908 forma,
2144 2871 2241 2911 quod,
2259 2872 2279 2902 si
2299 2872 2362 2905 dic-

1290 2916 1334 2938 tus
1349 2906 1416 2937 Rex
1429 2908 1552 2948 Scotiae,
1567 2909 1613 2940 vel
1625 2909 1694 2939 dieti
1709 2909 1832 2940 Barones
1845 2910 1900 2947 sui,
1918 2909 2014 2948 aliquo
2030 2917 2161 2946 ternpore
2172 2919 2273 2941 contra
2286 2921 2360 2949 prae-

1291 2945 1402 2976 dietum
1414 2947 1605 2983 juramentum
1622 2948 1701 2979 suum
1722 2949 1866 2985 venirent,
1886 2947 1992 2978 debent
2007 2947 2086 2985 super
2108 2947 2166 2978 hoc
2187 2959 2203 2979 a
2223 2948 2360 2983 Domino

1290 2984 1365 3022 Papa
1386 2983 1535 3016 Canonice
1558 2988 1684 3017 coerceri
1701 2997 1707 3016 :
1740 2986 1860 3024 Propter
1882 2985 1960 3024 quod
1981 2987 2067 3016 etiam
2087 2985 2193 3018 debent
2214 2988 2271 3026 ipse
2292 2989 2359 3021 Rex

1292 3023 1398 3054 Scotiae
1411 3024 1444 3054 &
1459 3024 1580 3055 Baiones
1594 3026 1613 3044 *
1629 3025 1756 3063 praediCti
1772 3025 1904 3055 Domino
1920 3024 2004 3062 Papae
2019 3024 2182 3056 litteratorie
2194 3025 2359 3068 significare,

1289 3072 1320 3093 ut
1335 3061 1408 3092 hanc
1426 3063 1642 3094 'urisdietionem
1655 3064 1737 3095 alicui
1749 3063 1990 3103 suffraganeorum
2012 3061 2218 3095 Cantuariensis
2238 3067 2359 3099 Archie.

1289 3101 1395 3139 piscopi
1429 3111 1444 3131 e
1457 3102 1592 3133 consensu
1608 3104 1728 3140 partium
1743 3104 1915 3132 committat.

1327 3138 1373 3170 Ad
1395 3141 1533 3178 majorem
1559 3142 1644 3171 etiam
1666 3141 1746 3179 hujus
1770 3141 1844 3178 pacis
1865 3140 2042 3171 securitatem
2064 3140 2138 3172 faeta
2153 3141 2194 3172 est
2209 3141 2272 3174 haec
2285 3153 2359 3176 carta

1293 3179 1366 3208 inter
1382 3177 1474 3208 dictos
1489 3178 1601 3218 Reges,
1619 3181 1648 3209 in
1662 3179 1784 3209 modum
1799 3177 1989 3218 Cirographi3
2007 3180 2043 3210 ita
2057 3179 2135 3218 quod
2154 3191 2273 3220 uterque
2293 3184 2358 3216 illo-

1289 3226 1353 3247 rum
1364 3215 1474 3246 alterius
1486 3219 1555 3254 parti
1570 3217 1701 3257 Sigillum
1716 3218 1796 3248 suum
1810 3217 1947 3256 apposuit.

1328 3293 1394 3324 Hiis
1406 3292 1542 3324 Testibus
1557 3293 1771 3325 Venerabilibus
1789 3293 1935 3332 Patribus,

1289 3372 1333 3400 W.
1354 3369 1475 3399 Eburum
1489 3368 1710 3408 Archie’pifiopo,

1290 3412 1324 3439 R.
1344 3412 1366 3437 C
1361 3407 1497 3448 yrestrenfi
1510 3410 1623 3438 Domini
1638 3411 1719 3447 Regis
1734 3413 1802 3439 An-

1326 3446 1389 3484 gliae
1404 3446 1586 3485 Camellario,

1294 3489 1337 3516 W.
1358 3484 1515 3526 Carleolenfi

1294 3527 1338 3554 W
1355 3509 1550 3564 Wigorm'enst,
1568 3520 1607 3558 ὠ

1841 3374 1941 3401 Comite
1954 3371 1985 3400 de
2000 3373 2132 3410 Anegur,

1840 3413 1940 3439 Comite
1955 3410 1986 3438 de
2005 3413 2092 3448 Mar,

1840 3451 1942 3477 Comite
1956 3448 1988 3477 de
2002 3446 2127 3486 Atthol,

1841 3488 1942 3515 Comite
1960 3486 1992 3514 de
2006 3488 2075 3523 Ros,

1842 3525 1885 3554 W
1884 3522 1991 3553 ilhelmo
2005 3523 2166 3563 Lungcspey.

1294 3565 1338 3593 W.
1352 3563 1383 3591 de
1398 3561 1498 3601 Glasgu
1511 3561 1679 3592 Cancellario
1687 3561 1803 3602 praefati
1841 3560 1982 3600 Radulpho
1995 3562 2027 3591 de
2039 3562 2165 3603 Thaeny,

1330 3603 1408 3638 Regis
1421 3604 1515 3630 Scotiae
1529 3599 1661 3639 Epifiopis
1669 3625 1679 3639 ,
1843 3602 1886 3630 W.
1904 3601 1936 3630 de
1948 3603 2019 3639 Ros,

1294 3642 1338 3670 W.
1357 3638 1453 3668 Elec‘lo
1465 3638 1579 3669 Valent:
1841 3642 1874 3668 R.
1893 3639 1924 3668 de
1937 3641 1989 3668 Ros
1998 3663 2008 3677 ,

1292 3681 1455 3744 RbComite
1474 3679 1613 3707 Piflaviae
1637 3675 1675 3712 (ῥ’
1700 3681 1803 3707 cornu-

1350 3728 1383 3746 1ae

1295 3758 1338 3785 W.
1358 3740 1458 3784 Co’mite
1471 3756 1632 3791 Warennae,

1292 3794 1330 3833 J.
1343 3797 1444 3823 Comite
1458 3791 1608 3822 Lincvlniae
1628 3790 1804 3832 Constabula-

1331 3835 1371 3861 rio
1389 3830 1513 3871 Cestriae,

1294 3873 1337 3900 W
1359 3874 1460 3899 Comite
1473 3866 1654 3899 Albemarliae
1662 3892 1673 3907 ,

1293 3912 1326 3938 R.
1343 3911 1442 3938 Comite-
1457 3909 1626 3944 PVintoniae,

1290 3951 1317 3977 S.
1338 3948 1369 3976 de
1388 3945 1567 4012 Montcy‘orti,

1293 3988 1328 4015 G.
1347 3982 1472 4023 Marefia
1485 3983 1508 4013 lo
1519 3987 1619 4014 Comite
1633 3983 1742 4015 Pambr.

1295 4027 1395 4053 Comite
1409 4025 1544 4060 Patricio,

1296 4064 1398 4092 Comite
1411 4062 1443 4091 de
1456 4059 1623 4100 Strathern,

1295 4103 1397 4132 comite
1409 4100 1441 4130 de
1453 4098 1598 4131 Linenath
1605 4122 1617 4141 ‚

1842 3679 1886 3707 W.
1907 3677 1937 3706 de
1953 3679 2103 3716 Ferrariis,

1841 3718 1874 3744 R.
1896 3716 2043 3753 Benmm,

1841 3756 1880 3784 H.
1901 3753 2000 3783 Painel

1842 3796 1877 3822 G.
1896 3793 1927 3822 a'e
1939 3778 2135 3832 Umfiamvilss

1842 3834 2003 3860 Amauricio
2021 3831 2053 3861 de
2066 3832 2165 3862 Sanezo
2180 3833 2329 3873 Amando,

1841 3871 1875 3899 P.
1895 3871 1926 3899 de
1940 3869 2019 3899 Malo
2035 3872 2127 3909 Lacu,

1841 3907 1975 3947 Magistro
1988 3910 2071 3937 Petro
2083 3911 2115 3938 de
2129 3908 2274 3948 Burdegal.
2292 3909 2331 3944 ῤ’

1841 3946 1976 3985 ΛΙαςὶΙίνο
2003 3947 2074 3977 Att’
2102 3947 2208 3978 clericis
2238 3949 2354 3979 Domini

1880 3988 1984 4015 Levati

1841 4010 1974 4062 Johaffme
1980 4008 2044 4064 filio
2057 4022 2196 4063 Gaffridi,

1843 4064 1956 4099 Hugone
1970 4065 2002 4094 de
2016 4065 2044 4093 V
2043 4067 2126 4100 ivan,

1843 4100 1978 4140 Stephano
1996 4101 2029 4132 de
2042 4101 2196 4139 Sedgrave‚

1793 4135 1862 4169 R2
2314 4136 2360 4172 W

2375 3044 2505 3082 *1.377,
