<?xml version="1.0" encoding="UTF-8"?>
<!DOCTYPE html PUBLIC "-//W3C//DTD XHTML 1.0 Transitional//EN"
    "http://www.w3.org/TR/xhtml1/DTD/xhtml1-transitional.dtd">
<html xmlns="http://www.w3.org/1999/xhtml" xml:lang="en" lang="en">
 <head>
  <title>
</title>
<meta http-equiv="Content-Type" content="text/html;charset=utf-8" />
  <meta name='ocr-system' content='tesseract 3.04.00' />
  <meta name='ocr-capabilities' content='ocr_page ocr_carea ocr_par ocr_line ocrx_word'/>
</head>
<body>
  <div class='ocr_page' id='page_1' title='image "./fderaconventione01ryme_0293.png"; bbox 0 0 2570 4261; ppageno 0'>
   <div class='ocr_carea' id='block_1_1' title="bbox 0 328 95 363">
    <p class='ocr_par' dir='ltr' id='par_1_1' title="bbox 0 328 95 363">
     <span class='ocr_line' id='line_1_1' title="bbox 0 328 95 363; baseline -0.021 -8"><span class='ocrx_word' id='word_1_1' title='bbox 0 331 23 360; x_wconf 87' lang='lat'><strong>1.</strong></span> <span class='ocrx_word' id='word_1_2' title='bbox 32 328 95 363; x_wconf 81' lang='lat'>625.</span> 
     </span>
    </p>
   </div>
   <div class='ocr_carea' id='block_1_2' title="bbox 0 456 98 490">
    <p class='ocr_par' dir='ltr' id='par_1_2' title="bbox 0 456 98 490">
     <span class='ocr_line' id='line_1_2' title="bbox 0 456 98 490; baseline -0.041 -2"><span class='ocrx_word' id='word_1_3' title='bbox 0 468 43 490; x_wconf 86' lang='lat' dir='ltr'><strong>rm.</strong></span> <span class='ocrx_word' id='word_1_4' title='bbox 58 456 98 486; x_wconf 92' lang='lat' dir='ltr'><strong>D.</strong></span> 
     </span>
    </p>
   </div>
   <div class='ocr_carea' id='block_1_3' title="bbox 0 504 81 570">
    <p class='ocr_par' dir='ltr' id='par_1_3' title="bbox 0 504 81 570">
     <span class='ocr_line' id='line_1_3' title="bbox 0 504 71 535; baseline -0.042 -7"><span class='ocrx_word' id='word_1_5' title='bbox 0 504 71 535; x_wconf 80' lang='lat'>257.</span> 
     </span>
     <span class='ocr_line' id='line_1_4' title="bbox 0 543 81 570; baseline -0.025 -8"><span class='ocrx_word' id='word_1_6' title='bbox 0 547 19 564; x_wconf 74' lang='lat' dir='ltr'><strong>i.</strong></span> <span class='ocrx_word' id='word_1_7' title='bbox 36 543 81 570; x_wconf 81' lang='lat'><strong>4¹-</strong></span> 
     </span>
    </p>
   </div>
   <div class='ocr_carea' id='block_1_4' title="bbox 0 583 105 716">
    <p class='ocr_par' dir='ltr' id='par_1_4' title="bbox 0 583 105 716">
     <span class='ocr_line' id='line_1_5' title="bbox 0 583 105 648; baseline -0.019 -8"><span class='ocrx_word' id='word_1_8' title='bbox 0 583 105 648; x_wconf 65' lang='lat' dir='ltr'><strong>a2s141.</strong></span> 
     </span>
     <span class='ocr_line' id='line_1_6' title="bbox 0 659 77 716; baseline -0.039 0"><span class='ocrx_word' id='word_1_9' title='bbox 0 659 77 716; x_wconf 60' lang='grc' dir='ltr'><strong>’.εἷ’ᾱ.</strong></span> 
     </span>
    </p>
   </div>
   <div class='ocr_carea' id='block_1_5' title="bbox 0 1626 118 1818">
    <p class='ocr_par' dir='ltr' id='par_1_5' title="bbox 0 1626 118 1818">
     <span class='ocr_line' id='line_1_7' title="bbox 0 1626 111 1660; baseline -0.036 0"><span class='ocrx_word' id='word_1_10' title='bbox 0 1637 57 1660; x_wconf 77' lang='lat' dir='ltr'><strong>liin.</strong></span> <span class='ocrx_word' id='word_1_11' title='bbox 71 1626 111 1657; x_wconf 87' lang='lat' dir='ltr'><strong>D.</strong></span> 
     </span>
     <span class='ocr_line' id='line_1_8' title="bbox 7 1674 89 1704; baseline -0.024 0"><span class='ocrx_word' id='word_1_12' title='bbox 7 1674 89 1704; x_wconf 85' lang='lat'>1257.</span> 
     </span>
     <span class='ocr_line' id='line_1_9' title="bbox 0 1710 98 1740; baseline -0.031 -7"><span class='ocrx_word' id='word_1_13' title='bbox 0 1710 34 1733; x_wconf 77' lang='lat' dir='ltr'><strong>ln.</strong></span> <span class='ocrx_word' id='word_1_14' title='bbox 51 1714 98 1740; x_wconf 83' lang='lat'><strong>4¹·</strong></span> 
     </span>
     <span class='ocr_line' id='line_1_10' title="bbox 0 1764 118 1818; baseline -0.017 -9"><span class='ocrx_word' id='word_1_15' title='bbox 0 1764 118 1818; x_wconf 40' lang='lat' dir='ltr'><strong>abusui.</strong></span> 
     </span>
    </p>
   </div>
   <div class='ocr_carea' id='block_1_6' title="bbox 0 1857 86 1893">
    <p class='ocr_par' dir='ltr' id='par_1_6' title="bbox 0 1857 86 1893">
     <span class='ocr_line' id='line_1_11' title="bbox 0 1857 86 1893; baseline -0.023 -7"><span class='ocrx_word' id='word_1_16' title='bbox 0 1857 86 1893; x_wconf 68' lang='lat' dir='ltr'><strong>2.7.d.</strong></span> 
     </span>
    </p>
   </div>
   <div class='ocr_carea' id='block_1_7' title="bbox 0 2754 130 2783">
    <p class='ocr_par' dir='ltr' id='par_1_7' title="bbox 0 2754 130 2783">
     <span class='ocr_line' id='line_1_12' title="bbox 0 2754 130 2783; baseline -0.015 0"><span class='ocrx_word' id='word_1_17' title='bbox 0 2755 12 2776; x_wconf 60' lang='lat' dir='ltr'>F</span> <span class='ocrx_word' id='word_1_18' title='bbox 27 2756 51 2783; x_wconf 92' lang='lat'><strong>1.</strong></span> <span class='ocrx_word' id='word_1_19' title='bbox 66 2754 130 2781; x_wconf 87' lang='lat'>626.</span> 
     </span>
    </p>
   </div>
   <div class='ocr_carea' id='block_1_8' title="bbox 0 2875 129 2954">
    <p class='ocr_par' dir='ltr' id='par_1_8' title="bbox 0 2875 129 2954">
     <span class='ocr_line' id='line_1_13' title="bbox 0 2875 129 2908; baseline -0.016 0"><span class='ocrx_word' id='word_1_20' title='bbox 0 2876 73 2908; x_wconf 78' lang='lat' dir='ltr'><strong>Ann.</strong></span> <span class='ocrx_word' id='word_1_21' title='bbox 88 2875 129 2907; x_wconf 93' lang='lat' dir='ltr'><strong>D.</strong></span> 
     </span>
     <span class='ocr_line' id='line_1_14' title="bbox 14 2924 97 2954; baseline -0.012 -8"><span class='ocrx_word' id='word_1_22' title='bbox 14 2924 97 2954; x_wconf 84' lang='lat'>1257.</span> 
     </span>
    </p>
   </div>
   <div class='ocr_carea' id='block_1_9' title="bbox 1 2958 94 2989">
    <p class='ocr_par' dir='ltr' id='par_1_9' title="bbox 1 2958 94 2989">
     <span class='ocr_line' id='line_1_15' title="bbox 1 2958 94 2989; baseline -0.011 -7"><span class='ocrx_word' id='word_1_23' title='bbox 1 2958 48 2983; x_wconf 77' lang='lat' dir='ltr'><strong>An.</strong></span> <span class='ocrx_word' id='word_1_24' title='bbox 62 2964 94 2989; x_wconf 83' lang='lat'><strong>4¹</strong></span> 
     </span>
    </p>
   </div>
   <div class='ocr_carea' id='block_1_10' title="bbox 683 136 1143 180">
    <p class='ocr_par' dir='ltr' id='par_1_10' title="bbox 683 136 1143 180">
     <span class='ocr_line' id='line_1_16' title="bbox 683 136 1143 180; baseline -0.007 0"><span class='ocrx_word' id='word_1_25' title='bbox 683 137 792 180; x_wconf 91' lang='lat' dir='ltr'><strong>ET</strong></span> <span class='ocrx_word' id='word_1_26' title='bbox 875 136 1143 180; x_wconf 84' lang='lat' dir='ltr'>ACTA</span> 
     </span>
    </p>
   </div>
   <div class='ocr_carea' id='block_1_11' title="bbox 116 264 1157 280">
    <p class='ocr_par' dir='ltr' id='par_1_11' title="bbox 116 264 1157 280">
     <span class='ocr_line' id='line_1_17' title="bbox 116 264 1157 280; baseline 0 3981"><span class='ocrx_word' id='word_1_27' title='bbox 116 264 1157 280; x_wconf 95' lang='lat' dir='ltr'><strong> </strong></span> 
     </span>
    </p>
   </div>
   <div class='ocr_carea' id='block_1_12' title="bbox 118 310 1167 408">
    <p class='ocr_par' dir='ltr' id='par_1_12' title="bbox 118 310 1167 408">
     <span class='ocr_line' id='line_1_18' title="bbox 118 310 1167 364; baseline -0.01 -12"><span class='ocrx_word' id='word_1_28' title='bbox 118 318 146 345; x_wconf 43' lang='grc' dir='ltr'><strong>’ἦ</strong></span> <span class='ocrx_word' id='word_1_29' title='bbox 167 322 224 352; x_wconf 88' lang='lat' dir='ltr'><strong>Pro</strong></span> <span class='ocrx_word' id='word_1_30' title='bbox 241 317 299 364; x_wconf 85' lang='lat' dir='ltr'><strong>Jo.</strong></span> <span class='ocrx_word' id='word_1_31' title='bbox 325 316 360 349; x_wconf 82' lang='lat' dir='ltr'><strong>de</strong></span> <span class='ocrx_word' id='word_1_32' title='bbox 373 318 513 356; x_wconf 75' lang='lat' dir='ltr'><strong>Brienne,</strong></span> <span class='ocrx_word' id='word_1_33' title='bbox 545 313 622 346; x_wconf 61' lang='lat' dir='ltr'><strong>disto</strong></span> <span class='ocrx_word' id='word_1_34' title='bbox 643 312 680 345; x_wconf 86' lang='lat' dir='ltr'><strong>de</strong></span> <span class='ocrx_word' id='word_1_35' title='bbox 696 315 798 354; x_wconf 73' lang='lat' dir='ltr'><strong>Aere,</strong></span> <span class='ocrx_word' id='word_1_36' title='bbox 830 315 867 349; x_wconf 62' lang='grc' dir='ltr'><strong>ὠ·</strong></span> <span class='ocrx_word' id='word_1_37' title='bbox 888 314 1004 345; x_wconf 79' lang='lat' dir='ltr'><strong>Maria</strong></span> <span class='ocrx_word' id='word_1_38' title='bbox 1023 310 1060 343; x_wconf 87' lang='lat' dir='ltr'><strong>de</strong></span> <span class='ocrx_word' id='word_1_39' title='bbox 1076 312 1167 357; x_wconf 70' lang='lat' dir='ltr'><em>Coucy</em></span> 
     </span>
     <span class='ocr_line' id='line_1_19' title="bbox 294 359 1002 408; baseline -0.007 -11"><span class='ocrx_word' id='word_1_40' title='bbox 294 365 397 397; x_wconf 57' lang='lat' dir='ltr'><strong>relicta</strong></span> <span class='ocrx_word' id='word_1_41' title='bbox 413 364 506 396; x_wconf 85' lang='lat' dir='ltr'><em>Alex.</em></span> <span class='ocrx_word' id='word_1_42' title='bbox 533 364 619 408; x_wconf 64' lang='lat' dir='ltr'><strong>Regis</strong></span> <span class='ocrx_word' id='word_1_43' title='bbox 637 363 735 394; x_wconf 80' lang='lat' dir='ltr'><strong>Scotiae</strong></span> <span class='ocrx_word' id='word_1_44' title='bbox 746 387 756 402; x_wconf 89' lang='lat'><strong>,</strong></span> <span class='ocrx_word' id='word_1_45' title='bbox 795 359 830 392; x_wconf 81' lang='lat' dir='ltr'><strong>de</strong></span> <span class='ocrx_word' id='word_1_46' title='bbox 847 360 1002 393; x_wconf 62' lang='lat' dir='ltr'><strong>condullu.</strong></span> 
     </span>
    </p>
   </div>
   <div class='ocr_carea' id='block_1_13' title="bbox 120 442 1178 1140">
    <p class='ocr_par' dir='ltr' id='par_1_13' title="bbox 120 442 1168 523">
     <span class='ocr_line' id='line_1_20' title="bbox 120 442 1168 508; baseline -0.01 -25"><span class='ocrx_word' id='word_1_47' title='bbox 120 450 239 508; x_wconf 76' lang='lat' dir='ltr'><strong>REX</strong></span> <span class='ocrx_word' id='word_1_48' title='bbox 257 449 344 480; x_wconf 89' lang='lat' dir='ltr'><strong>nobili</strong></span> <span class='ocrx_word' id='word_1_49' title='bbox 365 449 427 478; x_wconf 89' lang='lat' dir='ltr'><strong>viro</strong></span> <span class='ocrx_word' id='word_1_50' title='bbox 446 446 588 485; x_wconf 84' lang='lat' dir='ltr'><strong>Johanni,</strong></span> <span class='ocrx_word' id='word_1_51' title='bbox 610 445 667 476; x_wconf 82' lang='lat' dir='ltr'><strong>filio</strong></span> <span class='ocrx_word' id='word_1_52' title='bbox 681 444 768 485; x_wconf 84' lang='lat' dir='ltr'><strong>Regis</strong></span> <span class='ocrx_word' id='word_1_53' title='bbox 777 443 945 485; x_wconf 76' lang='lat' dir='ltr'>Jerusalem,</span> <span class='ocrx_word' id='word_1_54' title='bbox 970 445 1063 485; x_wconf 86' lang='lat' dir='ltr'>Regni</span> <span class='ocrx_word' id='word_1_55' title='bbox 1082 442 1168 473; x_wconf 85' lang='lat' dir='ltr'><strong>Fran-</strong></span> 
     </span>
     <span class='ocr_line' id='line_1_21' title="bbox 194 484 578 523; baseline -0.018 -4"><span class='ocrx_word' id='word_1_56' title='bbox 194 491 246 520; x_wconf 85' lang='lat' dir='ltr'><strong>ciae</strong></span> <span class='ocrx_word' id='word_1_57' title='bbox 257 486 422 523; x_wconf 85' lang='lat' dir='ltr'><strong>Buticulario</strong></span> <span class='ocrx_word' id='word_1_58' title='bbox 459 484 578 514; x_wconf 88' lang='lat' dir='ltr'><strong>salutem.</strong></span> 
     </span>
    </p>

    <p class='ocr_par' dir='ltr' id='par_1_14' title="bbox 124 509 1170 676">
     <span class='ocr_line' id='line_1_22' title="bbox 159 509 1169 563; baseline -0.01 -4"><span class='ocrx_word' id='word_1_59' title='bbox 159 527 256 559; x_wconf 77' lang='lat' dir='ltr'><strong>Sciatis</strong></span> <span class='ocrx_word' id='word_1_60' title='bbox 269 524 345 563; x_wconf 89' lang='lat' dir='ltr'><strong>quod</strong></span> <span class='ocrx_word' id='word_1_61' title='bbox 360 509 474 555; x_wconf 57' lang='lat' dir='ltr'><strong>dilefius</strong></span> <span class='ocrx_word' id='word_1_62' title='bbox 486 522 519 552; x_wconf 88' lang='lat'>&amp;</span> <span class='ocrx_word' id='word_1_63' title='bbox 532 522 619 552; x_wconf 84' lang='lat' dir='ltr'><strong>fidelis</strong></span> <span class='ocrx_word' id='word_1_64' title='bbox 631 521 740 560; x_wconf 80' lang='lat' dir='ltr'><strong>noster,</strong></span> <span class='ocrx_word' id='word_1_65' title='bbox 758 518 854 551; x_wconf 88' lang='lat' dir='ltr'><strong>Petrus</strong></span> <span class='ocrx_word' id='word_1_66' title='bbox 868 522 904 553; x_wconf 90' lang='lat' dir='ltr'><strong>de</strong></span> <span class='ocrx_word' id='word_1_67' title='bbox 918 521 1052 553; x_wconf 87' lang='lat' dir='ltr'><strong>Sabaudia</strong></span> <span class='ocrx_word' id='word_1_68' title='bbox 1067 519 1169 550; x_wconf 87' lang='lat' dir='ltr'><strong>instan—</strong></span> 
     </span>
     <span class='ocr_line' id='line_1_23' title="bbox 124 559 1169 603; baseline -0.009 -6"><span class='ocrx_word' id='word_1_69' title='bbox 124 576 164 598; x_wconf 90' lang='lat' dir='ltr'><strong>ter</strong></span> <span class='ocrx_word' id='word_1_70' title='bbox 183 575 234 596; x_wconf 95' lang='lat' dir='ltr'><strong>nos</strong></span> <span class='ocrx_word' id='word_1_71' title='bbox 253 564 361 603; x_wconf 85' lang='lat' dir='ltr'><strong>rogavit</strong></span> <span class='ocrx_word' id='word_1_72' title='bbox 379 562 455 602; x_wconf 86' lang='lat' dir='ltr'><strong>quod</strong></span> <span class='ocrx_word' id='word_1_73' title='bbox 474 561 555 591; x_wconf 85' lang='lat' dir='ltr'><strong>vobis</strong></span> <span class='ocrx_word' id='word_1_74' title='bbox 574 562 606 591; x_wconf 89' lang='lat'>&amp;</span> <span class='ocrx_word' id='word_1_75' title='bbox 624 560 758 590; x_wconf 90' lang='lat' dir='ltr'><strong>Consorti</strong></span> <span class='ocrx_word' id='word_1_76' title='bbox 778 559 891 598; x_wconf 86' lang='lat' dir='ltr'><strong>vestrae,</strong></span> <span class='ocrx_word' id='word_1_77' title='bbox 907 560 1028 600; x_wconf 81' lang='lat' dir='ltr'><strong>Reginae</strong></span> <span class='ocrx_word' id='word_1_78' title='bbox 1048 559 1169 596; x_wconf 83' lang='lat' dir='ltr'><strong>Scotiae‚</strong></span> 
     </span>
     <span class='ocr_line' id='line_1_24' title="bbox 125 598 1170 644; baseline -0.007 -9"><span class='ocrx_word' id='word_1_79' title='bbox 125 613 209 644; x_wconf 88' lang='lat' dir='ltr'><strong>quam</strong></span> <span class='ocrx_word' id='word_1_80' title='bbox 223 603 326 634; x_wconf 85' lang='lat' dir='ltr'><strong>fincere</strong></span> <span class='ocrx_word' id='word_1_81' title='bbox 339 601 492 641; x_wconf 79' lang='lat' dir='ltr'><strong>diligimus,</strong></span> <span class='ocrx_word' id='word_1_82' title='bbox 510 598 684 628; x_wconf 64' lang='lat' dir='ltr'><strong>condustum</strong></span> <span class='ocrx_word' id='word_1_83' title='bbox 697 598 822 629; x_wconf 86' lang='lat' dir='ltr'><strong>nostrum</strong></span> <span class='ocrx_word' id='word_1_84' title='bbox 834 599 919 629; x_wconf 89' lang='lat' dir='ltr'><strong>eundi</strong></span> <span class='ocrx_word' id='word_1_85' title='bbox 931 609 979 639; x_wconf 86' lang='lat' dir='ltr'><strong>per</strong></span> <span class='ocrx_word' id='word_1_86' title='bbox 992 607 1092 629; x_wconf 87' lang='lat' dir='ltr'><strong>terram</strong></span> <span class='ocrx_word' id='word_1_87' title='bbox 1104 606 1170 627; x_wconf 86' lang='lat' dir='ltr'><strong>rios-</strong></span> 
     </span>
     <span class='ocr_line' id='line_1_25' title="bbox 124 637 739 676; baseline -0.013 -3"><span class='ocrx_word' id='word_1_88' title='bbox 124 648 194 674; x_wconf 84' lang='lat' dir='ltr'>tram</span> <span class='ocrx_word' id='word_1_89' title='bbox 208 642 239 672; x_wconf 87' lang='lat' dir='ltr'><strong>in</strong></span> <span class='ocrx_word' id='word_1_90' title='bbox 249 641 374 672; x_wconf 84' lang='lat' dir='ltr'><strong>Scotiam</strong></span> <span class='ocrx_word' id='word_1_91' title='bbox 387 637 543 669; x_wconf 88' lang='lat' dir='ltr'><strong>concedere</strong></span> <span class='ocrx_word' id='word_1_92' title='bbox 554 637 739 676; x_wconf 87' lang='lat' dir='ltr'><strong>dignaremur.</strong></span> 
     </span>
    </p>

    <p class='ocr_par' dir='ltr' id='par_1_15' title="bbox 121 673 1173 909">
     <span class='ocr_line' id='line_1_26' title="bbox 165 673 1173 717; baseline -0.009 -5"><span class='ocrx_word' id='word_1_93' title='bbox 165 681 288 717; x_wconf 83' lang='lat' dir='ltr'><strong>Verum,</strong></span> <span class='ocrx_word' id='word_1_94' title='bbox 301 679 365 709; x_wconf 88' lang='lat' dir='ltr'><strong>licet</strong></span> <span class='ocrx_word' id='word_1_95' title='bbox 380 677 444 707; x_wconf 87' lang='lat' dir='ltr'><strong>Rex</strong></span> <span class='ocrx_word' id='word_1_96' title='bbox 452 676 577 706; x_wconf 88' lang='lat' dir='ltr'><strong>Franciae</strong></span> <span class='ocrx_word' id='word_1_97' title='bbox 591 675 776 712; x_wconf 86' lang='lat' dir='ltr'><strong>perniciosum</strong></span> <span class='ocrx_word' id='word_1_98' title='bbox 790 675 871 705; x_wconf 86' lang='lat' dir='ltr'><strong>nobis</strong></span> <span class='ocrx_word' id='word_1_99' title='bbox 883 673 1041 715; x_wconf 86' lang='lat' dir='ltr'><strong>exemplum</strong></span> <span class='ocrx_word' id='word_1_100' title='bbox 1057 674 1173 713; x_wconf 85' lang='lat' dir='ltr'><strong>relique-</strong></span> 
     </span>
     <span class='ocr_line' id='line_1_27' title="bbox 124 712 1172 752; baseline -0.01 -1"><span class='ocrx_word' id='word_1_101' title='bbox 124 721 159 751; x_wconf 85' lang='lat' dir='ltr'><strong>rit</strong></span> <span class='ocrx_word' id='word_1_102' title='bbox 188 719 222 749; x_wconf 89' lang='lat' dir='ltr'><strong>ad</strong></span> <span class='ocrx_word' id='word_1_103' title='bbox 244 717 419 749; x_wconf 60' lang='lat' dir='ltr'><strong>conductum</strong></span> <span class='ocrx_word' id='word_1_104' title='bbox 438 713 593 752; x_wconf 87' lang='lat' dir='ltr'><strong>hujusmodi</strong></span> <span class='ocrx_word' id='word_1_105' title='bbox 612 713 693 744; x_wconf 88' lang='lat' dir='ltr'><strong>alicui</strong></span> <span class='ocrx_word' id='word_1_106' title='bbox 713 713 748 743; x_wconf 89' lang='lat' dir='ltr'><strong>de</strong></span> <span class='ocrx_word' id='word_1_107' title='bbox 768 712 872 752; x_wconf 84' lang='lat' dir='ltr'><strong>Regno</strong></span> <span class='ocrx_word' id='word_1_108' title='bbox 893 713 941 744; x_wconf 93' lang='lat' dir='ltr'><strong>suo</strong></span> <span class='ocrx_word' id='word_1_109' title='bbox 963 713 1147 751; x_wconf 77' lang='lat' dir='ltr'><strong>praestandum</strong></span> <span class='ocrx_word' id='word_1_110' title='bbox 1162 734 1172 748; x_wconf 93' lang='lat'><strong>,</strong></span> 
     </span>
     <span class='ocr_line' id='line_1_28' title="bbox 123 751 1172 792; baseline -0.01 -3"><span class='ocrx_word' id='word_1_111' title='bbox 123 767 192 789; x_wconf 88' lang='lat' dir='ltr'><strong>cum</strong></span> <span class='ocrx_word' id='word_1_112' title='bbox 211 767 271 787; x_wconf 91' lang='lat' dir='ltr'><strong>non</strong></span> <span class='ocrx_word' id='word_1_113' title='bbox 284 755 351 785; x_wconf 87' lang='lat' dir='ltr'><strong>sinat</strong></span> <span class='ocrx_word' id='word_1_114' title='bbox 364 754 471 792; x_wconf 84' lang='lat' dir='ltr'><strong>aliquos</strong></span> <span class='ocrx_word' id='word_1_115' title='bbox 482 752 518 782; x_wconf 90' lang='lat' dir='ltr'><strong>de</strong></span> <span class='ocrx_word' id='word_1_116' title='bbox 533 751 636 790; x_wconf 82' lang='lat' dir='ltr'><strong>Regno</strong></span> <span class='ocrx_word' id='word_1_117' title='bbox 652 751 748 781; x_wconf 90' lang='lat' dir='ltr'><strong>nostro</strong></span> <span class='ocrx_word' id='word_1_118' title='bbox 762 762 809 791; x_wconf 85' lang='lat' dir='ltr'><strong>per</strong></span> <span class='ocrx_word' id='word_1_119' title='bbox 828 751 850 781; x_wconf 83' lang='lat' dir='ltr'>F</span> <span class='ocrx_word' id='word_1_120' title='bbox 852 754 971 782; x_wconf 81' lang='lat' dir='ltr'><strong>rauci-arn</strong></span> <span class='ocrx_word' id='word_1_121' title='bbox 985 751 1096 782; x_wconf 86' lang='lat' dir='ltr'><strong>transire</strong></span> <span class='ocrx_word' id='word_1_122' title='bbox 1108 760 1172 780; x_wconf 91' lang='lat' dir='ltr'><strong>ver-</strong></span> 
     </span>
     <span class='ocr_line' id='line_1_29' title="bbox 123 788 1171 829; baseline -0.01 -2"><span class='ocrx_word' id='word_1_123' title='bbox 123 797 165 827; x_wconf 92' lang='lat' dir='ltr'><strong>sus</strong></span> <span class='ocrx_word' id='word_1_124' title='bbox 180 795 302 825; x_wconf 84' lang='lat' dir='ltr'>Fratrem</span> <span class='ocrx_word' id='word_1_125' title='bbox 317 792 445 822; x_wconf 88' lang='lat' dir='ltr'><strong>nostrum</strong></span> <span class='ocrx_word' id='word_1_126' title='bbox 458 791 569 829; x_wconf 84' lang='lat' dir='ltr'><strong>Regem</strong></span> <span class='ocrx_word' id='word_1_127' title='bbox 584 790 772 827; x_wconf 82' lang='lat' dir='ltr'><strong>Alemanniae,</strong></span> <span class='ocrx_word' id='word_1_128' title='bbox 790 791 835 819; x_wconf 88' lang='lat' dir='ltr'><strong>vel</strong></span> <span class='ocrx_word' id='word_1_129' title='bbox 850 790 927 828; x_wconf 85' lang='lat' dir='ltr'><strong>alibi;</strong></span> <span class='ocrx_word' id='word_1_130' title='bbox 945 800 996 819; x_wconf 86' lang='lat' dir='ltr'><strong>nos</strong></span> <span class='ocrx_word' id='word_1_131' title='bbox 1008 798 1101 820; x_wconf 88' lang='lat' dir='ltr'><strong>tamen</strong></span> <span class='ocrx_word' id='word_1_132' title='bbox 1110 811 1119 825; x_wconf 93' lang='lat'><strong>,</strong></span> <span class='ocrx_word' id='word_1_133' title='bbox 1130 788 1171 817; x_wconf 85' lang='lat' dir='ltr'><strong>ob</strong></span> 
     </span>
     <span class='ocr_line' id='line_1_30' title="bbox 121 827 1172 873; baseline -0.008 -10"><span class='ocrx_word' id='word_1_134' title='bbox 121 843 217 873; x_wconf 87' lang='lat' dir='ltr'><strong>preces</strong></span> <span class='ocrx_word' id='word_1_135' title='bbox 235 831 359 872; x_wconf 67' lang='lat' dir='ltr'><strong>praedicti</strong></span> <span class='ocrx_word' id='word_1_136' title='bbox 381 830 473 868; x_wconf 88' lang='lat' dir='ltr'><strong>Petri,</strong></span> <span class='ocrx_word' id='word_1_137' title='bbox 488 829 521 859; x_wconf 86' lang='lat'>&amp;</span> <span class='ocrx_word' id='word_1_138' title='bbox 535 828 662 858; x_wconf 82' lang='lat' dir='ltr'><strong>favorem</strong></span> <span class='ocrx_word' id='word_1_139' title='bbox 675 828 817 866; x_wconf 53' lang='lat' dir='ltr'><strong>praediciae</strong></span> <span class='ocrx_word' id='word_1_140' title='bbox 831 828 976 859; x_wconf 86' lang='lat' dir='ltr'><strong>Consortis</strong></span> <span class='ocrx_word' id='word_1_141' title='bbox 990 827 1088 859; x_wconf 84' lang='lat' dir='ltr'><strong>vestrae</strong></span> <span class='ocrx_word' id='word_1_142' title='bbox 1103 835 1172 856; x_wconf 89' lang='lat' dir='ltr'><strong>con-</strong></span> 
     </span>
     <span class='ocr_line' id='line_1_31' title="bbox 122 866 693 909; baseline -0.012 -6"><span class='ocrx_word' id='word_1_143' title='bbox 122 871 257 908; x_wconf 66' lang='lat' dir='ltr'><strong>dustum,</strong></span> <span class='ocrx_word' id='word_1_144' title='bbox 276 879 361 907; x_wconf 87' lang='lat' dir='ltr'><strong>quern</strong></span> <span class='ocrx_word' id='word_1_145' title='bbox 374 869 480 909; x_wconf 86' lang='lat' dir='ltr'><strong>petitis,</strong></span> <span class='ocrx_word' id='word_1_146' title='bbox 495 866 693 897; x_wconf 83' lang='lat' dir='ltr'><strong>concedemus.</strong></span> 
     </span>
    </p>

    <p class='ocr_par' dir='ltr' id='par_1_16' title="bbox 123 902 1178 1140">
     <span class='ocr_line' id='line_1_32' title="bbox 159 902 1172 946; baseline -0.008 -6"><span class='ocrx_word' id='word_1_147' title='bbox 159 909 200 940; x_wconf 88' lang='lat' dir='ltr'><strong>Ita</strong></span> <span class='ocrx_word' id='word_1_148' title='bbox 219 908 364 946; x_wconf 85' lang='lat' dir='ltr'><strong>videlicet,</strong></span> <span class='ocrx_word' id='word_1_149' title='bbox 381 906 458 944; x_wconf 89' lang='lat' dir='ltr'><strong>quod</strong></span> <span class='ocrx_word' id='word_1_150' title='bbox 482 916 532 936; x_wconf 91' lang='lat' dir='ltr'><strong>vos</strong></span> <span class='ocrx_word' id='word_1_151' title='bbox 551 906 583 936; x_wconf 72' lang='grc' dir='ltr'><strong>ὃ(</strong></span> <span class='ocrx_word' id='word_1_152' title='bbox 603 905 733 945; x_wconf 66' lang='lat' dir='ltr'><strong>praedid&#39;ta</strong></span> <span class='ocrx_word' id='word_1_153' title='bbox 748 904 859 935; x_wconf 89' lang='lat' dir='ltr'><strong>consors</strong></span> <span class='ocrx_word' id='word_1_154' title='bbox 871 905 961 935; x_wconf 86' lang='lat' dir='ltr'><strong>vestra</strong></span> <span class='ocrx_word' id='word_1_155' title='bbox 974 902 1117 944; x_wconf 81' lang='lat' dir='ltr'><strong>corporale</strong></span> <span class='ocrx_word' id='word_1_156' title='bbox 1127 904 1172 940; x_wconf 87' lang='lat' dir='ltr'><strong>ju-</strong></span> 
     </span>
     <span class='ocr_line' id='line_1_33' title="bbox 123 942 1173 985; baseline -0.01 -6"><span class='ocrx_word' id='word_1_157' title='bbox 123 955 282 979; x_wconf 88' lang='lat' dir='ltr'><strong>ramentum</strong></span> <span class='ocrx_word' id='word_1_158' title='bbox 302 945 451 985; x_wconf 80' lang='lat' dir='ltr'><strong>praestetis,</strong></span> <span class='ocrx_word' id='word_1_159' title='bbox 469 943 545 981; x_wconf 91' lang='lat' dir='ltr'><strong>quod</strong></span> <span class='ocrx_word' id='word_1_160' title='bbox 569 943 654 973; x_wconf 81' lang='lat' dir='ltr'><strong>nichil</strong></span> <span class='ocrx_word' id='word_1_161' title='bbox 668 954 715 981; x_wconf 86' lang='lat' dir='ltr'><strong>per</strong></span> <span class='ocrx_word' id='word_1_162' title='bbox 727 953 794 981; x_wconf 90' lang='lat' dir='ltr'><strong>vos,</strong></span> <span class='ocrx_word' id='word_1_163' title='bbox 812 952 859 974; x_wconf 83' lang='lat' dir='ltr'><strong>aut</strong></span> <span class='ocrx_word' id='word_1_164' title='bbox 872 943 994 980; x_wconf 78' lang='lat' dir='ltr'><strong>vestros,</strong></span> <span class='ocrx_word' id='word_1_165' title='bbox 1013 942 1093 972; x_wconf 89' lang='lat' dir='ltr'><strong>nobis</strong></span> <span class='ocrx_word' id='word_1_166' title='bbox 1099 963 1109 978; x_wconf 92' lang='lat'><strong>,</strong></span> <span class='ocrx_word' id='word_1_167' title='bbox 1127 947 1173 970; x_wconf 86' lang='lat' dir='ltr'><strong>aut:</strong></span> 
     </span>
     <span class='ocr_line' id='line_1_34' title="bbox 124 981 1171 1026; baseline -0.008 -9"><span class='ocrx_word' id='word_1_168' title='bbox 124 987 230 1026; x_wconf 87' lang='lat' dir='ltr'><strong>Regno</strong></span> <span class='ocrx_word' id='word_1_169' title='bbox 243 984 356 1021; x_wconf 87' lang='lat' dir='ltr'><strong>nostro,</strong></span> <span class='ocrx_word' id='word_1_170' title='bbox 375 983 420 1014; x_wconf 90' lang='lat' dir='ltr'><strong>seu</strong></span> <span class='ocrx_word' id='word_1_171' title='bbox 433 983 524 1021; x_wconf 85' lang='lat' dir='ltr'><strong>Regi,</strong></span> <span class='ocrx_word' id='word_1_172' title='bbox 542 982 586 1011; x_wconf 86' lang='lat' dir='ltr'><strong>vel</strong></span> <span class='ocrx_word' id='word_1_173' title='bbox 602 981 673 1021; x_wconf 77' lang='lat' dir='ltr'><strong>Regi</strong></span> <span class='ocrx_word' id='word_1_174' title='bbox 679 993 722 1012; x_wconf 64' lang='grc' dir='ltr'><strong>ωε</strong></span> <span class='ocrx_word' id='word_1_175' title='bbox 736 982 840 1012; x_wconf 72' lang='lat' dir='ltr'><strong>Scotiae</strong></span> <span class='ocrx_word' id='word_1_176' title='bbox 853 981 916 1012; x_wconf 86' lang='lat' dir='ltr'><strong>filiae</strong></span> <span class='ocrx_word' id='word_1_177' title='bbox 929 981 1048 1018; x_wconf 86' lang='lat' dir='ltr'><strong>nostrae,</strong></span> <span class='ocrx_word' id='word_1_178' title='bbox 1067 988 1112 1009; x_wconf 86' lang='lat' dir='ltr'><strong>aut</strong></span> <span class='ocrx_word' id='word_1_179' title='bbox 1123 988 1171 1008; x_wconf 87' lang='lat' dir='ltr'><strong>eo-</strong></span> 
     </span>
     <span class='ocr_line' id='line_1_35' title="bbox 127 1017 1174 1063; baseline -0.009 -8"><span class='ocrx_word' id='word_1_180' title='bbox 127 1035 191 1055; x_wconf 90' lang='lat' dir='ltr'><strong>rum</strong></span> <span class='ocrx_word' id='word_1_181' title='bbox 206 1023 321 1054; x_wconf 89' lang='lat' dir='ltr'><strong>consilio</strong></span> <span class='ocrx_word' id='word_1_182' title='bbox 334 1022 411 1063; x_wconf 91' lang='lat' dir='ltr'><strong>quod</strong></span> <span class='ocrx_word' id='word_1_183' title='bbox 427 1031 494 1051; x_wconf 90' lang='lat' dir='ltr'><strong>cum</strong></span> <span class='ocrx_word' id='word_1_184' title='bbox 510 1022 548 1051; x_wconf 89' lang='lat' dir='ltr'><strong>eis</strong></span> <span class='ocrx_word' id='word_1_185' title='bbox 579 1020 700 1050; x_wconf 84' lang='lat' dir='ltr'><strong>osuimus</strong></span> <span class='ocrx_word' id='word_1_186' title='bbox 715 1023 798 1057; x_wconf 76' lang='lat' dir='ltr'><strong>(inter</strong></span> <span class='ocrx_word' id='word_1_187' title='bbox 810 1030 879 1059; x_wconf 90' lang='lat' dir='ltr'><strong>quos</strong></span> <span class='ocrx_word' id='word_1_188' title='bbox 895 1020 1026 1060; x_wconf 88' lang='lat' dir='ltr'><strong>quidem,</strong></span> <span class='ocrx_word' id='word_1_189' title='bbox 1045 1018 1078 1048; x_wconf 89' lang='lat'>&amp;</span> <span class='ocrx_word' id='word_1_190' title='bbox 1091 1017 1174 1060; x_wconf 79' lang='lat' dir='ltr'><strong>alios,</strong></span> 
     </span>
     <span class='ocr_line' id='line_1_36' title="bbox 126 1055 1177 1102; baseline -0.008 -10"><span class='ocrx_word' id='word_1_191' title='bbox 126 1064 176 1102; x_wconf 86' lang='lat' dir='ltr'><strong>qui</strong></span> <span class='ocrx_word' id='word_1_192' title='bbox 188 1062 223 1092; x_wconf 90' lang='lat' dir='ltr'><strong>de</strong></span> <span class='ocrx_word' id='word_1_193' title='bbox 235 1061 351 1092; x_wconf 90' lang='lat' dir='ltr'><strong>consilio</strong></span> <span class='ocrx_word' id='word_1_194' title='bbox 366 1060 446 1099; x_wconf 77' lang='lat' dir='ltr'><strong>ipsius</strong></span> <span class='ocrx_word' id='word_1_195' title='bbox 459 1059 545 1099; x_wconf 84' lang='lat' dir='ltr'><strong>Regis</strong></span> <span class='ocrx_word' id='word_1_196' title='bbox 569 1059 661 1090; x_wconf 68' lang='lat' dir='ltr'><strong>‘coti-‚e</strong></span> <span class='ocrx_word' id='word_1_197' title='bbox 676 1061 749 1096; x_wconf 85' lang='lat' dir='ltr'><strong>prius</strong></span> <span class='ocrx_word' id='word_1_198' title='bbox 764 1059 921 1095; x_wconf 72' lang='lat' dir='ltr'><strong>extiterant,</strong></span> <span class='ocrx_word' id='word_1_199' title='bbox 948 1056 1082 1087; x_wconf 87' lang='lat' dir='ltr'><strong>discordia</strong></span> <span class='ocrx_word' id='word_1_200' title='bbox 1094 1055 1177 1098; x_wconf 75' lang='lat' dir='ltr'><strong>susci-</strong></span> 
     </span>
     <span class='ocr_line' id='line_1_37' title="bbox 126 1094 1178 1140; baseline -0.009 -8"><span class='ocrx_word' id='word_1_201' title='bbox 126 1101 211 1140; x_wconf 89' lang='lat' dir='ltr'><strong>tetur(</strong></span> <span class='ocrx_word' id='word_1_202' title='bbox 229 1098 331 1140; x_wconf 88' lang='lat' dir='ltr'><strong>aliquid</strong></span> <span class='ocrx_word' id='word_1_203' title='bbox 343 1098 526 1136; x_wconf 82' lang='lat' dir='ltr'><strong>dampnosum</strong></span> <span class='ocrx_word' id='word_1_204' title='bbox 538 1106 583 1128; x_wconf 90' lang='lat' dir='ltr'><strong>aut</strong></span> <span class='ocrx_word' id='word_1_205' title='bbox 597 1106 679 1137; x_wconf 81' lang='lat' dir='ltr'><strong>grave</strong></span> <span class='ocrx_word' id='word_1_206' title='bbox 694 1097 829 1136; x_wconf 81' lang='lat' dir='ltr'><strong>inferetis,</strong></span> <span class='ocrx_word' id='word_1_207' title='bbox 853 1105 900 1127; x_wconf 86' lang='lat' dir='ltr'><strong>aut</strong></span> <span class='ocrx_word' id='word_1_208' title='bbox 911 1095 1003 1126; x_wconf 82' lang='lat' dir='ltr'><strong>inferri</strong></span> <span class='ocrx_word' id='word_1_209' title='bbox 1015 1094 1178 1135; x_wconf 86' lang='lat' dir='ltr'><strong>procurabi-</strong></span> 
     </span>
    </p>
   </div>
   <div class='ocr_carea' id='block_1_14' title="bbox 122 1148 1179 1364">
    <p class='ocr_par' dir='ltr' id='par_1_17' title="bbox 122 1148 155 1171">
     <span class='ocr_line' id='line_1_38' title="bbox 122 1148 155 1171; baseline 0 0"><span class='ocrx_word' id='word_1_210' title='bbox 122 1148 155 1171; x_wconf 85' lang='lat' dir='ltr'><strong>tis</strong></span> 
     </span>
    </p>

    <p class='ocr_par' dir='ltr' id='par_1_18' title="bbox 126 1163 1179 1364">
     <span class='ocr_line' id='line_1_39' title="bbox 161 1163 1176 1215; baseline -0.009 -7"><span class='ocrx_word' id='word_1_211' title='bbox 161 1163 271 1215; x_wconf 64' lang='lat' dir='ltr'><strong>Unde,</strong></span> <span class='ocrx_word' id='word_1_212' title='bbox 289 1176 309 1206; x_wconf 86' lang='lat' dir='ltr'>fi</span> <span class='ocrx_word' id='word_1_213' title='bbox 329 1176 386 1206; x_wconf 89' lang='lat' dir='ltr'><strong>hoc</strong></span> <span class='ocrx_word' id='word_1_214' title='bbox 409 1175 498 1205; x_wconf 77' lang='lat' dir='ltr'><strong>facere</strong></span> <span class='ocrx_word' id='word_1_215' title='bbox 514 1174 669 1213; x_wconf 83' lang='lat' dir='ltr'><strong>nolueritis,</strong></span> <span class='ocrx_word' id='word_1_216' title='bbox 688 1183 756 1204; x_wconf 91' lang='lat' dir='ltr'><strong>tunc</strong></span> <span class='ocrx_word' id='word_1_217' title='bbox 767 1173 843 1203; x_wconf 91' lang='lat' dir='ltr'><strong>diem</strong></span> <span class='ocrx_word' id='word_1_218' title='bbox 857 1168 992 1203; x_wconf 72' lang='lat' dir='ltr'><strong>adventus</strong></span> <span class='ocrx_word' id='word_1_219' title='bbox 1006 1169 1090 1213; x_wconf 77' lang='lat' dir='ltr'><strong>vestri</strong></span> <span class='ocrx_word' id='word_1_220' title='bbox 1104 1169 1176 1208; x_wconf 88' lang='lat' dir='ltr'><strong>apud</strong></span> 
     </span>
     <span class='ocr_line' id='line_1_40' title="bbox 128 1208 1178 1252; baseline -0.01 -5"><span class='ocrx_word' id='word_1_221' title='bbox 128 1217 257 1248; x_wconf 89' lang='lat' dir='ltr'><strong>Dovorr.</strong></span> <span class='ocrx_word' id='word_1_222' title='bbox 279 1216 362 1245; x_wconf 89' lang='lat' dir='ltr'><strong>nobis</strong></span> <span class='ocrx_word' id='word_1_223' title='bbox 381 1213 508 1244; x_wconf 88' lang='lat' dir='ltr'><strong>constare</strong></span> <span class='ocrx_word' id='word_1_224' title='bbox 525 1212 644 1249; x_wconf 86' lang='lat' dir='ltr'><strong>faciatis,</strong></span> <span class='ocrx_word' id='word_1_225' title='bbox 664 1213 698 1243; x_wconf 89' lang='lat'>&amp;</span> <span class='ocrx_word' id='word_1_226' title='bbox 713 1222 764 1242; x_wconf 94' lang='lat' dir='ltr'><strong>nos</strong></span> <span class='ocrx_word' id='word_1_227' title='bbox 777 1212 895 1250; x_wconf 88' lang='lat' dir='ltr'><strong>aliquem</strong></span> <span class='ocrx_word' id='word_1_228' title='bbox 907 1209 943 1240; x_wconf 92' lang='lat' dir='ltr'><strong>de</strong></span> <span class='ocrx_word' id='word_1_229' title='bbox 955 1208 1054 1252; x_wconf 70' lang='lat' dir='ltr'><strong>noi’tris</strong></span> <span class='ocrx_word' id='word_1_230' title='bbox 1066 1209 1131 1238; x_wconf 89' lang='lat' dir='ltr'><strong>illuc</strong></span> <span class='ocrx_word' id='word_1_231' title='bbox 1142 1208 1178 1237; x_wconf 87' lang='lat' dir='ltr'><strong>ad</strong></span> 
     </span>
     <span class='ocr_line' id='line_1_41' title="bbox 127 1246 1178 1290; baseline -0.01 -5"><span class='ocrx_word' id='word_1_232' title='bbox 127 1265 178 1286; x_wconf 88' lang='lat' dir='ltr'><strong>vos</strong></span> <span class='ocrx_word' id='word_1_233' title='bbox 200 1255 358 1290; x_wconf 82' lang='lat' dir='ltr'><strong>mittemus,</strong></span> <span class='ocrx_word' id='word_1_234' title='bbox 376 1262 444 1283; x_wconf 89' lang='lat' dir='ltr'><strong>cum</strong></span> <span class='ocrx_word' id='word_1_235' title='bbox 464 1252 546 1282; x_wconf 88' lang='lat' dir='ltr'><strong>literis</strong></span> <span class='ocrx_word' id='word_1_236' title='bbox 566 1250 664 1280; x_wconf 86' lang='lat' dir='ltr'><strong>nostris</strong></span> <span class='ocrx_word' id='word_1_237' title='bbox 687 1250 722 1280; x_wconf 93' lang='lat' dir='ltr'><strong>de</strong></span> <span class='ocrx_word' id='word_1_238' title='bbox 735 1249 896 1286; x_wconf 62' lang='lat' dir='ltr'><strong>condudtu,</strong></span> <span class='ocrx_word' id='word_1_239' title='bbox 913 1248 947 1278; x_wconf 90' lang='lat' dir='ltr'><strong>ad</strong></span> <span class='ocrx_word' id='word_1_240' title='bbox 961 1246 1149 1283; x_wconf 84' lang='lat' dir='ltr'><strong>recipiendum</strong></span> <span class='ocrx_word' id='word_1_241' title='bbox 1162 1247 1178 1275; x_wconf 72' lang='lat' dir='ltr'><strong>a</strong></span> 
     </span>
     <span class='ocr_line' id='line_1_42' title="bbox 127 1284 1179 1332; baseline -0.009 -8"><span class='ocrx_word' id='word_1_242' title='bbox 127 1293 223 1331; x_wconf 84' lang='lat' dir='ltr'><strong>vobis,</strong></span> <span class='ocrx_word' id='word_1_243' title='bbox 241 1293 274 1324; x_wconf 68' lang='grc' dir='ltr'><strong>ὃς</strong></span> <span class='ocrx_word' id='word_1_244' title='bbox 294 1292 309 1323; x_wconf 76' lang='lat' dir='ltr'><strong>a</strong></span> <span class='ocrx_word' id='word_1_245' title='bbox 333 1289 466 1332; x_wconf 69' lang='lat' dir='ltr'><strong>praediera</strong></span> <span class='ocrx_word' id='word_1_246' title='bbox 480 1288 609 1320; x_wconf 83' lang='lat' dir='ltr'><strong>consorte</strong></span> <span class='ocrx_word' id='word_1_247' title='bbox 621 1286 709 1319; x_wconf 89' lang='lat' dir='ltr'><strong>vestra</strong></span> <span class='ocrx_word' id='word_1_248' title='bbox 722 1287 932 1318; x_wconf 84' lang='lat' dir='ltr'><strong>Sacramentum</strong></span> <span class='ocrx_word' id='word_1_249' title='bbox 948 1284 1104 1322; x_wconf 89' lang='lat' dir='ltr'><strong>hujusmodi</strong></span> <span class='ocrx_word' id='word_1_250' title='bbox 1116 1285 1179 1315; x_wconf 86' lang='lat' dir='ltr'><strong>vice</strong></span> 
     </span>
     <span class='ocr_line' id='line_1_43' title="bbox 126 1331 228 1364; baseline -0.029 0"><span class='ocrx_word' id='word_1_251' title='bbox 126 1331 228 1364; x_wconf 83' lang='lat' dir='ltr'><strong>nostra.</strong></span> 
     </span>
    </p>
   </div>
   <div class='ocr_carea' id='block_1_15' title="bbox 161 1401 788 1448">
    <p class='ocr_par' dir='ltr' id='par_1_19' title="bbox 161 1401 788 1448">
     <span class='ocr_line' id='line_1_44' title="bbox 161 1401 788 1448; baseline -0.01 -9"><span class='ocrx_word' id='word_1_252' title='bbox 161 1408 249 1439; x_wconf 87' lang='lat' dir='ltr'><strong>Teste</strong></span> <span class='ocrx_word' id='word_1_253' title='bbox 264 1408 373 1448; x_wconf 89' lang='lat' dir='ltr'><strong>meipso</strong></span> <span class='ocrx_word' id='word_1_254' title='bbox 387 1405 459 1447; x_wconf 80' lang='lat' dir='ltr'><strong>apud</strong></span> <span class='ocrx_word' id='word_1_255' title='bbox 470 1401 594 1437; x_wconf 86' lang='lat' dir='ltr'><strong>Westm.</strong></span> <span class='ocrx_word' id='word_1_256' title='bbox 614 1403 634 1433; x_wconf 90' lang='lat'>6</span> <span class='ocrx_word' id='word_1_257' title='bbox 647 1403 693 1436; x_wconf 88' lang='lat' dir='ltr'><strong>die</strong></span> <span class='ocrx_word' id='word_1_258' title='bbox 701 1403 788 1442; x_wconf 74' lang='lat' dir='ltr'><strong>Junii,</strong></span> 
     </span>
    </p>
   </div>
   <div class='ocr_carea' id='block_1_16' title="bbox 226 1522 1075 1576">
    <p class='ocr_par' dir='ltr' id='par_1_20' title="bbox 226 1522 1075 1576">
     <span class='ocr_line' id='line_1_45' title="bbox 226 1522 1075 1576; baseline -0.005 -13"><span class='ocrx_word' id='word_1_259' title='bbox 226 1530 346 1563; x_wconf 73' lang='lat' dir='ltr'><strong>Littera</strong></span> <span class='ocrx_word' id='word_1_260' title='bbox 366 1528 478 1562; x_wconf 57' lang='lat' dir='ltr'><strong>diremi</strong></span> <span class='ocrx_word' id='word_1_261' title='bbox 497 1531 570 1576; x_wconf 83' lang='lat' dir='ltr'><strong>Regi</strong></span> <span class='ocrx_word' id='word_1_262' title='bbox 588 1526 711 1571; x_wconf 80' lang='lat' dir='ltr'><strong>Castellae</strong></span> <span class='ocrx_word' id='word_1_263' title='bbox 727 1553 737 1570; x_wconf 85' lang='lat'><strong>,</strong></span> <span class='ocrx_word' id='word_1_264' title='bbox 763 1526 799 1559; x_wconf 85' lang='lat' dir='ltr'><strong>de</strong></span> <span class='ocrx_word' id='word_1_265' title='bbox 819 1522 1075 1560; x_wconf 77' lang='lat' dir='ltr'><strong>Conventionibus.</strong></span> 
     </span>
    </p>
   </div>
   <div class='ocr_carea' id='block_1_17' title="bbox 133 1608 1196 2567">
    <p class='ocr_par' dir='ltr' id='par_1_21' title="bbox 135 1608 1184 1730">
     <span class='ocr_line' id='line_1_46' title="bbox 135 1608 1183 1679; baseline -0.007 -33"><span class='ocrx_word' id='word_1_266' title='bbox 135 1615 239 1679; x_wconf 90' lang='lat' dir='ltr'><strong>MA</strong></span> <span class='ocrx_word' id='word_1_267' title='bbox 259 1614 344 1646; x_wconf 86' lang='lat' dir='ltr'><strong>nifico</strong></span> <span class='ocrx_word' id='word_1_268' title='bbox 365 1614 488 1653; x_wconf 89' lang='lat' dir='ltr'><strong>Principi</strong></span> <span class='ocrx_word' id='word_1_269' title='bbox 506 1614 540 1645; x_wconf 91' lang='lat'>&amp;</span> <span class='ocrx_word' id='word_1_270' title='bbox 552 1613 758 1652; x_wconf 83' lang='lat' dir='ltr'><strong>consanguineo</strong></span> <span class='ocrx_word' id='word_1_271' title='bbox 778 1611 920 1643; x_wconf 86' lang='lat' dir='ltr'><strong>kariffimo</strong></span> <span class='ocrx_word' id='word_1_272' title='bbox 934 1611 1067 1642; x_wconf 89' lang='lat' dir='ltr'><strong>Domino</strong></span> <span class='ocrx_word' id='word_1_273' title='bbox 1084 1608 1183 1640; x_wconf 88' lang='lat' dir='ltr'><strong>nostro</strong></span> 
     </span>
     <span class='ocr_line' id='line_1_47' title="bbox 230 1623 1184 1694; baseline -0.007 -10"><span class='ocrx_word' id='word_1_274' title='bbox 230 1623 305 1694; x_wconf 52' lang='lat' dir='ltr'><strong>{egi</strong></span> <span class='ocrx_word' id='word_1_275' title='bbox 326 1653 472 1690; x_wconf 82' lang='lat' dir='ltr'><strong>Castellae,</strong></span> <span class='ocrx_word' id='word_1_276' title='bbox 487 1652 547 1683; x_wconf 90' lang='lat' dir='ltr'><strong>&amp;c.</strong></span> <span class='ocrx_word' id='word_1_277' title='bbox 566 1651 709 1682; x_wconf 86' lang='lat' dir='ltr'><strong>Henricus</strong></span> <span class='ocrx_word' id='word_1_278' title='bbox 729 1649 826 1681; x_wconf 83' lang='lat' dir='ltr'><strong>eadem</strong></span> <span class='ocrx_word' id='word_1_279' title='bbox 845 1651 946 1689; x_wconf 87' lang='lat' dir='ltr'><strong>gratia,</strong></span> <span class='ocrx_word' id='word_1_280' title='bbox 968 1649 1033 1679; x_wconf 86' lang='lat' dir='ltr'><strong>Rex</strong></span> <span class='ocrx_word' id='word_1_281' title='bbox 1057 1649 1184 1688; x_wconf 76' lang='lat' dir='ltr'><strong>Angliae,</strong></span> 
     </span>
     <span class='ocr_line' id='line_1_48' title="bbox 137 1689 1017 1730; baseline -0.007 -6"><span class='ocrx_word' id='word_1_282' title='bbox 137 1692 198 1724; x_wconf 82' lang='lat' dir='ltr'><strong>&amp;c-</strong></span> <span class='ocrx_word' id='word_1_283' title='bbox 216 1692 348 1730; x_wconf 85' lang='lat' dir='ltr'><strong>salutem,</strong></span> <span class='ocrx_word' id='word_1_284' title='bbox 365 1692 399 1722; x_wconf 71' lang='grc' dir='ltr'><strong>δε</strong></span> <span class='ocrx_word' id='word_1_285' title='bbox 412 1692 524 1721; x_wconf 79' lang='lat' dir='ltr'><strong>sincerae</strong></span> <span class='ocrx_word' id='word_1_286' title='bbox 540 1690 699 1720; x_wconf 62' lang='lat' dir='ltr'><strong>dilectionis</strong></span> <span class='ocrx_word' id='word_1_287' title='bbox 710 1689 817 1729; x_wconf 89' lang='lat' dir='ltr'><strong>semper</strong></span> <span class='ocrx_word' id='word_1_288' title='bbox 827 1696 1017 1728; x_wconf 85' lang='lat' dir='ltr'><strong>augmentum.</strong></span> 
     </span>
    </p>

    <p class='ocr_par' dir='ltr' id='par_1_22' title="bbox 133 1724 1186 1922">
     <span class='ocr_line' id='line_1_49' title="bbox 173 1724 1185 1768; baseline -0.005 -8"><span class='ocrx_word' id='word_1_289' title='bbox 173 1730 341 1761; x_wconf 83' lang='lat' dir='ltr'><strong>Venerabilis</strong></span> <span class='ocrx_word' id='word_1_290' title='bbox 353 1729 432 1759; x_wconf 87' lang='lat' dir='ltr'><strong>Pater</strong></span> <span class='ocrx_word' id='word_1_291' title='bbox 441 1728 564 1766; x_wconf 88' lang='lat' dir='ltr'><strong>Johann.</strong></span> <span class='ocrx_word' id='word_1_292' title='bbox 585 1727 752 1768; x_wconf 81' lang='lat' dir='ltr'><strong>Episcopus,</strong></span> <span class='ocrx_word' id='word_1_293' title='bbox 767 1727 866 1759; x_wconf 82' lang='lat' dir='ltr'><strong>vestrae</strong></span> <span class='ocrx_word' id='word_1_294' title='bbox 881 1727 1037 1757; x_wconf 86' lang='lat' dir='ltr'><strong>Serenitatis</strong></span> <span class='ocrx_word' id='word_1_295' title='bbox 1050 1724 1185 1756; x_wconf 88' lang='lat' dir='ltr'><strong>Nuncius</strong></span> 
     </span>
     <span class='ocr_line' id='line_1_50' title="bbox 136 1763 1185 1807; baseline -0.004 -9"><span class='ocrx_word' id='word_1_296' title='bbox 136 1768 274 1807; x_wconf 86' lang='lat' dir='ltr'><strong>specialis,</strong></span> <span class='ocrx_word' id='word_1_297' title='bbox 290 1767 324 1798; x_wconf 88' lang='lat' dir='ltr'><strong>ad</strong></span> <span class='ocrx_word' id='word_1_298' title='bbox 348 1767 472 1797; x_wconf 87' lang='lat' dir='ltr'><strong>nostram</strong></span> <span class='ocrx_word' id='word_1_299' title='bbox 492 1766 664 1806; x_wconf 76' lang='lat' dir='ltr'><strong>praesentiam</strong></span> <span class='ocrx_word' id='word_1_300' title='bbox 685 1776 773 1804; x_wconf 84' lang='lat' dir='ltr'><strong>nuper</strong></span> <span class='ocrx_word' id='word_1_301' title='bbox 791 1764 940 1803; x_wconf 82' lang='lat' dir='ltr'><strong>accedens,</strong></span> <span class='ocrx_word' id='word_1_302' title='bbox 955 1765 989 1795; x_wconf 70' lang='grc' dir='ltr'><strong>ὃς</strong></span> <span class='ocrx_word' id='word_1_303' title='bbox 1007 1775 1022 1795; x_wconf 89' lang='lat' dir='ltr'><strong>a</strong></span> <span class='ocrx_word' id='word_1_304' title='bbox 1041 1763 1124 1794; x_wconf 90' lang='lat' dir='ltr'><strong>nobis</strong></span> <span class='ocrx_word' id='word_1_305' title='bbox 1137 1774 1185 1801; x_wconf 84' lang='lat' dir='ltr'><strong>ea,</strong></span> 
     </span>
     <span class='ocr_line' id='line_1_51' title="bbox 136 1803 1186 1848; baseline -0.005 -11"><span class='ocrx_word' id='word_1_306' title='bbox 136 1817 189 1848; x_wconf 86' lang='lat' dir='ltr'><strong>qua</strong></span> <span class='ocrx_word' id='word_1_307' title='bbox 203 1806 314 1844; x_wconf 83' lang='lat' dir='ltr'><strong>decuit,</strong></span> <span class='ocrx_word' id='word_1_308' title='bbox 329 1806 507 1836; x_wconf 89' lang='lat' dir='ltr'><strong>veneratione</strong></span> <span class='ocrx_word' id='word_1_309' title='bbox 521 1813 665 1843; x_wconf 87' lang='lat' dir='ltr'><strong>receptus,</strong></span> <span class='ocrx_word' id='word_1_310' title='bbox 681 1804 828 1836; x_wconf 81' lang='lat' dir='ltr'><strong>commissa</strong></span> <span class='ocrx_word' id='word_1_311' title='bbox 841 1804 891 1834; x_wconf 91' lang='lat' dir='ltr'><strong>sibi</strong></span> <span class='ocrx_word' id='word_1_312' title='bbox 904 1804 1015 1843; x_wconf 85' lang='lat' dir='ltr'><strong>negotia</strong></span> <span class='ocrx_word' id='word_1_313' title='bbox 1027 1803 1126 1841; x_wconf 85' lang='lat' dir='ltr'><strong>nobis,</strong></span> <span class='ocrx_word' id='word_1_314' title='bbox 1150 1812 1186 1832; x_wconf 80' lang='lat' dir='ltr'><strong>ex</strong></span> 
     </span>
     <span class='ocr_line' id='line_1_52' title="bbox 135 1841 1186 1884; baseline -0.006 -8"><span class='ocrx_word' id='word_1_315' title='bbox 135 1854 212 1884; x_wconf 90' lang='lat' dir='ltr'><strong>parte</strong></span> <span class='ocrx_word' id='word_1_316' title='bbox 233 1843 321 1876; x_wconf 85' lang='lat' dir='ltr'><strong>vestra</strong></span> <span class='ocrx_word' id='word_1_317' title='bbox 340 1842 493 1881; x_wconf 87' lang='lat' dir='ltr'><strong>reseranda,</strong></span> <span class='ocrx_word' id='word_1_318' title='bbox 508 1843 566 1873; x_wconf 71' lang='lat' dir='ltr'><strong>tam</strong></span> <span class='ocrx_word' id='word_1_319' title='bbox 583 1843 610 1874; x_wconf 92' lang='lat' dir='ltr'><strong>su</strong></span> <span class='ocrx_word' id='word_1_320' title='bbox 631 1854 659 1874; x_wconf 91' lang='lat' dir='ltr'><strong>er</strong></span> <span class='ocrx_word' id='word_1_321' title='bbox 678 1843 754 1874; x_wconf 70' lang='lat' dir='ltr'><strong>faeto</strong></span> <span class='ocrx_word' id='word_1_322' title='bbox 766 1843 944 1881; x_wconf 80' lang='lat' dir='ltr'><strong>Wasconiae,</strong></span> <span class='ocrx_word' id='word_1_323' title='bbox 958 1852 1043 1881; x_wconf 86' lang='lat' dir='ltr'><strong>quam</strong></span> <span class='ocrx_word' id='word_1_324' title='bbox 1055 1841 1110 1872; x_wconf 88' lang='lat' dir='ltr'><strong>aliis</strong></span> <span class='ocrx_word' id='word_1_325' title='bbox 1124 1842 1186 1879; x_wconf 88' lang='lat' dir='ltr'><strong>qui-</strong></span> 
     </span>
     <span class='ocr_line' id='line_1_53' title="bbox 133 1881 1024 1922; baseline -0.006 -7"><span class='ocrx_word' id='word_1_326' title='bbox 133 1883 388 1922; x_wconf 85' lang='lat' dir='ltr'><strong>busdam,provida</strong></span> <span class='ocrx_word' id='word_1_327' title='bbox 400 1892 434 1913; x_wconf 87' lang='lat' dir='ltr'><strong>ac</strong></span> <span class='ocrx_word' id='word_1_328' title='bbox 447 1881 620 1920; x_wconf 62' lang='lat' dir='ltr'><strong>circumspect</strong></span> <span class='ocrx_word' id='word_1_329' title='bbox 649 1881 857 1913; x_wconf 66' lang='lat' dir='ltr'><strong>,deliberatione</strong></span> <span class='ocrx_word' id='word_1_330' title='bbox 867 1881 1024 1921; x_wconf 69' lang='lat' dir='ltr'><strong>proposuit,</strong></span> 
     </span>
    </p>

    <p class='ocr_par' dir='ltr' id='par_1_23' title="bbox 134 1918 1190 2116">
     <span class='ocr_line' id='line_1_54' title="bbox 174 1918 1188 1962; baseline -0.004 -10"><span class='ocrx_word' id='word_1_331' title='bbox 174 1923 292 1962; x_wconf 81' lang='lat' dir='ltr'><strong>Qibus</strong></span> <span class='ocrx_word' id='word_1_332' title='bbox 303 1921 410 1959; x_wconf 76' lang='lat' dir='ltr'><strong>plenius</strong></span> <span class='ocrx_word' id='word_1_333' title='bbox 423 1920 585 1960; x_wconf 57' lang='lat' dir='ltr'><strong>intellfflis,</strong></span> <span class='ocrx_word' id='word_1_334' title='bbox 602 1921 634 1952; x_wconf 91' lang='lat'>&amp;</span> <span class='ocrx_word' id='word_1_335' title='bbox 647 1920 806 1951; x_wconf 78' lang='lat' dir='ltr'><strong>sinceritatis</strong></span> <span class='ocrx_word' id='word_1_336' title='bbox 820 1919 971 1958; x_wconf 57' lang='lat' dir='ltr'><strong>affe-stum,</strong></span> <span class='ocrx_word' id='word_1_337' title='bbox 987 1927 1073 1957; x_wconf 89' lang='lat' dir='ltr'><strong>quem</strong></span> <span class='ocrx_word' id='word_1_338' title='bbox 1087 1918 1122 1949; x_wconf 88' lang='lat' dir='ltr'><strong>ad</strong></span> <span class='ocrx_word' id='word_1_339' title='bbox 1136 1927 1188 1948; x_wconf 91' lang='lat' dir='ltr'><strong>nos</strong></span> 
     </span>
     <span class='ocr_line' id='line_1_55' title="bbox 134 1957 1189 2028; baseline -0.005 -37"><span class='ocrx_word' id='word_1_340' title='bbox 134 1963 245 2001; x_wconf 81' lang='lat' dir='ltr'><strong>geritis,</strong></span> <span class='ocrx_word' id='word_1_341' title='bbox 264 1959 422 1998; x_wconf 83' lang='lat' dir='ltr'><strong>pensanteS,</strong></span> <span class='ocrx_word' id='word_1_342' title='bbox 441 1966 602 2028; x_wconf 43' lang='lat' dir='ltr'><strong>acffiropter</strong></span> <span class='ocrx_word' id='word_1_343' title='bbox 616 1959 674 1990; x_wconf 88' lang='lat' dir='ltr'><strong>hoc</strong></span> <span class='ocrx_word' id='word_1_344' title='bbox 686 1958 857 1989; x_wconf 81' lang='lat' dir='ltr'><strong>excellentiae</strong></span> <span class='ocrx_word' id='word_1_345' title='bbox 873 1958 974 1988; x_wconf 78' lang='lat' dir='ltr'><strong>vestrae</strong></span> <span class='ocrx_word' id='word_1_346' title='bbox 986 1957 1113 1991; x_wconf 80' lang='lat' dir='ltr'><strong>volentes</strong></span> <span class='ocrx_word' id='word_1_347' title='bbox 1125 1966 1189 1996; x_wconf 85' lang='lat' dir='ltr'><strong>gra-</strong></span> 
     </span>
     <span class='ocr_line' id='line_1_56' title="bbox 137 1995 1190 2036; baseline -0.006 -5"><span class='ocrx_word' id='word_1_348' title='bbox 137 2009 165 2031; x_wconf 88' lang='lat' dir='ltr'><strong>ta</strong></span> <span class='ocrx_word' id='word_1_349' title='bbox 178 1998 366 2030; x_wconf 73' lang='lat' dir='ltr'><strong>vicissitudine</strong></span> <span class='ocrx_word' id='word_1_350' title='bbox 379 1997 478 2036; x_wconf 83' lang='lat' dir='ltr'><strong>respon</strong></span> <span class='ocrx_word' id='word_1_351' title='bbox 498 2007 559 2035; x_wconf 87' lang='lat' dir='ltr'><strong>ere,</strong></span> <span class='ocrx_word' id='word_1_352' title='bbox 576 1998 795 2033; x_wconf 82' lang='lat' dir='ltr'><strong>conventiones,</strong></span> <span class='ocrx_word' id='word_1_353' title='bbox 820 1997 891 2026; x_wconf 89' lang='lat' dir='ltr'><strong>inter</strong></span> <span class='ocrx_word' id='word_1_354' title='bbox 905 2007 956 2027; x_wconf 91' lang='lat' dir='ltr'><strong>vos</strong></span> <span class='ocrx_word' id='word_1_355' title='bbox 968 1997 1002 2027; x_wconf 85' lang='lat'>&amp;</span> <span class='ocrx_word' id='word_1_356' title='bbox 1016 2006 1068 2026; x_wconf 91' lang='lat' dir='ltr'><strong>nos</strong></span> <span class='ocrx_word' id='word_1_357' title='bbox 1080 1995 1190 2033; x_wconf 85' lang='lat' dir='ltr'><strong>jamdu-</strong></span> 
     </span>
     <span class='ocr_line' id='line_1_57' title="bbox 135 2034 1190 2076; baseline -0.005 -7"><span class='ocrx_word' id='word_1_358' title='bbox 135 2039 207 2070; x_wconf 87' lang='lat' dir='ltr'><strong>dum</strong></span> <span class='ocrx_word' id='word_1_359' title='bbox 225 2038 346 2075; x_wconf 79' lang='lat' dir='ltr'><strong>habitas,</strong></span> <span class='ocrx_word' id='word_1_360' title='bbox 360 2038 391 2067; x_wconf 88' lang='lat' dir='ltr'><strong>in</strong></span> <span class='ocrx_word' id='word_1_361' title='bbox 411 2035 522 2075; x_wconf 85' lang='lat' dir='ltr'><strong>nostra,</strong></span> <span class='ocrx_word' id='word_1_362' title='bbox 540 2037 574 2067; x_wconf 92' lang='lat'>&amp;</span> <span class='ocrx_word' id='word_1_363' title='bbox 593 2037 679 2067; x_wconf 86' lang='lat' dir='ltr'><strong>totius</strong></span> <span class='ocrx_word' id='word_1_364' title='bbox 697 2034 805 2066; x_wconf 88' lang='lat' dir='ltr'><strong>consilii</strong></span> <span class='ocrx_word' id='word_1_365' title='bbox 818 2034 905 2065; x_wconf 88' lang='lat' dir='ltr'><strong>nostri</strong></span> <span class='ocrx_word' id='word_1_366' title='bbox 917 2035 1060 2076; x_wconf 71' lang='lat' dir='ltr'><strong>praesentia</strong></span> <span class='ocrx_word' id='word_1_367' title='bbox 1073 2034 1190 2064; x_wconf 83' lang='lat' dir='ltr'><strong>fecimus</strong></span> 
     </span>
     <span class='ocr_line' id='line_1_58' title="bbox 136 2073 921 2116; baseline -0.008 -7"><span class='ocrx_word' id='word_1_368' title='bbox 136 2077 261 2114; x_wconf 86' lang='lat' dir='ltr'><strong>recitari,</strong></span> <span class='ocrx_word' id='word_1_369' title='bbox 280 2075 348 2116; x_wconf 88' lang='lat' dir='ltr'><strong>ipsas</strong></span> <span class='ocrx_word' id='word_1_370' title='bbox 363 2084 551 2115; x_wconf 84' lang='lat' dir='ltr'><strong>proponentes</strong></span> <span class='ocrx_word' id='word_1_371' title='bbox 561 2073 755 2106; x_wconf 86' lang='lat' dir='ltr'><strong>inviolabiliter</strong></span> <span class='ocrx_word' id='word_1_372' title='bbox 769 2073 921 2104; x_wconf 85' lang='lat' dir='ltr'><strong>observare.</strong></span> 
     </span>
    </p>

    <p class='ocr_par' dir='ltr' id='par_1_24' title="bbox 134 2110 1193 2422">
     <span class='ocr_line' id='line_1_59' title="bbox 171 2110 1190 2156; baseline -0.006 -10"><span class='ocrx_word' id='word_1_373' title='bbox 171 2114 335 2152; x_wconf 81' lang='lat' dir='ltr'><strong>Caeterum,</strong></span> <span class='ocrx_word' id='word_1_374' title='bbox 349 2114 415 2144; x_wconf 88' lang='lat' dir='ltr'><strong>licet</strong></span> <span class='ocrx_word' id='word_1_375' title='bbox 432 2122 467 2143; x_wconf 81' lang='lat' dir='ltr'><strong>ex</strong></span> <span class='ocrx_word' id='word_1_376' title='bbox 488 2113 592 2143; x_wconf 90' lang='lat' dir='ltr'><strong>viribus</strong></span> <span class='ocrx_word' id='word_1_377' title='bbox 608 2113 834 2147; x_wconf 85' lang='lat' dir='ltr'><strong>conventionum</strong></span> <span class='ocrx_word' id='word_1_378' title='bbox 854 2111 972 2156; x_wconf 77' lang='lat' dir='ltr'><strong>ipsarum</strong></span> <span class='ocrx_word' id='word_1_379' title='bbox 992 2110 1190 2142; x_wconf 80' lang='lat' dir='ltr'><strong>adrestitutio-</strong></span> 
     </span>
     <span class='ocr_line' id='line_1_60' title="bbox 134 2149 1190 2192; baseline -0.005 -7"><span class='ocrx_word' id='word_1_380' title='bbox 134 2164 203 2186; x_wconf 89' lang='lat' dir='ltr'><strong>nem</strong></span> <span class='ocrx_word' id='word_1_381' title='bbox 218 2161 352 2184; x_wconf 88' lang='lat' dir='ltr'><strong>terrarum</strong></span> <span class='ocrx_word' id='word_1_382' title='bbox 364 2153 397 2183; x_wconf 89' lang='lat'>&amp;</span> <span class='ocrx_word' id='word_1_383' title='bbox 413 2150 577 2182; x_wconf 81' lang='lat' dir='ltr'><strong>Castrorum</strong></span> <span class='ocrx_word' id='word_1_384' title='bbox 590 2174 601 2189; x_wconf 93' lang='lat'><strong>,</strong></span> <span class='ocrx_word' id='word_1_385' title='bbox 624 2161 690 2192; x_wconf 88' lang='lat' dir='ltr'><strong>quae</strong></span> <span class='ocrx_word' id='word_1_386' title='bbox 703 2151 820 2181; x_wconf 85' lang='lat' dir='ltr'><strong>nomine</strong></span> <span class='ocrx_word' id='word_1_387' title='bbox 834 2149 1021 2182; x_wconf 81' lang='lat' dir='ltr'><strong>Vicecornitis</strong></span> <span class='ocrx_word' id='word_1_388' title='bbox 1034 2149 1070 2179; x_wconf 94' lang='lat' dir='ltr'><strong>de</strong></span> <span class='ocrx_word' id='word_1_389' title='bbox 1084 2149 1107 2179; x_wconf 91' lang='lat' dir='ltr'>F</span> <span class='ocrx_word' id='word_1_390' title='bbox 1109 2158 1190 2180; x_wconf 89' lang='lat' dir='ltr'><strong>rone.</strong></span> 
     </span>
     <span class='ocr_line' id='line_1_61' title="bbox 134 2187 1190 2229; baseline -0.004 -6"><span class='ocrx_word' id='word_1_391' title='bbox 134 2192 294 2224; x_wconf 88' lang='lat' dir='ltr'><strong>Castellian.</strong></span> <span class='ocrx_word' id='word_1_392' title='bbox 311 2191 345 2222; x_wconf 89' lang='lat'>&amp;</span> <span class='ocrx_word' id='word_1_393' title='bbox 359 2190 396 2221; x_wconf 91' lang='lat' dir='ltr'><strong>de</strong></span> <span class='ocrx_word' id='word_1_394' title='bbox 406 2188 564 2229; x_wconf 88' lang='lat' dir='ltr'><strong>Benauges,</strong></span> <span class='ocrx_word' id='word_1_395' title='bbox 585 2190 619 2221; x_wconf 86' lang='lat'>&amp;</span> <span class='ocrx_word' id='word_1_396' title='bbox 635 2189 755 2220; x_wconf 86' lang='lat' dir='ltr'><strong>aliorum</strong></span> <span class='ocrx_word' id='word_1_397' title='bbox 768 2189 951 2228; x_wconf 82' lang='lat' dir='ltr'><strong>petebantur,</strong></span> <span class='ocrx_word' id='word_1_398' title='bbox 969 2189 1102 2227; x_wconf 90' lang='lat' dir='ltr'><strong>minime,</strong></span> <span class='ocrx_word' id='word_1_399' title='bbox 1118 2187 1190 2219; x_wconf 89' lang='lat' dir='ltr'><strong>sicut</strong></span> 
     </span>
     <span class='ocr_line' id='line_1_62' title="bbox 135 2226 1192 2268; baseline -0.005 -6"><span class='ocrx_word' id='word_1_400' title='bbox 135 2231 220 2262; x_wconf 91' lang='lat' dir='ltr'><strong>nobis</strong></span> <span class='ocrx_word' id='word_1_401' title='bbox 233 2229 324 2262; x_wconf 89' lang='lat' dir='ltr'><strong>visum</strong></span> <span class='ocrx_word' id='word_1_402' title='bbox 338 2229 395 2268; x_wconf 88' lang='lat' dir='ltr'><strong>est,</strong></span> <span class='ocrx_word' id='word_1_403' title='bbox 409 2236 570 2267; x_wconf 70' lang='lat' dir='ltr'><strong>teneamur,</strong></span> <span class='ocrx_word' id='word_1_404' title='bbox 586 2237 639 2259; x_wconf 91' lang='lat' dir='ltr'><strong>nos</strong></span> <span class='ocrx_word' id='word_1_405' title='bbox 652 2236 763 2265; x_wconf 90' lang='lat' dir='ltr'><strong>tamen,</strong></span> <span class='ocrx_word' id='word_1_406' title='bbox 778 2226 895 2267; x_wconf 82' lang='lat' dir='ltr'><strong>vestrae,</strong></span> <span class='ocrx_word' id='word_1_407' title='bbox 922 2229 953 2258; x_wconf 92' lang='lat' dir='ltr'><strong>in</strong></span> <span class='ocrx_word' id='word_1_408' title='bbox 986 2226 1192 2266; x_wconf 89' lang='lat' dir='ltr'><strong>uibuscumque</strong></span> 
     </span>
     <span class='ocr_line' id='line_1_63' title="bbox 136 2266 1193 2311; baseline -0.004 -12"><span class='ocrx_word' id='word_1_409' title='bbox 136 2268 298 2311; x_wconf 72' lang='lat' dir='ltr'><strong>possumus,</strong></span> <span class='ocrx_word' id='word_1_410' title='bbox 315 2269 458 2309; x_wconf 87' lang='lat' dir='ltr'><strong>cupientes</strong></span> <span class='ocrx_word' id='word_1_411' title='bbox 481 2266 706 2298; x_wconf 86' lang='lat' dir='ltr'><strong>condescendere</strong></span> <span class='ocrx_word' id='word_1_412' title='bbox 725 2266 883 2304; x_wconf 89' lang='lat' dir='ltr'><strong>voluntati,</strong></span> <span class='ocrx_word' id='word_1_413' title='bbox 902 2276 945 2306; x_wconf 58' lang='lat' dir='ltr'><strong>qu*</strong></span> <span class='ocrx_word' id='word_1_414' title='bbox 986 2276 1033 2296; x_wconf 83' lang='lat' dir='ltr'><strong>am</strong></span> <span class='ocrx_word' id='word_1_415' title='bbox 1054 2266 1095 2296; x_wconf 92' lang='lat' dir='ltr'><strong>ob</strong></span> <span class='ocrx_word' id='word_1_416' title='bbox 1113 2275 1193 2295; x_wconf 86' lang='lat' dir='ltr'><strong>reve-</strong></span> 
     </span>
     <span class='ocr_line' id='line_1_64' title="bbox 136 2304 1190 2346; baseline -0.005 -7"><span class='ocrx_word' id='word_1_417' title='bbox 136 2309 254 2339; x_wconf 80' lang='lat' dir='ltr'><strong>rentiam</strong></span> <span class='ocrx_word' id='word_1_418' title='bbox 272 2306 391 2337; x_wconf 85' lang='lat' dir='ltr'><strong>vestram</strong></span> <span class='ocrx_word' id='word_1_419' title='bbox 410 2314 569 2337; x_wconf 84' lang='lat' dir='ltr'><strong>memorato</strong></span> <span class='ocrx_word' id='word_1_420' title='bbox 586 2304 727 2346; x_wconf 84' lang='lat' dir='ltr'><strong>Episcopo</strong></span> <span class='ocrx_word' id='word_1_421' title='bbox 745 2304 897 2343; x_wconf 86' lang='lat' dir='ltr'><strong>optulimus</strong></span> <span class='ocrx_word' id='word_1_422' title='bbox 913 2327 922 2343; x_wconf 90' lang='lat'><strong>,</strong></span> <span class='ocrx_word' id='word_1_423' title='bbox 948 2315 1012 2344; x_wconf 84' lang='lat' dir='ltr'><strong>quae</strong></span> <span class='ocrx_word' id='word_1_424' title='bbox 1029 2305 1094 2335; x_wconf 86' lang='lat' dir='ltr'><strong>viva</strong></span> <span class='ocrx_word' id='word_1_425' title='bbox 1115 2313 1190 2335; x_wconf 92' lang='lat' dir='ltr'><strong>voce</strong></span> 
     </span>
     <span class='ocr_line' id='line_1_65' title="bbox 136 2342 1192 2386; baseline -0.003 -9"><span class='ocrx_word' id='word_1_426' title='bbox 136 2346 219 2377; x_wconf 89' lang='lat' dir='ltr'><strong>vobis</strong></span> <span class='ocrx_word' id='word_1_427' title='bbox 232 2354 372 2385; x_wconf 85' lang='lat' dir='ltr'><strong>exponere</strong></span> <span class='ocrx_word' id='word_1_428' title='bbox 387 2345 488 2386; x_wconf 86' lang='lat' dir='ltr'><strong>poterit</strong></span> <span class='ocrx_word' id='word_1_429' title='bbox 500 2343 636 2382; x_wconf 81' lang='lat' dir='ltr'><strong>seriatim,</strong></span> <span class='ocrx_word' id='word_1_430' title='bbox 650 2344 683 2376; x_wconf 91' lang='lat'>&amp;</span> <span class='ocrx_word' id='word_1_431' title='bbox 697 2343 733 2374; x_wconf 91' lang='lat' dir='ltr'><strong>de</strong></span> <span class='ocrx_word' id='word_1_432' title='bbox 748 2344 865 2383; x_wconf 87' lang='lat' dir='ltr'><strong>quibus,</strong></span> <span class='ocrx_word' id='word_1_433' title='bbox 884 2352 968 2383; x_wconf 85' lang='lat' dir='ltr'><strong>prout</strong></span> <span class='ocrx_word' id='word_1_434' title='bbox 985 2343 1067 2373; x_wconf 90' lang='lat' dir='ltr'><strong>nobis</strong></span> <span class='ocrx_word' id='word_1_435' title='bbox 1076 2342 1192 2374; x_wconf 85' lang='lat' dir='ltr'><strong>videba-</strong></span> 
     </span>
     <span class='ocr_line' id='line_1_66' title="bbox 139 2383 559 2422; baseline -0.01 -6"><span class='ocrx_word' id='word_1_436' title='bbox 139 2393 201 2422; x_wconf 85' lang='lat' dir='ltr'><strong>tur,</strong></span> <span class='ocrx_word' id='word_1_437' title='bbox 219 2383 318 2415; x_wconf 88' lang='lat' dir='ltr'><strong>debuit</strong></span> <span class='ocrx_word' id='word_1_438' title='bbox 330 2384 386 2414; x_wconf 81' lang='lat' dir='ltr'><strong>effe</strong></span> <span class='ocrx_word' id='word_1_439' title='bbox 401 2392 559 2415; x_wconf 88' lang='lat' dir='ltr'><strong>contentus.</strong></span> 
     </span>
    </p>

    <p class='ocr_par' dir='ltr' id='par_1_25' title="bbox 137 2417 1196 2567">
     <span class='ocr_line' id='line_1_67' title="bbox 175 2417 1196 2461; baseline -0.004 -8"><span class='ocrx_word' id='word_1_440' title='bbox 175 2422 242 2461; x_wconf 82' lang='lat' dir='ltr'><strong>Set,</strong></span> <span class='ocrx_word' id='word_1_441' title='bbox 261 2423 325 2460; x_wconf 85' lang='lat' dir='ltr'><strong>quia</strong></span> <span class='ocrx_word' id='word_1_442' title='bbox 343 2421 389 2452; x_wconf 90' lang='lat' dir='ltr'><strong>illa</strong></span> <span class='ocrx_word' id='word_1_443' title='bbox 428 2431 456 2451; x_wconf 90' lang='lat' dir='ltr'><strong>er</strong></span> <span class='ocrx_word' id='word_1_444' title='bbox 476 2431 528 2451; x_wconf 90' lang='lat' dir='ltr'><strong>vos</strong></span> <span class='ocrx_word' id='word_1_445' title='bbox 541 2418 680 2452; x_wconf 76' lang='lat' dir='ltr'><strong>credimus</strong></span> <span class='ocrx_word' id='word_1_446' title='bbox 697 2417 883 2461; x_wconf 77' lang='lat' dir='ltr'><strong>acceptanda,</strong></span> <span class='ocrx_word' id='word_1_447' title='bbox 899 2419 934 2450; x_wconf 93' lang='lat' dir='ltr'><strong>ad</strong></span> <span class='ocrx_word' id='word_1_448' title='bbox 950 2418 1118 2450; x_wconf 89' lang='lat' dir='ltr'><strong>sublimitatis</strong></span> <span class='ocrx_word' id='word_1_449' title='bbox 1132 2428 1196 2450; x_wconf 87' lang='lat' dir='ltr'><strong>ves-</strong></span> 
     </span>
     <span class='ocr_line' id='line_1_68' title="bbox 137 2457 1195 2499; baseline -0.003 -9"><span class='ocrx_word' id='word_1_450' title='bbox 137 2467 190 2490; x_wconf 88' lang='lat' dir='ltr'><strong>trae</strong></span> <span class='ocrx_word' id='word_1_451' title='bbox 215 2460 388 2499; x_wconf 87' lang='lat' dir='ltr'><strong>praesentiam</strong></span> <span class='ocrx_word' id='word_1_452' title='bbox 438 2460 537 2489; x_wconf 91' lang='lat' dir='ltr'><strong>uncios</strong></span> <span class='ocrx_word' id='word_1_453' title='bbox 549 2458 658 2489; x_wconf 90' lang='lat' dir='ltr'><strong>nostros</strong></span> <span class='ocrx_word' id='word_1_454' title='bbox 672 2458 827 2498; x_wconf 87' lang='lat' dir='ltr'><strong>solempnes</strong></span> <span class='ocrx_word' id='word_1_455' title='bbox 838 2457 1008 2494; x_wconf 78' lang='lat' dir='ltr'><strong>disponimus</strong></span> <span class='ocrx_word' id='word_1_456' title='bbox 1019 2459 1049 2488; x_wconf 90' lang='lat' dir='ltr'><strong>in</strong></span> <span class='ocrx_word' id='word_1_457' title='bbox 1063 2459 1195 2498; x_wconf 89' lang='lat' dir='ltr'><strong>proximo</strong></span> 
     </span>
     <span class='ocr_line' id='line_1_69' title="bbox 140 2496 1196 2566; baseline -0.001 -38"><span class='ocrx_word' id='word_1_458' title='bbox 140 2497 291 2566; x_wconf 46' lang='lat' dir='ltr'><strong>destinare,</strong></span> <span class='ocrx_word' id='word_1_459' title='bbox 309 2499 358 2536; x_wconf 88' lang='lat' dir='ltr'><strong>qui</strong></span> <span class='ocrx_word' id='word_1_460' title='bbox 376 2498 457 2530; x_wconf 89' lang='lat' dir='ltr'><strong>vobis</strong></span> <span class='ocrx_word' id='word_1_461' title='bbox 476 2497 600 2528; x_wconf 88' lang='lat' dir='ltr'><strong>nostram</strong></span> <span class='ocrx_word' id='word_1_462' title='bbox 619 2496 698 2536; x_wconf 86' lang='lat' dir='ltr'><strong>super</strong></span> <span class='ocrx_word' id='word_1_463' title='bbox 716 2496 768 2528; x_wconf 88' lang='lat' dir='ltr'><strong>hiis</strong></span> <span class='ocrx_word' id='word_1_464' title='bbox 788 2497 822 2528; x_wconf 91' lang='lat'>&amp;</span> <span class='ocrx_word' id='word_1_465' title='bbox 839 2496 895 2527; x_wconf 86' lang='lat' dir='ltr'><strong>aliis</strong></span> <span class='ocrx_word' id='word_1_466' title='bbox 914 2504 1059 2537; x_wconf 85' lang='lat' dir='ltr'><strong>exponent</strong></span> <span class='ocrx_word' id='word_1_467' title='bbox 1090 2496 1196 2535; x_wconf 83' lang='lat' dir='ltr'><strong>plenius</strong></span> 
     </span>
     <span class='ocr_line' id='line_1_70' title="bbox 139 2544 324 2567; baseline 0 -1"><span class='ocrx_word' id='word_1_468' title='bbox 139 2546 180 2567; x_wconf 89' lang='lat' dir='ltr'><strong>vo</strong></span> <span class='ocrx_word' id='word_1_469' title='bbox 192 2544 324 2567; x_wconf 88' lang='lat' dir='ltr'><strong>untatem.</strong></span> 
     </span>
    </p>
   </div>
   <div class='ocr_carea' id='block_1_18' title="bbox 178 2611 956 2655">
    <p class='ocr_par' dir='ltr' id='par_1_26' title="bbox 178 2611 956 2655">
     <span class='ocr_line' id='line_1_71' title="bbox 178 2611 956 2655; baseline 0 -12"><span class='ocrx_word' id='word_1_470' title='bbox 178 2612 266 2644; x_wconf 86' lang='lat' dir='ltr'><strong>Teste</strong></span> <span class='ocrx_word' id='word_1_471' title='bbox 279 2612 362 2653; x_wconf 85' lang='lat' dir='ltr'><strong>Rege</strong></span> <span class='ocrx_word' id='word_1_472' title='bbox 375 2613 448 2654; x_wconf 89' lang='lat' dir='ltr'><strong>apud</strong></span> <span class='ocrx_word' id='word_1_473' title='bbox 462 2613 749 2646; x_wconf 78' lang='lat' dir='ltr'><strong>westmonasterium</strong></span> <span class='ocrx_word' id='word_1_474' title='bbox 757 2636 768 2653; x_wconf 93' lang='lat'><strong>,</strong></span> <span class='ocrx_word' id='word_1_475' title='bbox 784 2622 801 2654; x_wconf 95' lang='lat'><em>7</em></span> <span class='ocrx_word' id='word_1_476' title='bbox 812 2614 858 2646; x_wconf 88' lang='lat' dir='ltr'><strong>die</strong></span> <span class='ocrx_word' id='word_1_477' title='bbox 869 2611 956 2655; x_wconf 85' lang='lat' dir='ltr'><strong>Junii.</strong></span> 
     </span>
    </p>
   </div>
   <div class='ocr_carea' id='block_1_19' title="bbox 148 2711 1199 2831">
    <p class='ocr_par' dir='ltr' id='par_1_27' title="bbox 148 2711 1199 2831">
     <span class='ocr_line' id='line_1_72' title="bbox 148 2711 1199 2783; baseline 0.003 -15"><span class='ocrx_word' id='word_1_478' title='bbox 148 2735 175 2762; x_wconf 41' lang='grc' dir='ltr'>ᾗ</span> <span class='ocrx_word' id='word_1_479' title='bbox 202 2737 321 2770; x_wconf 81' lang='lat' dir='ltr'><strong>Littera</strong></span> <span class='ocrx_word' id='word_1_480' title='bbox 346 2735 459 2769; x_wconf 63' lang='lat' dir='ltr'><strong>direffa</strong></span> <span class='ocrx_word' id='word_1_481' title='bbox 486 2738 561 2782; x_wconf 75' lang='lat' dir='ltr'><strong>Regi</strong></span> <span class='ocrx_word' id='word_1_482' title='bbox 589 2711 727 2782; x_wconf 30' lang='lat' dir='ltr'><strong>Astragon.</strong></span> <span class='ocrx_word' id='word_1_483' title='bbox 743 2736 835 2783; x_wconf 77' lang='lat' dir='ltr'><strong>fhper</strong></span> <span class='ocrx_word' id='word_1_484' title='bbox 861 2735 1106 2772; x_wconf 78' lang='lat' dir='ltr'><strong>Conventionibns</strong></span> <span class='ocrx_word' id='word_1_485' title='bbox 1130 2749 1199 2771; x_wconf 83' lang='lat' dir='ltr'><strong>cum</strong></span> 
     </span>
     <span class='ocr_line' id='line_1_73' title="bbox 485 2784 858 2831; baseline 0.011 -14"><span class='ocrx_word' id='word_1_486' title='bbox 485 2784 610 2829; x_wconf 61' lang='lat' dir='ltr'><em>Affonfi</em></span> <span class='ocrx_word' id='word_1_487' title='bbox 629 2786 707 2831; x_wconf 83' lang='lat' dir='ltr'><strong>Rege</strong></span> <span class='ocrx_word' id='word_1_488' title='bbox 724 2785 858 2829; x_wconf 76' lang='lat' dir='ltr'><strong>Castellae.</strong></span> 
     </span>
    </p>
   </div>
   <div class='ocr_carea' id='block_1_20' title="bbox 151 2870 1203 2981">
    <p class='ocr_par' dir='ltr' id='par_1_28' title="bbox 151 2870 1203 2981">
     <span class='ocr_line' id='line_1_74' title="bbox 151 2870 1203 2936; baseline -0.003 -32"><span class='ocrx_word' id='word_1_489' title='bbox 151 2872 359 2936; x_wconf 82' lang='lat' dir='ltr'><strong>MAgnifico</strong></span> <span class='ocrx_word' id='word_1_490' title='bbox 376 2870 502 2916; x_wconf 81' lang='lat' dir='ltr'><strong>Principi</strong></span> <span class='ocrx_word' id='word_1_491' title='bbox 523 2871 658 2917; x_wconf 76' lang='lat' dir='ltr'><strong>Domino</strong></span> <span class='ocrx_word' id='word_1_492' title='bbox 665 2870 708 2911; x_wconf 91' lang='lat' dir='ltr'><strong>Ja.</strong></span> <span class='ocrx_word' id='word_1_493' title='bbox 727 2870 786 2919; x_wconf 59' lang='lat' dir='ltr'><strong>Pei</strong></span> <span class='ocrx_word' id='word_1_494' title='bbox 798 2871 902 2911; x_wconf 54' lang='lat' dir='ltr'><strong>gratis,</strong></span> <span class='ocrx_word' id='word_1_495' title='bbox 921 2871 1015 2918; x_wconf 82' lang='lat' dir='ltr'><strong>illustri</strong></span> <span class='ocrx_word' id='word_1_496' title='bbox 1028 2871 1105 2912; x_wconf 87' lang='lat' dir='ltr'><strong>Regi</strong></span> <span class='ocrx_word' id='word_1_497' title='bbox 1120 2870 1203 2903; x_wconf 87' lang='lat' dir='ltr'><strong>Arra-</strong></span> 
     </span>
     <span class='ocr_line' id='line_1_75' title="bbox 152 2909 1201 2981; baseline -0.001 -40"><span class='ocrx_word' id='word_1_498' title='bbox 152 2950 186 2980; x_wconf 81' lang='lat'>&amp;</span> <span class='ocrx_word' id='word_1_499' title='bbox 199 2922 312 2981; x_wconf 55' lang='lat' dir='ltr'><strong>finggige.</strong></span> <span class='ocrx_word' id='word_1_500' title='bbox 325 2909 549 2979; x_wconf 46' lang='grc' dir='ltr'><strong>ἓεύἓὼῑέἓῐιιεῐξὲἓ</strong></span> <span class='ocrx_word' id='word_1_501' title='bbox 550 2933 578 2979; x_wconf 57' lang='lat' dir='ltr'><strong>{f</strong></span> <span class='ocrx_word' id='word_1_502' title='bbox 579 2910 641 2980; x_wconf 49' lang='lat'><strong>351</strong></span> <span class='ocrx_word' id='word_1_503' title='bbox 665 2918 768 2951; x_wconf 85' lang='lat' dir='ltr'><strong>gratia,</strong></span> <span class='ocrx_word' id='word_1_504' title='bbox 787 2910 852 2941; x_wconf 88' lang='lat' dir='ltr'><strong>Rex</strong></span> <span class='ocrx_word' id='word_1_505' title='bbox 866 2911 994 2951; x_wconf 82' lang='lat' dir='ltr'><strong>Anghae,</strong></span> <span class='ocrx_word' id='word_1_506' title='bbox 1010 2913 1072 2944; x_wconf 87' lang='lat' dir='ltr'><strong>&amp;c.</strong></span> <span class='ocrx_word' id='word_1_507' title='bbox 1088 2910 1201 2942; x_wconf 85' lang='lat' dir='ltr'><strong>salutem</strong></span> 
     </span>
    </p>
   </div>
   <div class='ocr_carea' id='block_1_21' title="bbox 190 2986 1203 3025">
    <p class='ocr_par' dir='ltr' id='par_1_29' title="bbox 190 2986 1203 3025">
     <span class='ocr_line' id='line_1_76' title="bbox 190 2986 1203 3025; baseline 0 -7"><span class='ocrx_word' id='word_1_508' title='bbox 190 2988 362 3018; x_wconf 87' lang='lat' dir='ltr'><strong>Prudentem</strong></span> <span class='ocrx_word' id='word_1_509' title='bbox 379 2987 487 3025; x_wconf 79' lang='lat' dir='ltr'><strong>virum,</strong></span> <span class='ocrx_word' id='word_1_510' title='bbox 505 2986 633 3018; x_wconf 87' lang='lat' dir='ltr'><strong>Priorem</strong></span> <span class='ocrx_word' id='word_1_511' title='bbox 653 2987 688 3019; x_wconf 93' lang='lat' dir='ltr'><strong>de</strong></span> <span class='ocrx_word' id='word_1_512' title='bbox 709 2987 870 3019; x_wconf 83' lang='lat' dir='ltr'><strong>Cornelian.</strong></span> <span class='ocrx_word' id='word_1_513' title='bbox 887 2987 1043 3019; x_wconf 83' lang='lat' dir='ltr'><strong>Nuntium</strong></span> <span class='ocrx_word' id='word_1_514' title='bbox 1063 2988 1203 3025; x_wconf 85' lang='lat' dir='ltr'><strong>vestrum,</strong></span> 
     </span>
    </p>
   </div>
   <div class='ocr_carea' id='block_1_22' title="bbox 128 3024 1203 3066">
    <p class='ocr_par' dir='ltr' id='par_1_30' title="bbox 128 3024 1203 3066">
     <span class='ocr_line' id='line_1_77' title="bbox 128 3024 1203 3066; baseline -0.001 -9"><span class='ocrx_word' id='word_1_515' title='bbox 128 3049 136 3058; x_wconf 88' lang='lat'><strong>.</strong></span> <span class='ocrx_word' id='word_1_516' title='bbox 154 3025 189 3056; x_wconf 88' lang='lat' dir='ltr'><strong>ad</strong></span> <span class='ocrx_word' id='word_1_517' title='bbox 201 3026 374 3066; x_wconf 83' lang='lat' dir='ltr'><strong>praesentiam</strong></span> <span class='ocrx_word' id='word_1_518' title='bbox 389 3024 530 3063; x_wconf 89' lang='lat' dir='ltr'><strong>nostram,</strong></span> <span class='ocrx_word' id='word_1_519' title='bbox 547 3027 603 3056; x_wconf 74' lang='lat' dir='ltr'><strong>unii</strong></span> <span class='ocrx_word' id='word_1_520' title='bbox 615 3037 684 3057; x_wconf 90' lang='lat' dir='ltr'><strong>curn</strong></span> <span class='ocrx_word' id='word_1_521' title='bbox 695 3027 848 3058; x_wconf 79' lang='lat' dir='ltr'><strong>venerabili</strong></span> <span class='ocrx_word' id='word_1_522' title='bbox 861 3034 937 3064; x_wconf 87' lang='lat' dir='ltr'><strong>patre</strong></span> <span class='ocrx_word' id='word_1_523' title='bbox 946 3027 1071 3066; x_wconf 90' lang='lat' dir='ltr'><strong>Johann.</strong></span> <span class='ocrx_word' id='word_1_524' title='bbox 1086 3026 1203 3066; x_wconf 88' lang='lat' dir='ltr'><strong>Episco-</strong></span> 
     </span>
    </p>
   </div>
   <div class='ocr_carea' id='block_1_23' title="bbox 155 3062 1204 3108">
    <p class='ocr_par' dir='ltr' id='par_1_31' title="bbox 155 3062 1204 3108">
     <span class='ocr_line' id='line_1_78' title="bbox 155 3062 1204 3108; baseline 0.001 -14"><span class='ocrx_word' id='word_1_525' title='bbox 155 3073 209 3108; x_wconf 79' lang='lat' dir='ltr'><strong>po,</strong></span> <span class='ocrx_word' id='word_1_526' title='bbox 223 3064 334 3094; x_wconf 90' lang='lat' dir='ltr'><strong>illustris</strong></span> <span class='ocrx_word' id='word_1_527' title='bbox 345 3063 432 3103; x_wconf 87' lang='lat' dir='ltr'><strong>Regis</strong></span> <span class='ocrx_word' id='word_1_528' title='bbox 444 3062 574 3094; x_wconf 85' lang='lat' dir='ltr'><strong>Castellae</strong></span> <span class='ocrx_word' id='word_1_529' title='bbox 584 3065 725 3104; x_wconf 89' lang='lat' dir='ltr'><strong>Nuncio,</strong></span> <span class='ocrx_word' id='word_1_530' title='bbox 749 3075 817 3097; x_wconf 89' lang='lat' dir='ltr'><strong>cum</strong></span> <span class='ocrx_word' id='word_1_531' title='bbox 829 3065 924 3096; x_wconf 89' lang='lat' dir='ltr'><strong>vestris</strong></span> <span class='ocrx_word' id='word_1_532' title='bbox 935 3066 1028 3096; x_wconf 84' lang='lat' dir='ltr'><strong>litteris</strong></span> <span class='ocrx_word' id='word_1_533' title='bbox 1039 3065 1075 3095; x_wconf 93' lang='lat' dir='ltr'><strong>de</strong></span> <span class='ocrx_word' id='word_1_534' title='bbox 1087 3065 1204 3096; x_wconf 82' lang='lat' dir='ltr'><strong>creden-</strong></span> 
     </span>
    </p>
   </div>
   <div class='ocr_carea' id='block_1_24' title="bbox 88 3100 1204 3145">
    <p class='ocr_par' dir='ltr' id='par_1_32' title="bbox 88 3100 1204 3145">
     <span class='ocr_line' id='line_1_79' title="bbox 88 3100 1204 3145; baseline -0.001 -11"><span class='ocrx_word' id='word_1_535' title='bbox 88 3120 113 3134; x_wconf 79' lang='grc' dir='ltr'><strong>ι.</strong></span> <span class='ocrx_word' id='word_1_536' title='bbox 155 3110 192 3132; x_wconf 90' lang='lat' dir='ltr'><strong>tia</strong></span> <span class='ocrx_word' id='word_1_537' title='bbox 206 3104 383 3140; x_wconf 82' lang='lat' dir='ltr'><strong>venientem,</strong></span> <span class='ocrx_word' id='word_1_538' title='bbox 398 3100 448 3139; x_wconf 74' lang='lat' dir='ltr'><strong>ea,</strong></span> <span class='ocrx_word' id='word_1_539' title='bbox 463 3101 518 3141; x_wconf 60' lang='lat' dir='ltr'><strong>quii</strong></span> <span class='ocrx_word' id='word_1_540' title='bbox 535 3101 646 3142; x_wconf 86' lang='lat' dir='ltr'><strong>decuit,</strong></span> <span class='ocrx_word' id='word_1_541' title='bbox 662 3105 840 3136; x_wconf 90' lang='lat' dir='ltr'><strong>veneratione</strong></span> <span class='ocrx_word' id='word_1_542' title='bbox 858 3105 1032 3145; x_wconf 75' lang='lat' dir='ltr'><strong>recepimus,</strong></span> <span class='ocrx_word' id='word_1_543' title='bbox 1046 3103 1094 3145; x_wconf 86' lang='lat' dir='ltr'><strong>qui</strong></span> <span class='ocrx_word' id='word_1_544' title='bbox 1113 3104 1204 3142; x_wconf 87' lang='lat' dir='ltr'><strong>injun-</strong></span> 
     </span>
    </p>
   </div>
   <div class='ocr_carea' id='block_1_25' title="bbox 156 3139 1030 3183">
    <p class='ocr_par' dir='ltr' id='par_1_33' title="bbox 156 3139 1030 3183">
     <span class='ocr_line' id='line_1_80' title="bbox 156 3139 1030 3183; baseline 0.002 -12"><span class='ocrx_word' id='word_1_545' title='bbox 156 3139 204 3171; x_wconf 65' lang='lat' dir='ltr'><strong>&amp;a</strong></span> <span class='ocrx_word' id='word_1_546' title='bbox 217 3141 266 3170; x_wconf 90' lang='lat' dir='ltr'><strong>sibi</strong></span> <span class='ocrx_word' id='word_1_547' title='bbox 281 3141 392 3182; x_wconf 81' lang='lat' dir='ltr'><strong>negotia</strong></span> <span class='ocrx_word' id='word_1_548' title='bbox 404 3140 485 3170; x_wconf 88' lang='lat' dir='ltr'><strong>nobis</strong></span> <span class='ocrx_word' id='word_1_549' title='bbox 498 3140 677 3172; x_wconf 87' lang='lat' dir='ltr'><strong>amicabiliter</strong></span> <span class='ocrx_word' id='word_1_550' title='bbox 689 3151 723 3172; x_wconf 85' lang='lat' dir='ltr'><strong>ex</strong></span> <span class='ocrx_word' id='word_1_551' title='bbox 773 3143 812 3173; x_wconf 86' lang='lat' dir='ltr'><strong>uit</strong></span> <span class='ocrx_word' id='word_1_552' title='bbox 827 3143 860 3174; x_wconf 86' lang='lat'>&amp;</span> <span class='ocrx_word' id='word_1_553' title='bbox 874 3143 1030 3183; x_wconf 84' lang='lat' dir='ltr'><strong>prudenter.</strong></span> 
     </span>
    </p>
   </div>
   <div class='ocr_carea' id='block_1_26' title="bbox 152 3178 1209 4019">
    <p class='ocr_par' dir='ltr' id='par_1_34' title="bbox 153 3178 1206 3337">
     <span class='ocr_line' id='line_1_81' title="bbox 193 3178 1205 3221; baseline 0.001 -11"><span class='ocrx_word' id='word_1_554' title='bbox 193 3179 308 3218; x_wconf 78' lang='lat' dir='ltr'><strong>Qubus</strong></span> <span class='ocrx_word' id='word_1_555' title='bbox 329 3179 442 3217; x_wconf 85' lang='lat' dir='ltr'><strong>auditis,</strong></span> <span class='ocrx_word' id='word_1_556' title='bbox 461 3178 495 3208; x_wconf 89' lang='lat'>&amp;</span> <span class='ocrx_word' id='word_1_557' title='bbox 517 3178 675 3213; x_wconf 77' lang='lat' dir='ltr'><strong>sinceritatis</strong></span> <span class='ocrx_word' id='word_1_558' title='bbox 694 3191 709 3211; x_wconf 91' lang='lat' dir='ltr'><strong>a</strong></span> <span class='ocrx_word' id='word_1_559' title='bbox 734 3181 848 3221; x_wconf 56' lang='lat' dir='ltr'><strong>cetum,</strong></span> <span class='ocrx_word' id='word_1_560' title='bbox 864 3191 950 3220; x_wconf 86' lang='lat' dir='ltr'><strong>quem</strong></span> <span class='ocrx_word' id='word_1_561' title='bbox 970 3182 1005 3213; x_wconf 88' lang='lat' dir='ltr'><strong>ad</strong></span> <span class='ocrx_word' id='word_1_562' title='bbox 1024 3191 1076 3213; x_wconf 88' lang='lat' dir='ltr'><strong>nos</strong></span> <span class='ocrx_word' id='word_1_563' title='bbox 1098 3182 1205 3221; x_wconf 86' lang='lat' dir='ltr'><strong>geritis,</strong></span> 
     </span>
     <span class='ocr_line' id='line_1_82' title="bbox 154 3217 1205 3261; baseline 0.003 -14"><span class='ocrx_word' id='word_1_564' title='bbox 154 3218 346 3257; x_wconf 68' lang='lat' dir='ltr'><strong>attendentes,</strong></span> <span class='ocrx_word' id='word_1_565' title='bbox 363 3217 442 3257; x_wconf 91' lang='lat' dir='ltr'><strong>super</strong></span> <span class='ocrx_word' id='word_1_566' title='bbox 459 3217 511 3247; x_wconf 86' lang='lat' dir='ltr'><strong>hiis</strong></span> <span class='ocrx_word' id='word_1_567' title='bbox 529 3226 593 3257; x_wconf 83' lang='lat' dir='ltr'><strong>quae</strong></span> <span class='ocrx_word' id='word_1_568' title='bbox 613 3218 740 3256; x_wconf 68' lang='lat' dir='ltr'><strong>praefatus</strong></span> <span class='ocrx_word' id='word_1_569' title='bbox 759 3217 858 3257; x_wconf 85' lang='lat' dir='ltr'><strong>Prior,</strong></span> <span class='ocrx_word' id='word_1_570' title='bbox 883 3229 936 3258; x_wconf 87' lang='lat' dir='ltr'><strong>pro</strong></span> <span class='ocrx_word' id='word_1_571' title='bbox 949 3220 1030 3251; x_wconf 90' lang='lat' dir='ltr'><strong>bono</strong></span> <span class='ocrx_word' id='word_1_572' title='bbox 1043 3222 1117 3261; x_wconf 84' lang='lat' dir='ltr'><strong>pacis</strong></span> <span class='ocrx_word' id='word_1_573' title='bbox 1131 3221 1163 3251; x_wconf 90' lang='lat'>&amp;</span> <span class='ocrx_word' id='word_1_574' title='bbox 1176 3231 1205 3250; x_wconf 93' lang='lat' dir='ltr'><strong>a-</strong></span> 
     </span>
     <span class='ocr_line' id='line_1_83' title="bbox 155 3255 1206 3298; baseline 0.004 -13"><span class='ocrx_word' id='word_1_575' title='bbox 155 3257 271 3298; x_wconf 73' lang='lat' dir='ltr'><strong>micitiae</strong></span> <span class='ocrx_word' id='word_1_576' title='bbox 293 3257 364 3286; x_wconf 88' lang='lat' dir='ltr'><strong>inter</strong></span> <span class='ocrx_word' id='word_1_577' title='bbox 385 3255 529 3293; x_wconf 83' lang='lat' dir='ltr'><strong>praefatum</strong></span> <span class='ocrx_word' id='word_1_578' title='bbox 548 3255 661 3295; x_wconf 84' lang='lat' dir='ltr'><strong>Regem</strong></span> <span class='ocrx_word' id='word_1_579' title='bbox 683 3256 831 3297; x_wconf 86' lang='lat' dir='ltr'><strong>Castellae,</strong></span> <span class='ocrx_word' id='word_1_580' title='bbox 857 3259 890 3289; x_wconf 90' lang='lat'>&amp;</span> <span class='ocrx_word' id='word_1_581' title='bbox 911 3268 963 3289; x_wconf 91' lang='lat' dir='ltr'><strong>nos</strong></span> <span class='ocrx_word' id='word_1_582' title='bbox 982 3259 1181 3291; x_wconf 70' lang='lat' dir='ltr'><strong>continuandae</strong></span> <span class='ocrx_word' id='word_1_583' title='bbox 1194 3281 1206 3297; x_wconf 85' lang='lat'><strong>,</strong></span> 
     </span>
     <span class='ocr_line' id='line_1_84' title="bbox 153 3293 993 3337; baseline 0.006 -14"><span class='ocrx_word' id='word_1_584' title='bbox 153 3295 316 3334; x_wconf 81' lang='lat' dir='ltr'><strong>propoluit,</strong></span> <span class='ocrx_word' id='word_1_585' title='bbox 331 3294 478 3324; x_wconf 88' lang='lat' dir='ltr'><strong>Serenitati</strong></span> <span class='ocrx_word' id='word_1_586' title='bbox 489 3293 588 3325; x_wconf 87' lang='lat' dir='ltr'><strong>vestrae</strong></span> <span class='ocrx_word' id='word_1_587' title='bbox 601 3303 688 3333; x_wconf 68' lang='lat' dir='ltr'><strong>grates</strong></span> <span class='ocrx_word' id='word_1_588' title='bbox 704 3296 847 3328; x_wconf 82' lang='lat' dir='ltr'><strong>referimus</strong></span> <span class='ocrx_word' id='word_1_589' title='bbox 862 3297 993 3337; x_wconf 81' lang='lat' dir='ltr'><strong>copiosas.</strong></span> 
     </span>
    </p>

    <p class='ocr_par' dir='ltr' id='par_1_35' title="bbox 152 3332 1207 3527">
     <span class='ocr_line' id='line_1_85' title="bbox 191 3332 1206 3374; baseline 0.003 -12"><span class='ocrx_word' id='word_1_590' title='bbox 191 3333 376 3363; x_wconf 84' lang='lat' dir='ltr'><strong>Advertentes</strong></span> <span class='ocrx_word' id='word_1_591' title='bbox 389 3333 471 3371; x_wconf 90' lang='lat' dir='ltr'><strong>igitur</strong></span> <span class='ocrx_word' id='word_1_592' title='bbox 485 3341 570 3370; x_wconf 83' lang='lat' dir='ltr'><strong>quam</strong></span> <span class='ocrx_word' id='word_1_593' title='bbox 583 3341 667 3372; x_wconf 88' lang='lat' dir='ltr'><strong>grave</strong></span> <span class='ocrx_word' id='word_1_594' title='bbox 679 3332 711 3364; x_wconf 83' lang='lat' dir='ltr'><strong>fit</strong></span> <span class='ocrx_word' id='word_1_595' title='bbox 720 3335 844 3366; x_wconf 87' lang='lat' dir='ltr'><strong>amicum</strong></span> <span class='ocrx_word' id='word_1_596' title='bbox 857 3335 988 3374; x_wconf 87' lang='lat' dir='ltr'><strong>perdere,</strong></span> <span class='ocrx_word' id='word_1_597' title='bbox 1012 3336 1045 3367; x_wconf 90' lang='lat'>&amp;</span> <span class='ocrx_word' id='word_1_598' title='bbox 1061 3335 1148 3366; x_wconf 87' lang='lat' dir='ltr'><strong>nichil</strong></span> <span class='ocrx_word' id='word_1_599' title='bbox 1162 3336 1206 3373; x_wconf 80' lang='lat' dir='ltr'><strong>jo-</strong></span> 
     </span>
     <span class='ocr_line' id='line_1_86' title="bbox 153 3370 1206 3412; baseline 0.002 -11"><span class='ocrx_word' id='word_1_600' title='bbox 153 3371 272 3402; x_wconf 82' lang='lat' dir='ltr'><strong>cundius</strong></span> <span class='ocrx_word' id='word_1_601' title='bbox 285 3379 370 3410; x_wconf 89' lang='lat' dir='ltr'><strong>quam</strong></span> <span class='ocrx_word' id='word_1_602' title='bbox 383 3371 536 3403; x_wconf 80' lang='lat' dir='ltr'><strong>amicitiam</strong></span> <span class='ocrx_word' id='word_1_603' title='bbox 548 3371 653 3401; x_wconf 87' lang='lat' dir='ltr'><strong>servare</strong></span> <span class='ocrx_word' id='word_1_604' title='bbox 669 3370 795 3411; x_wconf 85' lang='lat' dir='ltr'><strong>illaesam,</strong></span> <span class='ocrx_word' id='word_1_605' title='bbox 811 3376 1034 3412; x_wconf 77' lang='lat' dir='ltr'><strong>conventiones,</strong></span> <span class='ocrx_word' id='word_1_606' title='bbox 1048 3375 1121 3404; x_wconf 86' lang='lat' dir='ltr'><strong>inter</strong></span> <span class='ocrx_word' id='word_1_607' title='bbox 1135 3384 1206 3412; x_wconf 83' lang='lat' dir='ltr'><strong>prae-</strong></span> 
     </span>
     <span class='ocr_line' id='line_1_87' title="bbox 152 3407 1207 3448; baseline 0.003 -9"><span class='ocrx_word' id='word_1_608' title='bbox 152 3410 243 3440; x_wconf 87' lang='lat' dir='ltr'><strong>fatum</strong></span> <span class='ocrx_word' id='word_1_609' title='bbox 264 3409 378 3448; x_wconf 84' lang='lat' dir='ltr'><strong>Regem</strong></span> <span class='ocrx_word' id='word_1_610' title='bbox 399 3407 549 3446; x_wconf 86' lang='lat' dir='ltr'><strong>Castellae,</strong></span> <span class='ocrx_word' id='word_1_611' title='bbox 563 3409 597 3440; x_wconf 76' lang='grc' dir='ltr'><strong>δε</strong></span> <span class='ocrx_word' id='word_1_612' title='bbox 610 3419 674 3447; x_wconf 88' lang='lat' dir='ltr'><strong>nos,</strong></span> <span class='ocrx_word' id='word_1_613' title='bbox 694 3408 772 3448; x_wconf 86' lang='lat' dir='ltr'><strong>super</strong></span> <span class='ocrx_word' id='word_1_614' title='bbox 784 3411 859 3442; x_wconf 62' lang='grc' dir='ltr'>Ὲειᾶὶο</span> <span class='ocrx_word' id='word_1_615' title='bbox 874 3412 1019 3444; x_wconf 84' lang='lat' dir='ltr'><strong>Vasconiae</strong></span> <span class='ocrx_word' id='word_1_616' title='bbox 1034 3413 1143 3443; x_wconf 91' lang='lat' dir='ltr'><strong>dudum</strong></span> <span class='ocrx_word' id='word_1_617' title='bbox 1158 3413 1207 3442; x_wconf 85' lang='lat' dir='ltr'><strong>ha-</strong></span> 
     </span>
     <span class='ocr_line' id='line_1_88' title="bbox 154 3446 1205 3490; baseline 0.003 -12"><span class='ocrx_word' id='word_1_618' title='bbox 154 3449 240 3487; x_wconf 88' lang='lat' dir='ltr'><strong>bitas,</strong></span> <span class='ocrx_word' id='word_1_619' title='bbox 256 3448 286 3478; x_wconf 88' lang='lat' dir='ltr'><strong>in</strong></span> <span class='ocrx_word' id='word_1_620' title='bbox 309 3446 403 3478; x_wconf 90' lang='lat' dir='ltr'><strong>nostra</strong></span> <span class='ocrx_word' id='word_1_621' title='bbox 422 3447 455 3478; x_wconf 90' lang='lat'>&amp;</span> <span class='ocrx_word' id='word_1_622' title='bbox 475 3447 559 3477; x_wconf 87' lang='lat' dir='ltr'><strong>totius</strong></span> <span class='ocrx_word' id='word_1_623' title='bbox 571 3448 679 3478; x_wconf 90' lang='lat' dir='ltr'><strong>consilii</strong></span> <span class='ocrx_word' id='word_1_624' title='bbox 693 3447 780 3479; x_wconf 90' lang='lat' dir='ltr'><strong>nostri</strong></span> <span class='ocrx_word' id='word_1_625' title='bbox 794 3451 934 3490; x_wconf 79' lang='lat' dir='ltr'><strong>praesentia</strong></span> <span class='ocrx_word' id='word_1_626' title='bbox 948 3452 1066 3483; x_wconf 87' lang='lat' dir='ltr'><strong>fecimus</strong></span> <span class='ocrx_word' id='word_1_627' title='bbox 1081 3452 1205 3490; x_wconf 84' lang='lat' dir='ltr'><strong>recitari,</strong></span> 
     </span>
     <span class='ocr_line' id='line_1_89' title="bbox 155 3484 791 3527; baseline 0.002 -11"><span class='ocrx_word' id='word_1_628' title='bbox 155 3486 223 3524; x_wconf 86' lang='lat' dir='ltr'><strong>ipsas</strong></span> <span class='ocrx_word' id='word_1_629' title='bbox 235 3493 420 3527; x_wconf 79' lang='lat' dir='ltr'><strong>proponentes</strong></span> <span class='ocrx_word' id='word_1_630' title='bbox 432 3484 626 3516; x_wconf 88' lang='lat' dir='ltr'><strong>inviolabiliter</strong></span> <span class='ocrx_word' id='word_1_631' title='bbox 639 3486 791 3518; x_wconf 81' lang='lat' dir='ltr'><strong>observare.</strong></span> 
     </span>
    </p>

    <p class='ocr_par' dir='ltr' id='par_1_36' title="bbox 153 3523 1207 3868">
     <span class='ocr_line' id='line_1_90' title="bbox 193 3523 1204 3563; baseline 0.003 -8"><span class='ocrx_word' id='word_1_632' title='bbox 193 3524 298 3563; x_wconf 89' lang='lat' dir='ltr'><strong>Unde,</strong></span> <span class='ocrx_word' id='word_1_633' title='bbox 312 3525 378 3556; x_wconf 82' lang='lat' dir='ltr'><strong>lieet</strong></span> <span class='ocrx_word' id='word_1_634' title='bbox 421 3533 455 3554; x_wconf 90' lang='lat' dir='ltr'><strong>ex</strong></span> <span class='ocrx_word' id='word_1_635' title='bbox 473 3523 576 3554; x_wconf 91' lang='lat' dir='ltr'><strong>viribus</strong></span> <span class='ocrx_word' id='word_1_636' title='bbox 592 3526 817 3556; x_wconf 89' lang='lat' dir='ltr'><strong>conventionum</strong></span> <span class='ocrx_word' id='word_1_637' title='bbox 836 3536 930 3559; x_wconf 69' lang='lat' dir='ltr'><strong>earum</strong></span> <span class='ocrx_word' id='word_1_638' title='bbox 950 3527 984 3560; x_wconf 87' lang='lat' dir='ltr'><strong>ad</strong></span> <span class='ocrx_word' id='word_1_639' title='bbox 1000 3527 1204 3559; x_wconf 86' lang='lat' dir='ltr'><strong>restitutionem</strong></span> 
     </span>
     <span class='ocr_line' id='line_1_91' title="bbox 153 3547 1205 3606; baseline 0.004 -13"><span class='ocrx_word' id='word_1_640' title='bbox 153 3563 166 3573; x_wconf 73' lang='lat'><em>⁷</em></span> <span class='ocrx_word' id='word_1_641' title='bbox 186 3572 306 3594; x_wconf 87' lang='lat' dir='ltr'><strong>errarum</strong></span> <span class='ocrx_word' id='word_1_642' title='bbox 325 3562 359 3593; x_wconf 90' lang='lat'>&amp;</span> <span class='ocrx_word' id='word_1_643' title='bbox 380 3547 544 3593; x_wconf 52' lang='lat' dir='ltr'><strong>&amp;astrorum</strong></span> <span class='ocrx_word' id='word_1_644' title='bbox 557 3560 621 3592; x_wconf 91' lang='lat' dir='ltr'><strong>Vic.</strong></span> <span class='ocrx_word' id='word_1_645' title='bbox 640 3561 742 3594; x_wconf 87' lang='lat' dir='ltr'><strong>Fronc.</strong></span> <span class='ocrx_word' id='word_1_646' title='bbox 760 3563 919 3597; x_wconf 83' lang='lat' dir='ltr'><strong>Casteuian.</strong></span> <span class='ocrx_word' id='word_1_647' title='bbox 937 3567 971 3598; x_wconf 90' lang='lat'>&amp;</span> <span class='ocrx_word' id='word_1_648' title='bbox 982 3566 1019 3598; x_wconf 90' lang='lat' dir='ltr'><strong>de</strong></span> <span class='ocrx_word' id='word_1_649' title='bbox 1033 3566 1153 3606; x_wconf 85' lang='lat' dir='ltr'><strong>Benaug.</strong></span> <span class='ocrx_word' id='word_1_650' title='bbox 1171 3567 1205 3597; x_wconf 84' lang='lat'>&amp;</span> 
     </span>
     <span class='ocr_line' id='line_1_92' title="bbox 155 3599 1206 3643; baseline 0.003 -11"><span class='ocrx_word' id='word_1_651' title='bbox 155 3602 212 3633; x_wconf 83' lang='lat' dir='ltr'><strong>aliis</strong></span> <span class='ocrx_word' id='word_1_652' title='bbox 225 3601 380 3632; x_wconf 88' lang='lat' dir='ltr'><strong>faciendam</strong></span> <span class='ocrx_word' id='word_1_653' title='bbox 395 3601 511 3632; x_wconf 86' lang='lat' dir='ltr'><strong>minime</strong></span> <span class='ocrx_word' id='word_1_654' title='bbox 556 3599 626 3631; x_wconf 87' lang='lat' dir='ltr'><strong>ficut</strong></span> <span class='ocrx_word' id='word_1_655' title='bbox 643 3602 724 3631; x_wconf 89' lang='lat' dir='ltr'><strong>nobis</strong></span> <span class='ocrx_word' id='word_1_656' title='bbox 735 3602 825 3634; x_wconf 90' lang='lat' dir='ltr'><strong>visum</strong></span> <span class='ocrx_word' id='word_1_657' title='bbox 838 3604 896 3643; x_wconf 91' lang='lat' dir='ltr'><strong>est,</strong></span> <span class='ocrx_word' id='word_1_658' title='bbox 919 3613 1083 3643; x_wconf 69' lang='lat' dir='ltr'><strong>teneamur,</strong></span> <span class='ocrx_word' id='word_1_659' title='bbox 1099 3615 1151 3635; x_wconf 89' lang='lat' dir='ltr'><strong>nos</strong></span> <span class='ocrx_word' id='word_1_660' title='bbox 1165 3613 1206 3635; x_wconf 89' lang='lat' dir='ltr'><strong>ta-</strong></span> 
     </span>
     <span class='ocr_line' id='line_1_93' title="bbox 157 3623 1206 3681; baseline 0.002 -10"><span class='ocrx_word' id='word_1_661' title='bbox 157 3649 243 3680; x_wconf 85' lang='lat' dir='ltr'><strong>men,</strong></span> <span class='ocrx_word' id='word_1_662' title='bbox 267 3640 404 3671; x_wconf 86' lang='lat' dir='ltr'><strong>voluntati</strong></span> <span class='ocrx_word' id='word_1_663' title='bbox 423 3639 491 3670; x_wconf 68' lang='lat' dir='ltr'><strong>dieti</strong></span> <span class='ocrx_word' id='word_1_664' title='bbox 510 3623 616 3679; x_wconf 48' lang='lat' dir='ltr'><strong>Regis,</strong></span> <span class='ocrx_word' id='word_1_665' title='bbox 633 3639 663 3669; x_wconf 91' lang='lat' dir='ltr'><strong>in</strong></span> <span class='ocrx_word' id='word_1_666' title='bbox 682 3639 893 3681; x_wconf 89' lang='lat' dir='ltr'><strong>quibuscunque</strong></span> <span class='ocrx_word' id='word_1_667' title='bbox 915 3643 1073 3681; x_wconf 81' lang='lat' dir='ltr'><strong>poffumus,</strong></span> <span class='ocrx_word' id='word_1_668' title='bbox 1090 3642 1206 3674; x_wconf 84' lang='lat' dir='ltr'><strong>condes-</strong></span> 
     </span>
     <span class='ocr_line' id='line_1_94' title="bbox 159 3677 1206 3721; baseline 0.004 -12"><span class='ocrx_word' id='word_1_669' title='bbox 159 3678 279 3710; x_wconf 80' lang='lat' dir='ltr'><strong>cendere</strong></span> <span class='ocrx_word' id='word_1_670' title='bbox 299 3679 453 3716; x_wconf 72' lang='lat' dir='ltr'><strong>cupientes,</strong></span> <span class='ocrx_word' id='word_1_671' title='bbox 497 3677 623 3716; x_wconf 88' lang='lat' dir='ltr'><strong>uaedam,</strong></span> <span class='ocrx_word' id='word_1_672' title='bbox 659 3677 771 3709; x_wconf 86' lang='lat' dir='ltr'><strong>raesente</strong></span> <span class='ocrx_word' id='word_1_673' title='bbox 790 3678 869 3710; x_wconf 70' lang='lat' dir='ltr'><strong>dieto</strong></span> <span class='ocrx_word' id='word_1_674' title='bbox 888 3679 1000 3721; x_wconf 79' lang='lat' dir='ltr'><strong>Priore,</strong></span> <span class='ocrx_word' id='word_1_675' title='bbox 1016 3683 1056 3712; x_wconf 94' lang='lat' dir='ltr'><strong>ob</strong></span> <span class='ocrx_word' id='word_1_676' title='bbox 1075 3692 1206 3713; x_wconf 87' lang='lat' dir='ltr'><strong>reveren-</strong></span> 
     </span>
     <span class='ocr_line' id='line_1_95' title="bbox 158 3687 1206 3761; baseline 0.004 -14"><span class='ocrx_word' id='word_1_677' title='bbox 158 3718 229 3761; x_wconf 62' lang='lat' dir='ltr'><strong>tiam</strong></span> <span class='ocrx_word' id='word_1_678' title='bbox 250 3717 284 3749; x_wconf 92' lang='lat'>&amp;</span> <span class='ocrx_word' id='word_1_679' title='bbox 302 3718 426 3748; x_wconf 82' lang='lat' dir='ltr'><strong>favorem</strong></span> <span class='ocrx_word' id='word_1_680' title='bbox 439 3688 508 3747; x_wconf 43' lang='lat' dir='ltr'><strong>dieii</strong></span> <span class='ocrx_word' id='word_1_681' title='bbox 522 3715 610 3756; x_wconf 84' lang='lat' dir='ltr'><strong>Regis</strong></span> <span class='ocrx_word' id='word_1_682' title='bbox 623 3687 769 3760; x_wconf 54' lang='grc' dir='ltr'><strong>ἕαίξεὶὶσε,</strong></span> <span class='ocrx_word' id='word_1_683' title='bbox 787 3717 820 3748; x_wconf 93' lang='lat'>&amp;</span> <span class='ocrx_word' id='word_1_684' title='bbox 834 3718 974 3758; x_wconf 85' lang='lat' dir='ltr'><strong>vestrum,</strong></span> <span class='ocrx_word' id='word_1_685' title='bbox 992 3729 1150 3751; x_wconf 87' lang='lat' dir='ltr'><strong>memorato</strong></span> <span class='ocrx_word' id='word_1_686' title='bbox 1165 3718 1206 3751; x_wconf 90' lang='lat' dir='ltr'><strong>E-</strong></span> 
     </span>
     <span class='ocr_line' id='line_1_96' title="bbox 158 3753 1141 3798; baseline 0.004 -13"><span class='ocrx_word' id='word_1_687' title='bbox 158 3758 276 3795; x_wconf 75' lang='lat' dir='ltr'><strong>plicopo</strong></span> <span class='ocrx_word' id='word_1_688' title='bbox 288 3755 454 3796; x_wconf 85' lang='lat' dir='ltr'><strong>optulimus,</strong></span> <span class='ocrx_word' id='word_1_689' title='bbox 469 3764 533 3795; x_wconf 87' lang='lat' dir='ltr'><strong>quae</strong></span> <span class='ocrx_word' id='word_1_690' title='bbox 546 3754 635 3785; x_wconf 68' lang='lat' dir='ltr'><strong>dictus</strong></span> <span class='ocrx_word' id='word_1_691' title='bbox 649 3753 730 3785; x_wconf 83' lang='lat' dir='ltr'><strong>Prior</strong></span> <span class='ocrx_word' id='word_1_692' title='bbox 744 3755 810 3785; x_wconf 88' lang='lat' dir='ltr'><strong>viva</strong></span> <span class='ocrx_word' id='word_1_693' title='bbox 822 3765 895 3787; x_wconf 87' lang='lat' dir='ltr'><strong>voce</strong></span> <span class='ocrx_word' id='word_1_694' title='bbox 908 3758 988 3789; x_wconf 91' lang='lat' dir='ltr'><strong>vobis</strong></span> <span class='ocrx_word' id='word_1_695' title='bbox 1002 3768 1141 3798; x_wconf 86' lang='lat' dir='ltr'><strong>exponere</strong></span> 
     </span>
     <span class='ocr_line' id='line_1_97' title="bbox 159 3791 1207 3834; baseline 0.005 -10"><span class='ocrx_word' id='word_1_696' title='bbox 159 3794 223 3824; x_wconf 81' lang='lat' dir='ltr'><strong>terit</strong></span> <span class='ocrx_word' id='word_1_697' title='bbox 242 3794 376 3832; x_wconf 88' lang='lat' dir='ltr'><strong>seriatim,</strong></span> <span class='ocrx_word' id='word_1_698' title='bbox 394 3793 427 3824; x_wconf 66' lang='grc' dir='ltr'><strong>ὃς</strong></span> <span class='ocrx_word' id='word_1_699' title='bbox 447 3791 482 3823; x_wconf 89' lang='lat' dir='ltr'><strong>de</strong></span> <span class='ocrx_word' id='word_1_700' title='bbox 501 3794 600 3832; x_wconf 86' lang='lat' dir='ltr'><strong>quibus</strong></span> <span class='ocrx_word' id='word_1_701' title='bbox 615 3793 692 3824; x_wconf 89' lang='lat' dir='ltr'><strong>idem</strong></span> <span class='ocrx_word' id='word_1_702' title='bbox 711 3791 880 3833; x_wconf 84' lang='lat' dir='ltr'><strong>Episcopus,</strong></span> <span class='ocrx_word' id='word_1_703' title='bbox 898 3804 981 3834; x_wconf 89' lang='lat' dir='ltr'><strong>prout</strong></span> <span class='ocrx_word' id='word_1_704' title='bbox 1000 3798 1082 3828; x_wconf 89' lang='lat' dir='ltr'><strong>nobis</strong></span> <span class='ocrx_word' id='word_1_705' title='bbox 1093 3797 1157 3829; x_wconf 88' lang='lat' dir='ltr'><strong>vide</strong></span> <span class='ocrx_word' id='word_1_706' title='bbox 1179 3807 1207 3829; x_wconf 83' lang='lat' dir='ltr'><strong>a·</strong></span> 
     </span>
     <span class='ocr_line' id='line_1_98' title="bbox 160 3832 571 3868; baseline 0 -6"><span class='ocrx_word' id='word_1_707' title='bbox 160 3839 222 3868; x_wconf 88' lang='lat' dir='ltr'><strong>tur,</strong></span> <span class='ocrx_word' id='word_1_708' title='bbox 239 3832 336 3863; x_wconf 87' lang='lat' dir='ltr'><strong>debuit</strong></span> <span class='ocrx_word' id='word_1_709' title='bbox 347 3832 403 3863; x_wconf 86' lang='lat' dir='ltr'><strong>effe</strong></span> <span class='ocrx_word' id='word_1_710' title='bbox 415 3840 571 3862; x_wconf 83' lang='lat' dir='ltr'><strong>contentus.</strong></span> 
     </span>
    </p>

    <p class='ocr_par' dir='ltr' id='par_1_37' title="bbox 160 3868 1209 4019">
     <span class='ocr_line' id='line_1_99' title="bbox 196 3868 1208 3916; baseline 0.007 -18"><span class='ocrx_word' id='word_1_711' title='bbox 196 3868 261 3907; x_wconf 89' lang='lat' dir='ltr'><strong>Set,</strong></span> <span class='ocrx_word' id='word_1_712' title='bbox 279 3872 345 3911; x_wconf 87' lang='lat' dir='ltr'><strong>quia</strong></span> <span class='ocrx_word' id='word_1_713' title='bbox 362 3871 406 3902; x_wconf 87' lang='lat' dir='ltr'><strong>illa</strong></span> <span class='ocrx_word' id='word_1_714' title='bbox 425 3880 474 3916; x_wconf 86' lang='lat' dir='ltr'><strong>per</strong></span> <span class='ocrx_word' id='word_1_715' title='bbox 486 3869 594 3901; x_wconf 62' lang='lat' dir='ltr'><strong>diiium</strong></span> <span class='ocrx_word' id='word_1_716' title='bbox 607 3869 721 3909; x_wconf 85' lang='lat' dir='ltr'><strong>Regem</strong></span> <span class='ocrx_word' id='word_1_717' title='bbox 734 3869 871 3913; x_wconf 75' lang='lat' dir='ltr'><strong>credimus</strong></span> <span class='ocrx_word' id='word_1_718' title='bbox 882 3873 1050 3913; x_wconf 86' lang='lat' dir='ltr'><strong>acceptanda</strong></span> <span class='ocrx_word' id='word_1_719' title='bbox 1062 3896 1073 3912; x_wconf 88' lang='lat'><strong>,</strong></span> <span class='ocrx_word' id='word_1_720' title='bbox 1095 3873 1208 3905; x_wconf 86' lang='lat' dir='ltr'><strong>nostros</strong></span> 
     </span>
     <span class='ocr_line' id='line_1_100' title="bbox 160 3905 1207 3952; baseline 0.006 -15"><span class='ocrx_word' id='word_1_721' title='bbox 160 3905 312 3946; x_wconf 72' lang='lat' dir='ltr'><strong>solempnes</strong></span> <span class='ocrx_word' id='word_1_722' title='bbox 330 3909 467 3940; x_wconf 84' lang='lat' dir='ltr'><strong>Nuncios</strong></span> <span class='ocrx_word' id='word_1_723' title='bbox 479 3908 514 3938; x_wconf 89' lang='lat' dir='ltr'><strong>ad</strong></span> <span class='ocrx_word' id='word_1_724' title='bbox 525 3909 596 3939; x_wconf 68' lang='lat' dir='ltr'><strong>dieti</strong></span> <span class='ocrx_word' id='word_1_725' title='bbox 609 3908 696 3952; x_wconf 81' lang='lat' dir='ltr'><strong>Regis</strong></span> <span class='ocrx_word' id='word_1_726' title='bbox 708 3909 878 3949; x_wconf 74' lang='lat' dir='ltr'><strong>praesentiam</strong></span> <span class='ocrx_word' id='word_1_727' title='bbox 891 3910 1061 3950; x_wconf 86' lang='lat' dir='ltr'><strong>disponimus</strong></span> <span class='ocrx_word' id='word_1_728' title='bbox 1071 3913 1100 3942; x_wconf 92' lang='lat' dir='ltr'><strong>in</strong></span> <span class='ocrx_word' id='word_1_729' title='bbox 1113 3915 1207 3952; x_wconf 86' lang='lat' dir='ltr'><strong>proxi-</strong></span> 
     </span>
     <span class='ocr_line' id='line_1_101' title="bbox 161 3945 1209 3991; baseline 0.008 -17"><span class='ocrx_word' id='word_1_730' title='bbox 161 3953 214 3974; x_wconf 89' lang='lat' dir='ltr'><strong>mo</strong></span> <span class='ocrx_word' id='word_1_731' title='bbox 228 3945 382 3988; x_wconf 76' lang='lat' dir='ltr'><strong>destinare,</strong></span> <span class='ocrx_word' id='word_1_732' title='bbox 400 3949 449 3986; x_wconf 87' lang='lat' dir='ltr'><strong>qui</strong></span> <span class='ocrx_word' id='word_1_733' title='bbox 466 3947 590 3978; x_wconf 88' lang='lat' dir='ltr'><strong>nostram</strong></span> <span class='ocrx_word' id='word_1_734' title='bbox 614 3946 663 3977; x_wconf 91' lang='lat' dir='ltr'><strong>sibi</strong></span> <span class='ocrx_word' id='word_1_735' title='bbox 686 3947 764 3985; x_wconf 88' lang='lat' dir='ltr'><strong>super</strong></span> <span class='ocrx_word' id='word_1_736' title='bbox 785 3947 928 3985; x_wconf 84' lang='lat' dir='ltr'><strong>praemiffis</strong></span> <span class='ocrx_word' id='word_1_737' title='bbox 948 3949 982 3981; x_wconf 72' lang='grc' dir='ltr'><strong>ὃς</strong></span> <span class='ocrx_word' id='word_1_738' title='bbox 999 3950 1209 3991; x_wconf 79' lang='lat' dir='ltr'><strong>aliisexponent</strong></span> 
     </span>
     <span class='ocr_line' id='line_1_102' title="bbox 161 3982 462 4019; baseline 0.01 -8"><span class='ocrx_word' id='word_1_739' title='bbox 161 3982 269 4019; x_wconf 80' lang='lat' dir='ltr'><strong>plenius</strong></span> <span class='ocrx_word' id='word_1_740' title='bbox 282 3985 462 4017; x_wconf 80' lang='lat' dir='ltr'><strong>voluntatem.</strong></span> 
     </span>
    </p>
   </div>
   <div class='ocr_carea' id='block_1_27' title="bbox 164 4020 1211 4067">
    <p class='ocr_par' dir='ltr' id='par_1_38' title="bbox 164 4020 1211 4067">
     <span class='ocr_line' id='line_1_103' title="bbox 164 4020 1211 4067; baseline 0.011 -18"><span class='ocrx_word' id='word_1_741' title='bbox 164 4047 168 4049; x_wconf 86' lang='lat'>.</span> <span class='ocrx_word' id='word_1_742' title='bbox 200 4020 288 4061; x_wconf 88' lang='lat' dir='ltr'><strong>Super</strong></span> <span class='ocrx_word' id='word_1_743' title='bbox 305 4022 361 4054; x_wconf 89' lang='lat' dir='ltr'><strong>hoc</strong></span> <span class='ocrx_word' id='word_1_744' title='bbox 381 4033 476 4057; x_wconf 83' lang='lat' dir='ltr'><strong>autem</strong></span> <span class='ocrx_word' id='word_1_745' title='bbox 495 4025 573 4066; x_wconf 92' lang='lat' dir='ltr'><strong>quod</strong></span> <span class='ocrx_word' id='word_1_746' title='bbox 586 4034 638 4059; x_wconf 88' lang='lat' dir='ltr'><strong>vos</strong></span> <span class='ocrx_word' id='word_1_747' title='bbox 652 4034 704 4057; x_wconf 89' lang='lat' dir='ltr'><strong>nos</strong></span> <span class='ocrx_word' id='word_1_748' title='bbox 715 4024 827 4064; x_wconf 86' lang='lat' dir='ltr'><strong>videre,</strong></span> <span class='ocrx_word' id='word_1_749' title='bbox 844 4025 878 4058; x_wconf 76' lang='grc' dir='ltr'><strong>ὃς</strong></span> <span class='ocrx_word' id='word_1_750' title='bbox 891 4025 1058 4067; x_wconf 79' lang='lat' dir='ltr'><strong>nobiscum,</strong></span> <span class='ocrx_word' id='word_1_751' title='bbox 1075 4034 1130 4061; x_wconf 81' lang='lat' dir='ltr'><strong>una</strong></span> <span class='ocrx_word' id='word_1_752' title='bbox 1142 4037 1211 4063; x_wconf 83' lang='lat' dir='ltr'><strong>cum</strong></span> 
     </span>
    </p>
   </div>
   <div class='ocr_carea' id='block_1_28' title="bbox 135 4061 442 4105">
    <p class='ocr_par' dir='ltr' id='par_1_39' title="bbox 135 4061 442 4105">
     <span class='ocr_line' id='line_1_104' title="bbox 135 4061 442 4105; baseline 0.013 -15"><span class='ocrx_word' id='word_1_753' title='bbox 135 4079 156 4105; x_wconf 37' lang='lat'><strong>,2</strong></span> <span class='ocrx_word' id='word_1_754' title='bbox 185 4061 270 4096; x_wconf 54' lang='lat' dir='ltr'><strong>,rona</strong></span> <span class='ocrx_word' id='word_1_755' title='bbox 289 4061 315 4090; x_wconf 82' lang='lat'><strong>1.</strong></span> <span class='ocrx_word' id='word_1_756' title='bbox 353 4063 385 4092; x_wconf 82' lang='lat' dir='ltr'><strong>P.</strong></span> <span class='ocrx_word' id='word_1_757' title='bbox 400 4065 442 4094; x_wconf 79' lang='grc' dir='ltr'><strong>ιι.</strong></span> 
     </span>
    </p>
   </div>
   <div class='ocr_carea' id='block_1_29' title="bbox 1225 137 2250 199">
    <p class='ocr_par' dir='ltr' id='par_1_40' title="bbox 1225 137 2250 199">
     <span class='ocr_line' id='line_1_105' title="bbox 1225 137 2250 199; baseline 0.008 -20"><span class='ocrx_word' id='word_1_758' title='bbox 1225 137 1694 184; x_wconf 79' lang='lat' dir='ltr'><strong>PUBLicA.</strong></span> <span class='ocrx_word' id='word_1_759' title='bbox 2199 157 2250 199; x_wconf 78' lang='lat'><strong>²7</strong></span> 
     </span>
    </p>
   </div>
   <div class='ocr_carea' id='block_1_30' title="bbox 1207 223 2401 536">
    <p class='ocr_par' dir='ltr' id='par_1_41' title="bbox 1207 223 2401 272">
     <span class='ocr_line' id='line_1_106' title="bbox 1207 223 2401 272; baseline 0.003 -18"><span class='ocrx_word' id='word_1_760' title='bbox 1207 224 1286 268; x_wconf 67' lang='lat' dir='ltr'><strong>dieto</strong></span> <span class='ocrx_word' id='word_1_761' title='bbox 1299 224 1379 265; x_wconf 87' lang='lat' dir='ltr'><strong>Rege</strong></span> <span class='ocrx_word' id='word_1_762' title='bbox 1392 225 1535 266; x_wconf 79' lang='lat' dir='ltr'><strong>Castellae,</strong></span> <span class='ocrx_word' id='word_1_763' title='bbox 1554 236 1686 272; x_wconf 76' lang='lat' dir='ltr'><strong>mutuum</strong></span> <span class='ocrx_word' id='word_1_764' title='bbox 1696 228 1797 260; x_wconf 84' lang='lat' dir='ltr'><strong>habere</strong></span> <span class='ocrx_word' id='word_1_765' title='bbox 1809 229 1983 270; x_wconf 85' lang='lat' dir='ltr'><strong>colloquium</strong></span> <span class='ocrx_word' id='word_1_766' title='bbox 1997 230 2146 269; x_wconf 64' lang='lat' dir='ltr'><strong>affedtatis,</strong></span> <span class='ocrx_word' id='word_1_767' title='bbox 2170 231 2250 269; x_wconf 78' lang='lat' dir='ltr'><strong>(sicut</strong></span> <span class='ocrx_word' id='word_1_768' title='bbox 2272 229 2346 260; x_wconf 66' lang='lat' dir='ltr'><strong>Arm.</strong></span> <span class='ocrx_word' id='word_1_769' title='bbox 2362 223 2401 258; x_wconf 84' lang='lat' dir='ltr'><strong>D.</strong></span> 
     </span>
    </p>

    <p class='ocr_par' dir='ltr' id='par_1_42' title="bbox 1208 265 2372 309">
     <span class='ocr_line' id='line_1_107' title="bbox 1208 265 2372 309; baseline 0.008 -16"><span class='ocrx_word' id='word_1_770' title='bbox 1208 265 1290 307; x_wconf 42' lang='lat' dir='ltr'><strong>nobi-s</strong></span> <span class='ocrx_word' id='word_1_771' title='bbox 1309 274 1356 303; x_wconf 91' lang='lat' dir='ltr'><strong>per</strong></span> <span class='ocrx_word' id='word_1_772' title='bbox 1376 265 1523 308; x_wconf 77' lang='lat' dir='ltr'><strong>praefatum</strong></span> <span class='ocrx_word' id='word_1_773' title='bbox 1542 266 1669 297; x_wconf 88' lang='lat' dir='ltr'><strong>Priorem</strong></span> <span class='ocrx_word' id='word_1_774' title='bbox 1689 268 1873 307; x_wconf 87' lang='lat' dir='ltr'><strong>significastis)</strong></span> <span class='ocrx_word' id='word_1_775' title='bbox 1890 270 1971 300; x_wconf 87' lang='lat' dir='ltr'><strong>vobis</strong></span> <span class='ocrx_word' id='word_1_776' title='bbox 1991 279 2076 309; x_wconf 83' lang='lat' dir='ltr'><strong>grates</strong></span> <span class='ocrx_word' id='word_1_777' title='bbox 2094 269 2248 300; x_wconf 87' lang='lat' dir='ltr'><strong>exolvimus</strong></span> <span class='ocrx_word' id='word_1_778' title='bbox 2291 276 2340 304; x_wconf 84' lang='lat'><strong>125</strong></span> <span class='ocrx_word' id='word_1_779' title='bbox 2347 274 2372 302; x_wconf 90' lang='lat'><strong>7-</strong></span> 
     </span>
    </p>

    <p class='ocr_par' dir='ltr' id='par_1_43' title="bbox 1208 301 2252 385">
     <span class='ocr_line' id='line_1_108' title="bbox 1208 301 2212 346; baseline 0.006 -15"><span class='ocrx_word' id='word_1_780' title='bbox 1208 301 1350 345; x_wconf 68' lang='lat' dir='ltr'><strong>speciales,</strong></span> <span class='ocrx_word' id='word_1_781' title='bbox 1370 312 1433 345; x_wconf 75' lang='lat' dir='ltr'><strong>vice</strong></span> <span class='ocrx_word' id='word_1_782' title='bbox 1446 304 1521 334; x_wconf 88' lang='lat' dir='ltr'><strong>versa</strong></span> <span class='ocrx_word' id='word_1_783' title='bbox 1533 304 1710 336; x_wconf 87' lang='lat' dir='ltr'><strong>desiderantes</strong></span> <span class='ocrx_word' id='word_1_784' title='bbox 1721 306 1814 336; x_wconf 87' lang='lat' dir='ltr'><strong>vestro</strong></span> <span class='ocrx_word' id='word_1_785' title='bbox 1827 307 1880 337; x_wconf 90' lang='lat' dir='ltr'><strong>frui</strong></span> <span class='ocrx_word' id='word_1_786' title='bbox 1896 308 2038 346; x_wconf 85' lang='lat' dir='ltr'><strong>colloquio</strong></span> <span class='ocrx_word' id='word_1_787' title='bbox 2051 309 2082 339; x_wconf 71' lang='grc' dir='ltr'><strong>δε</strong></span> <span class='ocrx_word' id='word_1_788' title='bbox 2095 308 2212 346; x_wconf 65' lang='lat' dir='ltr'><strong>aspestu⁴</strong></span> 
     </span>
     <span class='ocr_line' id='line_1_109' title="bbox 1247 339 2252 385; baseline 0.007 -16"><span class='ocrx_word' id='word_1_789' title='bbox 1247 339 1451 384; x_wconf 72' lang='lat' dir='ltr'><strong>Certitudinem</strong></span> <span class='ocrx_word' id='word_1_790' title='bbox 1470 352 1538 372; x_wconf 88' lang='lat' dir='ltr'><strong>vero</strong></span> <span class='ocrx_word' id='word_1_791' title='bbox 1551 345 1632 373; x_wconf 91' lang='lat' dir='ltr'><strong>vobis</strong></span> <span class='ocrx_word' id='word_1_792' title='bbox 1645 343 1721 382; x_wconf 91' lang='lat' dir='ltr'><strong>super</strong></span> <span class='ocrx_word' id='word_1_793' title='bbox 1735 345 1791 374; x_wconf 90' lang='lat' dir='ltr'><strong>hoc</strong></span> <span class='ocrx_word' id='word_1_794' title='bbox 1805 343 1954 384; x_wconf 73' lang='lat' dir='ltr'><strong>significare</strong></span> <span class='ocrx_word' id='word_1_795' title='bbox 1968 348 2131 385; x_wconf 73' lang='lat' dir='ltr'><strong>nequimus,</strong></span> <span class='ocrx_word' id='word_1_796' title='bbox 2149 356 2252 385; x_wconf 87' lang='lat' dir='ltr'><strong>quous-</strong></span> 
     </span>
    </p>

    <p class='ocr_par' dir='ltr' id='par_1_44' title="bbox 1210 377 2256 422">
     <span class='ocr_line' id='line_1_110' title="bbox 1210 377 2256 422; baseline 0.008 -15"><span class='ocrx_word' id='word_1_797' title='bbox 1210 387 1264 416; x_wconf 87' lang='lat' dir='ltr'><strong>que</strong></span> <span class='ocrx_word' id='word_1_798' title='bbox 1286 377 1395 408; x_wconf 89' lang='lat' dir='ltr'><strong>Nuncu</strong></span> <span class='ocrx_word' id='word_1_799' title='bbox 1414 379 1518 422; x_wconf 82' lang='lat' dir='ltr'><strong>nostri,</strong></span> <span class='ocrx_word' id='word_1_800' title='bbox 1534 380 1568 410; x_wconf 89' lang='lat' dir='ltr'><strong>ad</strong></span> <span class='ocrx_word' id='word_1_801' title='bbox 1588 381 1697 411; x_wconf 59' lang='lat' dir='ltr'><strong>dicium</strong></span> <span class='ocrx_word' id='word_1_802' title='bbox 1718 382 1748 412; x_wconf 87' lang='lat' dir='ltr'><strong>R</strong></span> <span class='ocrx_word' id='word_1_803' title='bbox 1783 392 1829 412; x_wconf 88' lang='lat' dir='ltr'><strong>em</strong></span> <span class='ocrx_word' id='word_1_804' title='bbox 1842 383 1970 414; x_wconf 82' lang='lat' dir='ltr'><strong>Castellae</strong></span> <span class='ocrx_word' id='word_1_805' title='bbox 1982 383 2126 416; x_wconf 65' lang='lat' dir='ltr'><strong>transmiisi</strong></span> <span class='ocrx_word' id='word_1_806' title='bbox 2142 385 2176 415; x_wconf 89' lang='lat' dir='ltr'><strong>ad</strong></span> <span class='ocrx_word' id='word_1_807' title='bbox 2189 394 2256 415; x_wconf 79' lang='lat' dir='ltr'><strong>nos-</strong></span> 
     </span>
    </p>

    <p class='ocr_par' dir='ltr' id='par_1_45' title="bbox 1210 417 2258 462">
     <span class='ocr_line' id='line_1_111' title="bbox 1210 417 2258 462; baseline 0.008 -16"><span class='ocrx_word' id='word_1_808' title='bbox 1210 425 1283 447; x_wconf 87' lang='lat' dir='ltr'><strong>tram</strong></span> <span class='ocrx_word' id='word_1_809' title='bbox 1305 417 1474 461; x_wconf 66' lang='lat' dir='ltr'><strong>praesentiam</strong></span> <span class='ocrx_word' id='word_1_810' title='bbox 1493 426 1677 457; x_wconf 85' lang='lat' dir='ltr'><strong>revertantur,</strong></span> <span class='ocrx_word' id='word_1_811' title='bbox 1695 421 1745 457; x_wconf 73' lang='grc' dir='ltr'><strong>δε,</strong></span> <span class='ocrx_word' id='word_1_812' title='bbox 1771 421 1912 452; x_wconf 86' lang='lat' dir='ltr'><strong>ecundurn</strong></span> <span class='ocrx_word' id='word_1_813' title='bbox 1926 422 2002 462; x_wconf 93' lang='lat' dir='ltr'><strong>quod</strong></span> <span class='ocrx_word' id='word_1_814' title='bbox 2015 425 2085 453; x_wconf 90' lang='lat' dir='ltr'><strong>inter</strong></span> <span class='ocrx_word' id='word_1_815' title='bbox 2096 422 2183 462; x_wconf 87' lang='lat' dir='ltr'><strong>ipsum</strong></span> <span class='ocrx_word' id='word_1_816' title='bbox 2196 422 2258 453; x_wconf 78' lang='lat' dir='ltr'><strong>Re-</strong></span> 
     </span>
    </p>

    <p class='ocr_par' dir='ltr' id='par_1_46' title="bbox 1210 455 2260 524">
     <span class='ocr_line' id='line_1_112' title="bbox 1210 455 2260 524; baseline 0.007 -39"><span class='ocrx_word' id='word_1_817' title='bbox 1210 464 1275 524; x_wconf 56' lang='lat' dir='ltr'><strong>{em</strong></span> <span class='ocrx_word' id='word_1_818' title='bbox 1297 457 1330 486; x_wconf 74' lang='grc' dir='ltr'><strong>δε</strong></span> <span class='ocrx_word' id='word_1_819' title='bbox 1350 455 1484 485; x_wconf 86' lang='lat' dir='ltr'><strong>Nuncios</strong></span> <span class='ocrx_word' id='word_1_820' title='bbox 1498 456 1607 486; x_wconf 86' lang='lat' dir='ltr'><strong>nostros</strong></span> <span class='ocrx_word' id='word_1_821' title='bbox 1620 457 1684 487; x_wconf 92' lang='lat' dir='ltr'><strong>inde</strong></span> <span class='ocrx_word' id='word_1_822' title='bbox 1698 467 1872 489; x_wconf 86' lang='lat' dir='ltr'><strong>conventum</strong></span> <span class='ocrx_word' id='word_1_823' title='bbox 1886 460 2013 492; x_wconf 82' lang='lat' dir='ltr'><strong>fuerit&amp;</strong></span> <span class='ocrx_word' id='word_1_824' title='bbox 2026 461 2170 499; x_wconf 86' lang='lat' dir='ltr'><strong>provisum</strong></span> <span class='ocrx_word' id='word_1_825' title='bbox 2179 484 2189 499; x_wconf 96' lang='lat'><strong>,</strong></span> <span class='ocrx_word' id='word_1_826' title='bbox 2205 470 2260 492; x_wconf 78' lang='lat' dir='ltr'><strong>no-</strong></span> 
     </span>
    </p>

    <p class='ocr_par' dir='ltr' id='par_1_47' title="bbox 1231 493 1969 536">
     <span class='ocr_line' id='line_1_113' title="bbox 1231 493 1969 536; baseline 0.007 -12"><span class='ocrx_word' id='word_1_827' title='bbox 1231 495 1252 524; x_wconf 90' lang='lat' dir='ltr'><strong>is</strong></span> <span class='ocrx_word' id='word_1_828' title='bbox 1260 503 1308 533; x_wconf 89' lang='lat' dir='ltr'><strong>per</strong></span> <span class='ocrx_word' id='word_1_829' title='bbox 1323 493 1445 524; x_wconf 90' lang='lat' dir='ltr'><strong>eundem</strong></span> <span class='ocrx_word' id='word_1_830' title='bbox 1462 494 1574 534; x_wconf 85' lang='lat' dir='ltr'><strong>Regem</strong></span> <span class='ocrx_word' id='word_1_831' title='bbox 1589 496 1691 534; x_wconf 91' lang='lat' dir='ltr'><strong>liquere</strong></span> <span class='ocrx_word' id='word_1_832' title='bbox 1705 498 1806 536; x_wconf 83' lang='lat' dir='ltr'><strong>poterit</strong></span> <span class='ocrx_word' id='word_1_833' title='bbox 1817 497 1969 529; x_wconf 87' lang='lat' dir='ltr'><strong>evidenter.</strong></span> 
     </span>
    </p>
   </div>
   <div class='ocr_carea' id='block_1_31' title="bbox 2266 312 2381 342">
    <p class='ocr_par' dir='ltr' id='par_1_48' title="bbox 2266 312 2381 342">
     <span class='ocr_line' id='line_1_114' title="bbox 2266 312 2381 342; baseline -0.026 -6"><span class='ocrx_word' id='word_1_834' title='bbox 2266 312 2334 336; x_wconf 70' lang='lat' dir='ltr'><strong>Heri.</strong></span> <span class='ocrx_word' id='word_1_835' title='bbox 2356 314 2381 342; x_wconf 75' lang='lat'><strong>3-</strong></span> 
     </span>
    </p>
   </div>
   <div class='ocr_carea' id='block_1_32' title="bbox 1245 570 1930 611">
    <p class='ocr_par' dir='ltr' id='par_1_49' title="bbox 1245 570 1930 611">
     <span class='ocr_line' id='line_1_115' title="bbox 1245 570 1930 611; baseline 0.003 -10"><span class='ocrx_word' id='word_1_836' title='bbox 1245 570 1332 601; x_wconf 86' lang='lat' dir='ltr'><strong>Teste</strong></span> <span class='ocrx_word' id='word_1_837' title='bbox 1344 571 1426 611; x_wconf 84' lang='lat' dir='ltr'><strong>Rege</strong></span> <span class='ocrx_word' id='word_1_838' title='bbox 1439 570 1511 609; x_wconf 88' lang='lat' dir='ltr'><strong>apud</strong></span> <span class='ocrx_word' id='word_1_839' title='bbox 1527 570 1729 602; x_wconf 86' lang='lat' dir='ltr'><strong>Westrnonast.</strong></span> <span class='ocrx_word' id='word_1_840' title='bbox 1752 579 1769 610; x_wconf 93' lang='lat'>7</span> <span class='ocrx_word' id='word_1_841' title='bbox 1786 571 1830 602; x_wconf 89' lang='lat' dir='ltr'><strong>die</strong></span> <span class='ocrx_word' id='word_1_842' title='bbox 1841 572 1930 611; x_wconf 76' lang='lat' dir='ltr'><strong>Juiiii.</strong></span> 
     </span>
    </p>
   </div>
   <div class='ocr_carea' id='block_1_33' title="bbox 1217 651 1330 656">
    <p class='ocr_par' dir='ltr' id='par_1_50' title="bbox 1217 651 1330 656">
     <span class='ocr_line' id='line_1_116' title="bbox 1217 651 1330 656; baseline 0 0"><span class='ocrx_word' id='word_1_843' title='bbox 1217 651 1330 656; x_wconf 95' lang='lat' dir='ltr'><strong> </strong></span> 
     </span>
    </p>
   </div>
   <div class='ocr_carea' id='block_1_34' title="bbox 1513 696 1968 745">
    <p class='ocr_par' dir='ltr' id='par_1_51' title="bbox 1513 696 1968 745">
     <span class='ocr_line' id='line_1_117' title="bbox 1513 696 1968 745; baseline 0.004 -15"><span class='ocrx_word' id='word_1_844' title='bbox 1513 699 1572 730; x_wconf 81' lang='lat' dir='ltr'><strong>Pro</strong></span> <span class='ocrx_word' id='word_1_845' title='bbox 1592 698 1711 730; x_wconf 77' lang='lat' dir='ltr'><strong>Nuncio</strong></span> <span class='ocrx_word' id='word_1_846' title='bbox 1729 700 1814 745; x_wconf 87' lang='lat' dir='ltr'><strong>Regis</strong></span> <span class='ocrx_word' id='word_1_847' title='bbox 1834 696 1968 742; x_wconf 78' lang='lat' dir='ltr'><strong>Castellae.</strong></span> 
     </span>
    </p>
   </div>
   <div class='ocr_carea' id='block_1_35' title="bbox 1213 780 2412 1278">
    <p class='ocr_par' dir='ltr' id='par_1_52' title="bbox 1213 780 2412 1278">
     <span class='ocr_line' id='line_1_118' title="bbox 1213 780 2412 836; baseline 0.007 -27"><span class='ocrx_word' id='word_1_848' title='bbox 1213 780 1332 836; x_wconf 76' lang='lat' dir='ltr'><strong>REX</strong></span> <span class='ocrx_word' id='word_1_849' title='bbox 1348 780 1517 825; x_wconf 77' lang='lat' dir='ltr'><strong>Baronibus,</strong></span> <span class='ocrx_word' id='word_1_850' title='bbox 1542 781 1696 819; x_wconf 87' lang='lat' dir='ltr'><strong>Militibus,</strong></span> <span class='ocrx_word' id='word_1_851' title='bbox 1723 782 1894 823; x_wconf 74' lang='lat' dir='ltr'><strong>Maioribus,</strong></span> <span class='ocrx_word' id='word_1_852' title='bbox 1917 782 2055 825; x_wconf 87' lang='lat' dir='ltr'><strong>Civibus,</strong></span> <span class='ocrx_word' id='word_1_853' title='bbox 2071 787 2105 818; x_wconf 90' lang='lat'>&amp;</span> <span class='ocrx_word' id='word_1_854' title='bbox 2125 785 2259 819; x_wconf 86' lang='lat' dir='ltr'><strong>omnibus</strong></span> <span class='ocrx_word' id='word_1_855' title='bbox 2279 791 2354 823; x_wconf 72' lang='lat' dir='ltr'><strong>Ann,</strong></span> <span class='ocrx_word' id='word_1_856' title='bbox 2371 789 2412 823; x_wconf 75' lang='lat' dir='ltr'><strong>D.</strong></span> 
     </span>
     <span class='ocr_line' id='line_1_119' title="bbox 1288 819 2382 868; baseline 0.01 -20"><span class='ocrx_word' id='word_1_857' title='bbox 1288 821 1343 862; x_wconf 75' lang='lat' dir='ltr'><strong>aliis</strong></span> <span class='ocrx_word' id='word_1_858' title='bbox 1359 820 1478 857; x_wconf 81' lang='lat' dir='ltr'><strong>Ballivis,</strong></span> <span class='ocrx_word' id='word_1_859' title='bbox 1495 822 1528 851; x_wconf 68' lang='grc' dir='ltr'><strong>ὃς</strong></span> <span class='ocrx_word' id='word_1_860' title='bbox 1542 819 1667 851; x_wconf 86' lang='lat' dir='ltr'><strong>fidelibus</strong></span> <span class='ocrx_word' id='word_1_861' title='bbox 1680 821 1731 851; x_wconf 89' lang='lat' dir='ltr'><strong>suis</strong></span> <span class='ocrx_word' id='word_1_862' title='bbox 1743 823 1771 851; x_wconf 90' lang='lat' dir='ltr'><strong>in</strong></span> <span class='ocrx_word' id='word_1_863' title='bbox 1784 822 1954 860; x_wconf 87' lang='lat' dir='ltr'><strong>Wasconia,</strong></span> <span class='ocrx_word' id='word_1_864' title='bbox 1972 824 2005 854; x_wconf 92' lang='lat' dir='ltr'><strong>ad</strong></span> <span class='ocrx_word' id='word_1_865' title='bbox 2019 835 2107 863; x_wconf 81' lang='lat' dir='ltr'><strong>quOS,</strong></span> <span class='ocrx_word' id='word_1_866' title='bbox 2125 827 2184 856; x_wconf 87' lang='lat' dir='ltr'><strong>&amp;c.</strong></span> <span class='ocrx_word' id='word_1_867' title='bbox 2299 838 2350 868; x_wconf 86' lang='lat'><strong>125</strong></span> <span class='ocrx_word' id='word_1_868' title='bbox 2357 839 2382 868; x_wconf 67' lang='lat'><strong>7⁴</strong></span> 
     </span>
     <span class='ocr_line' id='line_1_120' title="bbox 1248 857 2389 905; baseline 0.01 -19"><span class='ocrx_word' id='word_1_869' title='bbox 1248 857 1344 887; x_wconf 84' lang='lat' dir='ltr'><strong>Sciatis</strong></span> <span class='ocrx_word' id='word_1_870' title='bbox 1362 857 1438 901; x_wconf 84' lang='lat' dir='ltr'><strong>quod</strong></span> <span class='ocrx_word' id='word_1_871' title='bbox 1460 858 1646 901; x_wconf 78' lang='lat' dir='ltr'><strong>conceffimus</strong></span> <span class='ocrx_word' id='word_1_872' title='bbox 1666 861 1815 890; x_wconf 89' lang='lat' dir='ltr'><strong>venerabili</strong></span> <span class='ocrx_word' id='word_1_873' title='bbox 1828 862 1896 899; x_wconf 89' lang='lat' dir='ltr'><strong>patri</strong></span> <span class='ocrx_word' id='word_1_874' title='bbox 1906 860 2027 892; x_wconf 84' lang='lat' dir='ltr'><strong>Pascasio</strong></span> <span class='ocrx_word' id='word_1_875' title='bbox 2038 862 2160 901; x_wconf 83' lang='lat' dir='ltr'><strong>Johann.</strong></span> <span class='ocrx_word' id='word_1_876' title='bbox 2177 863 2257 902; x_wconf 83' lang='lat' dir='ltr'><strong>Epis·</strong></span> <span class='ocrx_word' id='word_1_877' title='bbox 2276 874 2328 896; x_wconf 77' lang='lat' dir='ltr'><strong>Aa.</strong></span> <span class='ocrx_word' id='word_1_878' title='bbox 2341 878 2389 905; x_wconf 85' lang='lat'><strong>4¹·</strong></span> 
     </span>
     <span class='ocr_line' id='line_1_121' title="bbox 1213 894 2353 942; baseline 0.01 -18"><span class='ocrx_word' id='word_1_879' title='bbox 1213 903 1305 932; x_wconf 86' lang='lat' dir='ltr'><strong>copo,</strong></span> <span class='ocrx_word' id='word_1_880' title='bbox 1323 894 1439 926; x_wconf 86' lang='lat' dir='ltr'><strong>Nuntio</strong></span> <span class='ocrx_word' id='word_1_881' title='bbox 1458 896 1565 938; x_wconf 69' lang='lat' dir='ltr'><strong>illustris</strong></span> <span class='ocrx_word' id='word_1_882' title='bbox 1591 896 1677 937; x_wconf 85' lang='lat' dir='ltr'><strong>Regis</strong></span> <span class='ocrx_word' id='word_1_883' title='bbox 1699 898 1843 936; x_wconf 73' lang='lat' dir='ltr'><strong>Castellce,</strong></span> <span class='ocrx_word' id='word_1_884' title='bbox 1861 899 1966 929; x_wconf 88' lang='lat' dir='ltr'><strong>salvum</strong></span> <span class='ocrx_word' id='word_1_885' title='bbox 1987 902 2020 931; x_wconf 88' lang='lat'>&amp;</span> <span class='ocrx_word' id='word_1_886' title='bbox 2041 902 2167 932; x_wconf 87' lang='lat' dir='ltr'><strong>securum</strong></span> <span class='ocrx_word' id='word_1_887' title='bbox 2186 913 2257 933; x_wconf 91' lang='lat' dir='ltr'><strong>con-</strong></span> <span class='ocrx_word' id='word_1_888' title='bbox 2277 912 2307 934; x_wconf 98' lang='lat'><strong>51</strong></span> <span class='ocrx_word' id='word_1_889' title='bbox 2328 916 2353 942; x_wconf 83' lang='lat'><strong>3.</strong></span> 
     </span>
     <span class='ocr_line' id='line_1_122' title="bbox 1213 933 2398 979; baseline 0.008 -17"><span class='ocrx_word' id='word_1_890' title='bbox 1213 933 1332 975; x_wconf 60' lang='lat' dir='ltr'><strong>ducrum</strong></span> <span class='ocrx_word' id='word_1_891' title='bbox 1349 933 1475 963; x_wconf 86' lang='lat' dir='ltr'><strong>nostrum</strong></span> <span class='ocrx_word' id='word_1_892' title='bbox 1483 957 1500 976; x_wconf 24' lang='grc' dir='ltr'><strong>,ἢ</strong></span> <span class='ocrx_word' id='word_1_893' title='bbox 1517 944 1546 964; x_wconf 91' lang='lat' dir='ltr'><strong>in</strong></span> <span class='ocrx_word' id='word_1_894' title='bbox 1559 936 1723 966; x_wconf 87' lang='lat' dir='ltr'><strong>transeundo</strong></span> <span class='ocrx_word' id='word_1_895' title='bbox 1735 945 1782 975; x_wconf 89' lang='lat' dir='ltr'><strong>per</strong></span> <span class='ocrx_word' id='word_1_896' title='bbox 1795 946 1896 967; x_wconf 84' lang='lat' dir='ltr'><strong>terram</strong></span> <span class='ocrx_word' id='word_1_897' title='bbox 1908 939 1941 968; x_wconf 89' lang='lat'>&amp;</span> <span class='ocrx_word' id='word_1_898' title='bbox 1954 938 2120 979; x_wconf 88' lang='lat' dir='ltr'><strong>potestatem</strong></span> <span class='ocrx_word' id='word_1_899' title='bbox 2138 940 2259 971; x_wconf 89' lang='lat' dir='ltr'><strong>Wasco-</strong></span> <span class='ocrx_word' id='word_1_900' title='bbox 2279 950 2337 973; x_wconf 69' lang='lat' dir='ltr'><strong>Par.</strong></span> <span class='ocrx_word' id='word_1_901' title='bbox 2349 951 2398 979; x_wconf 76' lang='lat'><strong>4¹⁴</strong></span> 
     </span>
     <span class='ocr_line' id='line_1_123' title="bbox 1214 971 2360 1018; baseline 0.008 -18"><span class='ocrx_word' id='word_1_902' title='bbox 1214 981 1269 1001; x_wconf 84' lang='lat' dir='ltr'><strong>niae</strong></span> <span class='ocrx_word' id='word_1_903' title='bbox 1284 971 1373 1001; x_wconf 81' lang='lat' dir='ltr'><strong>versus</strong></span> <span class='ocrx_word' id='word_1_904' title='bbox 1387 980 1473 1013; x_wconf 76' lang='lat' dir='ltr'><strong>partes</strong></span> <span class='ocrx_word' id='word_1_905' title='bbox 1484 975 1547 1002; x_wconf 78' lang='lat' dir='ltr'><strong>luas.</strong></span> <span class='ocrx_word' id='word_1_906' title='bbox 2282 988 2315 1011; x_wconf 82' lang='lat' dir='ltr'><strong>H.</strong></span> <span class='ocrx_word' id='word_1_907' title='bbox 2336 992 2360 1018; x_wconf 89' lang='lat'><strong>3.</strong></span> 
     </span>
     <span class='ocr_line' id='line_1_124' title="bbox 1251 1008 2369 1052; baseline 0.008 -15"><span class='ocrx_word' id='word_1_908' title='bbox 1251 1008 1287 1038; x_wconf 88' lang='lat' dir='ltr'><strong>Et</strong></span> <span class='ocrx_word' id='word_1_909' title='bbox 1315 1009 1379 1038; x_wconf 85' lang='lat' dir='ltr'><strong>ideo</strong></span> <span class='ocrx_word' id='word_1_910' title='bbox 1403 1009 1483 1039; x_wconf 87' lang='lat' dir='ltr'><strong>vobis</strong></span> <span class='ocrx_word' id='word_1_911' title='bbox 1504 1010 1665 1041; x_wconf 87' lang='lat' dir='ltr'><strong>mandamus</strong></span> <span class='ocrx_word' id='word_1_912' title='bbox 1693 1012 1768 1050; x_wconf 89' lang='lat' dir='ltr'><strong>quod</strong></span> <span class='ocrx_word' id='word_1_913' title='bbox 1787 1012 1879 1042; x_wconf 89' lang='lat' dir='ltr'><strong>eidem</strong></span> <span class='ocrx_word' id='word_1_914' title='bbox 1898 1012 2061 1052; x_wconf 88' lang='lat' dir='ltr'><strong>Episcopo,</strong></span> <span class='ocrx_word' id='word_1_915' title='bbox 2085 1015 2131 1046; x_wconf 84' lang='lat' dir='ltr'><strong>vel</strong></span> <span class='ocrx_word' id='word_1_916' title='bbox 2152 1014 2264 1047; x_wconf 67' lang='lat' dir='ltr'><strong>familiae</strong></span> <span class='ocrx_word' id='word_1_917' title='bbox 2283 1032 2308 1049; x_wconf 79' lang='lat' dir='ltr'><strong>n.</strong></span> <span class='ocrx_word' id='word_1_918' title='bbox 2327 1029 2369 1047; x_wconf 67' lang='grc' dir='ltr'><strong>ιιιΕ</strong></span> 
     </span>
     <span class='ocr_line' id='line_1_125' title="bbox 1216 1046 2264 1092; baseline 0.009 -16"><span class='ocrx_word' id='word_1_919' title='bbox 1216 1046 1286 1084; x_wconf 80' lang='lat' dir='ltr'><strong>suae,</strong></span> <span class='ocrx_word' id='word_1_920' title='bbox 1305 1055 1389 1085; x_wconf 86' lang='lat' dir='ltr'><strong>quam</strong></span> <span class='ocrx_word' id='word_1_921' title='bbox 1402 1046 1496 1076; x_wconf 89' lang='lat' dir='ltr'><strong>secum</strong></span> <span class='ocrx_word' id='word_1_922' title='bbox 1509 1048 1609 1086; x_wconf 86' lang='lat' dir='ltr'><strong>ducet,</strong></span> <span class='ocrx_word' id='word_1_923' title='bbox 1629 1049 1673 1078; x_wconf 90' lang='lat' dir='ltr'><strong>seu</strong></span> <span class='ocrx_word' id='word_1_924' title='bbox 1687 1051 1782 1087; x_wconf 85' lang='lat' dir='ltr'><strong>rebus,</strong></span> <span class='ocrx_word' id='word_1_925' title='bbox 1797 1059 1843 1080; x_wconf 87' lang='lat' dir='ltr'><strong>aut</strong></span> <span class='ocrx_word' id='word_1_926' title='bbox 1857 1051 1992 1082; x_wconf 78' lang='lat' dir='ltr'><strong>berneliiis</strong></span> <span class='ocrx_word' id='word_1_927' title='bbox 2004 1063 2119 1092; x_wconf 87' lang='lat' dir='ltr'><strong>eorum,</strong></span> <span class='ocrx_word' id='word_1_928' title='bbox 2137 1055 2166 1084; x_wconf 91' lang='lat' dir='ltr'><strong>in</strong></span> <span class='ocrx_word' id='word_1_929' title='bbox 2179 1062 2264 1084; x_wconf 89' lang='lat' dir='ltr'><strong>trans-</strong></span> 
     </span>
     <span class='ocr_line' id='line_1_126' title="bbox 1215 1084 2268 1132; baseline 0.007 -17"><span class='ocrx_word' id='word_1_930' title='bbox 1215 1084 1379 1128; x_wconf 77' lang='lat' dir='ltr'><strong>eundoper</strong></span> <span class='ocrx_word' id='word_1_931' title='bbox 1399 1093 1486 1122; x_wconf 87' lang='lat' dir='ltr'><strong>partes</strong></span> <span class='ocrx_word' id='word_1_932' title='bbox 1504 1085 1621 1124; x_wconf 80' lang='lat' dir='ltr'><strong>vestras,</strong></span> <span class='ocrx_word' id='word_1_933' title='bbox 1647 1087 1750 1117; x_wconf 88' lang='lat' dir='ltr'><strong>nullam</strong></span> <span class='ocrx_word' id='word_1_934' title='bbox 1771 1088 1906 1126; x_wconf 76' lang='lat' dir='ltr'><strong>inferatis,</strong></span> <span class='ocrx_word' id='word_1_935' title='bbox 1927 1089 1971 1119; x_wconf 90' lang='lat' dir='ltr'><strong>vel</strong></span> <span class='ocrx_word' id='word_1_936' title='bbox 1993 1092 2085 1121; x_wconf 87' lang='lat' dir='ltr'><strong>inferri</strong></span> <span class='ocrx_word' id='word_1_937' title='bbox 2107 1093 2268 1132; x_wconf 84' lang='lat' dir='ltr'><strong>permittatis</strong></span> 
     </span>
     <span class='ocr_line' id='line_1_127' title="bbox 1217 1121 1985 1165; baseline 0.004 -11"><span class='ocrx_word' id='word_1_938' title='bbox 1217 1121 1392 1160; x_wconf 87' lang='lat' dir='ltr'><strong>molestiam,</strong></span> <span class='ocrx_word' id='word_1_939' title='bbox 1405 1124 1559 1160; x_wconf 81' lang='lat' dir='ltr'><strong>dampnum</strong></span> <span class='ocrx_word' id='word_1_940' title='bbox 1570 1147 1579 1161; x_wconf 86' lang='lat'><strong>,</strong></span> <span class='ocrx_word' id='word_1_941' title='bbox 1597 1125 1722 1161; x_wconf 85' lang='lat' dir='ltr'><strong>injuriam</strong></span> <span class='ocrx_word' id='word_1_942' title='bbox 1735 1148 1744 1162; x_wconf 85' lang='lat'><strong>,</strong></span> <span class='ocrx_word' id='word_1_943' title='bbox 1762 1133 1807 1155; x_wconf 89' lang='lat' dir='ltr'><strong>aut</strong></span> <span class='ocrx_word' id='word_1_944' title='bbox 1819 1135 1985 1165; x_wconf 71' lang='lat' dir='ltr'><strong>oravamen,</strong></span> 
     </span>
     <span class='ocr_line' id='line_1_128' title="bbox 1254 1150 2270 1205; baseline 0.009 -15"><span class='ocrx_word' id='word_1_945' title='bbox 1254 1160 1292 1191; x_wconf 93' lang='lat' dir='ltr'><strong>Et</strong></span> <span class='ocrx_word' id='word_1_946' title='bbox 1312 1161 1331 1190; x_wconf 87' lang='lat' dir='ltr'>fi</span> <span class='ocrx_word' id='word_1_947' title='bbox 1350 1161 1416 1199; x_wconf 86' lang='lat' dir='ltr'><strong>quid</strong></span> <span class='ocrx_word' id='word_1_948' title='bbox 1436 1162 1473 1191; x_wconf 84' lang='lat' dir='ltr'><strong>eis</strong></span> <span class='ocrx_word' id='word_1_949' title='bbox 1491 1161 1662 1192; x_wconf 61' lang='lat' dir='ltr'><strong>forisfadtum</strong></span> <span class='ocrx_word' id='word_1_950' title='bbox 1685 1163 1783 1200; x_wconf 84' lang='lat' dir='ltr'><strong>fuerit,</strong></span> <span class='ocrx_word' id='word_1_951' title='bbox 1805 1150 1837 1193; x_wconf 56' lang='lat' dir='ltr'><strong>id</strong></span> <span class='ocrx_word' id='word_1_952' title='bbox 1852 1164 1904 1202; x_wconf 85' lang='lat' dir='ltr'><strong>eis,</strong></span> <span class='ocrx_word' id='word_1_953' title='bbox 1923 1165 1978 1194; x_wconf 88' lang='lat' dir='ltr'><strong>sine</strong></span> <span class='ocrx_word' id='word_1_954' title='bbox 2003 1164 2149 1205; x_wconf 84' lang='lat' dir='ltr'><strong>dilatione,</strong></span> <span class='ocrx_word' id='word_1_955' title='bbox 2165 1167 2270 1199; x_wconf 74' lang='lat' dir='ltr'><strong>faciatis</strong></span> 
     </span>
     <span class='ocr_line' id='line_1_129' title="bbox 1218 1199 2086 1269; baseline 0.005 -39"><span class='ocrx_word' id='word_1_956' title='bbox 1218 1199 1375 1268; x_wconf 64' lang='lat' dir='ltr'><strong>emIendari,</strong></span> <span class='ocrx_word' id='word_1_957' title='bbox 1390 1201 1598 1269; x_wconf 48' lang='lat' dir='ltr'><strong>&amp;aperrriittatis</strong></span> <span class='ocrx_word' id='word_1_958' title='bbox 1609 1200 1679 1240; x_wconf 86' lang='lat' dir='ltr'><strong>ipsos</strong></span> <span class='ocrx_word' id='word_1_959' title='bbox 1694 1201 1805 1232; x_wconf 84' lang='lat' dir='ltr'><strong>transire</strong></span> <span class='ocrx_word' id='word_1_960' title='bbox 1817 1201 1919 1232; x_wconf 87' lang='lat' dir='ltr'><strong>liberos</strong></span> <span class='ocrx_word' id='word_1_961' title='bbox 1932 1214 1947 1233; x_wconf 90' lang='lat' dir='ltr'><strong>a</strong></span> <span class='ocrx_word' id='word_1_962' title='bbox 1961 1203 2086 1243; x_wconf 84' lang='lat' dir='ltr'><strong>pedagio.</strong></span> 
     </span>
     <span class='ocr_line' id='line_1_130' title="bbox 1274 1248 1480 1278; baseline -0.005 -9"><span class='ocrx_word' id='word_1_963' title='bbox 1274 1249 1294 1269; x_wconf 90' lang='lat' dir='ltr'><strong>n</strong></span> <span class='ocrx_word' id='word_1_964' title='bbox 1308 1248 1402 1278; x_wconf 69' lang='lat' dir='ltr'><strong>cuius,</strong></span> <span class='ocrx_word' id='word_1_965' title='bbox 1455 1248 1480 1269; x_wconf 91' lang='lat' dir='ltr'><strong>c.</strong></span> 
     </span>
    </p>
   </div>
   <div class='ocr_carea' id='block_1_36' title="bbox 1256 1312 1833 1356">
    <p class='ocr_par' dir='ltr' id='par_1_53' title="bbox 1256 1312 1833 1356">
     <span class='ocr_line' id='line_1_131' title="bbox 1256 1312 1833 1356; baseline 0.002 -10"><span class='ocrx_word' id='word_1_966' title='bbox 1256 1313 1344 1346; x_wconf 86' lang='lat' dir='ltr'><strong>Teste</strong></span> <span class='ocrx_word' id='word_1_967' title='bbox 1365 1313 1446 1353; x_wconf 83' lang='lat' dir='ltr'><strong>Rege</strong></span> <span class='ocrx_word' id='word_1_968' title='bbox 1459 1312 1533 1354; x_wconf 87' lang='lat' dir='ltr'><strong>apud</strong></span> <span class='ocrx_word' id='word_1_969' title='bbox 1549 1313 1641 1346; x_wconf 89' lang='lat' dir='ltr'><strong>West.</strong></span> <span class='ocrx_word' id='word_1_970' title='bbox 1663 1316 1678 1347; x_wconf 85' lang='lat'><em>8</em></span> <span class='ocrx_word' id='word_1_971' title='bbox 1692 1315 1737 1347; x_wconf 88' lang='lat' dir='ltr'><strong>die</strong></span> <span class='ocrx_word' id='word_1_972' title='bbox 1748 1316 1833 1356; x_wconf 72' lang='lat' dir='ltr'><strong>Junii„</strong></span> 
     </span>
    </p>
   </div>
   <div class='ocr_carea' id='block_1_37' title="bbox 1222 1436 2423 1537">
    <p class='ocr_par' dir='ltr' id='par_1_54' title="bbox 1222 1436 2423 1537">
     <span class='ocr_line' id='line_1_132' title="bbox 1222 1436 2423 1490; baseline 0.005 -19"><span class='ocrx_word' id='word_1_973' title='bbox 1222 1438 1249 1466; x_wconf 41' lang='grc' dir='ltr'><strong>’ᾗ</strong></span> <span class='ocrx_word' id='word_1_974' title='bbox 1275 1441 1324 1474; x_wconf 82' lang='lat' dir='ltr'><strong>De</strong></span> <span class='ocrx_word' id='word_1_975' title='bbox 1349 1436 1500 1474; x_wconf 63' lang='lat' dir='ltr'><strong>Condm‘ln</strong></span> <span class='ocrx_word' id='word_1_976' title='bbox 1522 1437 1676 1485; x_wconf 76' lang='lat' dir='ltr'><strong>Johannis</strong></span> <span class='ocrx_word' id='word_1_977' title='bbox 1701 1438 1738 1473; x_wconf 84' lang='lat' dir='ltr'><strong>de</strong></span> <span class='ocrx_word' id='word_1_978' title='bbox 1763 1444 1867 1484; x_wconf 83' lang='lat' dir='ltr'><strong>Aere,</strong></span> <span class='ocrx_word' id='word_1_979' title='bbox 1884 1441 1946 1486; x_wconf 85' lang='lat' dir='ltr'><strong>filii</strong></span> <span class='ocrx_word' id='word_1_980' title='bbox 1968 1445 2054 1489; x_wconf 84' lang='lat' dir='ltr'><strong>Regis</strong></span> <span class='ocrx_word' id='word_1_981' title='bbox 2074 1441 2273 1490; x_wconf 74' lang='lat' dir='ltr'><strong>Jerufhlem,</strong></span> <span class='ocrx_word' id='word_1_982' title='bbox 2296 1447 2423 1486; x_wconf 70' lang='lat'><strong>*1.627‚</strong></span> 
     </span>
     <span class='ocr_line' id='line_1_133' title="bbox 1475 1489 2022 1537; baseline 0.009 -18"><span class='ocrx_word' id='word_1_983' title='bbox 1475 1490 1511 1525; x_wconf 53' lang='grc' dir='ltr'><strong>(ῥ’</strong></span> <span class='ocrx_word' id='word_1_984' title='bbox 1532 1489 1668 1534; x_wconf 77' lang='lat' dir='ltr'><strong>confhrtis</strong></span> <span class='ocrx_word' id='word_1_985' title='bbox 1676 1489 1758 1534; x_wconf 59' lang='grc' dir='ltr'><strong>βω,</strong></span> <span class='ocrx_word' id='word_1_986' title='bbox 1783 1492 1895 1537; x_wconf 59' lang='lat' dir='ltr'><strong>Reginis</strong></span> <span class='ocrx_word' id='word_1_987' title='bbox 1913 1494 2022 1525; x_wconf 79' lang='lat' dir='ltr'><strong>Scotiae.</strong></span> 
     </span>
    </p>
   </div>
   <div class='ocr_carea' id='block_1_38' title="bbox 1221 1573 2430 1930">
    <p class='ocr_par' dir='ltr' id='par_1_55' title="bbox 1221 1573 1721 1631">
     <span class='ocr_line' id='line_1_134' title="bbox 1221 1573 1721 1631; baseline -0.006 -24"><span class='ocrx_word' id='word_1_988' title='bbox 1221 1575 1342 1631; x_wconf 76' lang='lat' dir='ltr'><strong>REX</strong></span> <span class='ocrx_word' id='word_1_989' title='bbox 1358 1574 1506 1612; x_wconf 89' lang='lat' dir='ltr'><strong>omnibus,</strong></span> <span class='ocrx_word' id='word_1_990' title='bbox 1524 1574 1582 1605; x_wconf 65' lang='grc' dir='ltr'><strong>ὅτε.</strong></span> <span class='ocrx_word' id='word_1_991' title='bbox 1599 1573 1721 1604; x_wconf 78' lang='lat' dir='ltr'><strong>salutem.</strong></span> 
     </span>
    </p>

    <p class='ocr_par' dir='ltr' id='par_1_56' title="bbox 1222 1612 2430 1778">
     <span class='ocr_line' id='line_1_135' title="bbox 1312 1612 2430 1658; baseline 0.001 -13"><span class='ocrx_word' id='word_1_992' title='bbox 1312 1614 1409 1645; x_wconf 85' lang='lat' dir='ltr'><strong>Sciatis</strong></span> <span class='ocrx_word' id='word_1_993' title='bbox 1431 1613 1509 1651; x_wconf 92' lang='lat' dir='ltr'><strong>quod</strong></span> <span class='ocrx_word' id='word_1_994' title='bbox 1532 1612 1718 1656; x_wconf 54' lang='lat' dir='ltr'><strong>concessimus</strong></span> <span class='ocrx_word' id='word_1_995' title='bbox 1740 1613 1830 1645; x_wconf 85' lang='lat' dir='ltr'><strong>nobili</strong></span> <span class='ocrx_word' id='word_1_996' title='bbox 1848 1613 2042 1653; x_wconf 87' lang='lat' dir='ltr'><strong>viroJohanni</strong></span> <span class='ocrx_word' id='word_1_997' title='bbox 2055 1615 2092 1646; x_wconf 82' lang='lat' dir='ltr'><strong>de</strong></span> <span class='ocrx_word' id='word_1_998' title='bbox 2107 1615 2200 1653; x_wconf 82' lang='lat' dir='ltr'><strong>Acte,</strong></span> <span class='ocrx_word' id='word_1_999' title='bbox 2216 1613 2274 1646; x_wconf 78' lang='lat' dir='ltr'><strong>filio</strong></span> <span class='ocrx_word' id='word_1_1000' title='bbox 2296 1625 2363 1658; x_wconf 65' lang='lat' dir='ltr'><strong>Am,</strong></span> <span class='ocrx_word' id='word_1_1001' title='bbox 2389 1625 2430 1658; x_wconf 59' lang='lat' dir='ltr'><strong>D,</strong></span> 
     </span>
     <span class='ocr_line' id='line_1_136' title="bbox 1222 1651 2405 1703; baseline 0.002 -19"><span class='ocrx_word' id='word_1_1002' title='bbox 1222 1653 1311 1693; x_wconf 87' lang='lat' dir='ltr'><strong>Regis</strong></span> <span class='ocrx_word' id='word_1_1003' title='bbox 1325 1651 1490 1691; x_wconf 85' lang='lat' dir='ltr'><strong>Jerusalem,</strong></span> <span class='ocrx_word' id='word_1_1004' title='bbox 1508 1651 1541 1682; x_wconf 91' lang='lat'>&amp;</span> <span class='ocrx_word' id='word_1_1005' title='bbox 1562 1651 1681 1690; x_wconf 73' lang='lat' dir='ltr'><strong>Reginae</strong></span> <span class='ocrx_word' id='word_1_1006' title='bbox 1704 1651 1826 1691; x_wconf 86' lang='lat' dir='ltr'><strong>Scotiae,</strong></span> <span class='ocrx_word' id='word_1_1007' title='bbox 1844 1654 1967 1684; x_wconf 89' lang='lat' dir='ltr'><strong>consorti</strong></span> <span class='ocrx_word' id='word_1_1008' title='bbox 1979 1654 2051 1693; x_wconf 85' lang='lat' dir='ltr'><strong>iiiae,</strong></span> <span class='ocrx_word' id='word_1_1009' title='bbox 2066 1655 2170 1685; x_wconf 89' lang='lat' dir='ltr'><strong>salvum</strong></span> <span class='ocrx_word' id='word_1_1010' title='bbox 2184 1656 2218 1685; x_wconf 91' lang='lat'><strong>&amp;</strong></span> <span class='ocrx_word' id='word_1_1011' title='bbox 2231 1654 2272 1684; x_wconf 83' lang='lat' dir='ltr'><strong>se-</strong></span> <span class='ocrx_word' id='word_1_1012' title='bbox 2319 1651 2405 1703; x_wconf 46' lang='lat'>1-5&#39;2</span> 
     </span>
     <span class='ocr_line' id='line_1_137' title="bbox 1222 1688 2412 1739; baseline -0.001 -16"><span class='ocrx_word' id='word_1_1013' title='bbox 1222 1702 1324 1723; x_wconf 91' lang='lat' dir='ltr'><strong>curum</strong></span> <span class='ocrx_word' id='word_1_1014' title='bbox 1341 1690 1518 1733; x_wconf 59' lang='lat' dir='ltr'><strong>conduffium</strong></span> <span class='ocrx_word' id='word_1_1015' title='bbox 1536 1688 1683 1728; x_wconf 84' lang='lat' dir='ltr'><strong>nostrum,</strong></span> <span class='ocrx_word' id='word_1_1016' title='bbox 1699 1691 1852 1722; x_wconf 85' lang='lat' dir='ltr'><strong>transeundi</strong></span> <span class='ocrx_word' id='word_1_1017' title='bbox 1872 1702 1920 1730; x_wconf 88' lang='lat' dir='ltr'><strong>per</strong></span> <span class='ocrx_word' id='word_1_1018' title='bbox 1940 1701 2040 1723; x_wconf 85' lang='lat' dir='ltr'><strong>tertam</strong></span> <span class='ocrx_word' id='word_1_1019' title='bbox 2061 1695 2094 1725; x_wconf 87' lang='lat'>&amp;</span> <span class='ocrx_word' id='word_1_1020' title='bbox 2107 1691 2273 1733; x_wconf 86' lang='lat' dir='ltr'><strong>potestatem</strong></span> <span class='ocrx_word' id='word_1_1021' title='bbox 2296 1688 2354 1732; x_wconf 45' lang='lat' dir='ltr'><strong>Ans</strong></span> <span class='ocrx_word' id='word_1_1022' title='bbox 2365 1690 2412 1739; x_wconf 64' lang='lat'><strong>4²„</strong></span> 
     </span>
     <span class='ocr_line' id='line_1_138' title="bbox 1222 1729 2370 1778; baseline -0.003 -17"><span class='ocrx_word' id='word_1_1023' title='bbox 1222 1730 1347 1761; x_wconf 85' lang='lat' dir='ltr'><strong>nostram</strong></span> <span class='ocrx_word' id='word_1_1024' title='bbox 1362 1731 1392 1760; x_wconf 92' lang='lat' dir='ltr'><strong>in</strong></span> <span class='ocrx_word' id='word_1_1025' title='bbox 1406 1729 1540 1760; x_wconf 88' lang='lat' dir='ltr'><strong>Scotiam.</strong></span> <span class='ocrx_word' id='word_1_1026' title='bbox 2296 1742 2328 1771; x_wconf 78' lang='lat' dir='ltr'><em>H</em></span> <span class='ocrx_word' id='word_1_1027' title='bbox 2358 1752 2370 1778; x_wconf 81' lang='lat'>3</span> 
     </span>
    </p>

    <p class='ocr_par' dir='ltr' id='par_1_57' title="bbox 1225 1764 2413 1930">
     <span class='ocr_line' id='line_1_139' title="bbox 1259 1764 2413 1815; baseline 0 -16"><span class='ocrx_word' id='word_1_1028' title='bbox 1259 1769 1297 1799; x_wconf 88' lang='lat' dir='ltr'><strong>Et</strong></span> <span class='ocrx_word' id='word_1_1029' title='bbox 1322 1768 1386 1798; x_wconf 91' lang='lat' dir='ltr'><strong>ideo</strong></span> <span class='ocrx_word' id='word_1_1030' title='bbox 1411 1767 1492 1798; x_wconf 91' lang='lat' dir='ltr'><strong>vobis</strong></span> <span class='ocrx_word' id='word_1_1031' title='bbox 1511 1766 1673 1811; x_wconf 79' lang='lat' dir='ltr'><strong>mandamus</strong></span> <span class='ocrx_word' id='word_1_1032' title='bbox 1696 1767 1773 1807; x_wconf 91' lang='lat' dir='ltr'><strong>quod</strong></span> <span class='ocrx_word' id='word_1_1033' title='bbox 1792 1768 1910 1809; x_wconf 80' lang='lat' dir='ltr'><strong>praefatis</strong></span> <span class='ocrx_word' id='word_1_1034' title='bbox 1923 1767 2047 1808; x_wconf 86' lang='lat' dir='ltr'><strong>Johanni</strong></span> <span class='ocrx_word' id='word_1_1035' title='bbox 2059 1791 2070 1809; x_wconf 93' lang='lat'><strong>,</strong></span> <span class='ocrx_word' id='word_1_1036' title='bbox 2097 1770 2131 1801; x_wconf 88' lang='lat'>&amp;</span> <span class='ocrx_word' id='word_1_1037' title='bbox 2151 1769 2272 1809; x_wconf 81' lang='lat' dir='ltr'><strong>Reginae</strong></span> <span class='ocrx_word' id='word_1_1038' title='bbox 2295 1765 2353 1809; x_wconf 49' lang='lat' dir='ltr'><strong>Pa&#39;t.</strong></span> <span class='ocrx_word' id='word_1_1039' title='bbox 2366 1764 2413 1815; x_wconf 51' lang='lat'><strong>4&#39;„</strong></span> 
     </span>
     <span class='ocr_line' id='line_1_140' title="bbox 1225 1805 2373 1847; baseline -0.001 -9"><span class='ocrx_word' id='word_1_1040' title='bbox 1225 1806 1358 1838; x_wconf 86' lang='lat' dir='ltr'><strong>Consorti</strong></span> <span class='ocrx_word' id='word_1_1041' title='bbox 1370 1806 1441 1844; x_wconf 84' lang='lat' dir='ltr'><strong>suae,</strong></span> <span class='ocrx_word' id='word_1_1042' title='bbox 1460 1813 1505 1836; x_wconf 90' lang='lat' dir='ltr'><strong>aut</strong></span> <span class='ocrx_word' id='word_1_1043' title='bbox 1519 1805 1630 1836; x_wconf 81' lang='lat' dir='ltr'><strong>familiae</strong></span> <span class='ocrx_word' id='word_1_1044' title='bbox 1640 1806 1712 1843; x_wconf 74' lang='lat' dir='ltr'><strong>suae,</strong></span> <span class='ocrx_word' id='word_1_1045' title='bbox 1734 1816 1818 1846; x_wconf 86' lang='lat' dir='ltr'><strong>quam</strong></span> <span class='ocrx_word' id='word_1_1046' title='bbox 1832 1808 1925 1838; x_wconf 90' lang='lat' dir='ltr'><strong>secum</strong></span> <span class='ocrx_word' id='word_1_1047' title='bbox 1936 1808 2055 1847; x_wconf 87' lang='lat' dir='ltr'><strong>ducent,</strong></span> <span class='ocrx_word' id='word_1_1048' title='bbox 2070 1817 2116 1839; x_wconf 90' lang='lat' dir='ltr'><strong>aut</strong></span> <span class='ocrx_word' id='word_1_1049' title='bbox 2128 1810 2211 1839; x_wconf 85' lang='lat' dir='ltr'><strong>rebus</strong></span> <span class='ocrx_word' id='word_1_1050' title='bbox 2225 1818 2274 1839; x_wconf 89' lang='lat' dir='ltr'><strong>eo-</strong></span> <span class='ocrx_word' id='word_1_1051' title='bbox 2293 1824 2319 1846; x_wconf 78' lang='lat' dir='ltr'><strong>H</strong></span> <span class='ocrx_word' id='word_1_1052' title='bbox 2368 1840 2373 1846; x_wconf 54' lang='lat'><strong>,</strong></span> 
     </span>
     <span class='ocr_line' id='line_1_141' title="bbox 1225 1843 2377 1891; baseline 0.001 -15"><span class='ocrx_word' id='word_1_1053' title='bbox 1225 1856 1304 1883; x_wconf 85' lang='lat' dir='ltr'><strong>rum,</strong></span> <span class='ocrx_word' id='word_1_1054' title='bbox 1322 1846 1350 1875; x_wconf 89' lang='lat' dir='ltr'><strong>in</strong></span> <span class='ocrx_word' id='word_1_1055' title='bbox 1372 1843 1537 1875; x_wconf 83' lang='lat' dir='ltr'><strong>transeundo</strong></span> <span class='ocrx_word' id='word_1_1056' title='bbox 1559 1854 1606 1882; x_wconf 89' lang='lat' dir='ltr'><strong>per</strong></span> <span class='ocrx_word' id='word_1_1057' title='bbox 1626 1853 1713 1884; x_wconf 84' lang='lat' dir='ltr'><strong>partes</strong></span> <span class='ocrx_word' id='word_1_1058' title='bbox 1727 1844 1827 1875; x_wconf 91' lang='lat' dir='ltr'><strong>vestras</strong></span> <span class='ocrx_word' id='word_1_1059' title='bbox 1842 1846 1931 1877; x_wconf 83' lang='lat' dir='ltr'><strong>versus</strong></span> <span class='ocrx_word' id='word_1_1060' title='bbox 1944 1847 2088 1885; x_wconf 87' lang='lat' dir='ltr'><strong>Scotiam,</strong></span> <span class='ocrx_word' id='word_1_1061' title='bbox 2107 1848 2218 1877; x_wconf 90' lang='lat' dir='ltr'><strong>nullum</strong></span> <span class='ocrx_word' id='word_1_1062' title='bbox 2231 1848 2276 1877; x_wconf 88' lang='lat' dir='ltr'><strong>in·</strong></span> <span class='ocrx_word' id='word_1_1063' title='bbox 2295 1843 2329 1885; x_wconf 57' lang='grc' dir='ltr'><strong>,η’</strong></span> <span class='ocrx_word' id='word_1_1064' title='bbox 2351 1865 2377 1891; x_wconf 67' lang='grc'><strong>7,</strong></span> 
     </span>
     <span class='ocr_line' id='line_1_142' title="bbox 1225 1879 2331 1930; baseline -0.001 -15"><span class='ocrx_word' id='word_1_1065' title='bbox 1225 1885 1331 1922; x_wconf 83' lang='lat' dir='ltr'><strong>feratis,</strong></span> <span class='ocrx_word' id='word_1_1066' title='bbox 1347 1883 1392 1914; x_wconf 91' lang='lat' dir='ltr'><strong>vel</strong></span> <span class='ocrx_word' id='word_1_1067' title='bbox 1405 1881 1498 1913; x_wconf 84' lang='lat' dir='ltr'><strong>inferri</strong></span> <span class='ocrx_word' id='word_1_1068' title='bbox 1511 1883 1672 1921; x_wconf 84' lang='lat' dir='ltr'><strong>permittatis</strong></span> <span class='ocrx_word' id='word_1_1069' title='bbox 1684 1883 1915 1920; x_wconf 85' lang='lat' dir='ltr'><strong>impedimentum</strong></span> <span class='ocrx_word' id='word_1_1070' title='bbox 1929 1892 1976 1915; x_wconf 91' lang='lat' dir='ltr'><strong>aut</strong></span> <span class='ocrx_word' id='word_1_1071' title='bbox 1988 1895 2145 1930; x_wconf 79' lang='lat' dir='ltr'><strong>gravamen.</strong></span> <span class='ocrx_word' id='word_1_1072' title='bbox 2324 1879 2331 1886; x_wconf 78' lang='grc'><em>’</em></span> 
     </span>
    </p>
   </div>
   <div class='ocr_carea' id='block_1_39' title="bbox 1226 1921 2280 1997">
    <p class='ocr_par' dir='ltr' id='par_1_58' title="bbox 1226 1921 2280 1997">
     <span class='ocr_line' id='line_1_143' title="bbox 1260 1921 2280 1962; baseline 0.002 -10"><span class='ocrx_word' id='word_1_1073' title='bbox 1260 1922 1314 1960; x_wconf 89' lang='lat' dir='ltr'><strong>Et,</strong></span> <span class='ocrx_word' id='word_1_1074' title='bbox 1331 1922 1350 1952; x_wconf 88' lang='lat' dir='ltr'><strong>si</strong></span> <span class='ocrx_word' id='word_1_1075' title='bbox 1392 1921 1437 1952; x_wconf 84' lang='lat' dir='ltr'><strong>uid</strong></span> <span class='ocrx_word' id='word_1_1076' title='bbox 1458 1922 1495 1951; x_wconf 87' lang='lat' dir='ltr'><strong>eis</strong></span> <span class='ocrx_word' id='word_1_1077' title='bbox 1510 1921 1554 1951; x_wconf 91' lang='lat' dir='ltr'><strong>vel</strong></span> <span class='ocrx_word' id='word_1_1078' title='bbox 1568 1921 1617 1951; x_wconf 86' lang='lat' dir='ltr'><strong>suis</strong></span> <span class='ocrx_word' id='word_1_1079' title='bbox 1631 1922 1661 1950; x_wconf 88' lang='lat' dir='ltr'><strong>in</strong></span> <span class='ocrx_word' id='word_1_1080' title='bbox 1672 1922 1784 1952; x_wconf 79' lang='lat' dir='ltr'><strong>tranlitu</strong></span> <span class='ocrx_word' id='word_1_1081' title='bbox 1797 1922 1933 1962; x_wconf 68' lang='lat' dir='ltr'><strong>praedi&amp;o</strong></span> <span class='ocrx_word' id='word_1_1082' title='bbox 1947 1923 2122 1954; x_wconf 61' lang='lat' dir='ltr'><strong>forisfafflmm</strong></span> <span class='ocrx_word' id='word_1_1083' title='bbox 2136 1924 2233 1962; x_wconf 86' lang='lat' dir='ltr'><strong>fuerit,</strong></span> <span class='ocrx_word' id='word_1_1084' title='bbox 2250 1922 2280 1954; x_wconf 88' lang='lat' dir='ltr'><strong>id</strong></span> 
     </span>
     <span class='ocr_line' id='line_1_144' title="bbox 1226 1959 1796 1997; baseline -0.004 -6"><span class='ocrx_word' id='word_1_1085' title='bbox 1226 1962 1265 1991; x_wconf 88' lang='lat' dir='ltr'><strong>eis</strong></span> <span class='ocrx_word' id='word_1_1086' title='bbox 1299 1962 1354 1991; x_wconf 87' lang='lat' dir='ltr'><strong>sine</strong></span> <span class='ocrx_word' id='word_1_1087' title='bbox 1390 1960 1515 1997; x_wconf 89' lang='lat' dir='ltr'><strong>ilatione,</strong></span> <span class='ocrx_word' id='word_1_1088' title='bbox 1532 1959 1635 1990; x_wconf 80' lang='lat' dir='ltr'><strong>faciatis</strong></span> <span class='ocrx_word' id='word_1_1089' title='bbox 1647 1959 1796 1990; x_wconf 84' lang='lat' dir='ltr'><strong>emendari.</strong></span> 
     </span>
    </p>
   </div>
   <div class='ocr_carea' id='block_1_40' title="bbox 1265 1984 2283 2040">
    <p class='ocr_par' dir='ltr' id='par_1_59' title="bbox 1265 1984 2283 2040">
     <span class='ocr_line' id='line_1_145' title="bbox 1265 1984 2283 2040; baseline 0 -10"><span class='ocrx_word' id='word_1_1090' title='bbox 1265 1984 1300 2030; x_wconf 70' lang='lat' dir='ltr'><strong>sn</strong></span> <span class='ocrx_word' id='word_1_1091' title='bbox 1319 2000 1397 2036; x_wconf 84' lang='lat' dir='ltr'><strong>cujus</strong></span> <span class='ocrx_word' id='word_1_1092' title='bbox 1418 1999 1457 2029; x_wconf 87' lang='lat' dir='ltr'><strong>rei</strong></span> <span class='ocrx_word' id='word_1_1093' title='bbox 1474 1997 1667 2028; x_wconf 87' lang='lat' dir='ltr'><strong>testimonium</strong></span> <span class='ocrx_word' id='word_1_1094' title='bbox 1684 1997 1731 2028; x_wconf 87' lang='lat' dir='ltr'><strong>has</strong></span> <span class='ocrx_word' id='word_1_1095' title='bbox 1750 1998 1850 2030; x_wconf 88' lang='lat' dir='ltr'><strong>litteras</strong></span> <span class='ocrx_word' id='word_1_1096' title='bbox 1864 1999 1969 2030; x_wconf 87' lang='lat' dir='ltr'><strong>nostras</strong></span> <span class='ocrx_word' id='word_1_1097' title='bbox 1980 1998 2040 2030; x_wconf 86' lang='lat' dir='ltr'><strong>fieri</strong></span> <span class='ocrx_word' id='word_1_1098' title='bbox 2053 2000 2172 2032; x_wconf 81' lang='lat' dir='ltr'><strong>fecimus</strong></span> <span class='ocrx_word' id='word_1_1099' title='bbox 2187 2008 2283 2040; x_wconf 88' lang='lat' dir='ltr'><strong>paten-</strong></span> 
     </span>
    </p>
   </div>
   <div class='ocr_carea' id='block_1_41' title="bbox 1226 2035 2284 2107">
    <p class='ocr_par' dir='ltr' id='par_1_60' title="bbox 1226 2035 2284 2107">
     <span class='ocr_line' id='line_1_146' title="bbox 1226 2035 2284 2079; baseline 0.001 -11"><span class='ocrx_word' id='word_1_1100' title='bbox 1226 2045 1283 2076; x_wconf 88' lang='lat' dir='ltr'><strong>tes,</strong></span> <span class='ocrx_word' id='word_1_1101' title='bbox 1302 2037 1442 2069; x_wconf 78' lang='lat' dir='ltr'><strong>duraturas</strong></span> <span class='ocrx_word' id='word_1_1102' title='bbox 1461 2037 1544 2077; x_wconf 90' lang='lat' dir='ltr'><strong>usque</strong></span> <span class='ocrx_word' id='word_1_1103' title='bbox 1563 2036 1598 2067; x_wconf 83' lang='lat' dir='ltr'><strong>ad</strong></span> <span class='ocrx_word' id='word_1_1104' title='bbox 1620 2035 1734 2067; x_wconf 85' lang='lat' dir='ltr'><strong>Festum</strong></span> <span class='ocrx_word' id='word_1_1105' title='bbox 1755 2037 1850 2069; x_wconf 63' lang='lat' dir='ltr'><strong>Sancti</strong></span> <span class='ocrx_word' id='word_1_1106' title='bbox 1872 2038 2019 2070; x_wconf 86' lang='lat' dir='ltr'><strong>Michaelis</strong></span> <span class='ocrx_word' id='word_1_1107' title='bbox 2039 2041 2169 2079; x_wconf 86' lang='lat' dir='ltr'><strong>proximo</strong></span> <span class='ocrx_word' id='word_1_1108' title='bbox 2181 2047 2284 2071; x_wconf 84' lang='lat' dir='ltr'><strong>ventu-</strong></span> 
     </span>
     <span class='ocr_line' id='line_1_147' title="bbox 1228 2086 1302 2107; baseline 0.014 -1"><span class='ocrx_word' id='word_1_1109' title='bbox 1228 2086 1302 2107; x_wconf 79' lang='lat' dir='ltr'><strong>rum.</strong></span> 
     </span>
    </p>
   </div>
   <div class='ocr_carea' id='block_1_42' title="bbox 1263 2149 1852 2193">
    <p class='ocr_par' dir='ltr' id='par_1_61' title="bbox 1263 2149 1852 2193">
     <span class='ocr_line' id='line_1_148' title="bbox 1263 2149 1852 2193; baseline 0.003 -10"><span class='ocrx_word' id='word_1_1110' title='bbox 1263 2151 1351 2184; x_wconf 84' lang='lat' dir='ltr'><strong>Teste</strong></span> <span class='ocrx_word' id='word_1_1111' title='bbox 1364 2152 1446 2192; x_wconf 84' lang='lat' dir='ltr'><strong>Rege</strong></span> <span class='ocrx_word' id='word_1_1112' title='bbox 1459 2151 1532 2193; x_wconf 86' lang='lat' dir='ltr'><strong>apud</strong></span> <span class='ocrx_word' id='word_1_1113' title='bbox 1544 2149 1639 2184; x_wconf 86' lang='lat' dir='ltr'><strong>West.</strong></span> <span class='ocrx_word' id='word_1_1114' title='bbox 1661 2152 1695 2184; x_wconf 87' lang='lat'><strong>18</strong></span> <span class='ocrx_word' id='word_1_1115' title='bbox 1708 2150 1754 2184; x_wconf 83' lang='lat' dir='ltr'><strong>die</strong></span> <span class='ocrx_word' id='word_1_1116' title='bbox 1763 2152 1852 2192; x_wconf 81' lang='lat' dir='ltr'><strong>Junii.</strong></span> 
     </span>
    </p>
   </div>
   <div class='ocr_carea' id='block_1_43' title="bbox 1226 2229 2285 2388">
    <p class='ocr_par' dir='ltr' id='par_1_62' title="bbox 1226 2229 2285 2388">
     <span class='ocr_line' id='line_1_149' title="bbox 1266 2229 2285 2273; baseline 0.002 -13"><span class='ocrx_word' id='word_1_1117' title='bbox 1266 2229 1324 2270; x_wconf 87' lang='lat' dir='ltr'><strong>Ista</strong></span> <span class='ocrx_word' id='word_1_1118' title='bbox 1338 2230 1437 2260; x_wconf 79' lang='lat' dir='ltr'><strong>littera</strong></span> <span class='ocrx_word' id='word_1_1119' title='bbox 1449 2231 1558 2261; x_wconf 85' lang='lat' dir='ltr'><strong>tradita</strong></span> <span class='ocrx_word' id='word_1_1120' title='bbox 1567 2229 1630 2270; x_wconf 73' lang='lat' dir='ltr'><strong>fuit</strong></span> <span class='ocrx_word' id='word_1_1121' title='bbox 1645 2233 1726 2267; x_wconf 55' lang='lat' dir='ltr'><strong>iMagi</strong></span> <span class='ocrx_word' id='word_1_1122' title='bbox 1749 2241 1778 2260; x_wconf 90' lang='lat' dir='ltr'><strong>ro</strong></span> <span class='ocrx_word' id='word_1_1123' title='bbox 1793 2229 1926 2262; x_wconf 83' lang='lat' dir='ltr'><strong>Giliberto</strong></span> <span class='ocrx_word' id='word_1_1124' title='bbox 1938 2232 1970 2262; x_wconf 84' lang='lat' dir='ltr'><strong>de</strong></span> <span class='ocrx_word' id='word_1_1125' title='bbox 1984 2231 2119 2272; x_wconf 79' lang='lat' dir='ltr'><strong>Millier5‚</strong></span> <span class='ocrx_word' id='word_1_1126' title='bbox 2144 2235 2187 2262; x_wconf 80' lang='lat' dir='ltr'><strong>ita</strong></span> <span class='ocrx_word' id='word_1_1127' title='bbox 2200 2230 2285 2273; x_wconf 79' lang='lat' dir='ltr'><strong>quod,</strong></span> 
     </span>
     <span class='ocr_line' id='line_1_150' title="bbox 1228 2268 2285 2310; baseline 0.002 -12"><span class='ocrx_word' id='word_1_1128' title='bbox 1228 2276 1378 2310; x_wconf 83' lang='lat' dir='ltr'><strong>antequam</strong></span> <span class='ocrx_word' id='word_1_1129' title='bbox 1399 2270 1499 2300; x_wconf 82' lang='lat' dir='ltr'><strong>tradat</strong></span> <span class='ocrx_word' id='word_1_1130' title='bbox 1515 2269 1654 2309; x_wconf 69' lang='lat' dir='ltr'><strong>praedic‘lis</strong></span> <span class='ocrx_word' id='word_1_1131' title='bbox 1675 2270 1717 2309; x_wconf 85' lang='lat' dir='ltr'><strong>Jo</strong></span> <span class='ocrx_word' id='word_1_1132' title='bbox 1737 2268 1857 2304; x_wconf 81' lang='lat' dir='ltr'><strong>anni&amp;</strong></span> <span class='ocrx_word' id='word_1_1133' title='bbox 1871 2273 1979 2308; x_wconf 82' lang='lat' dir='ltr'><strong>Reginae</strong></span> <span class='ocrx_word' id='word_1_1134' title='bbox 1993 2272 2117 2302; x_wconf 80' lang='lat' dir='ltr'><strong>litteram</strong></span> <span class='ocrx_word' id='word_1_1135' title='bbox 2128 2269 2223 2309; x_wconf 77' lang='lat' dir='ltr'><strong>illam,</strong></span> <span class='ocrx_word' id='word_1_1136' title='bbox 2242 2281 2285 2300; x_wconf 81' lang='lat' dir='ltr'><strong>re-</strong></span> 
     </span>
     <span class='ocr_line' id='line_1_151' title="bbox 1229 2307 2283 2378; baseline 0.003 -41"><span class='ocrx_word' id='word_1_1137' title='bbox 1229 2311 1306 2347; x_wconf 80' lang='lat' dir='ltr'><strong>cipiet</strong></span> <span class='ocrx_word' id='word_1_1138' title='bbox 1326 2307 1363 2337; x_wconf 83' lang='lat' dir='ltr'><strong>ah</strong></span> <span class='ocrx_word' id='word_1_1139' title='bbox 1382 2311 1419 2338; x_wconf 81' lang='lat' dir='ltr'><strong>eis</strong></span> <span class='ocrx_word' id='word_1_1140' title='bbox 1431 2307 1651 2347; x_wconf 66' lang='lat' dir='ltr'><strong>paramentum,</strong></span> <span class='ocrx_word' id='word_1_1141' title='bbox 1677 2308 1750 2347; x_wconf 85' lang='lat' dir='ltr'><strong>quod</strong></span> <span class='ocrx_word' id='word_1_1142' title='bbox 1765 2307 1868 2338; x_wconf 85' lang='lat' dir='ltr'><strong>nullum</strong></span> <span class='ocrx_word' id='word_1_1143' title='bbox 1888 2308 1989 2339; x_wconf 85' lang='lat' dir='ltr'><strong>malum</strong></span> <span class='ocrx_word' id='word_1_1144' title='bbox 2002 2309 2128 2349; x_wconf 69' lang='lat' dir='ltr'><strong>facient,</strong></span> <span class='ocrx_word' id='word_1_1145' title='bbox 2151 2307 2283 2378; x_wconf 54' lang='lat' dir='ltr'><strong>aufferi</strong></span> 
     </span>
     <span class='ocr_line' id='line_1_152' title="bbox 1226 2346 2247 2388; baseline 0.002 -12"><span class='ocrx_word' id='word_1_1146' title='bbox 1226 2346 1427 2386; x_wconf 75' lang='lat' dir='ltr'><strong>procurabunt,</strong></span> <span class='ocrx_word' id='word_1_1147' title='bbox 1441 2350 1506 2385; x_wconf 77' lang='lat' dir='ltr'><strong>Regi</strong></span> <span class='ocrx_word' id='word_1_1148' title='bbox 1518 2346 1649 2386; x_wconf 82' lang='lat' dir='ltr'><strong>Angliae,</strong></span> <span class='ocrx_word' id='word_1_1149' title='bbox 1667 2353 1718 2377; x_wconf 80' lang='lat' dir='ltr'><strong>aut</strong></span> <span class='ocrx_word' id='word_1_1150' title='bbox 1729 2349 1795 2385; x_wconf 81' lang='lat' dir='ltr'><strong>Regi</strong></span> <span class='ocrx_word' id='word_1_1151' title='bbox 1808 2350 1919 2387; x_wconf 83' lang='lat' dir='ltr'><strong>Scotiae,</strong></span> <span class='ocrx_word' id='word_1_1152' title='bbox 1937 2351 1966 2378; x_wconf 80' lang='lat' dir='ltr'><strong>in</strong></span> <span class='ocrx_word' id='word_1_1153' title='bbox 1979 2347 2099 2388; x_wconf 77' lang='lat' dir='ltr'><strong>tranfitu</strong></span> <span class='ocrx_word' id='word_1_1154' title='bbox 2107 2350 2196 2388; x_wconf 79' lang='lat' dir='ltr'><strong>praea&#39;i</strong></span> <span class='ocrx_word' id='word_1_1155' title='bbox 2224 2357 2247 2378; x_wconf 81' lang='grc' dir='ltr'><strong>ο.</strong></span> 
     </span>
    </p>
   </div>
   <div class='ocr_carea' id='block_1_44' title="bbox 1427 2471 2086 2520">
    <p class='ocr_par' dir='ltr' id='par_1_63' title="bbox 1427 2471 2086 2520">
     <span class='ocr_line' id='line_1_153' title="bbox 1427 2471 2086 2520; baseline 0.002 -14"><span class='ocrx_word' id='word_1_1156' title='bbox 1427 2472 1476 2506; x_wconf 82' lang='lat' dir='ltr'><strong>De</strong></span> <span class='ocrx_word' id='word_1_1157' title='bbox 1488 2482 1562 2520; x_wconf 77' lang='lat' dir='ltr'><strong>pace</strong></span> <span class='ocrx_word' id='word_1_1158' title='bbox 1583 2483 1652 2506; x_wconf 79' lang='lat' dir='ltr'><strong>cum</strong></span> <span class='ocrx_word' id='word_1_1159' title='bbox 1670 2472 1748 2519; x_wconf 83' lang='lat' dir='ltr'><strong>Rege</strong></span> <span class='ocrx_word' id='word_1_1160' title='bbox 1765 2472 1897 2506; x_wconf 67' lang='lat' dir='ltr'><strong>Francia</strong></span> <span class='ocrx_word' id='word_1_1161' title='bbox 1915 2471 2086 2507; x_wconf 64' lang='lat' dir='ltr'><strong>trafianda.</strong></span> 
     </span>
    </p>
   </div>
   <div class='ocr_carea' id='block_1_45' title="bbox 1235 2555 2434 3173">
    <p class='ocr_par' dir='ltr' id='par_1_64' title="bbox 1235 2555 2434 2792">
     <span class='ocr_line' id='line_1_154' title="bbox 1236 2555 2425 2613; baseline -0.002 -25"><span class='ocrx_word' id='word_1_1162' title='bbox 1236 2556 1317 2613; x_wconf 83' lang='lat' dir='ltr'><strong>RE</strong></span> <span class='ocrx_word' id='word_1_1163' title='bbox 1327 2555 1357 2588; x_wconf 87' lang='lat' dir='ltr'>X</span> <span class='ocrx_word' id='word_1_1164' title='bbox 1371 2559 1522 2596; x_wconf 87' lang='lat' dir='ltr'><strong>omnibus,</strong></span> <span class='ocrx_word' id='word_1_1165' title='bbox 1537 2559 1598 2590; x_wconf 74' lang='lat' dir='ltr'><strong>&amp;e</strong></span> <span class='ocrx_word' id='word_1_1166' title='bbox 1618 2557 1740 2588; x_wconf 69' lang='lat' dir='ltr'><strong>salutem.</strong></span> <span class='ocrx_word' id='word_1_1167' title='bbox 2303 2567 2350 2601; x_wconf 71' lang='lat' dir='ltr'><strong>An</strong></span> <span class='ocrx_word' id='word_1_1168' title='bbox 2392 2568 2425 2601; x_wconf 80' lang='lat' dir='ltr'>D</span> 
     </span>
     <span class='ocr_line' id='line_1_155' title="bbox 1269 2580 2434 2647; baseline 0.002 -21"><span class='ocrx_word' id='word_1_1169' title='bbox 1269 2635 1274 2640; x_wconf 32' lang='lat'>¹</span> <span class='ocrx_word' id='word_1_1170' title='bbox 1324 2596 1420 2641; x_wconf 77' lang='lat' dir='ltr'><strong>Sciatis</strong></span> <span class='ocrx_word' id='word_1_1171' title='bbox 1441 2599 1536 2635; x_wconf 86' lang='lat' dir='ltr'><strong>quod,</strong></span> <span class='ocrx_word' id='word_1_1172' title='bbox 1560 2597 1596 2628; x_wconf 92' lang='lat' dir='ltr'><strong>de</strong></span> <span class='ocrx_word' id='word_1_1173' title='bbox 1617 2596 1760 2628; x_wconf 90' lang='lat' dir='ltr'><strong>voluntate</strong></span> <span class='ocrx_word' id='word_1_1174' title='bbox 1779 2597 1812 2628; x_wconf 90' lang='lat'>&amp;</span> <span class='ocrx_word' id='word_1_1175' title='bbox 1831 2597 1964 2628; x_wconf 89' lang='lat' dir='ltr'><strong>consensu</strong></span> <span class='ocrx_word' id='word_1_1176' title='bbox 1984 2593 2104 2629; x_wconf 84' lang='lat' dir='ltr'><strong>Edvardi</strong></span> <span class='ocrx_word' id='word_1_1177' title='bbox 2124 2592 2172 2628; x_wconf 81' lang='lat' dir='ltr'><strong>filii</strong></span> <span class='ocrx_word' id='word_1_1178' title='bbox 2193 2592 2282 2628; x_wconf 85' lang='lat' dir='ltr'><strong>nostri</strong></span> <span class='ocrx_word' id='word_1_1179' title='bbox 2322 2580 2406 2647; x_wconf 43' lang='lat'><strong>12³7,</strong></span> <span class='ocrx_word' id='word_1_1180' title='bbox 2428 2594 2434 2600; x_wconf 55' lang='lat'><em>⁸</em></span> 
     </span>
     <span class='ocr_line' id='line_1_156' title="bbox 1235 2635 2227 2705; baseline 0.003 -3"><span class='ocrx_word' id='word_1_1181' title='bbox 1235 2635 1630 2705; x_wconf 72' lang='lat' dir='ltr'><strong>i&gt;</strong></span> <span class='ocrx_word' id='word_1_1182' title='bbox 1663 2672 1708 2704; x_wconf 97' lang='lat' dir='ltr'>W</span> <span class='ocrx_word' id='word_1_1183' title='bbox 1883 2636 2046 2705; x_wconf 57' lang='lat' dir='ltr'><strong>&amp;sim</strong></span> <span class='ocrx_word' id='word_1_1184' title='bbox 2060 2635 2284 2705; x_wconf 48' lang='lat' dir='ltr'><strong>essedi-</strong></span> 
     </span>
     <span class='ocr_line' id='line_1_157' title="bbox 1236 2684 2423 2763; baseline 0.003 -22"><span class='ocrx_word' id='word_1_1185' title='bbox 1236 2710 1342 2751; x_wconf 86' lang='lat' dir='ltr'><strong>Bigod,</strong></span> <span class='ocrx_word' id='word_1_1186' title='bbox 1360 2712 1393 2742; x_wconf 90' lang='lat'>&amp;</span> <span class='ocrx_word' id='word_1_1187' title='bbox 1414 2712 1490 2743; x_wconf 88' lang='lat' dir='ltr'><strong>fratri</strong></span> <span class='ocrx_word' id='word_1_1188' title='bbox 1510 2684 2285 2757; x_wconf 30' lang='lat' dir='ltr'><strong>Adae*de&#39;Mariseo,1gpciilcrelrerin&#39;tli-ai‘JcKailndcs1233’i‘irriiiffi‘driuin&lt;i</strong></span> <span class='ocrx_word' id='word_1_1189' title='bbox 2302 2692 2375 2753; x_wconf 32' lang='lat'><strong>1223</strong></span> <span class='ocrx_word' id='word_1_1190' title='bbox 2376 2709 2423 2763; x_wconf 57' lang='lat' dir='ltr'><strong>‘i‘—</strong></span> 
     </span>
     <span class='ocr_line' id='line_1_158' title="bbox 1236 2749 2327 2792; baseline 0.003 -12"><span class='ocrx_word' id='word_1_1191' title='bbox 1236 2758 1277 2781; x_wconf 86' lang='lat' dir='ltr'><strong>ter</strong></span> <span class='ocrx_word' id='word_1_1192' title='bbox 1297 2750 1460 2781; x_wconf 90' lang='lat' dir='ltr'><strong>Dominum</strong></span> <span class='ocrx_word' id='word_1_1193' title='bbox 1484 2750 1665 2782; x_wconf 84' lang='lat' dir='ltr'><strong>Ludovieum</strong></span> <span class='ocrx_word' id='word_1_1194' title='bbox 1683 2749 1713 2780; x_wconf 94' lang='lat' dir='ltr'><strong>R</strong></span> <span class='ocrx_word' id='word_1_1195' title='bbox 1750 2757 1797 2781; x_wconf 87' lang='lat' dir='ltr'><strong>em</strong></span> <span class='ocrx_word' id='word_1_1196' title='bbox 1815 2749 1940 2782; x_wconf 88' lang='lat' dir='ltr'><strong>Franciae</strong></span> <span class='ocrx_word' id='word_1_1197' title='bbox 1959 2752 1992 2782; x_wconf 92' lang='lat'>&amp;</span> <span class='ocrx_word' id='word_1_1198' title='bbox 2007 2751 2128 2782; x_wconf 74' lang='lat' dir='ltr'><strong>haeredes</strong></span> <span class='ocrx_word' id='word_1_1199' title='bbox 2141 2752 2223 2790; x_wconf 87' lang='lat' dir='ltr'><strong>suos,</strong></span> <span class='ocrx_word' id='word_1_1200' title='bbox 2248 2752 2282 2783; x_wconf 88' lang='lat'>&amp;</span> <span class='ocrx_word' id='word_1_1201' title='bbox 2300 2768 2327 2792; x_wconf 74' lang='lat' dir='ltr'><em>H</em></span> 
     </span>
    </p>

    <p class='ocr_par' dir='ltr' id='par_1_65' title="bbox 1237 2771 2422 2868">
     <span class='ocr_line' id='line_1_159' title="bbox 1237 2771 2422 2839; baseline 0.002 -20"><span class='ocrx_word' id='word_1_1202' title='bbox 1237 2798 1289 2833; x_wconf 74' lang='lat' dir='ltr'><strong>nos</strong></span> <span class='ocrx_word' id='word_1_1203' title='bbox 1308 2789 1341 2820; x_wconf 74' lang='grc' dir='ltr'><strong>ὃ(-</strong></span> <span class='ocrx_word' id='word_1_1204' title='bbox 1361 2789 1484 2820; x_wconf 72' lang='lat' dir='ltr'><strong>haeredes</strong></span> <span class='ocrx_word' id='word_1_1205' title='bbox 1503 2788 1630 2834; x_wconf 77' lang='lat' dir='ltr'><strong>nostros,</strong></span> <span class='ocrx_word' id='word_1_1206' title='bbox 1647 2788 1683 2819; x_wconf 88' lang='lat' dir='ltr'><strong>de</strong></span> <span class='ocrx_word' id='word_1_1207' title='bbox 1693 2799 1708 2819; x_wconf 93' lang='lat' dir='ltr'><strong>a</strong></span> <span class='ocrx_word' id='word_1_1208' title='bbox 1732 2789 1797 2820; x_wconf 84' lang='lat' dir='ltr'><strong>ensu</strong></span> <span class='ocrx_word' id='word_1_1209' title='bbox 1811 2790 1845 2821; x_wconf 89' lang='lat'>&amp;</span> <span class='ocrx_word' id='word_1_1210' title='bbox 1860 2790 1977 2820; x_wconf 89' lang='lat' dir='ltr'><strong>consilio</strong></span> <span class='ocrx_word' id='word_1_1211' title='bbox 1990 2788 2157 2821; x_wconf 68' lang='lat' dir='ltr'><strong>dile&amp;orum</strong></span> <span class='ocrx_word' id='word_1_1212' title='bbox 2169 2791 2202 2822; x_wconf 91' lang='lat'>&amp;</span> <span class='ocrx_word' id='word_1_1213' title='bbox 2215 2790 2282 2821; x_wconf 88' lang='lat' dir='ltr'><strong>fide·</strong></span> <span class='ocrx_word' id='word_1_1214' title='bbox 2307 2784 2333 2831; x_wconf 50' lang='lat' dir='ltr'><strong>„s</strong></span> <span class='ocrx_word' id='word_1_1215' title='bbox 2347 2771 2422 2839; x_wconf 40' lang='lat'>93¹),</span> 
     </span>
     <span class='ocr_line' id='line_1_160' title="bbox 1238 2826 2288 2868; baseline 0.003 -11"><span class='ocrx_word' id='word_1_1216' title='bbox 1238 2827 1308 2858; x_wconf 88' lang='lat' dir='ltr'><strong>lium</strong></span> <span class='ocrx_word' id='word_1_1217' title='bbox 1331 2826 1494 2858; x_wconf 83' lang='lat' dir='ltr'><strong>nostrorum</strong></span> <span class='ocrx_word' id='word_1_1218' title='bbox 1517 2828 1639 2858; x_wconf 84' lang='lat' dir='ltr'><strong>Simonis</strong></span> <span class='ocrx_word' id='word_1_1219' title='bbox 1652 2827 1688 2858; x_wconf 90' lang='lat' dir='ltr'><strong>de</strong></span> <span class='ocrx_word' id='word_1_1220' title='bbox 1703 2827 1904 2868; x_wconf 86' lang='lat' dir='ltr'><strong>Monte-forti,</strong></span> <span class='ocrx_word' id='word_1_1221' title='bbox 1922 2828 2045 2859; x_wconf 90' lang='lat' dir='ltr'><strong>Comitis</strong></span> <span class='ocrx_word' id='word_1_1222' title='bbox 2059 2829 2236 2868; x_wconf 85' lang='lat' dir='ltr'><strong>Leicestriae‚</strong></span> <span class='ocrx_word' id='word_1_1223' title='bbox 2254 2830 2288 2861; x_wconf 88' lang='lat'>&amp;</span> 
     </span>
    </p>

    <p class='ocr_par' dir='ltr' id='par_1_66' title="bbox 1238 2865 2292 2907">
     <span class='ocr_line' id='line_1_161' title="bbox 1238 2865 2292 2907; baseline 0.004 -12"><span class='ocrx_word' id='word_1_1224' title='bbox 1238 2865 1313 2896; x_wconf 89' lang='lat' dir='ltr'><strong>Petri</strong></span> <span class='ocrx_word' id='word_1_1225' title='bbox 1334 2866 1369 2896; x_wconf 85' lang='lat' dir='ltr'><strong>de</strong></span> <span class='ocrx_word' id='word_1_1226' title='bbox 1391 2866 1542 2904; x_wconf 84' lang='lat' dir='ltr'><strong>Sabaudia,</strong></span> <span class='ocrx_word' id='word_1_1227' title='bbox 1556 2865 1634 2906; x_wconf 87' lang='lat' dir='ltr'><strong>super</strong></span> <span class='ocrx_word' id='word_1_1228' title='bbox 1654 2867 1786 2898; x_wconf 87' lang='lat' dir='ltr'><strong>omnibus</strong></span> <span class='ocrx_word' id='word_1_1229' title='bbox 1806 2867 1999 2898; x_wconf 87' lang='lat' dir='ltr'><strong>controversiis</strong></span> <span class='ocrx_word' id='word_1_1230' title='bbox 2021 2867 2055 2898; x_wconf 65' lang='grc' dir='ltr'><strong>ὃς</strong></span> <span class='ocrx_word' id='word_1_1231' title='bbox 2075 2867 2292 2907; x_wconf 86' lang='lat' dir='ltr'><strong>quaestionibus‚</strong></span> 
     </span>
    </p>

    <p class='ocr_par' dir='ltr' id='par_1_67' title="bbox 1239 2904 2295 2945">
     <span class='ocr_line' id='line_1_162' title="bbox 1239 2904 2295 2945; baseline 0.003 -11"><span class='ocrx_word' id='word_1_1232' title='bbox 1239 2905 1322 2934; x_wconf 83' lang='lat' dir='ltr'><strong>motis</strong></span> <span class='ocrx_word' id='word_1_1233' title='bbox 1345 2906 1418 2935; x_wconf 87' lang='lat' dir='ltr'><strong>inter</strong></span> <span class='ocrx_word' id='word_1_1234' title='bbox 1437 2914 1490 2934; x_wconf 87' lang='lat' dir='ltr'><strong>nos</strong></span> <span class='ocrx_word' id='word_1_1235' title='bbox 1509 2905 1543 2935; x_wconf 87' lang='lat'>&amp;</span> <span class='ocrx_word' id='word_1_1236' title='bbox 1563 2905 1755 2945; x_wconf 85' lang='lat' dir='ltr'><strong>progenitores</strong></span> <span class='ocrx_word' id='word_1_1237' title='bbox 1765 2905 1876 2935; x_wconf 90' lang='lat' dir='ltr'><strong>nostros</strong></span> <span class='ocrx_word' id='word_1_1238' title='bbox 1889 2904 2051 2943; x_wconf 77' lang='lat' dir='ltr'><strong>hincinde,</strong></span> <span class='ocrx_word' id='word_1_1239' title='bbox 2070 2914 2161 2937; x_wconf 88' lang='lat' dir='ltr'><strong>ratum</strong></span> <span class='ocrx_word' id='word_1_1240' title='bbox 2174 2907 2295 2938; x_wconf 87' lang='lat' dir='ltr'><strong>habiniri</strong></span> 
     </span>
    </p>

    <p class='ocr_par' dir='ltr' id='par_1_68' title="bbox 1238 2942 2292 2986">
     <span class='ocr_line' id='line_1_163' title="bbox 1238 2942 2292 2986; baseline 0.002 -12"><span class='ocrx_word' id='word_1_1241' title='bbox 1238 2944 1273 2974; x_wconf 88' lang='lat'>&amp;</span> <span class='ocrx_word' id='word_1_1242' title='bbox 1288 2942 1402 2974; x_wconf 90' lang='lat' dir='ltr'><strong>firmum</strong></span> <span class='ocrx_word' id='word_1_1243' title='bbox 1412 2943 1546 2982; x_wconf 90' lang='lat' dir='ltr'><strong>quicquid</strong></span> <span class='ocrx_word' id='word_1_1244' title='bbox 1560 2943 1608 2982; x_wconf 88' lang='lat' dir='ltr'><strong>ipsi</strong></span> <span class='ocrx_word' id='word_1_1245' title='bbox 1623 2943 1792 2983; x_wconf 82' lang='lat' dir='ltr'><strong>Episcopus,</strong></span> <span class='ocrx_word' id='word_1_1246' title='bbox 1808 2943 1915 2984; x_wconf 85' lang='lat' dir='ltr'><strong>Hugo,</strong></span> <span class='ocrx_word' id='word_1_1247' title='bbox 1940 2944 1975 2975; x_wconf 71' lang='lat' dir='ltr'><strong>ec</strong></span> <span class='ocrx_word' id='word_1_1248' title='bbox 1986 2942 2098 2983; x_wconf 89' lang='lat' dir='ltr'><strong>Adam,</strong></span> <span class='ocrx_word' id='word_1_1249' title='bbox 2121 2945 2164 2975; x_wconf 91' lang='lat' dir='ltr'><strong>vel</strong></span> <span class='ocrx_word' id='word_1_1250' title='bbox 2179 2945 2239 2976; x_wconf 89' lang='lat' dir='ltr'><strong>duo</strong></span> <span class='ocrx_word' id='word_1_1251' title='bbox 2250 2947 2292 2986; x_wconf 91' lang='lat' dir='ltr'><strong>ip-</strong></span> 
     </span>
    </p>

    <p class='ocr_par' dir='ltr' id='par_1_69' title="bbox 1238 2981 2296 3021">
     <span class='ocr_line' id='line_1_164' title="bbox 1238 2981 2296 3021; baseline 0.002 -9"><span class='ocrx_word' id='word_1_1252' title='bbox 1238 2983 1332 3012; x_wconf 86' lang='lat' dir='ltr'><strong>sorum</strong></span> <span class='ocrx_word' id='word_1_1253' title='bbox 1347 3004 1357 3020; x_wconf 92' lang='lat'><strong>,</strong></span> <span class='ocrx_word' id='word_1_1254' title='bbox 1380 2991 1450 3019; x_wconf 88' lang='lat' dir='ltr'><strong>quos</strong></span> <span class='ocrx_word' id='word_1_1255' title='bbox 1461 2981 1552 3011; x_wconf 84' lang='lat' dir='ltr'><strong>adeffe</strong></span> <span class='ocrx_word' id='word_1_1256' title='bbox 1564 2981 1876 3021; x_wconf 77' lang='lat' dir='ltr'><strong>contigerit‚mediante</strong></span> <span class='ocrx_word' id='word_1_1257' title='bbox 1887 2981 2005 3012; x_wconf 88' lang='lat' dir='ltr'><strong>consilio</strong></span> <span class='ocrx_word' id='word_1_1258' title='bbox 2041 2983 2220 3014; x_wconf 69' lang='lat' dir='ltr'><strong>raedie‘torum</strong></span> <span class='ocrx_word' id='word_1_1259' title='bbox 2231 2983 2296 3014; x_wconf 79' lang='lat' dir='ltr'><strong>Co-</strong></span> 
     </span>
    </p>

    <p class='ocr_par' dir='ltr' id='par_1_70' title="bbox 1240 3019 2329 3064">
     <span class='ocr_line' id='line_1_165' title="bbox 1240 3019 2329 3064; baseline 0.002 -14"><span class='ocrx_word' id='word_1_1260' title='bbox 1240 3020 1313 3050; x_wconf 86' lang='lat' dir='ltr'><strong>mitis</strong></span> <span class='ocrx_word' id='word_1_1261' title='bbox 1327 3021 1361 3051; x_wconf 85' lang='lat'>&amp;</span> <span class='ocrx_word' id='word_1_1262' title='bbox 1374 3020 1459 3064; x_wconf 77' lang='lat' dir='ltr'><strong>Petri,</strong></span> <span class='ocrx_word' id='word_1_1263' title='bbox 1478 3019 1554 3064; x_wconf 77' lang='lat' dir='ltr'><strong>super</strong></span> <span class='ocrx_word' id='word_1_1264' title='bbox 1568 3019 1728 3060; x_wconf 83' lang='lat' dir='ltr'><strong>praemiffis,</strong></span> <span class='ocrx_word' id='word_1_1265' title='bbox 1740 3022 1856 3052; x_wconf 84' lang='lat' dir='ltr'><strong>nomine</strong></span> <span class='ocrx_word' id='word_1_1266' title='bbox 1865 3019 1965 3051; x_wconf 89' lang='lat' dir='ltr'><strong>nostro</strong></span> <span class='ocrx_word' id='word_1_1267' title='bbox 1976 3021 2011 3052; x_wconf 88' lang='lat'>&amp;</span> <span class='ocrx_word' id='word_1_1268' title='bbox 2043 3021 2168 3052; x_wconf 88' lang='lat' dir='ltr'><strong>aeredum</strong></span> <span class='ocrx_word' id='word_1_1269' title='bbox 2183 3019 2297 3053; x_wconf 52' lang='lat' dir='ltr'><strong>nostro*</strong></span> <span class='ocrx_word' id='word_1_1270' title='bbox 2323 3045 2329 3052; x_wconf 93' lang='lat'>.</span> 
     </span>
    </p>

    <p class='ocr_par' dir='ltr' id='par_1_71' title="bbox 1239 3058 2289 3141">
     <span class='ocr_line' id='line_1_166' title="bbox 1239 3058 2289 3141; baseline 0.003 -14"><span class='ocrx_word' id='word_1_1271' title='bbox 1239 3068 1319 3141; x_wconf 58' lang='lat' dir='ltr'><strong>rurIris</strong></span> <span class='ocrx_word' id='word_1_1272' title='bbox 1331 3058 1661 3135; x_wconf 39' lang='lat' dir='ltr'><strong>gfflssizugcgicheffipffis</strong></span> <span class='ocrx_word' id='word_1_1273' title='bbox 1678 3095 1763 3135; x_wconf 84' lang='lat' dir='ltr'><strong>usque</strong></span> <span class='ocrx_word' id='word_1_1274' title='bbox 1783 3096 1819 3128; x_wconf 81' lang='lat' dir='ltr'><strong>ad</strong></span> <span class='ocrx_word' id='word_1_1275' title='bbox 1839 3095 1956 3128; x_wconf 82' lang='lat' dir='ltr'><strong>Festum</strong></span> <span class='ocrx_word' id='word_1_1276' title='bbox 1973 3096 2179 3139; x_wconf 82' lang='lat' dir='ltr'><strong>Affumptionis</strong></span> <span class='ocrx_word' id='word_1_1277' title='bbox 2199 3099 2289 3130; x_wconf 69' lang='lat' dir='ltr'><strong>beatae</strong></span> 
     </span>
    </p>

    <p class='ocr_par' dir='ltr' id='par_1_72' title="bbox 1241 3134 1662 3173">
     <span class='ocr_line' id='line_1_167' title="bbox 1241 3134 1662 3173; baseline 0 -7"><span class='ocrx_word' id='word_1_1278' title='bbox 1241 3134 1343 3166; x_wconf 79' lang='lat' dir='ltr'><strong>Mariae</strong></span> <span class='ocrx_word' id='word_1_1279' title='bbox 1356 3144 1488 3173; x_wconf 85' lang='lat' dir='ltr'><strong>proximo</strong></span> <span class='ocrx_word' id='word_1_1280' title='bbox 1503 3143 1662 3166; x_wconf 90' lang='lat' dir='ltr'><strong>venturum.</strong></span> 
     </span>
    </p>
   </div>
   <div class='ocr_carea' id='block_1_46' title="bbox 1272 3210 2130 3253">
    <p class='ocr_par' dir='ltr' id='par_1_73' title="bbox 1272 3210 2130 3253">
     <span class='ocr_line' id='line_1_168' title="bbox 1272 3210 2130 3253; baseline 0 -9"><span class='ocrx_word' id='word_1_1281' title='bbox 1272 3211 1362 3244; x_wconf 89' lang='lat' dir='ltr'><strong>Teste</strong></span> <span class='ocrx_word' id='word_1_1282' title='bbox 1375 3210 1456 3252; x_wconf 88' lang='lat' dir='ltr'><strong>Rege</strong></span> <span class='ocrx_word' id='word_1_1283' title='bbox 1470 3210 1542 3250; x_wconf 89' lang='lat' dir='ltr'><strong>apud</strong></span> <span class='ocrx_word' id='word_1_1284' title='bbox 1557 3210 1684 3243; x_wconf 89' lang='lat' dir='ltr'><strong>Westm.</strong></span> <span class='ocrx_word' id='word_1_1285' title='bbox 1704 3211 1839 3244; x_wconf 79' lang='lat' dir='ltr'><strong>vicesimo</strong></span> <span class='ocrx_word' id='word_1_1286' title='bbox 1852 3211 1975 3245; x_wconf 85' lang='lat' dir='ltr'><strong>secundo</strong></span> <span class='ocrx_word' id='word_1_1287' title='bbox 1987 3212 2032 3245; x_wconf 89' lang='lat' dir='ltr'><strong>die</strong></span> <span class='ocrx_word' id='word_1_1288' title='bbox 2043 3213 2062 3253; x_wconf 89' lang='lat' dir='ltr'>J</span> <span class='ocrx_word' id='word_1_1289' title='bbox 2064 3214 2130 3245; x_wconf 87' lang='lat' dir='ltr'><strong>unii.</strong></span> 
     </span>
    </p>
   </div>
   <div class='ocr_carea' id='block_1_47' title="bbox 1666 3334 1968 3384">
    <p class='ocr_par' dir='ltr' id='par_1_74' title="bbox 1666 3334 1968 3384">
     <span class='ocr_line' id='line_1_169' title="bbox 1666 3334 1968 3384; baseline 0.003 -14"><span class='ocrx_word' id='word_1_1290' title='bbox 1666 3335 1714 3370; x_wconf 86' lang='lat' dir='ltr'><strong>De</strong></span> <span class='ocrx_word' id='word_1_1291' title='bbox 1730 3334 1830 3370; x_wconf 81' lang='lat' dir='ltr'><strong>eodem</strong></span> <span class='ocrx_word' id='word_1_1292' title='bbox 1843 3339 1968 3384; x_wconf 77' lang='lat' dir='ltr'><strong>negotio.</strong></span> 
     </span>
    </p>
   </div>
   <div class='ocr_carea' id='block_1_48' title="bbox 1241 3418 2449 3539">
    <p class='ocr_par' dir='ltr' id='par_1_75' title="bbox 1241 3418 2449 3539">
     <span class='ocr_line' id='line_1_170' title="bbox 1243 3418 2449 3479; baseline 0.004 -27"><span class='ocrx_word' id='word_1_1293' title='bbox 1243 3419 1382 3479; x_wconf 80' lang='lat' dir='ltr'><strong>REX,</strong></span> <span class='ocrx_word' id='word_1_1294' title='bbox 1401 3419 1550 3466; x_wconf 74' lang='lat' dir='ltr'><strong>omnibuS,</strong></span> <span class='ocrx_word' id='word_1_1295' title='bbox 1567 3418 1627 3452; x_wconf 69' lang='lat' dir='ltr'><strong>&amp;e</strong></span> <span class='ocrx_word' id='word_1_1296' title='bbox 1933 3462 1937 3466; x_wconf 93' lang='lat'>.</span> <span class='ocrx_word' id='word_1_1297' title='bbox 2315 3423 2392 3457; x_wconf 82' lang='lat' dir='ltr'><strong>Anti.</strong></span> <span class='ocrx_word' id='word_1_1298' title='bbox 2409 3423 2449 3457; x_wconf 74' lang='lat' dir='ltr'><strong>D.</strong></span> 
     </span>
     <span class='ocr_line' id='line_1_171' title="bbox 1308 3455 2416 3505; baseline -0.002 -14"><span class='ocrx_word' id='word_1_1299' title='bbox 1308 3500 1313 3505; x_wconf 34' lang='lat'>⁵</span> <span class='ocrx_word' id='word_1_1300' title='bbox 1335 3461 1432 3491; x_wconf 84' lang='lat' dir='ltr'><strong>Sciatis</strong></span> <span class='ocrx_word' id='word_1_1301' title='bbox 1453 3459 1529 3498; x_wconf 89' lang='lat' dir='ltr'><strong>quod</strong></span> <span class='ocrx_word' id='word_1_1302' title='bbox 1550 3469 1601 3490; x_wconf 89' lang='lat' dir='ltr'><strong>nos</strong></span> <span class='ocrx_word' id='word_1_1303' title='bbox 1621 3459 1732 3504; x_wconf 78' lang='lat' dir='ltr'><strong>plenam</strong></span> <span class='ocrx_word' id='word_1_1304' title='bbox 1754 3460 1851 3491; x_wconf 87' lang='lat' dir='ltr'><strong>damus</strong></span> <span class='ocrx_word' id='word_1_1305' title='bbox 1868 3460 1901 3491; x_wconf 90' lang='lat'>&amp;</span> <span class='ocrx_word' id='word_1_1306' title='bbox 1922 3457 2036 3491; x_wconf 76' lang='lat' dir='ltr'><strong>liberam</strong></span> <span class='ocrx_word' id='word_1_1307' title='bbox 2050 3455 2215 3503; x_wconf 78' lang='lat' dir='ltr'><strong>potestatem</strong></span> <span class='ocrx_word' id='word_1_1308' title='bbox 2260 3458 2295 3490; x_wconf 74' lang='grc' dir='ltr'><strong>ὃς</strong></span> <span class='ocrx_word' id='word_1_1309' title='bbox 2332 3474 2382 3501; x_wconf 86' lang='lat'><strong>125</strong></span> <span class='ocrx_word' id='word_1_1310' title='bbox 2391 3474 2416 3503; x_wconf 67' lang='lat'><strong>7,</strong></span> 
     </span>
     <span class='ocr_line' id='line_1_172' title="bbox 1241 3481 2426 3539; baseline 0.002 -10"><span class='ocrx_word' id='word_1_1311' title='bbox 1241 3498 1356 3538; x_wconf 88' lang='lat' dir='ltr'><strong>speciale</strong></span> <span class='ocrx_word' id='word_1_1312' title='bbox 1374 3497 1537 3529; x_wconf 85' lang='lat' dir='ltr'><strong>mandatum</strong></span> <span class='ocrx_word' id='word_1_1313' title='bbox 1552 3499 1703 3529; x_wconf 89' lang='lat' dir='ltr'><strong>venerabili</strong></span> <span class='ocrx_word' id='word_1_1314' title='bbox 1722 3498 1797 3529; x_wconf 83' lang='lat' dir='ltr'><strong>Patri</strong></span> <span class='ocrx_word' id='word_1_1315' title='bbox 1818 3499 1870 3529; x_wconf 89' lang='lat' dir='ltr'><strong>W.</strong></span> <span class='ocrx_word' id='word_1_1316' title='bbox 1890 3499 2024 3538; x_wconf 81' lang='lat' dir='ltr'><strong>Wigorn.</strong></span> <span class='ocrx_word' id='word_1_1317' title='bbox 2046 3497 2204 3538; x_wconf 88' lang='lat' dir='ltr'><strong>Episcopo,</strong></span> <span class='ocrx_word' id='word_1_1318' title='bbox 2226 3481 2293 3529; x_wconf 67' lang='lat' dir='ltr'><strong>Hu-</strong></span> <span class='ocrx_word' id='word_1_1319' title='bbox 2312 3508 2363 3532; x_wconf 66' lang='lat' dir='ltr'><strong>Aa.</strong></span> <span class='ocrx_word' id='word_1_1320' title='bbox 2378 3512 2426 3539; x_wconf 62' lang='grc' dir='ltr'><strong>μ,</strong></span> 
     </span>
    </p>
   </div>
   <div class='ocr_carea' id='block_1_49' title="bbox 1241 3533 2417 3652">
    <p class='ocr_par' dir='ltr' id='par_1_76' title="bbox 1241 3533 2417 3652">
     <span class='ocr_line' id='line_1_173' title="bbox 1241 3533 2398 3581; baseline 0.002 -14"><span class='ocrx_word' id='word_1_1321' title='bbox 1241 3538 1309 3577; x_wconf 86' lang='lat' dir='ltr'><strong>goni</strong></span> <span class='ocrx_word' id='word_1_1322' title='bbox 1322 3536 1349 3567; x_wconf 87' lang='lat' dir='ltr'><strong>le</strong></span> <span class='ocrx_word' id='word_1_1323' title='bbox 1361 3535 1469 3580; x_wconf 80' lang='lat' dir='ltr'><strong>Bigod,</strong></span> <span class='ocrx_word' id='word_1_1324' title='bbox 1482 3536 1520 3579; x_wconf 38' lang='grc' dir='ltr'><strong>,ὃς</strong></span> <span class='ocrx_word' id='word_1_1325' title='bbox 1532 3533 1607 3566; x_wconf 89' lang='lat' dir='ltr'><strong>fratri</strong></span> <span class='ocrx_word' id='word_1_1326' title='bbox 1621 3537 1692 3566; x_wconf 85' lang='lat' dir='ltr'><strong>Adae</strong></span> <span class='ocrx_word' id='word_1_1327' title='bbox 1708 3537 1745 3567; x_wconf 86' lang='lat' dir='ltr'><strong>de</strong></span> <span class='ocrx_word' id='word_1_1328' title='bbox 1760 3536 1900 3575; x_wconf 86' lang='lat' dir='ltr'><strong>Marisco,</strong></span> <span class='ocrx_word' id='word_1_1329' title='bbox 1919 3539 1964 3581; x_wconf 67' lang='lat' dir='ltr'><strong>vel</strong></span> <span class='ocrx_word' id='word_1_1330' title='bbox 1977 3537 2085 3566; x_wconf 90' lang='lat' dir='ltr'><strong>duobus</strong></span> <span class='ocrx_word' id='word_1_1331' title='bbox 2097 3545 2198 3578; x_wconf 83' lang='lat' dir='ltr'><strong>eorum</strong></span> <span class='ocrx_word' id='word_1_1332' title='bbox 2221 3546 2292 3575; x_wconf 85' lang='lat' dir='ltr'><strong>quos</strong></span> <span class='ocrx_word' id='word_1_1333' title='bbox 2310 3547 2346 3574; x_wconf 70' lang='grc' dir='ltr'><strong>Η.</strong></span> <span class='ocrx_word' id='word_1_1334' title='bbox 2373 3552 2398 3578; x_wconf 82' lang='lat'><strong>3.</strong></span> 
     </span>
     <span class='ocr_line' id='line_1_174' title="bbox 1241 3573 2417 3620; baseline 0.001 -15"><span class='ocrx_word' id='word_1_1335' title='bbox 1241 3575 1333 3620; x_wconf 76' lang='lat' dir='ltr'><strong>adesse</strong></span> <span class='ocrx_word' id='word_1_1336' title='bbox 1352 3582 1521 3619; x_wconf 83' lang='lat' dir='ltr'><strong>contigerit,</strong></span> <span class='ocrx_word' id='word_1_1337' title='bbox 1538 3573 1572 3604; x_wconf 90' lang='lat' dir='ltr'><strong>ad</strong></span> <span class='ocrx_word' id='word_1_1338' title='bbox 1591 3575 1765 3618; x_wconf 60' lang='lat' dir='ltr'><strong>“astantium</strong></span> <span class='ocrx_word' id='word_1_1339' title='bbox 1779 3574 1815 3604; x_wconf 91' lang='lat' dir='ltr'><strong>de</strong></span> <span class='ocrx_word' id='word_1_1340' title='bbox 1826 3583 1912 3613; x_wconf 88' lang='lat' dir='ltr'><strong>pace,</strong></span> <span class='ocrx_word' id='word_1_1341' title='bbox 1931 3584 2002 3616; x_wconf 79' lang='lat' dir='ltr'><strong>inter</strong></span> <span class='ocrx_word' id='word_1_1342' title='bbox 2014 3574 2180 3618; x_wconf 78' lang='lat' dir='ltr'><strong>Dominum</strong></span> <span class='ocrx_word' id='word_1_1343' title='bbox 2221 3575 2294 3606; x_wconf 90' lang='lat' dir='ltr'><strong>udo·</strong></span> <span class='ocrx_word' id='word_1_1344' title='bbox 2311 3581 2417 3610; x_wconf 56' lang='lat' dir='ltr'><strong>Ibidem„</strong></span> 
     </span>
     <span class='ocr_line' id='line_1_175' title="bbox 1241 3611 2296 3652; baseline 0 -7"><span class='ocrx_word' id='word_1_1345' title='bbox 1241 3623 1339 3645; x_wconf 82' lang='lat' dir='ltr'><strong>Vicum</strong></span> <span class='ocrx_word' id='word_1_1346' title='bbox 1357 3612 1491 3643; x_wconf 86' lang='lat' dir='ltr'><strong>illustrem</strong></span> <span class='ocrx_word' id='word_1_1347' title='bbox 1516 3611 1628 3652; x_wconf 84' lang='lat' dir='ltr'><strong>Regem</strong></span> <span class='ocrx_word' id='word_1_1348' title='bbox 1644 3613 1787 3651; x_wconf 85' lang='lat' dir='ltr'><strong>Franciae,</strong></span> <span class='ocrx_word' id='word_1_1349' title='bbox 1803 3614 1837 3644; x_wconf 67' lang='grc' dir='ltr'><strong>ὃς</strong></span> <span class='ocrx_word' id='word_1_1350' title='bbox 1851 3623 1920 3650; x_wconf 88' lang='lat' dir='ltr'><strong>nos,</strong></span> <span class='ocrx_word' id='word_1_1351' title='bbox 1937 3616 2015 3650; x_wconf 79' lang='lat' dir='ltr'><strong>iuper</strong></span> <span class='ocrx_word' id='word_1_1352' title='bbox 2029 3613 2161 3644; x_wconf 89' lang='lat' dir='ltr'><strong>omnibus</strong></span> <span class='ocrx_word' id='word_1_1353' title='bbox 2174 3622 2296 3645; x_wconf 84' lang='lat' dir='ltr'><strong>conten-</strong></span> 
     </span>
    </p>
   </div>
   <div class='ocr_carea' id='block_1_50' title="bbox 1243 3650 2297 3722">
    <p class='ocr_par' dir='ltr' id='par_1_77' title="bbox 1243 3650 2297 3722">
     <span class='ocr_line' id='line_1_176' title="bbox 1243 3650 2297 3692; baseline 0.001 -10"><span class='ocrx_word' id='word_1_1354' title='bbox 1243 3652 1370 3683; x_wconf 85' lang='lat' dir='ltr'><strong>tionibus</strong></span> <span class='ocrx_word' id='word_1_1355' title='bbox 1389 3652 1422 3682; x_wconf 89' lang='lat'>&amp;</span> <span class='ocrx_word' id='word_1_1356' title='bbox 1443 3651 1636 3682; x_wconf 84' lang='lat' dir='ltr'><strong>controversiis</strong></span> <span class='ocrx_word' id='word_1_1357' title='bbox 1656 3650 1790 3683; x_wconf 56' lang='lat' dir='ltr'><strong>haetenus</strong></span> <span class='ocrx_word' id='word_1_1358' title='bbox 1803 3652 1876 3683; x_wconf 83' lang='lat' dir='ltr'><strong>inter</strong></span> <span class='ocrx_word' id='word_1_1359' title='bbox 1889 3660 1960 3689; x_wconf 82' lang='lat' dir='ltr'><strong>nos,</strong></span> <span class='ocrx_word' id='word_1_1360' title='bbox 1976 3651 2011 3683; x_wconf 89' lang='lat'>&amp;</span> <span class='ocrx_word' id='word_1_1361' title='bbox 2025 3651 2214 3692; x_wconf 82' lang='lat' dir='ltr'><strong>progenitores</strong></span> <span class='ocrx_word' id='word_1_1362' title='bbox 2228 3663 2297 3684; x_wconf 73' lang='lat' dir='ltr'><strong>nos-</strong></span> 
     </span>
     <span class='ocr_line' id='line_1_177' title="bbox 1244 3688 1568 3722; baseline -0.012 0"><span class='ocrx_word' id='word_1_1363' title='bbox 1244 3699 1300 3722; x_wconf 88' lang='lat' dir='ltr'><strong>tros</strong></span> <span class='ocrx_word' id='word_1_1364' title='bbox 1312 3690 1380 3719; x_wconf 91' lang='lat' dir='ltr'><strong>hinc</strong></span> <span class='ocrx_word' id='word_1_1365' title='bbox 1395 3688 1461 3718; x_wconf 75' lang='lat' dir='ltr'><strong>inde</strong></span> <span class='ocrx_word' id='word_1_1366' title='bbox 1476 3689 1568 3720; x_wconf 83' lang='lat' dir='ltr'><strong>motis.</strong></span> 
     </span>
    </p>
   </div>
   <div class='ocr_carea' id='block_1_51' title="bbox 1279 3728 1501 3766">
    <p class='ocr_par' dir='ltr' id='par_1_78' title="bbox 1279 3728 1501 3766">
     <span class='ocr_line' id='line_1_178' title="bbox 1279 3728 1501 3766; baseline -0.014 -7"><span class='ocrx_word' id='word_1_1367' title='bbox 1279 3728 1314 3759; x_wconf 90' lang='lat' dir='ltr'><strong>In</strong></span> <span class='ocrx_word' id='word_1_1368' title='bbox 1328 3729 1424 3766; x_wconf 79' lang='lat' dir='ltr'><strong>cujus,</strong></span> <span class='ocrx_word' id='word_1_1369' title='bbox 1440 3728 1501 3757; x_wconf 88' lang='lat' dir='ltr'><strong>&amp;c.</strong></span> 
     </span>
    </p>
   </div>
   <div class='ocr_carea' id='block_1_52' title="bbox 1276 3802 1513 3842">
    <p class='ocr_par' dir='ltr' id='par_1_79' title="bbox 1276 3802 1513 3842">
     <span class='ocr_line' id='line_1_179' title="bbox 1276 3802 1513 3842; baseline -0.017 -5"><span class='ocrx_word' id='word_1_1370' title='bbox 1276 3803 1366 3838; x_wconf 80' lang='lat' dir='ltr'><strong>Teste</strong></span> <span class='ocrx_word' id='word_1_1371' title='bbox 1382 3811 1413 3836; x_wconf 86' lang='lat' dir='ltr'><strong>ut</strong></span> <span class='ocrx_word' id='word_1_1372' title='bbox 1427 3802 1513 3842; x_wconf 83' lang='lat' dir='ltr'><strong>supra.</strong></span> 
     </span>
    </p>
   </div>
   <div class='ocr_carea' id='block_1_53' title="bbox 2241 4065 2309 4099">
    <p class='ocr_par' dir='ltr' id='par_1_80' title="bbox 2241 4065 2309 4099">
     <span class='ocr_line' id='line_1_180' title="bbox 2241 4065 2309 4099; baseline -0.044 0"><span class='ocrx_word' id='word_1_1373' title='bbox 2241 4065 2309 4099; x_wconf 46' lang='lat' dir='ltr'><strong>Lis*</strong></span> 
     </span>
    </p>
   </div>
  </div>
 </body>
</html>
