2570 4261
168 192 247 231 144

21 262 97 294 Ann,
108 263 148 292 D.
197 262 235 293 Et
256 263 291 293 de
312 272 348 292 eo
363 285 372 299 ,
397 259 474 298 quod
496 257 634 296 superest,
652 258 789 287 terminos
802 255 977 286 rationabiles
991 255 1136 285 solutionis
1148 253 1214 284 dare

49 310 129 339 1295.
161 302 251 331 velitis
269 302 360 331 eidem
374 312 383 337 3
409 299 492 328 talem
506 299 644 333 capientes
658 295 832 325 securitatem
845 295 880 324 ab
893 294 1014 332 eodem,
1033 303 1098 332 quae
1114 293 1165 322 sibi
1177 292 1214 322 ad

19 341 85 367 Edu.
110 350 133 366 1-
162 339 362 369 inveniendum
380 337 464 366 nimis
475 334 595 364 difficilis
609 343 668 363 non
684 333 789 363 existar.
1165 368 1170 373 ¹

200 377 264 407 Hiis
283 379 373 413 itaque
394 374 510 412 peractis
524 396 533 410 ,
552 382 604 402 vos
618 380 747 410 rogamus
763 369 839 409 quod
853 369 946 401 eidem
961 369 1072 400 Corniri
1090 368 1215 411 Gelriae,

159 424 261 446 tertam
282 415 357 445 suam
372 436 381 450 ,
407 413 436 442 in
457 421 543 441 manu
562 409 655 440 vestra
675 409 842 440 existentem
857 433 866 447 ,
892 409 982 440 velitis
994 407 1129 439 benivole
1145 406 1216 436 libe-

162 464 230 483 rare.

201 492 328 521 Tantum
351 488 430 525 super
451 488 508 517 hoc
521 511 530 524 ,
554 485 587 516 ad
609 487 686 516 hunc
700 486 790 516 nostri
805 494 952 524 rogatum,
968 484 1117 520 facientes,
1136 481 1214 520 quod

161 529 207 559 hie
229 537 323 566 preces
345 525 450 556 nostrie
471 525 550 555 dicio
569 523 682 555 Comiti
704 525 804 555 locum
823 532 935 554 teneant
952 531 1147 561 oportunum,
1165 530 1215 560 per

163 566 239 605 quod
253 566 335 595 vobis
346 565 380 594 ad
393 573 483 603 grates
496 565 529 594 ὃ(
541 564 637 602 gratias
650 572 802 593 teneamur.
1084 599 1088 603 ²
1105 597 1110 602 .
1153 597 1156 602 ι

198 604 278 641 Quid
290 612 383 633 autem
397 604 428 632 in
443 601 588 640 praemiffis
603 602 733 632 duxeritis
749 599 927 638 faciendum,
937 598 1020 629 nobis
1035 597 1125 629 velitis
1140 597 1215 627 litte-

160 652 260 673 ratorie
273 651 414 672 nunciare.

196 721 264 753 Dat.
283 721 355 761 apud
371 721 571 759 Aberconwey
585 720 660 750 sexto
677 719 722 750 die
743 718 854 758 Aprilis.

164 855 324 886 Conventio
339 864 408 885 cum
433 854 544 884 Comite
559 851 661 883 Gelriae
678 847 783 882 habita
792 850 882 895 fhper
904 847 988 880 mille
1008 845 1166 880 Militibus
1187 849 1217 877 in

565 899 694 945 fi’rvitio
712 902 808 945 Regis.

14 981 90 1014 Ann-
106 981 146 1012 D·
162 988 233 1049 N
243 988 299 1019 OS
319 987 477 1027 Henricus,
487 988 657 1025 Prceposirus
673 986 879 1026 Embricensis,
899 987 932 1018 &
946 981 1216 1027 Theodericus'Ad-

37 1030 120 1060 1295.
253 1036 369 1057 vocatus
392 1027 429 1058 de
451 1027 638 1057 Ruremunde
654 1051 662 1063 ,
688 1027 720 1057 ὃς
745 1026 888 1056 Gerardus
908 1025 944 1056 de
957 1024 1070 1062 Kerek,
1091 1022 1217 1066 Milites,

13 1064 66 1088 Aa.
84 1069 128 1096 23·
160 1067 271 1098 Nuncii
287 1069 319 1097 ὃς
334 1066 535 1096 Procuratores
554 1064 707 1103 spectabilis
726 1064 787 1095 Viri
803 1089 812 1103 ,
839 1063 987 1108 Reginaldi
1002 1062 1126 1093 Comitis
1142 1059 1215 1103 Gel-

13 1103 43 1126 Ε·
68 1109 90 1127 ¹-
158 1108 219 1143 riae,
238 1106 368 1135 habentes
382 1105 496 1142 speciale
514 1104 675 1134 mandatum
690 1103 808 1133 faciendi
822 1102 1100 1133 conroederationem
1112 1100 1145 1130 ὃ(
1154 1108 1216 1127 vrn-

11 1141 68 1164 th.
84 1136 143 1164 Ale·
159 1145 255 1175 culum
269 1144 403 1174 amicitiae
423 1143 543 1181 specialis
557 1167 567 1182 ,
591 1144 662 1172 inter
679 1141 937 1172 excellentissimum
953 1140 1133 1177 Principem,
1149 1137 1215 1167 Do-

14 1185 83 1202 WU‘·
102 1184 147 1210 ²3·
162 1185 270 1213 minum
286 1181 473 1219 Edwardum,
492 1182 607 1218 Regem
622 1180 731 1218 Anglire
746 1180 898 1217 illustrem,
917 1180 950 1210 &
966 1178 1131 1208 Dominum
1149 1185 1215 1205 nos-

12 1217 43 1239 E.
68 1223 88 1241 ¹-
108 1223 143 1243 m·
160 1230 235 1251 trum
253 1220 403 1251 Comitem
419 1220 606 1259 praedid'tum,
625 1218 756 1249 universis
771 1218 947 1257 praesentium
962 1216 1162 1257 inspectoribus
1176 1214 1215 1244 sa-

16 1250 59 1277 ¹⁸·
158 1259 246 1290 lutem
259 1261 287 1289 in
304 1259 445 1289 Domino.

200 1308 224 1328 1.
242 1298 391 1328 Noveritis
404 1309 472 1335 n03,
490 1307 524 1328 ex
538 1298 566 1328 vi
581 1295 722 1332 potestatis
755 1296 836 1326 nobis
852 1296 867 1325 a
881 1295 961 1325 dieto
969 1293 1106 1324 Domino
1115 1290 1213 1322 nostro

156 1337 262 1366 traditae
276 1361 285 1374 ,
311 1336 475 1367 convenisse
488 1346 556 1366 curn
571 1335 705 1365 Domino
721 1319 802 1374 Rege
817 1334 928 1376 Angliae
942 1331 1115 1376 supradicio,
1134 1329 1212 1368 quod

159 1375 233 1405 idem
251 1375 392 1404 Dominus
406 1374 499 1405 noster
515 1374 642 1410 Comes,
659 1383 711 1413 pro
731 1382 849 1403 centum
872 1372 984 1414 milibus
998 1370 1133 1414 librarum
1147 1369 1212 1398 Tu-

157 1414 318 1443 ronenlium
330 1413 382 1472 Ede
395 1414 494 1451 quibus
509 1413 598 1443 dictus
616 1412 760 1442 Dominus
780 1411 844 1441 Rex
865 1409 1006 1448 specstabili
1027 1409 1099 1439 Viro
1115 1432 1124 1446 ,
1144 1406 1213 1437 Do-

157 1454 237 1482 mino
260 1451 308 1481 Gu
330 1453 397 1481 noni
411 1476 420 1490 ,
445 1451 556 1481 Comiti
578 1449 712 1480 Fiandriae
728 1474 736 1487 ,
760 1459 813 1489 pro
835 1449 938 1479 eodem
961 1447 1095 1478 Domino
1109 1445 1208 1476 nostro

159 1489 277 1520 Comite
298 1460 405 1520 geli—ite
420 1514 429 1528 ,
453 1489 592 1526 satisfecit)
616 1488 752 1528 praedisto
772 1488 907 1518 Domino
929 1485 1008 1524 Regi
1023 1485 1104 1525 (dum
1117 1494 1211 1528 tamen

158 1539 206 1566 per
234 1529 291 1559 hoc
320 1538 397 1558 mare
426 1528 615 1567 Anglicanum
642 1537 702 1557 non
732 1526 857 1562 transeat)
880 1525 1056 1564 personaliter
1076 1524 1211 1566 deserViet

158 1568 311 1606 sumptibus
331 1567 382 1597 suis
401 1568 520 1605 propriis
533 1591 542 1604 ,
568 1565 697 1606 periculis
711 1566 744 1596 &
760 1565 895 1605 expensis,
914 1573 983 1594 cum
997 1563 1073 1593 mille
1086 1563 1212 1593 homini-

160 1606 211 1636 bus
226 1606 335 1635 armatis
348 1607 501 1644 equitibus,
518 1615 566 1642 per
580 1613 668 1634 unum
683 1603 834 1633 dimidium
844 1613 952 1634 annum
967 1603 1126 1640 integrum,
1139 1611 1210 1631 con-

156 1653 198 1674 tra
213 1644 407 1682 quoscumque
422 1644 570 1681 (Dominis
605 1641 741 1680 Adolpho
758 1641 959 1672 Romanorum
973 1640 1071 1678 Rege,
1093 1639 1211 1670 Siffrido

158 1682 347 1713 SacrolanFtae
372 1682 549 1713 Coloniensis
577 1666 710 1711 licciefiae
731 1679 955 1718 Archiepiscopo
970 1703 980 1716 ,
1007 1679 1040 1710 &
1063 1678 1210 1722 Guydone

157 1720 276 1751 Comite
298 1721 434 1751 Flandrize
450 1746 459 1759 ,
483 1720 615 1751 duntaxat
636 1719 770 1757 exceptis)
790 1720 805 1748 a
819 1719 882 1756 die,
900 1728 959 1756 quo
971 1717 1046 1747 idem
1063 1716 1210 1760 Dominus

156 1759 252 1789 noster
274 1759 383 1790 Comes
405 1760 530 1797 Gelriae,
550 1769 598 1797 per
614 1758 760 1796 praefatum
776 1757 938 1787 Dominum
952 1755 1066 1796 Regem
1080 1755 1209 1795 Anghae,

155 1798 201 1829 vel
216 1809 263 1835 per
276 1798 336 1828 suos
349 1798 485 1828 Nuncios
501 1801 580 1835 iuper
595 1797 651 1827 hoc
667 1797 749 1826 fuerit
762 1796 950 1843 praemunitus.
1020 1834 1024 1838 ²

196 1836 242 1866 Ad
256 1837 333 1875 quod
349 1836 462 1874 quidem
476 1837 618 1866 servitium
631 1835 776 1872 complete
791 1835 824 1865 &
841 1833 959 1864 fideliter
972 1832 1133 1864 faciendum
1147 1857 1156 1870 ,
1175 1841 1206 1863 ut

155 1875 323 1912 praedit‘tum
344 1875 383 1905 est
399 1899 408 1913 ,
431 1875 589 1914 oblgzimus
611 1874 759 1911 praefatum
775 1872 940 1904 Dominum
959 1871 1090 1904 nostrum
1103 1870 1208 1902 Comi-

156 1923 214 1943 tem
235 1913 342 1943 Gelriae
355 1937 364 1952 ,
381 1914 503 1944 haerede>
518 1915 551 1944 &
564 1911 731 1943 succellores
746 1910 807 1942 suos
821 1911 1017 1950 quoscumque
1025 1933 1040 1952 ².
1053 1910 1104 1940 sub
1119 1909 1207 1948 poena

156 1951 306 1982 amillionis
321 1953 353 1983 ὅ(
370 1953 568 1983 incurramenti
582 1952 712 1981 omnium
729 1959 864 1980 terrarum
885 1950 918 1980 ὃς
932 1949 1133 1987 possellionum
1149 1948 1208 1979 sua-

154 2001 237 2029 rum,
252 1991 280 2020 in
297 1991 422 2021 manibus
435 1991 503 2021 dicti
520 1990 643 2020 Domini
654 1989 795 2027 Adolphi,
813 1987 922 2018 illustris
936 1988 1139 2018 Romanorum
1146 1986 1208 2017 Re-

154 2030 210 2066 gis,
229 2031 261 2060 &
274 2030 392 2059 aliorum
409 2031 437 2060 in
450 2030 525 2060 idem
540 2029 676 2068 Regnum
689 2027 914 2065 succedentium,
932 2025 1132 2064 capiendarum
1148 2025 1205 2056 sine

153 2067 386 2098 contradictionis
407 2067 556 2099 obstaculo
573 2066 796 2105 cujuscumque,
817 2065 983 2096 subicientes
997 2064 1090 2104 ipsum
1104 2063 1208 2094 coher-

153 2107 231 2136 cioni
253 2107 286 2137 &
306 2106 474 2137 distriffioni
495 2106 563 2136 sedis
578 2105 768 2142 Apostolicae,
788 2114 852 2142 quae
866 2103 951 2142 possit
964 2103 1053 2140 ipsum
1070 2104 1103 2134 &
1117 2102 1206 2132 hiere-

153 2144 202 2174 des
217 2144 294 2183 suos,
314 2146 332 2175 si
346 2146 375 2176 in
390 2145 469 2176 ditio
482 2145 591 2175 servitio
603 2143 734 2174 faciendo
746 2143 881 2174 defecerit
895 2166 905 2181 ,
923 2151 973 2180 per
987 2141 1132 2172 censuram
1147 2140 1207 2172 Ec-

151 2182 332 2214 clesiasticam
343 2183 504 2214 cohercere.

191 2232 220 2251 2.
239 2221 434 2257 Promittimus
445 2224 545 2259 etiam,
564 2220 644 2259 quod
657 2221 736 2251 dieto
748 2220 881 2251 Domino
892 2219 968 2259 Regi
981 2219 1097 2256 Angliae
1111 2219 1208 2250 haberi

156 2260 292 2290 faciemus
304 2260 403 2290 litteras
418 2260 672 2291 Communitatum
687 2259 822 2289 Villarum
837 2258 873 2288 de
887 2257 1083 2296 Herderwyk,
1101 2257 1137 2288 de
1153 2258 1207 2288 Su-

156 2299 283 2337 thesten,
299 2298 336 2328 de
356 2299 560 2338 Douseburgh,
580 2298 615 2328 de
640 2298 784 2336 Arneym,
798 2297 833 2327 de
846 2296 979 2337 Emyrik‚
995 2296 1032 2326 de
1048 2297 1209 2335 Whough,

153 2337 189 2367 de
204 2337 337 2375 Bomele,
355 2338 390 2367 de
404 2337 508 2376 Gelre,
526 2336 561 2366 de
574 2336 727 2375 Wensgie‚
742 2336 779 2366 de
795 2335 980 2365 Ruremunde
996 2358 1005 2374 ,
1023 2335 1056 2365 &
1069 2334 1105 2365 de
1121 2335 1153 2365 N
1157 2345 1207 2365 eu-

153 2375 266 2413 westat,
286 2386 334 2414 per
369 2386 414 2406 uas
428 2376 513 2406 dietae
527 2374 755 2405 Communirates
768 2374 794 2404 se
806 2374 993 2411 obligabunt,
1012 2374 1045 2404 ὃς
1060 2374 1210 2412 curabunt,

153 2414 232 2452 quod
246 2415 336 2445 dietus
383 2416 496 2445 ominus
509 2413 604 2445 noster
617 2412 727 2444 Comes
743 2412 850 2443 Geiriae
865 2413 961 2443 omnia
982 2412 1122 2449 praerniss‘a
1138 2411 1207 2442 fide-

153 2453 215 2484 liter
231 2453 398 2484 observabit.

193 2492 282 2531 Qod
307 2492 326 2522 si
341 2515 350 2530 ,
377 2493 406 2522 in
429 2491 625 2522 observatione
651 2489 861 2528 praemissorum
878 2514 888 2527 ,
914 2488 1049 2520 defecerit
1061 2511 1070 2526 ,
1096 2488 1205 2520 eaedem

154 2529 382 2561 Communitares
400 2530 498 2561 eadem
521 2528 627 2561 servitia
649 2530 693 2560 sua
713 2537 831 2566 extunc,
848 2528 940 2558 eidem
956 2527 1090 2558 Domino
1106 2527 1206 2558 nostro

154 2567 266 2599 Comiti
284 2569 391 2599 Gelriae
412 2569 488 2600 licite
509 2569 668 2600 subtrahent
683 2592 693 2606 ,
716 2568 750 2598 &
765 2567 816 2597 sibi
830 2568 858 2597 in
873 2567 967 2605 aliquo
978 2576 1038 2597 non
1052 2566 1206 2606 obedient,

152 2617 205 2637 nec
218 2607 371 2638 intendent.

191 2646 280 2683 Super
305 2647 403 2685 quibus
423 2645 536 2676 servitiis
560 2645 592 2676 &
613 2643 783 2675 obedientiis
798 2668 808 2682 ,
836 2643 873 2674 sic
889 2643 1095 2682 subtrahendis,
1113 2643 1204 2675 dietus

155 2683 300 2714 Dominus
316 2685 410 2714 noster
424 2683 532 2715 Comes
545 2683 668 2721 Gelriae,
682 2683 784 2713 litteras
796 2682 852 2713 suas
866 2690 987 2720 patentes
1003 2682 1138 2713 Domino
1146 2682 1208 2712 Re-

154 2723 181 2761 gi
194 2722 322 2762 Angliie,
341 2724 372 2753 ὃ(
385 2723 584 2753 nichilominus
600 2722 718 2760 praefatis
734 2720 996 2752 Communitatibus
1011 2720 1072 2751 fieri
1086 2721 1120 2752 ὅς
1133 2721 1206 2752 libe-

154 2762 205 2791 rari
222 2762 321 2799 faciet,
339 2761 489 2802 separatim.

192 2808 216 2838 3.
235 2799 347 2838 Insuper
368 2801 559 2838 promittimus
572 2824 581 2837 ,
614 2797 692 2837 quod
711 2797 787 2828 idem
808 2797 953 2827 Dominus
975 2797 1071 2828 noster
1093 2796 1204 2828 Comes

152 2838 255 2868 Gelrioe
266 2838 457 2876 juramentum
474 2837 615 2876 praestabit
629 2837 792 2876 corporale,
810 2837 838 2865 in
854 2835 999 2874 praesentia
1012 2835 1080 2865 dicti
1097 2835 1206 2866 Domi-

150 2878 179 2906 ni
203 2876 424 2915 Archiepiscopo
444 2875 624 2907 Coloniensis
638 2900 647 2913 ,
670 2876 703 2906 δε
724 2874 847 2904 Domini
863 2874 1007 2905 Eustachii
1021 2874 1057 2904 de
1069 2873 1204 2905 Gardinis

152 2914 254 2982 illlisliris
266 2915 376 2983 ,iquod
398 2916 497 2946 omnia
510 2917 543 2947 &z
559 2915 663 2954 lingula
677 2912 815 2952 praemiffa
828 2912 945 2943 fideliter
959 2914 992 2945 &
1008 2913 1203 2944 inviolabiliter

150 2962 170 2982 o
202 2963 265 2983 erva
287 2963 315 2984 it.

188 2990 225 3021 Et
239 3002 305 3029 nos,
322 2992 432 3022 Nuncii
446 2991 590 3029 proedieti,
608 2991 641 3021 ad
655 2990 753 3021 omnia
767 2989 907 3028 praemissa
919 2989 1107 3028 observanda,
1125 2990 1204 3020 radiis

151 3028 326 3060 sacrosanctis
346 3029 531 3068 Ewangeliis,
550 3031 577 3059 in
591 3031 714 3060 animam
735 3029 805 3059 diCti
828 3028 950 3059 Domini
964 3028 1053 3059 nostri
1062 3030 1204 3067 juramen-

149 3075 213 3097 tum
230 3067 405 3106 praestitimus
418 3069 572 3106 corporale.

190 3115 218 3144 4.
237 3106 327 3145 Qiod
342 3107 374 3143 si,
394 3107 465 3139 iuxta
478 3107 700 3144 ordinationem,
720 3107 790 3136 inter
803 3104 894 3136 dic-”tos
908 3105 1072 3136 Dominum
1086 3105 1201 3144 Regem

152 3144 263 3174 Antrliae
285 3145 318 3174 ὃς
340 3145 358 3163 ³*
379 3144 528 3174 Comitem
552 3145 685 3175 Flandriae
702 3146 816 3181 initam,
835 3153 906 3174 terra
920 3143 1062 3181 saepedicH
1076 3142 1201 3174 Domini

150 3170 237 3212 noffri
267 3182 390 3213 Comitis
414 3182 544 3220 Gelriae,
574 3185 602 3212 in
626 3184 752 3213 manibus
774 3182 901 3219 praedisti
924 3182 1050 3212 Domini
1073 3180 1199 3213 Comitis

151 3221 287 3252 Flandriae
302 3221 435 3258 existens,
450 3221 541 3251 eidem
557 3221 691 3251 Domino
703 3220 801 3250 nostro
816 3221 927 3251 Comiti
941 3220 1048 3251 Gelriae
1062 3229 1122 3250 non
1136 3221 1198 3251 fue-

8 3147 23 3164 *
34 3148 138 3183 Il.675.

600 158 1850 220 CONVENTioNES,L1TERAE,

2327 239 2404 279 An'n.
2418 248 2462 282 D.

2351 296 2436 326 1295.

1392 344 1440 374 De
1453 341 1594 388 praediffa
1612 346 1809 377 conventione
1825 354 1895 376 cnm
1915 345 2029 376 Comite
2044 343 2160 378 Gelriae.
2327 327 2395 355 ’ἥτ’
2419 337 2442 355 ¹'

1251 430 1385 492 REX
1410 431 1562 478 omnibus,
1579 431 1614 462 ad
1629 443 1700 470 quos
1717 433 1777 476 &c.
1795 431 1919 463 salutern.
2130 472 2136 478 ·
2327 442 2380 469 An.
2396 450 2441 478 23·

1330 468 1479 498 Noveritis
1491 469 1572 506 quod
1586 480 1654 501 cum
1670 470 1832 508 l-Ienricus,
1850 470 2019 508 Praepofitus
2034 470 2227 503 Embricenfis
2241 496 2252 511 ,
2273 473 2308 504 δε
2327 483 2355 505 Ε.
2382 489 2407 506 ι.

1246 505 1448 549 Theudoricus
1471 507 1636 538 Advocatus
1657 508 1693 538 de
1714 508 1917 546 Ruremunde,
1934 510 1968 540 &
1983 508 2127 540 Gerardus
2140 510 2178 541 de
2191 511 2306 549 Kerek,
2326 516 2428 546 thiam».

1250 543 1360 588 Milites
1373 569 1382 582 ,
1409 543 1521 588 Nuncii
1539 547 1572 577 &
1595 546 1794 577 Procuratores
1814 547 1969 585 spectabilis
1981 546 2063 585 Viri,
2080 547 2231 586 Reginaldi
2244 549 2309 581 Co-

1248 591 1323 612 mitis
1336 582 1460 621 Gelrxae,
1478 583 1611 615 habentes
1630 585 1746 622 speciale
1767 585 1932 616 mandarum
1945 585 2064 616 faciendi
2079 587 2303 620 confoederatio-

1248 629 1316 663 nem
1339 622 1373 651 &
1394 621 1542 652 vinculum
1559 624 1689 653 amicitiae
1699 622 1821 661 specialis
1831 648 1841 661 ,
1858 625 1930 654 inter
1945 634 1996 654 nos
2009 625 2042 655 δε
2058 624 2227 661 praediecum
2242 626 2310 657 Co-

1250 668 1370 697 mitem,
1388 668 1423 688 ex
1432 660 1466 702 'vi
1477 660 1619 698 potestatis
1634 662 1671 691 eis
1685 662 1721 691 ab
1740 661 1844 692 eodem
1864 661 1984 692 Comite
2004 662 2111 694 traditae
2127 687 2136 702 ,
2155 666 2309 697 convenis-

1249 696 1308 739 sent
1329 697 1410 740 quod
1430 697 1506 728 idem
1527 698 1638 730 Comes
1652 723 1662 738 ,
1677 710 1730 738 pro
1745 709 1863 730 centum
1877 700 1988 731 milibus
2000 700 2136 732 librarum
2147 702 2305 734 Turonen-

1251 739 1322 764 imm
1344 744 1490 766 mororum
1511 736 1559 774 (de
1579 738 1680 776 quibus
1702 739 1844 777 spectabili
1863 738 1936 769 Viro
1951 763 1961 777 ,
1986 739 2120 771 Domino
2142 740 2283 780 Guydoni

1250 771 1364 817 Comiti
1373 759 1522 818 *Flandriae
1536 800 1546 814 ,
1565 786 1619 813 pro
1630 776 1734 807 eodem
1748 776 1868 807 Comite
1881 776 2006 815 Gelriae,
2025 788 2074 815 per
2089 789 2143 809 nos
2155 778 2292 811 solvendis

1250 813 1333 842 nobis
1357 812 1535 849 personaliter
1554 815 1688 845 deserviet
1703 838 1713 853 ,
1731 825 1800 846 cum
1812 814 1892 845 mille
1905 815 2068 846 hominibus
2081 819 2193 848 armatis
2205 820 2308 856 equiti-

1250 851 1302 880 bus
1312 873 1321 888 ,
1336 860 1386 887 per
1399 861 1488 881 unum
1500 851 1649 883 dimidium
1663 863 1771 883 annum
1784 855 1923 892 integrum
1932 878 1941 890 ,
1961 863 2060 884 contra
2073 856 2284 895 quoscumque:

1289 888 1328 918 Et
1346 889 1471 919 eundem
1492 888 1641 921 Comitem
1660 891 1768 921 Gelriae
1789 892 1823 922 ad
1840 893 1897 922 hoc
1910 891 2097 931 obligassent,
2115 894 2149 924 &
2162 896 2306 933 promisis-

1249 925 1308 956 sent
1328 927 1407 964 quod
1426 929 1629 959 nobishabere
1648 928 1771 960 facerent
1792 930 1892 961 litteras
1912 928 2162 962 Communitatum
2184 943 2307 972 quarun-

1249 965 1315 995 dam
1330 965 1482 1004 Villarum,
1501 967 1581 1006 ipiius
1596 967 1736 998 Comitis:

1287 1003 1342 1034 Per
1364 1015 1430 1041 quas
1449 1005 1558 1035 eaedem
1579 1005 1810 1037 Communitates
1829 1005 1857 1036 se
1869 1005 2041 1046 obligarent,
2059 1008 2137 1047 quod
2150 1009 2226 1040 idem
2242 1010 2306 1043 Co-

1252 1051 1311 1071 mes
1326 1041 1434 1073 Gelriae
1447 1045 1545 1074 omnia
1559 1044 1698 1081 praemiffa
1709 1044 1828 1075 fideliter
1840 1044 2010 1076 observabit:

1288 1080 1326 1111 Et
1344 1081 1422 1120 quod
1436 1104 1446 1118 ,
1471 1082 1491 1112 fi
1511 1081 1587 1112 idern
1605 1082 1714 1114 Comes
1731 1084 1759 1113 in
1776 1082 1970 1113 observatione
1985 1084 2191 1121 praemifforum
2203 1086 2308 1119 defice-

1252 1127 1310 1163 ret,
1324 1119 1438 1163 ‘ez—edem
1453 1119 1685 1152 Communitates
1697 1130 1801 1152 extunc
1821 1120 1928 1152 servitia
1941 1121 1987 1152 sua
2001 1121 2093 1152 eidem
2109 1122 2220 1155 Comiti
2233 1125 2308 1157 Ge1⁴

1248 1167 1298 1188 riae
1312 1158 1389 1189 lieite
1405 1159 1597 1190 subtraherent
1607 1183 1617 1198 ,
1635 1161 1668 1192 &
1683 1160 1734 1190 fibi
1747 1161 1775 1190 in
1788 1159 1884 1198 aliquo
1898 1169 1959 1190 non
1972 1160 2137 1192 obedirent:

1287 1195 1325 1226 Et
1343 1198 1428 1228 etiam
1449 1197 1528 1235 quod
1541 1198 1618 1229 idern
1639 1198 1750 1229 Comes
1765 1197 1888 1236 Gelriae,
1905 1198 1984 1237 super
1997 1198 2111 1230 servitiis
2124 1200 2158 1230 &
2172 1201 2309 1233 obedien-

1249 1235 1292 1265 t³is
1312 1234 1399 1266 taliter
1422 1237 1631 1276 subtrahendis,
1654 1237 1756 1268 litteras
1781 1236 1838 1267 suas
1857 1245 1982 1274 patentes
2003 1238 2086 1268 nobis
2099 1261 2110 1277 ,
2133 1239 2167 1270 &
2188 1240 2309 1277 praefatis

1249 1272 1512 1306 Communitatibus
1528 1275 1674 1313 separatim
1689 1275 1748 1306 fieri
1763 1274 1867 1305 faceret
1881 1275 2006 1306 liberari:

1286 1311 1458 1351 insuperque
1472 1314 1674 1352 promisissent,
1689 1313 1768 1353 quod
1783 1313 1861 1344 idem
1875 1312 1984 1344 Comes
1999 1312 2107 1345 Gelriae
2115 1316 2308 1354 juramentum

1246 1349 1281 1380 ad
1304 1350 1361 1381 hoc
1384 1351 1527 1389 praestaret
1547 1353 1694 1390 corporale
1708 1377 1718 1391 ,
1737 1361 1821 1390 prout
1834 1353 1862 1382 in
1877 1352 2002 1390 quodam
2016 1353 2136 1392 scripto,
2153 1353 2233 1394 super
2247 1356 2307 1387 hoc

1247 1387 1284 1417 de
1298 1389 1433 1420 consensu
1446 1390 1589 1422 ditiorum
1604 1391 1794 1422 Nunciorum
1808 1389 1961 1427 confecto,
1979 1392 2013 1422 &
2027 1392 2116 1431 sigillis
2129 1393 2182 1423 suis
2194 1395 2309 1433 consig-

1246 1435 1330 1465 nat0,
1349 1438 1432 1468 penes
1445 1439 1497 1459 nos
1512 1429 1665 1468 residente,
1683 1430 1789 1468 plenius
1806 1430 1985 1467 continetur,

1285 1465 1424 1535 Vglumus
1433 1492 1442 1506 ,
1458 1468 1491 1498 δε
1506 1467 1711 1507 concedimus,
1720 1468 1754 1499 ὃτ-
1770 1476 1870 1499 tenore
1884 1467 2064 1506 praesentium
2075 1470 2308 1508 recognoscimus

1249 1514 1309 1542 quo
1337 1528 1347 1543 7

1286 1542 1315 1573 Si
1359 1543 1473 1575 raedieta
1499 1553 1617 1576 centum
1645 1545 1722 1576 milia
1744 1545 1877 1575 librarum
1897 1544 2110 1576 Turonensium
2133 1547 2281 1584 nigrorum
2296 1574 2308 1588 ,

1247 1581 1334 1618 praedi
1365 1593 1385 1613 o
1406 1582 1517 1614 Comiti
1539 1584 1646 1615 Gelriae
1659 1607 1669 1622 ,
1690 1594 1741 1622 per
1756 1582 1924 1623 praedictum
1942 1582 2092 1615 Comitem
2107 1584 2262 1625 Flandriae,
2277 1589 2306 1618 in

1245 1619 1360 1660 debito,
1380 1622 1409 1651 in
1425 1632 1484 1660 quo
1500 1621 1577 1652 idem
1595 1621 1706 1653 Comes
1717 1621 1826 1653 Gelriae
1840 1620 1959 1660 praefato
1975 1620 2090 1654 Comiti
2104 1622 2128 1653 F
2129 1623 2244 1656 landriae
2265 1634 2309 1657 te-

1246 1667 1346 1698 netur,
1363 1670 1424 1691 non
1439 1661 1522 1692 fuerit
1535 1661 1668 1699 auocata,

1285 1697 1338 1727 Vel
1354 1698 1433 1736 quod
1449 1707 1519 1730 terra
1536 1699 1616 1738 ipsius
1633 1699 1758 1730 Comitis
1780 1698 1890 1730 Gelriae
1904 1722 1914 1737 ,
1939 1699 1969 1729 in
1982 1707 2070 1730 manu
2085 1698 2167 1737 ipsius
2182 1700 2310 1734 Comitis

1250 1735 1404 1779 Elandriae,
1422 1737 1573 1768 occasione
1587 1738 1676 1769 debiti
1692 1737 1818 1776 praedicti
1835 1736 1954 1768 existens
1967 1761 1977 1776 ,
1995 1737 2089 1768 eidem
2100 1737 2214 1770 Comiti
2231 1740 2307 1772 Gel-

1246 1784 1295 1803 riae
1320 1785 1380 1805 non
1401 1776 1484 1807 fuerit
1504 1776 1628 1807 restituta
1643 1787 1693 1814 per
1708 1777 1810 1807 litteras
1825 1774 1933 1806 nostras
1948 1775 1983 1806 de
1999 1776 2167 1815 quietantia,
2184 1788 2251 1816 quas
2266 1781 2307 1810 ei-

1246 1811 1315 1843 dem
1331 1813 1443 1845 Comiti
1453 1815 1476 1844 F
1477 1815 1588 1845 landriae
1603 1815 1670 1846 inde
1682 1814 1878 1845 transmisimus
1887 1838 1897 1852 ,

1281 1850 1427 1890 Scriptum
1449 1854 1618 1891 praedictum
1633 1878 1642 1892 ,
1668 1855 1701 1885 &
1723 1853 1820 1884 litterae
1842 1861 2033 1891 quaecumque
2068 1861 2216 1892 tangentes
2229 1855 2305 1887 istud

1241 1888 1349 1920 fastum
1364 1915 1373 1928 ,
1401 1901 1451 1928 per
1474 1892 1551 1930 quod
1565 1917 1575 1930 ,
1600 1892 1646 1923 vel
1662 1901 1728 1930 quas
1743 1915 1753 1930 ,
1771 1891 1848 1922 idem
1862 1889 1974 1921 Comes
1987 1890 2035 1921 Ge
2060 1892 2111 1930 iae,
2129 1901 2176 1923 aut
2190 1893 2305 1925 Nuncii

1241 1927 1279 1957 sui
1302 1929 1431 1966 praedieti
1446 1954 1455 1967 ,
1480 1931 1526 1961 seu
1545 1931 1721 1969 quicumque
1733 1930 1796 1968 alii,
1817 1937 1948 1967 poterunt
1961 1938 2028 1966 erga
2042 1940 2094 1960 nos
2109 1931 2137 1960 in
2153 1931 2210 1962 hoc
2226 1931 2307 1963 facito

1246 1966 1399 2036 ἓῐζίςᾳώἰῑετ
1413 1969 1549 2009 obligari,
1566 1979 1620 2008 pro
1635 1969 1714 2000 nullis
1735 1969 1888 1999 habeantur
1902 1992 1913 2006 ,
1931 1967 1969 1999 set
1982 1969 2064 1999 omni
2076 1969 2180 2001 virture
2194 1979 2305 2002 careant

1295 2015 1402 2045 vrgore.

1282 2043 1316 2074 In
1328 2047 1423 2084 cujus,
1441 2045 1501 2077 &c.

1279 2119 1340 2152 Dat
1354 2131 1385 2153 ut
1399 2121 1486 2160 supra.

1244 2260 1263 2281 ¹¹¹
1284 2259 1410 2304 Stffrido
1426 2259 1651 2308 Archiepisc'opo
1669 2261 1843 2304 Coloniensi,
1870 2260 1906 2293 de
1932 2260 1980 2293 die
2006 2259 2051 2293 ad
2068 2261 2301 2296 conveniendum
2319 2263 2450 2301 *11.676.

1364 2320 1433 2341 cum
1452 2313 1529 2357 Rege
1547 2311 1708 2344 Alemaniae
1726 2308 1884 2356 assignato,
1909 2312 1946 2348 (ῥ’
1963 2308 1999 2341 de
2019 2307 2181 2344 credentia.

1246 2401 1445 2462 EDwardus
1460 2428 1469 2441 ,
1495 2404 1556 2435 ὅτε.
1575 2403 1727 2433 venerabili
1748 2403 1778 2432 iri
1799 2401 1919 2433 Christo
1933 2402 2025 2441 Patri,
2044 2402 2180 2434 Domino
2193 2404 2223 2435 S.
2244 2405 2302 2437 Dei
2322 2406 2397 2439 Ann.
2407 2407 2449 2443 D.

1322 2441 1432 2480 gratia,
1457 2441 1569 2472 Sanctae
1594 2441 1773 2471 Coloniensis
1800 2440 1936 2471 Eccleiiae
1957 2440 2180 2480 Archiepiscopo
2195 2466 2204 2481 ,
2227 2443 2304 2476 Sacri
2349 2456 2434 2488 1295.

1244 2477 1360 2517 Imperii
1374 2490 1424 2517 per
1438 2479 1562 2511 Ytaliam
1578 2479 1831 2523 Archicancellario
1840 2503 1850 2519 ,
1868 2481 1901 2511 &
1914 2479 2071 2511 Secretario
2083 2480 2134 2511 suo
2150 2481 2304 2523 cariffimo,
2319 2488 2372 2514 An.
2386 2498 2437 2526 ²3*

1244 2516 1359 2548 salutem
1375 2519 1408 2549 &
1425 2518 1540 2549 sincerae
1555 2519 1716 2549 dile&ioms
1731 2519 1877 2549 aflectum.
2319 2527 2349 2551 Ε.
2376 2536 2400 2554 1.

1279 2555 1329 2586 De
1348 2556 1395 2586 dili
1416 2557 1492 2588 entia
1508 2558 1541 2589 &
1555 2557 1659 2595 opera,
1679 2567 1745 2595 quas
1781 2565 1811 2588 ut
1825 2557 1883 2587 dies
1897 2556 1991 2587 Sanffi
2002 2556 2141 2596 Johannis
2153 2557 2301 2598 Bamtstae,
2318 2565 2375 2591 Rot.
2387 2565 2451 2592 Ale-

1242 2596 1375 2632 proximo
1403 2605 1512 2634 uturus,
1530 2596 1564 2627 ad
1580 2606 1666 2634 quem
1681 2614 1694 2618 -
1710 2614 1724 2618 -
1740 2582 1803 2626 Rex
1830 2595 2006 2626 Alemanniae
2028 2597 2061 2627 &
2082 2606 2135 2626 nos
2148 2600 2303 2630 convenire
2319 2610 2389 2631 man.
2406 2613 2452 2639 23.

1241 2632 1426 2672 deberemus,
1442 2635 1651 2673 observaretur,
1668 2633 1845 2672 adhibuistis,
1864 2633 2024 2665 Paternitati
2038 2634 2139 2665 vestrae
2173 2645 2241 2667 rates
2258 2647 2302 2668 re·
2318 2642 2348 2666 Ε.
2373 2652 2397 2670 1.
2413 2650 2451 2670 m.

1241 2671 1506 2741 ῗεῑὶἕῃυέζῇξείὼε
1520 2696 1530 2712 ,
1554 2673 1756 2712 perpendentes
1777 2672 1855 2711 quod
1876 2672 1907 2702 id
1922 2672 2025 2704 fecistis
2037 2682 2090 2711 pro
2104 2676 2155 2704 nol
2171 2684 2205 2704 ro
2219 2685 2304 2709 com-
2322 2689 2331 2707 ι
2337 2687 2365 2714 7.

1241 2719 1292 2740 mo
1312 2721 1332 2741 0
1416 2722 1516 2742 onore.

1277 2748 1331 2786 Et,
1351 2751 1417 2787 quia
1438 2749 1556 2780 dilectus
1578 2749 1708 2780 Clericus
1729 2748 1826 2779 noster
1842 2748 1980 2787 Magister
1993 2748 2131 2780 Gerlacus
2143 2749 2179 2780 de
2192 2749 2298 2782 Gardi-

1241 2787 1283 2816 nis
1299 2811 1308 2824 ,
1334 2787 1472 2825 Aquensis
1492 2788 1627 2818 Ecclesiae
1646 2787 1810 2818 Canonicus
1825 2809 1836 2825 ,
1862 2788 1944 2817 nobis
1968 2787 2098 2824 quaedam
2119 2787 2223 2818 secreta
2236 2812 2246 2828 ,
2266 2796 2302 2820 ex

1241 2833 1316 2862 parte
1329 2825 1438 2865 vestra,
1446 2827 1539 2856 retulit
1551 2825 1618 2856 viva
1632 2835 1709 2856 voce
1726 2825 1819 2863 (super
1835 2825 1936 2863 quibus
1947 2826 1972 2854 ei
1986 2824 2112 2855 nostram
2121 2826 2301 2864 exposuimus

1237 2863 1413 2894 voluntatem
1425 2865 1509 2895 vobis
1524 2864 1632 2902 plenius
1646 2862 1841 2899 intimandam)
1850 2862 2004 2901 specialiter
2019 2872 2072 2893 vos
2090 2872 2221 2903 rogamus
2230 2875 2299 2904 qua.

1239 2903 1330 2940 tinus,
1348 2902 1427 2940 super
1442 2903 1512 2940 illis,
1530 2902 1623 2932 eidem
1637 2901 1764 2932 Gerlaco
1780 2901 1892 2939 plenam
1906 2900 1992 2931 fidem
2007 2901 2139 2932 adhibere
2154 2905 2275 2943 curetis,

1276 2940 1334 2972 Cui
1356 2940 1471 2978 quidem
1493 2941 1619 2971 Gerlaco
1641 2940 1749 2970 liberari
1768 2940 1887 2970 fecimus
1906 2939 2008 2969 litteras
2030 2939 2138 2970 nostras
2161 2940 2299 2974 Domino

1241 2978 1313 3018 Regi
1335 2978 1512 3009 Alemanniae
1533 2979 1671 3010 dimistas:
1701 2988 1820 3016 quarum
1841 2978 2037 3016 transcriptum
2059 2979 2139 3009 vobis
2161 2981 2300 3012 mittimus

1239 3018 1418 3055 praesentibus
1432 3017 1632 3055 interclusum,
1651 3025 1780 3054 rogantes
1792 3023 1824 3046 ut
1844 3016 1946 3047 litteras
1967 3016 2024 3046 illas
2038 3017 2155 3054 praefato
2170 3017 2244 3058 Regi
2258 3019 2298 3050 fa-

1242 3057 1335 3094 ciatis,
1352 3066 1403 3095 per
1423 3055 1537 3086 dictum
1560 3056 1708 3087 Clericum
1734 3054 1865 3085 nostrum
1878 3078 1888 3094 ,
1906 3054 2064 3093 praesentari
2080 3078 2090 3094 ,
2104 3064 2175 3087 cum
2187 3065 2300 3097 tempus

1237 3094 1272 3124 ad
1285 3095 1343 3125 hoc
1357 3094 1479 3126 videritis
1494 3103 1678 3132 oportunum.
1884 3102 1888 3106 ⁴

1274 3170 1342 3202 Dat.
1364 3170 1438 3210 apud
1455 3170 1659 3211 Abercomvey
1673 3170 1749 3201 sexto
1765 3170 1811 3200 die
1828 3170 1937 3209 Aprilis.

148 3261 184 3290 rit
206 3259 328 3290 restituta
342 3284 351 3298 ,
377 3268 480 3290 extunc
499 3259 573 3289 dieta
593 3260 681 3290 littera
701 3261 874 3298 quietantiae‚
893 3259 928 3290 ad
949 3268 1200 3298 quorumcumque
1251 3265 1255 3270 ’

150 3308 246 3328 manus
262 3298 423 3336 devenerit,
440 3308 493 3335 pro
507 3297 708 3335 nullo·penitus
720 3299 859 3328 habeatur.

187 3345 213 3373 5.
232 3336 427 3367 Promittimus
448 3338 531 3366 etiam
553 3337 586 3367 ὃς
601 3361 609 3373 ,
635 3337 665 3365 in
688 3337 789 3366 virtute
802 3336 913 3372 praestiti
926 3335 1109 3373 sacramenti,
1127 3346 1200 3373 prse-

150 3374 259 3405 dictum
278 3375 440 3405 Dominum
462 3374 595 3404 nostrum
615 3373 763 3404 Comitem
788 3374 893 3404 Geiriae
913 3375 1071 3413 obligamus
1083 3397 1093 3411 ,
1120 3375 1198 3412 quod

152 3412 226 3442 idern
256 3413 400 3443 Dominus
423 3413 518 3443 noster
538 3413 636 3442 litteras
660 3412 716 3441 suas
739 3422 860 3449 patentes
880 3413 1062 3449 obligatorias
1082 3413 1198 3449 praefato

150 3450 283 3480 Domino
305 3452 379 3490 Regi
401 3451 515 3488 Anglize
530 3475 539 3488 ,
565 3451 624 3480 fieri
645 3452 678 3481 δε
692 3451 801 3480 liberari
816 3451 915 3488 faciet,
931 3451 967 3481 de
980 3450 1119 3488 praedictis
1132 3461 1199 3481 cen-

149 3497 212 3517 turn
225 3490 334 3519 milibus
347 3491 483 3519 librarum
492 3489 702 3519 Turoneniium
717 3490 862 3527 nigrorum
876 3490 1069 3519 solvendarum
1080 3488 1111 3523 (si
1126 3500 1200 3520 con-

150 3527 237 3563 tingat
252 3529 398 3565 praefatum
417 3528 568 3558 Comitem
585 3527 720 3557 Flandriae
735 3538 778 3557 eas
791 3529 869 3557 dicio
884 3527 1017 3558 Domino
1030 3526 1199 3557 nostroCo-

150 3565 213 3593 miti
225 3563 330 3595 Gelriae
345 3567 373 3595 iri
386 3566 482 3596 debito
496 3565 616 3604 ejusdem
635 3565 756 3595 Domini
767 3565 854 3595 nostri
869 3590 878 3602 ,
897 3576 927 3596 ut
943 3566 1120 3605 praemittitur
1132 3590 1142 3603 ,
1161 3567 1200 3596 al-

150 3601 259 3639 locare,
278 3602 309 3631 ὃς
327 3605 414 3641 ipsum
429 3605 592 3634 Dominum
608 3603 736 3634 nostrum
776 3604 923 3634 raediistum
949 3604 1091 3634 servitium
1105 3605 1198 3635 facere

151 3648 211 3667 non
227 3642 381 3681 contingat)
405 3653 470 3680 quas
492 3642 608 3680 quidem
628 3642 729 3671 litteras
773 3643 860 3672 lerico
873 3642 952 3672 dicio
970 3642 1093 3672 Domini
1109 3641 1199 3679 Regis

153 3676 268 3720 Angllee
280 3700 289 3714 ,
313 3688 346 3708 ex
364 3682 447 3710 causis
470 3681 626 3717 praenotatis
641 3681 674 3710 ad
695 3690 783 3717 partes
799 3681 933 3711 Flandriae
950 3681 1104 3719 adjacentes
1117 3690 1199 3711 acce-

150 3713 244 3759 denti,
261 3716 337 3758 idem
348 3716 453 3748 Comes
465 3719 586 3755 Geli-iaz,
606 3718 687 3748 faciet
700 3719 826 3757 liberari,
844 3720 898 3749 una
915 3729 983 3750 cum
997 3719 1094 3750 litteris
1109 3729 1199 3758 nego—

151 3760 222 3782 tium
237 3757 460 3790 contingentibus
477 3757 672 3794 supradictum.

188 3791 215 3834 ᾇ.
235 3789 280 3819 Ad
293 3801 355 3834 quze
371 3794 483 3831 quidem
496 3797 592 3824 omnia
609 3796 641 3825 &
658 3794 778 3832 singula,
798 3803 828 3824 ut
840 3797 1033 3833 praemittitur,
1052 3795 1196 3834 facienda,

150 3827 305 3871 obligamus
330 3828 436 3872 dictum
458 3832 618 3863 Dominum
639 3832 767 3862 nostrum
789 3831 938 3863 Comitem
959 3835 1067 3865 Gelriae
1088 3834 1199 3871 fingulis

149 3859 242 3908 modis
260 3865 377 3909 superius
400 3871 574 3909 nominatis,
601 3870 727 3908 praestito
748 3871 763 3899 {i
787 3872 871 3900 nobis
893 3872 972 3912 super
986 3873 1061 3910 hoc,
1078 3874 1197 3902 nomine

147 3904 277 3946 ejusdem⁸
286 3902 406 3946 Domini
420 3907 506 3948 nostri
516 3931 524 3943 ,
544 3909 683 3947 corporali
698 3908 896 3939 nichilominus
906 3912 1077 3948 juramento.

186 3940 219 3970 In
234 3951 310 3978 cujus
326 3952 363 3970 rei
376 3941 568 3987 testimonium
582 3948 615 3977 &c
631 3948 736 3984 robur,
755 3947 801 3975 has
817 3947 917 3977 litteras
929 3948 1036 3978 nostras
1051 3948 1112 3978 fieri
1126 3949 1196 3979 feci-

148 3988 211 4009 mus
227 3986 363 4016 patentes,
379 3980 411 4009 &
428 3982 581 4017 ligillorurn
596 3984 758 4015 nostrorum
774 3987 930 4017 munimine
943 3987 1126 4018 communiri.

181 4056 250 4089 Dat.
268 4058 340 4097 apud
355 4058 553 4101 Aberconwey
568 4062 643 4094 sexto
654 4064 700 4095 die
715 4064 825 4103 Aprilis.

1236 3313 1397 3344 conventio
1426 3322 1494 3343 cnm
1512 3307 1678 3342 Bralmntiae
1698 3311 1782 3341 Duce
1794 3336 1804 3351 ,
1822 3309 1913 3355 fizper
1921 3309 2070 3355 strvitio,
2097 3310 2298 3356 Regifacicn·

1281 3358 1317 3390 a'o
1334 3386 1343 3400 ‚
1375 3371 1443 3391 cum
1482 3369 1571 3391 2000
1597 3356 1759 3403 Equitibus
1793 3356 2003 3404 Cataphrastis
2017 3382 2027 3398 ,
2059 3368 2163 3391 contra
2188 3362 2300 3406 Regem

1278 3409 1308 3438 F
1306 3411 1420 3441 ranciae.

1235 3490 1374 3550 FAIT
1392 3501 1407 3520 a
1425 3490 1599 3520 remembrer
1616 3490 1663 3529 q’il
1682 3490 1723 3521 est
1741 3501 1757 3521 a
1778 3501 1892 3522 covenu
1911 3501 1929 3521 e
1943 3491 2073 3529 acordei,
2092 3500 2171 3523 entre
2184 3493 2212 3523 le
2225 3493 2296 3532 Roy
2314 3507 2381 3539 Am,
2400 3507 2431 3539 D

1304 3529 1425 3560 Edward
1446 3528 1638 3567 d'Englererre
1656 3530 1740 3560 d'une
1763 3538 1822 3567 part
1836 3553 1846 3568 ,
1870 3540 1886 3559 e
1903 3529 1998 3567 Johan
2022 3529 2093 3560 Duk
2104 3530 2143 3561 de
2158 3531 2245 3562 Loth.
2259 3532 2295 3562 de
2331 3556 2367 3576 12
2385 3533 2390 3538 '
2433 3532 2440 3539 ’

1234 3568 1354 3598 Brabant
1367 3591 1377 3606 ,
1402 3578 1419 3597 e
1439 3567 1475 3596 de
1498 3567 1682 3597 Lembourch
1704 3568 1809 3598 d'autre
1830 3576 1890 3605 part
1906 3592 1916 3606 ,
1933 3567 1977 3598 sur
1991 3567 2016 3598 sa
2027 3565 2178 3607 demeare,
2197 3579 2253 3600 ove
2267 3569 2294 3600 le
2311 3589 2338 3613 A
2370 3557 2414 3585 95'

1235 3606 1320 3674 Roy,
1340 3606 1414 3674 ςηρῖα
1447 3615 1511 3649 uere
1525 3615 1624 3635 contre
1637 3605 1663 3635 le
1678 3605 1747 3645 Roy
1762 3606 1798 3636 de
1813 3605 1920 3636 France
1932 3630 1942 3643 ,
1956 3615 1992 3636 en
2005 3606 2030 3636 la
2044 3606 2139 3637 forme
2151 3617 2207 3646 que
2220 3607 2292 3651 s'en-
2310 3596 2426 3652 gfff-²3⁸

1251 3653 1309 3680 uit,
1329 3655 1372 3674 ce
1409 3654 1423 3673 a
1449 3653 1545 3681 που,

1237 3683 1510 3758 ῃέὶὲἓᾝὲῗῐέἓ
1523 3681 1806 3758 ἰξ-Ξὲἓῗὲἐὲῗῖἓζξ
1813 3680 1995 3751 31¹1th
2005 3681 2025 3751 ‘2
2034 3682 2287 3760 {sssslffft‘issss‘gss
2311 3742 2332 3764 E

1234 3758 1329 3800 deafer
1345 3781 1353 3795 ,
1381 3768 1428 3794 par
1448 3758 1524 3787 demi
1546 3768 1581 3787 an
1596 3783 1604 3796 ‚
1630 3769 1683 3796 pur
1699 3769 1765 3789 cent
1781 3770 1797 3788 e
1809 3759 1924 3789 seisante
1938 3758 2006 3788 mile
2018 3758 2102 3801 lixges
2114 3759 2150 3788 de
2165 3759 2292 3789 Turnois
2315 3760 2348 3805 1'3
2362 3748 2394 3804 ιὰ
2407 3747 2444 3766 m'

1235 3806 1308 3826 norrs
1323 3806 1375 3833 par
1392 3805 1461 3826 tores
1476 3796 1590 3833 choses,
1606 3796 1687 3827 sauve
1700 3797 1743 3827 les
1753 3798 1874 3827 chevaus
1890 3797 2071 3833 d’armes,les
2087 3796 2164 3834 quels
2178 3796 2293 3828 devient
2344 3797 2360 3837 ,Τ
2396 3798 2402 3804 ”

1235 3834 1308 3864 estre
1332 3833 1418 3877 rendu
1431 3858 1440 3872 ,
1466 3844 1500 3863 en
1523 3836 1587 3872 quel
1609 3845 1722 3866 manere
1736 3836 1782 3872 q’il
1797 3835 1885 3865 soient
1899 3834 2006 3872 perduz
2020 3843 2097 3877 apres
2112 3843 2166 3863 ceo
2182 3835 2220 3872 qil
2236 3836 2292 3865 ser-

1235 3881 1302 3939 ¹03?
1317 3876 1422 3910 priiez,
1443 3882 1458 3902 e
1471 3872 1496 3901 le
1512 3872 1551 3903 dit
1568 3873 1636 3912 Roy
1657 3873 1852 3912 d'Engleterre
1867 3872 1927 3902 doit
1934 3881 2058 3918 ,envmer
2069 3871 2095 3900 la
2108 3880 2161 3908 pur
2174 3872 2213 3902 les
2227 3873 2294 3905 faire

1260 3921 1271 3940 1·
1292 3920 1329 3939 er.

1237 3922 1257 3949 p
1269 3959 1297 3978 2.
1317 3947 1342 3978 E
1359 3948 1378 3977 fi
1395 3948 1420 3977 le
1435 3947 1475 3978 dit
1490 3948 1577 3987 Duk,
1595 3960 1634 3980 ou
1655 3950 1704 3980 nul
1725 3949 1762 3979 de
1783 3948 1822 3979 ses
1844 3956 1931 3987 gentz
1944 3945 2069 3976 desusdiz
2080 3945 2170 3977 soient
2185 3949 2258 3987 priS,
2277 3949 2297 3981 li

1232 3986 1377 4017 devantdit
1398 3986 1478 4024 Roys
1501 3987 1694 4026 d'Engleterre
1715 3988 1753 4017 les
1776 3986 1875 4016 rendra
1896 3994 1944 4025 par
1960 3983 2082 4021 prisons,
2100 3994 2139 4014 ou
2153 3996 2200 4023 pai·
2215 3997 2299 4027 pees,

1233 4035 1272 4056 ou
1284 4035 1320 4054 en
1335 4034 1410 4055 autre
1427 4035 1557 4064 manere,
1575 4027 1683 4056 ficome
1697 4025 1716 4054 il
1738 4034 1822 4062 porra
1836 4025 2003 4053 bonement.

1272 4073 1298 4105 3.
1318 4063 1343 4094 E
1358 4062 1419 4095 doit
1435 4065 1638 4096 commencier
1650 4064 1676 4098 le
1690 4063 1771 4094 demi
1785 4071 1821 4093 an
1836 4061 1857 4092 fi
1869 4058 1943 4098 rost,
1963 4067 2050 4090 coine
2070 4059 2097 4091 le
2115 4060 2156 4093 dit
2179 4062 2250 4094 Duk
2270 4063 2298 4095 se

2238 4111 2302 4140 Fare

2311 3709 2380 3727 man.
2398 3710 2444 3737 23.
