2570 4261
735 151 846 191 ET
928 153 1196 195 ACTA

165 234 241 303 gtiod
265 235 348 266 habet
362 234 496 266 dominus
512 233 547 264 E.
560 234 596 265 de
610 233 832 274 Mortuo-mari,
853 237 998 268 inventum
1011 239 1064 269 fuit
1077 241 1106 269 in
1125 239 1227 269 bracali

195 273 322 312 ewelini,
358 273 482 303 nondam
503 273 639 312 Principis
662 274 794 312 Walliae,
811 276 864 304 una
878 285 945 305 cum
961 278 1046 315 tigillo
1058 279 1107 308 suo
1120 288 1225 315 patVO,

166 312 242 350 quod
256 312 304 342 sub
317 283 388 342 sa‘iva
403 313 490 342 teneri
505 311 624 342 facimus
635 311 777 350 custodia,
797 312 929 344 Domino
943 314 1034 355 Regi,
1050 317 1069 346 si
1084 316 1226 355 placuerit,

166 350 416 381 transmittendum.

202 388 246 418 Ex
264 399 318 428 qua
340 387 454 425 quidem
476 387 575 417 cedula
586 387 644 418 satis
658 388 800 424 conjicere
815 388 928 428 potestis
941 392 1017 430 quod
1031 392 1143 429 quidam
1160 390 1227 421 Ma-

17 431 147 467 ‘ll-2²5·
165 435 278 464 gnates,
296 428 383 457 vicini
406 425 611 463 Wallensibus,
627 426 681 455 live
704 426 912 466 Marchieuses,
929 430 984 458 sive
1006 430 1050 458 alii
1064 431 1083 449 ²7⁵
1096 440 1155 459 non
1170 430 1227 459 satis

164 465 227 495 sunt
250 464 375 494 Domini
395 463 482 502 Regis
502 464 679 503 beneplacitis
693 465 864 503 uniformes,
883 477 956 497 circa
971 468 1048 506 quod
1063 468 1227 497 Dominum

167 503 282 541 Regem
305 501 429 532 efficiatis
452 510 567 532 cautum
584 510 614 532 ut
629 503 755 540 expedit,
771 504 806 533 ita
820 514 913 534 tamen
931 506 1025 543 quod,
1044 515 1180 545 quantum
1198 507 1227 535 in

167 541 250 573 nobis
270 541 303 571 ὃς
322 541 404 570 vobis
424 539 482 577 est,
501 540 609 570 nullum
626 541 782 577 periculum
802 544 945 580 proveniat
966 543 1129 583 corporale,
1145 545 1179 575 ὃς
1193 544 1229 574 de

167 579 226 608 hoc
239 577 358 609 sollicite
370 580 497 608 caveatis.

206 616 252 646 Ad
274 617 353 655 haec,
370 618 554 646 intelleximus
574 616 650 655 quod
671 617 800 647 nonnulli
820 618 926 649 Clerici
946 619 1019 658 apud
1034 619 1185 650 Rothelan.
1201 620 1230 649 iri

166 655 341 695 'obprobium
362 654 461 693 Cleri,
486 655 519 685 &
539 653 672 685 Ecclesiae
687 664 887 693 contemptum
901 680 911 694 ,
941 659 1012 687 inter
1038 658 1183 697 praedones
1197 659 1230 688 &

171 693 364 724 malefadtores
379 693 445 724 alios
461 692 567 723 cotidie
581 694 688 730 capitali
702 693 834 724 sententia
848 697 1017 734 puniuntur,
1033 695 1127 735 quod,
1145 706 1181 726 ne
1196 695 1232 726 de

170 740 277 762 'caetero
292 732 356 771 fiat,
372 731 472 762 vestrae
486 730 678 761 sollicitudinis
694 731 817 762 studium
831 735 983 773 apponatis.

208 769 246 799 Et
260 778 335 801 certe
352 769 478 800 dolemus
494 768 574 799 valde
587 769 622 799 de
634 769 753 800 Clericis
768 771 836 808 illis,
856 773 902 808 qui
917 780 1047 803 maneant
1063 773 1092 802 in
1108 772 1235 802 Snaudo-

172 808 218 838 nia
231 807 360 846 desolati,
395 817 446 837 uos
460 808 578 837 libenter
591 808 738 838 nobiscum
751 809 954 840 adduxiss'emus
968 810 1002 840 ad
1018 812 1147 849 propria,
1164 811 1234 841 dum

172 847 203 877 in
226 847 346 885 partibus
363 846 381 875 il
392 847 413 876 is
427 847 582 884 extitimus,
601 846 622 876 fi
636 846 692 876 hoc
705 846 875 877 Clementiae
889 848 990 887 Regiae
1004 848 1164 887 placuisset,
1182 858 1237 878 nec

175 885 279 922 poterit
302 884 327 914 se
349 884 493 914 Dominus
509 885 573 914 Rex
587 886 713 915 excusare
724 885 817 915 saltem
829 886 864 915 de
876 887 987 925 favore,
1005 887 1024 917 si
1038 887 1073 916 de
1088 888 1143 924 eis,
1160 886 1237 926 quod

174 930 282 953 avertat
304 922 401 961 Deus,
418 922 490 952 male
513 924 678 953 continuat:
699 923 788 962 unde,
807 924 893 963 siquid
914 934 967 964 pro
987 926 1025 955 eis
1046 925 1177 955 sciveritis
1191 933 1238 954 aut

175 961 303 991 obtinere
326 962 467 999 poteritis,
487 961 563 998 quod
588 946 631 991 ad3
638 971 736 991 eorum
750 962 905 993 libertatem
920 964 953 993 &
969 963 1142 993 securitatem
1155 962 1240 1002 poffit

176 999 275 1029 nostro
296 999 452 1029 ministerio
473 1000 613 1037 expediri,
631 999 753 1031 scribatis
776 1001 872 1038 nobis,
891 1002 924 1031 &
945 1011 997 1031 nos
1010 1003 1104 1039 'parati
1121 1003 1239 1039 erimus,

177 1046 231 1077 pro
251 1038 289 1067 eis
308 1039 343 1067 ab
365 1037 530 1068 instantibus
547 1038 674 1075 periculis
689 1040 832 1077 eruendis,
849 1039 884 1069 ad
899 1040 1041 1069 honorem
1057 1039 1134 1077 Dei,
1152 1049 1242 1077 quan-

178 1083 243 1106 tum
260 1078 430 1114 poterimus,
447 1077 532 1107 etiam
546 1086 597 1106 cor
617 1077 727 1108 oraliter
740 1077 873 1107 laborare.

216 1113 353 1145 Praeterea
371 1115 433 1145 sunt
451 1115 564 1153 quidam
620 1117 646 1145 ei
667 1117 700 1146 ὃς
715 1115 847 1146 Eccletiae
863 1117 990 1154 inimici,
1007 1126 1094 1154 quos,
1110 1125 1199 1153 nuper
1212 1116 1242 1145 in

177 1151 270 1183 Exon.
294 1152 381 1184 Dioc.
406 1154 559 1192 visitantes,
578 1153 759 1190 jurisdictioni
778 1154 882 1184 nostrae
903 1154 937 1184 &
955 1153 1128 1193 processibus
1142 1153 1244 1183 nostris

179 1192 338 1221 invenimus
359 1192 552 1229 multipliciter
573 1191 762 1229 adversanres3
789 1191 917 1222 mandata
939 1191 1032 1222 nostra
1054 1194 1088 1223 &
1108 1191 1243 1222 Ecclesiae

177 1229 393 1269 'dampnabiliter
407 1229 652 1269 contempnendo:
673 1239 786 1269 propter
801 1231 879 1269 quod
895 1237 1056 1260 meruerunt
1070 1231 1085 1259 a
1098 1231 1197 1268 nobis,

463 1269 515 1298 lata
529 1277 674 1306 tempore,
691 1267 810 1304 Majoris
822 1269 1122 1298 excommunicationis
1135 1269 1243 1299 senten-

181 1307 235 1344 tia,
255 1307 381 1346 exigente
394 1306 495 1344 justitia
505 1327 514 1343 ,
533 1305 667 1335 innodari.

217 1344 271 1375 Ne
290 1346 372 1383 igitur
393 1344 429 1374 de
444 1343 554 1374 Malitia
567 1343 628 1382 sua,
647 1344 676 1372 in
690 1352 891 1381 contemptum
907 1343 1108 1374 Ecclefiasticae
1121 1344 1243 1384 discipli-

179 1393 241 1421 nae,
259 1384 368 1413 valeant
376 1383 502 1422 gloriari,
516 1390 562 1412 aut
574 1382 639 1411 alios
653 1381 702 1412 suis
715 1382 874 1420 perniciosis
889 1383 1021 1420 exemplis
1034 1382 1172 1420 inficiant,
1191 1393 1244 1423 pro

181 1422 313 1461 captione
337 1420 506 1451 eorumdem
529 1421 859 1457 excommunicatorum,
881 1429 964 1459 prout
983 1430 1031 1461 per
1051 1421 1174 1452 nostram
1195 1432 1246 1459 pa-

182 1467 289 1490 tentem
303 1460 423 1490 litteram
438 1459 572 1497 petimus,
591 1458 742 1489 rescribatis
755 1460 774 1489 ii
788 1459 887 1499 placet.

221 1496 272 1527 De
291 1497 485 1528 Benivolentia
504 1505 598 1527 autem
617 1496 723 1535 vestra,
748 1507 831 1536 quam
853 1497 886 1527 ad
908 1507 960 1528 nos
976 1498 1088 1537 geritis,
1111 1499 1246 1529 continue

180 1537 293 1574 negotia
312 1535 407 1566 nostra
423 1536 541 1566 feliciter
554 1535 745 1575 expediendo,
764 1536 938 1566 Fraternitati
952 1536 1052 1566 vestrae
1069 1546 1184 1573 quantas
1199 1547 1246 1567 va-

183 1573 272 1604 lemus
294 1575 443 1613 gratiarum
465 1573 592 1604 adtiones
610 1574 803 1613 rependimus‚·
822 1575 906 1612 parati
927 1574 1033 1614 semper
1048 1573 1145 1604 vestris
1159 1577 1246 1606 bene-

175 1612 304 1657 placitis,
319 1622 455 1653 quantum
477 1612 631 1643 secundum
652 1612 754 1644 Deum
777 1613 938 1652 possumus,
953 1613 1140 1645 favorabiliter
1158 1614 1247 1645 assen-

182 1659 244 1682 tire.

220 1688 320 1721 Valeat
339 1690 427 1721 vestra
449 1690 473 1720 F
475 1690 613 1720 raternitas
631 1690 661 1718 in
684 1687 802 1719 Christo
816 1689 924 1728 semper
934 1691 967 1722 ὃς
983 1689 1100 1728 Virgine
1113 1689 1249 1728 gloriosa;

181 1728 280 1767 nobis,
298 1729 318 1759 si
331 1729 403 1767 'quid
425 1739 441 1758 a
462 1727 498 1758 ud
513 1737 565 1757 nos
578 1727 738 1765 volueritis,
753 1737 821 1758 cum
836 1728 938 1759 fiducia
954 1729 1142 1758 rescribentes.

220 1765 251 1796 Si
275 1766 422 1798 Dominus
469 1775 502 1796 ex
519 1766 587 1796 velit
605 1765 706 1796 habere
725 1766 916 1804 transcriptum
939 1766 1028 1806 illud,
1055 1765 1133 1805 quod
1149 1767 1249 1795 inven-

182 1810 244 1834 tum
259 1804 312 1836 fuit
327 1806 356 1834 in
371 1805 474 1836 bracali
489 1804 642 1843 Lewelini,
660 1806 761 1842 poterit
775 1805 866 1842 ipsum
881 1806 984 1836 habere
998 1816 1013 1835 a
1029 1804 1163 1835 Domino
1176 1804 1250 1834 Ead-

184 1844 294 1874 mundo
315 1842 351 1873 de
373 1843 496 1875 Mortuo
518 1842 611 1881 Mari,
624 1843 673 1882 qui
693 1843 815 1874 custodit
831 1844 898 1874 iilud
912 1853 979 1874 cum
993 1843 1081 1882 sigillo
1097 1844 1205 1881 privato
1220 1852 1250 1872 e-

183 1881 306 1920 jusdem,
323 1891 393 1912 cum
408 1881 571 1921 quibusdam
586 1882 658 1920 aliis,
676 1883 705 1911 in
721 1881 823 1912 eodem
838 1883 906 1913 loco
920 1884 1060 1920 inventis,
1077 1891 1131 1912 nec
1146 1881 1187 1911 est
1201 1891 1251 1918 pe-

182 1920 305 1950 riculum
323 1921 380 1950 hoc
400 1921 534 1950 Domino
554 1919 629 1959 Regi
649 1921 783 1950 inlinuare
799 1943 808 1959 ,
823 1920 902 1960 quod
921 1920 955 1951 ad
978 1921 1032 1957 ejus
1055 1921 1251 1959 praemunitio-

183 1968 254 2028 gem
275 1967 387 1990 tantum
408 1960 532 1998 agimus,
551 1958 633 1989 faciat
653 1967 748 1989 tamen
767 1959 880 1990 ulterius
899 1959 976 1999 quod
992 1959 1042 1989 sibi
1058 1958 1156 1989 viderit
1167 1967 1251 1998 expe-

206 2007 253 2027 ire.

16 234 92 266 Ann.
106 231 146 263 D.

36 272 121 302 1282.

7 312 83 340 Ἐάν.
100 319 110 337 ι
117 330 126 338 .

221 2076 357 2108 Domino
373 2077 413 2108 R.
430 2077 550 2109 Bathon.
564 2078 598 2109 &
609 2077 735 2109 Wellen.
748 2077 900 2119 Episcopo.

186 2210 294 2243 Litera
322 2214 406 2245 Petri
423 2215 509 2260 Regis
526 2215 664 2260 Aragon.
682 2211 727 2245 ad
741 2211 884 2246 carolum
906 2213 1016 2258 Regem
1029 2213 1251 2258 provocatoria.

34 2298 113 2334 Anti.
127 2298 169 2330 D.

59 2340 142 2369 1282.

36 2382 90 2406 An.
111 2388 120 2406 1
130 2388 152 2406 ι.

37 2420 69 2444 Ε.
87 2426 111 2446 ι.

189 2298 307 2368 Ρῐὲζο
323 2301 466 2332 d’Araona
487 2302 521 2332 δε
533 2300 562 2331 di
577 2300 679 2332 Cicilia
692 2301 757 2340 Re,
775 2302 792 2331 a
802 2309 830 2332 te
846 2301 934 2332 Carlo
948 2300 996 2330 Re
1008 2299 1044 2330 de
1051 2299 1205 2338 Jerusalem
1220 2299 1254 2330 &

273 2340 417 2370 1Pr0enza
432 2340 538 2370 Conte.

224 2378 416 2415 significando
434 2380 449 2409 a
471 2387 498 2408 te
519 2378 538 2408 il
558 2377 656 2408 nostro
669 2377 870 2408 advenimento
890 2400 900 2416 ,
917 2377 980 2409 nell'
1002 2375 1073 2406 Isola
1087 2376 1123 2406 de
1136 2375 1256 2415 Cicilia,

191 2416 212 2446 si
225 2426 311 2446 come
324 2417 440 2456 nostro,
457 2417 600 2455 giudicato
613 2417 629 2446 a
644 2426 707 2454 me,
726 2427 775 2454 per
789 2416 906 2445 autorita
921 2415 950 2445 di
965 2415 1048 2446 Santa
1062 2413 1163 2444 Chiesa
1178 2416 1211 2446 &
1225 2414 1255 2444 di

192 2454 293 2484 melier
307 2456 333 2485 le
349 2455 439 2496 Papa,
457 2456 490 2486 ὃς
504 2454 540 2484 de
553 2454 704 2485 venerabili
719 2453 883 2491 Cardinali3

228 2492 267 2523 Et
288 2495 336 2532 poi
353 2493 553 2524 comandiamo
567 2494 582 2523 a
598 2500 625 2523 te
638 2493 709 2530 che,
726 2492 828 2522 veduta
842 2490 937 2531 questa
951 2490 1062 2529 lettera,
1079 2491 1102 2521 ti
1114 2490 1202 2522 debbi
1215 2491 1256 2521 le-

190 2540 256 2561 vare
269 2531 330 2561 dell’
343 2531 428 2569 Isola,
447 2542 504 2562 con
519 2539 593 2568 tutto
604 2540 655 2561 tuo
667 2531 791 2569 poddere
805 2531 838 2561 ὅ(
849 2538 952 2569 gente:

226 2569 387 2609 Sappiendo
407 2570 478 2608 che,
495 2568 585 2608 sesstol
599 2569 710 2609 faeeffi,
728 2569 837 2599 inostri
851 2569 980 2598 cavalieri
993 2569 1027 2599 &
1045 2566 1135 2605 fideli,
1156 2567 1256 2598 vedre-

188 2606 236 2637 stri
256 2609 284 2638 di
302 2609 426 2646 presente
445 2609 477 2639 iri
496 2612 547 2638 tno
566 2607 695 2648 damagio
712 2631 722 2647 ,
739 2607 914 2638 offendendo
935 2606 961 2637 la
982 2614 1032 2637 tuo
1053 2605 1168 2646 persona
1182 2606 1215 2637 ὃς
1231 2606 1256 2636 la

189 2654 237 2677 tua
254 2656 346 2686 gente.

189 2777 298 2813 Literna
324 2780 411 2824 Regis
440 2776 542 2810 Caroli
569 2776 613 2809 ad
627 2779 751 2809 Petrum
770 2779 877 2824 Regem
897 2778 1034 2824 Aragon.
1054 2774 1251 2822 dffdatoria.

40 2862 117 2895 Ann.
133 2861 173 2893 D.
258 2864 365 2905 Arolo,
400 2876 428 2896 er
442 2866 467 2896 la
481 2865 543 2896 Dio
557 2867 654 2905 gratia,
676 2865 706 2896 di
715 2865 868 2904 Jerusalem
881 2865 914 2895 &
926 2864 956 2895 di
971 2864 1073 2897 Cicilia
1084 2865 1149 2904 Re,
1167 2863 1254 2895 Pren-

63 2903 148 2932 1282·
257 2914 302 2952 *ce
323 2905 360 2948 di¹
402 2915 490 2954 apqa,
508 2904 583 2935 d'An
604 2906 634 2935 io
650 2905 684 2935 &
697 2904 726 2934 di
740 2904 918 2950 Folcachier,
936 2904 970 2934 &
986 2904 1015 2934 di
1029 2904 1158 2935 Proeuza
1172 2903 1254 2934 Con-

41 2945 124 3009 ffb:
133 2950 156 2968 ι.
193 2942 594 3018 ἵεῇαξὲνξέῗὶιαῗηὲἒῐῗτῖὣῖο
616 2943 703 3012 {onii-⁴⁵:
723 2943 899 3012 {ioistyzzlpfflpg
912 2941 1051 3012 dCiOSgteii're
1064 2982 1092 3011 in
1110 2980 1148 3011 sul
1162 2991 1254 3011 reame

194 3020 225 3051 di
246 3018 348 3049 Cicilia
363 3043 374 3058 ,
404 3019 546 3059 guidicato
570 3020 668 3050 nostro
689 3030 738 3060 per
760 3021 889 3052 auttorita
910 3020 939 3050 di
961 3020 1046 3051 Santa
1067 3019 1166 3050 Chiesa
1189 3019 1254 3050 Ro-

195 3068 296 3095 mana,

231 3095 269 3126 Et
293 3105 362 3135 pero
374 3096 394 3125 ti
407 3096 692 3136 comandiamo'che,
706 3097 808 3128 veduta
820 3096 915 3127 nostra
931 3096 1042 3134 lettera,
1057 3098 1078 3128 ti
1091 3096 1175 3127 debbi
1190 3106 1253 3134 par-

192 3136 245 3165 tire
264 3134 310 3164 del
330 3144 423 3165 reame
442 3134 542 3165 nostro
564 3135 593 3165 di
612 3135 714 3166 Cicilia
731 3159 741 3175 ,
766 3137 787 3167 si
809 3146 894 3167 come
914 3136 1053 3175 maluagio
1072 3136 1206 3167 traditore
1225 3135 1255 3165 di

194 3173 259 3204 Dio
270 3173 303 3204 &
319 3172 347 3202 di
360 3173 442 3203 Santa
458 3172 561 3203 Chiesa
575 3173 723 3212 Romana,

231 3211 268 3241 Et
289 3211 315 3242 se
336 3211 385 3241 nol
405 3211 516 3248 faceffi,
533 3211 680 3242 diffidianti
698 3223 788 3243 como
807 3212 906 3244 nostro
922 3213 1039 3243 inimico
1057 3214 1091 3244 &
1105 3212 1254 3250 traditore,

193 3250 228 3280 &
247 3248 274 3278 di
294 3249 416 3286 presente
437 3251 465 3279 ci
483 3249 612 3280 vederete
634 3251 731 3280 venire
751 3253 780 3281 in
801 3252 900 3282 vostro
919 3251 1070 3291 damaggio
1089 3263 1098 3289 ¹,
1118 3261 1186 3288 peto
1199 3251 1254 3281 che

194 3287 288 3355 qultto
309 3287 492 3318 desideriamo
510 3288 539 3318 di
560 3288 661 3319 vedere
681 3290 746 3328 noi,
761 3290 794 3320 &
813 3290 839 3320 la
856 3290 951 3320 nostra
967 3299 1051 3330 gente
1066 3300 1124 3320 con
1138 3290 1163 3320 le
1175 3290 1255 3320 forze

193 3335 234 3356 no
260 3335 297 3355 re.

46 3460 178 3489 ‘11.226.
195 3456 222 3483 *ξ
249 3462 298 3493 De
321 3458 417 3492 duello
440 3462 517 3492 inter
541 3461 678 3506 Aragon.
703 3462 739 3497 ᾤ’
763 3460 869 3492 Sicilia
893 3464 982 3508 Reges
1001 3489 1011 3504 ‚
1049 3472 1164 3495 centum
1188 3471 1255 3491 con-

239 3520 293 3541 cra
315 3519 452 3550 centum,
489 3519 590 3540 coram
614 3511 690 3554 Rege
712 3508 828 3554 Angliae
845 3520 933 3555 prope
954 3510 1115 3557 Burdegal.
1135 3508 1254 3553 facien-

243 3557 298 3595 do‚·
321 3559 357 3595 ὠ·
386 3555 562 3590 conditiones
579 3555 668 3598 inde,
693 3568 731 3590 ex
754 3567 844 3602 parte
867 3560 955 3605 Regis
980 3560 1118 3606 Aragon.
1136 3555 1255 3600 statuta

242 3609 280 3644 (ῤ’
297 3607 418 3651 juratae.

48 3701 128 3733 Anu,
142 3699 186 3731 D,
198 3693 353 3755 PEtrus,
369 3694 428 3726 Dei
439 3693 542 3734 gratia,
560 3692 713 3738 Aragoniae
726 3692 760 3723 &
774 3692 878 3724 Siciliae
889 3694 972 3735 Rex,
989 3696 1025 3727 ad
1039 3698 1170 3728 notitiam
1183 3706 1257 3735 pra:-

72 3740 157 3770 1282.
265 3734 402 3772 sentium,
420 3734 454 3764 &
469 3742 637 3763 memoriam
647 3732 815 3762 futurorum.

51 3782 105 3807 An.
127 3787 168 3804 ir.
237 3773 351 3805 Pridem
369 3774 440 3803 inter
458 3770 642 3811 magnificum
663 3769 826 3808 Principem
848 3769 987 3802 Karolum
1000 3796 1010 3812 ,
1026 3773 1177 3812 Jerusalem
1197 3773 1256 3804 Re-

53 3822 85 3845 Ε.
105 3826 129 3843 1.
201 3821 266 3856 gem
288 3810 439 3850 illustrem,
455 3811 489 3854 ὃς
504 3808 1016 3879 ἓὲἳῖῐίῐᾶξωῖἰξὲἶεοῖἓῗὲεεὲαξέἓῗυ
1030 3813 1108 3881 6]υὲζά
1123 3814 1178 3851 ipse
1190 3813 1257 3881 lRex

55 3857 164 3921 322⁹·
202 3849 696 3922 iissetsesixd‘ssefflfffismffiiba,
711 3857 788 3915 aa}
819 3886 904 3915 τοῦθ,
918 3887 952 3918 ἃ
966 3860 1073 3927 aaa,
1093 3861 1257 3929 ,mss

4 3948 6 3950 ψ
56 3935 114 3967 Reg.
129 3933 181 3958 Pa·
203 3926 357 3957 duodecim
368 3927 487 3965 milites,
504 3935 554 3966 per
567 3925 656 3963 ipsum
670 3924 783 3968 Regem
796 3895 938 3954 i³<arolum
952 3925 985 3956 &
998 3937 1050 3957 nos
1063 3928 1149 3958 taliter
1162 3929 1257 3967 eleffi,

57 3969 95 3996 len
106 3979 126 3996 ι.
203 3965 344 4002 corporali
361 3966 435 4002 prius
451 3975 499 4003 per
520 3974 566 3994 eos
587 3962 713 4002 praestlto
732 3971 905 3999 iuramentO,
922 3962 1042 4002 legaliter
1059 3967 1093 3997 &
1112 3967 1189 3996 bona
1203 3967 1258 3997 fide

204 4010 363 4033 tenerentur
383 4002 483 4042 eligere
500 4004 600 4034 locum
619 4010 805 4032 communem
819 4025 828 4039 ,
860 4001 894 4031 &
916 4000 1033 4034 statuere
1051 4006 1204 4035 terminum
1224 4005 1258 4035 ad

205 4050 333 4081 pugnam
354 4041 511 4074 faciendam
530 4043 602 4073 inter
621 4039 712 4079 ipsum
732 4038 848 4079 Regem
869 4038 1010 4072 Karolum
1030 4042 1064 4074 ὃς
1086 4050 1203 4075 centum
1222 4043 1259 4075 de

1279 156 1752 202 PUBLICA.
2245 178 2321 220 213

1266 240 1318 271 suis
1339 242 1472 274 militibus
1491 255 1524 276 ex
1549 247 1602 276 una
1622 254 1716 285 parte,
1735 246 1769 277 ὅ(
1787 255 1839 276 nos
1853 255 1886 277 ac
1900 253 2016 278 centum
2030 247 2066 278 de
2080 246 2180 278 nostris
2191 247 2324 279 militibus
2347 248 2422 279 Ann.
2436 247 2480 278 D.

1267 289 1301 309 ex
1322 280 1419 322 altera,
1439 293 1489 319 pro
1511 293 1546 312 eo
1568 286 1644 326 quod
1667 286 1722 321 ipse
1742 293 1885 322 tamqiam
1907 287 2008 323 petitor
2029 287 2111 316 nobis
2130 286 2273 325 apposuit,
2288 287 2321 317 &
2365 287 2453 316 1282.

1266 327 1381 355 apponit
1401 322 1477 358 quod
1500 321 1568 351 Nos
1590 325 1753 352 intravimus
1775 323 1803 352 R
1841 333 1910 353 num
1931 324 2037 354 Siciliae
2057 333 2156 355 contra
2170 326 2324 363 rationem,
2345 327 2412 354 Edv.
2433 333 2459 353 1e

1267 357 1300 386 ὅ(
1321 357 1395 386 malo
1410 359 1516 397 modo,
1535 361 1567 389 &
1583 360 1642 398 ipso
1657 362 1729 397 prius
1742 333 1963 399 noneffiffidato,
1981 363 2014 392 &
2028 363 2084 393 hoc
2116 371 2203 393 aratus
2217 372 2275 394 erat
2290 363 2324 394 &

1268 392 1309 422 est
1331 395 1450 432 probare
1468 398 1504 427 de
1524 397 1572 426 suo
1594 408 1713 437 corpore
1728 401 1760 428 δε
1775 408 1891 429 centum
1904 401 1939 429 de
1950 401 2000 431 suis
2014 402 2096 431 militi
2118 411 2148 431 us
2160 409 2260 432 contra
2274 411 2328 432 no-

1269 431 1355 461 strum
1370 443 1472 472 corpus
1489 436 1522 465 &
1534 444 1651 465 centum
1666 436 1701 466 de
1714 436 1813 467 nostris
1827 439 1965 468 militibus.

1307 470 1428 510 Nosque
1450 473 1514 502 Rex
1536 473 1632 504 Petrus
1650 474 1811 512 praedictus,
1830 483 1973 514 tamquam
1987 477 2129 516 defensor,
2146 478 2173 508 ei
2187 477 2329 516 respondi-

1270 517 1332 538 mus
1349 511 1383 540 &
1398 510 1610 549 respondemus,
1629 513 1704 550 quod
1719 513 1745 542 in
1762 514 1880 551 ingresiu
1889 516 2007 552 Siciliae,
2024 516 2069 545 vel
2086 517 2111 545 in
2127 516 2235 556 aliquo,
2253 513 2331 554 quod

1269 546 1416 578 fecerimus
1436 557 1534 580 contra
1555 559 1640 588 eum,
1657 560 1718 580 rem
1738 561 1797 580 non
1819 552 1936 582 fecimus
1949 554 2024 583 unde
2039 553 2132 584 nostra
2145 554 2262 594 legalitas
2275 555 2330 584 mi-

1270 595 1321 628 nus
1341 587 1447 625 valeat,
1465 589 1508 618 vel
1529 589 1725 618 verecundiam
1739 589 1840 619 habere
1853 589 1953 620 debeat
1967 592 1995 620 in
2012 590 2115 630 Curia,
2132 592 2176 622 seu
2190 602 2287 623 coram
2302 603 2331 623 a-

1270 623 1348 660 liquo
1364 626 1455 662 probo
1476 627 1556 664 viro,
1574 628 1606 657 &
1622 627 1697 666 quod
1713 636 1806 666 pugna
1821 628 1857 657 de
1871 628 1930 668 ipso
1945 629 1978 658 δε
1992 639 2107 660 centum
2122 630 2157 660 de
2171 632 2221 661 suis
2235 632 2331 662 militi-

1270 662 1321 690 bus
1339 672 1438 693 contra
1460 674 1511 694 nos
1523 665 1555 694 ὃς
1568 674 1685 694 centum
1703 665 1735 695 de
1753 664 1852 695 nostris
1866 666 1998 696 militibus
2014 668 2096 697 nobis
2111 669 2209 705 placet.

1307 699 1389 743 Nos,
1407 702 1442 731 de
1458 702 1512 732 fide
1543 703 1703 742 prudentia,
1723 703 1755 733 ὃς
1769 703 1920 742 legalitate,
1939 714 1971 734 ac
1984 714 2130 736 armorum
2144 708 2329 746 experientia,

1274 737 1431 770 Guillielmi
1450 741 1486 770 de
1501 725 1604 771 Castro
1620 751 1699 771 novo
1715 740 1867 780 Roderici,
1886 742 2018 773 Eximeni
2037 744 2074 773 de
2091 744 2188 783 Luna,
2208 745 2282 775 Petri
2296 745 2331 775 de

1274 774 1427 819 Cheralto,
1445 778 1578 809 Eximeni
1591 779 1626 809 de
1640 779 1763 817 Arceda,
1781 780 1926 819 Radulphi
1948 781 1983 811 de
2006 781 2140 812 Manuele
2159 783 2194 813 de
2207 784 2333 822 Trapare

1278 815 1399 845 militum
1408 839 1418 854 ,
1436 817 1468 847 &
1490 817 1598 855 Judicis
1612 817 1740 847 Rainaldi
1754 818 1790 848 de
1806 818 1945 859 Limogiis
1964 819 1999 849 de
2014 819 2160 860 Meflana,
2177 831 2225 861 per
2237 832 2288 851 nos
2302 819 2336 851 ad

1278 852 1336 882 hoc
1350 855 1446 892 positi,
1462 855 1495 885 ὃς
1511 865 1563 894 pro
1576 865 1634 885 uno
1650 856 1738 886 milite
1754 860 1933 896 computati,
1958 858 2138 889 familiarium
2159 860 2192 890 δε
2211 859 2337 890 fidelium

1275 890 1455 935 nostrorum,
1473 894 1593 930 plenarie
1614 893 1803 931 confidentes,
1822 895 1893 932 ipsos
1913 897 2045 934 elegimus
2060 920 2069 935 ,
2099 898 2219 928 fecimus
2235 921 2244 936 ,
2264 908 2336 928 con-

1276 927 1413 973 stituimus
1428 953 1437 968 ,
1464 932 1498 961 &
1516 931 1724 974 ordinavimus,
1747 932 1838 971 eisque
1853 943 1902 970 per
1923 935 2028 964 nostras
2049 943 2170 972 patentes
2189 936 2277 966 literas
2289 944 2337 966 ex-

1277 965 1419 998 hibuimus
1440 968 1590 1003 plenariam
1612 970 1778 1006 potestatem
1821 972 1877 1001 uod
1897 973 1945 1009 ipli
1958 995 1967 1010 ,
1994 983 2048 1002 una
2070 983 2140 1003 cum
2157 973 2283 1011 Jordano
2302 973 2338 1004 de

1278 1005 1366 1037 Insula
1381 1028 1390 1043 ,
1411 1006 1545 1044 Johanne
1562 1006 1743 1037 Vicecomite
1758 1009 1794 1038 de
1841 1011 1945 1039 ramble
1969 1034 1978 1048 ‚
1992 1011 2104 1048 Jacobo
2124 1011 2160 1041 de
2183 1011 2339 1050 Bruffono,

1278 1043 1433 1074 Eustachio
1453 1044 1490 1074 de
1504 1044 1679 1075 Hardicourt
1695 1069 1704 1083 ,
1723 1046 1855 1083 Johanne
1875 1047 1910 1077 de
1929 1019 2043 1086 genisi,
2063 1050 2095 1079 δε
2118 1049 2285 1080 Guillielmo
2303 1050 2339 1080 de

1279 1083 1357 1114 Salsis
1371 1083 1523 1120 militibus,
1542 1083 1717 1113 familiaribus
1739 1085 1773 1114 &
1794 1084 1918 1114 fidelibus
1936 1086 2015 1122 ipsius
2037 1086 2122 1125 Regis
2143 1088 2242 1118 Karoli
2256 1112 2265 1126 ,
2291 1097 2340 1126 per

1278 1131 1346 1151 eum
1360 1121 1393 1151 ad
1408 1121 1465 1150 hoc
1478 1121 1587 1159 eleffls,
1604 1121 1697 1159 factis,
1715 1121 1886 1159 constitutis,
1903 1123 1935 1152 &
1951 1124 2082 1153 ordinatis
2093 1147 2102 1161 ,
2118 1135 2200 1162 prout
2217 1136 2266 1165 per
2286 1126 2339 1156 Pa-

1280 1168 1368 1190 tentes
1388 1160 1494 1197 literas,
1512 1159 1594 1197 ipsius
1613 1159 1701 1198 Regis
1722 1159 1819 1190 Karoli
1836 1160 1973 1198 pendente
1989 1172 2072 1192 cereo
2090 1163 2187 1201 Sigillo
2209 1166 2341 1202 munitas,

1281 1198 1424 1228 evidenter
1436 1198 1561 1237 apparuit
1575 1198 1608 1228 &
1623 1206 1751 1236 apparet,

1317 1236 1517 1280 Corporalibus
1538 1236 1610 1266 inter
1630 1237 1700 1273 ipsos
1720 1235 1890 1274 duodecim,
1908 1236 1976 1266 hinc
1997 1238 2031 1268 &
2052 1237 2117 1268 inde
2140 1239 2243 1269 6166103
2258 1263 2267 1278 ,
2289 1250 2342 1280 pro

1283 1282 1360 1311 parte
1377 1275 1458 1311 ipsius
1480 1274 1568 1313 Regis
1589 1273 1688 1304 Karoli
1709 1275 1742 1304 &
1754 1276 1865 1313 nostra,
1883 1285 1916 1305 ac
1933 1275 2054 1314 ipsorum
2069 1276 2156 1307 taliter
2170 1278 2343 1317 eleetorum,

1282 1313 1350 1342 hinc
1373 1313 1438 1343 inde
1460 1313 1576 1352 receptis
1597 1314 1631 1344 ὃς
1654 1312 1786 1350 praestitis
1806 1314 1981 1352 juramentis,
2002 1314 2120 1353 legaliter
2141 1316 2174 1345 &
2194 1317 2268 1346 bona
2289 1316 2344 1347 fide

1282 1351 1393 1390 possent
1410 1352 1512 1390 eligere
1532 1351 1566 1381 &
1584 1351 1715 1390 eligerent
1732 1351 1830 1382 locum
1853 1361 2057 1389 communem,
2073 1353 2105 1383 &
2125 1355 2278 1384 terminum
2293 1354 2346 1385 sta-

1283 1397 1391 1420 tuerent
1407 1397 1633 1428 competentem,
1649 1390 1682 1420 ad
1699 1399 1821 1428 pugnam
1835 1388 1990 1428 hujusmodi
2005 1391 2159 1421 faciendam
2174 1393 2244 1422 inter
2256 1393 2344 1431 ipsum

1284 1427 1398 1467 Regem
1419 1427 1560 1457 Karolum
1581 1429 1614 1459 &
1636 1436 1752 1458 centum
1774 1428 1810 1458 de
1828 1429 1879 1459 suis
1898 1428 2049 1468 militibus,
2065 1440 2098 1460 ac
2112 1439 2164 1460 nos
2176 1431 2209 1461 &
2226 1440 2344 1462 centum

1283 1467 1319 1497 de
1335 1466 1467 1496 militibus
1482 1465 1599 1503 nostris,

1322 1504 1499 1543 Certumque
1540 1505 1695 1543 raefigerent
1716 1505 1893 1544 terminum,
1915 1507 1945 1536 in
1965 1515 2023 1546 quo
2042 1505 2096 1544 ipse
2119 1505 2183 1536 Rex
2206 1506 2344 1546 Karolus,

1285 1553 1352 1574 cum
1376 1552 1495 1574 centum
1536 1554 1551 1573 e
1572 1544 1624 1573 suis
1646 1543 1805 1581 Militibus,
1828 1544 1862 1574 &
1881 1554 1948 1582 nos,
1963 1554 2032 1574 cum
2052 1553 2169 1575 centum
2189 1546 2224 1576 de
2246 1546 2346 1577 nostris

1285 1582 1437 1620 militibus,
1454 1581 1610 1612 commode
1629 1581 1683 1612 esse
1702 1581 1851 1620 possimus,
1870 1583 1902 1612 &
1924 1583 2007 1612 limus
2026 1584 2055 1612 in
2070 1583 2156 1622 loco,
2172 1594 2257 1622 quem
2273 1595 2345 1622 prae-

1285 1621 1354 1651 dicti
1375 1620 1546 1659 duodecim,
1583 1630 1612 1650 er
1632 1620 1721 1659 ipsum
1741 1620 1854 1660 Regem
1872 1619 2008 1651 Karolum
2030 1623 2064 1653 ὃς
2078 1632 2128 1652 nos
2141 1623 2228 1653 taliter
2246 1623 2346 1662 eleffi,

1285 1659 1320 1689 ad
1341 1668 1471 1728 pugnarn}i
1488 1659 1555 1697 huju
1568 1659 1647 1689 modi
1667 1659 1823 1689 faciendam
1838 1660 2005 1690 unanimiter
2018 1660 2052 1691 ὃς
2067 1661 2247 1692 concorditer
2261 1661 2349 1693 duce-

1286 1706 1348 1727 rent
1363 1707 1396 1727 ei
1416 1708 1451 1728 en
1473 1707 1531 1728 um.

1322 1707 1463 1766 Dediinus
1482 1744 1573 1766 autem
1592 1734 1697 1765 eisdem
1715 1736 1841 1774 quinque
1852 1736 2009 1777 militibus,
2029 1737 2062 1767 &
2081 1737 2160 1768 di<st0
2169 1737 2266 1776 Judici
2279 1738 2350 1769 Rai-

1286 1774 1387 1812 naldo,
1406 1784 1458 1814 pro
1472 1774 1569 1804 Milite
1583 1783 1766 1813 computato,
1783 1775 1959 1805 familiaribus
1975 1776 2008 1806 &
2021 1774 2146 1806 fidelibus
2159 1776 2258 1807 nostris
2267 1800 2276 1815 ,
2291 1777 2350 1815 ple-

1288 1814 1391 1843 nariam
1413 1813 1595 1853 potestatem,
1617 1812 1692 1852 quod
1710 1813 1759 1852 ipsi
1778 1813 1932 1843 securitates
1953 1813 2126 1852 neceflarias,
2144 1824 2210 1854 quas
2230 1816 2350 1854 inspice-

1287 1860 1348 1881 rent
1365 1861 1553 1891 opportunas,
1570 1852 1688 1881 nomine
1702 1851 1799 1881 nostro
1815 1851 1942 1889 praestare
1955 1853 1987 1882 &
2002 1853 2142 1890 recipere,
2166 1862 2199 1883 ac
2215 1853 2350 1892 praedieta

1287 1891 1384 1921 omnia
1405 1892 1438 1921 ὃς
1459 1890 1578 1929 singula,
1599 1890 1693 1928 (quae,
1710 1890 1760 1920 sub
1780 1890 1936 1928 hypotheca
1951 1890 2094 1920 bonorum
2109 1890 2274 1931 nostorum,
2292 1900 2349 1923 rata

1288 1929 1321 1959 &
1339 1928 1418 1960 firma
1435 1929 1554 1966 habere,
1573 1938 1606 1958 ac
1628 1927 1823 1959 inviolabiliter
1843 1929 1988 1959 observare
2008 1929 2196 1968 promisimus)
2213 1932 2349 1970 tractare,

1288 1966 1404 2006 eligere,
1419 1967 1565 2004 ordinare,
1583 1967 1700 1997 statuere
1720 1966 1851 2007 possent,
1867 1967 1957 1997 facere
1976 1968 2060 1997 libere
2073 1968 2106 1998 ὃς
2119 1969 2276 1999 terminare.

1327 2006 1492 2043 Adjecimus
1511 2013 1605 2036 autem
1625 2005 1720 2044 quod,
1734 2005 1755 2035 si
1770 2005 1880 2044 aliquis,
1898 2006 1944 2036 vel
1956 2004 2039 2045 aliqui
2051 2015 2085 2035 ex
2096 2006 2237 2046 praedicitis
2249 2007 2351 2037 nostris

1288 2045 1411 2083 quinque
1425 2044 1573 2081 militibus,
1591 2044 1625 2074 &
1636 2043 1731 2082 judice
1744 2053 1797 2082 pro
1812 2044 1899 2073 milite
1912 2052 2079 2084 computato
2088 2068 2097 2081 ,
2116 2044 2291 2082 infirmitate,
2304 2046 2350 2075 vel

1289 2083 1390 2121 quovis
1409 2084 1505 2121 aliquo
1524 2083 1586 2112 casu
1607 2090 1781 2121 emergente,
1797 2083 1826 2112 in
1848 2083 2006 2120 praedietis,
2024 2083 2068 2113 vel
2088 2083 2182 2121 aliquo
2200 2084 2351 2121 praedicto-

1288 2131 1352 2151 rum
1370 2121 1496 2152 interesse
1519 2120 1697 2159 personaliter
1716 2131 1775 2150 non
1796 2120 1904 2158 poffet‚
1920 2120 1965 2153 vel
1986 2130 2045 2150 non
2065 2121 2193 2158 possent,
2219 2123 2351 2161 totidem,

1288 2168 1360 2199 quot
1384 2170 1418 2191 ex
1439 2159 1577 2200 praedietis
1588 2158 1688 2189 nostris
1702 2158 1747 2189 sex
1762 2159 1847 2188 efl'ent
1860 2159 1948 2189 taliter
1962 2158 2104 2198 impediti,
2118 2162 2304 2190 eximerentur
2317 2161 2352 2191 de

1291 2208 1413 2229 numero
1434 2198 1636 2237 praedietorum
1650 2197 1693 2228 sex
1709 2197 1846 2234 militum,
1866 2206 1916 2234 per
1930 2197 2021 2235 ipsum
2035 2197 2148 2237 Regem
2163 2198 2303 2228 Karolum
2319 2199 2354 2230 ad

1311 2237 1425 2267 raedieta
1444 2237 1530 2268 taliter
1550 2237 1732 2274 eleetorum3
1757 2237 1791 2267 &
1812 2236 1927 2275 reliqui,
1942 2244 1999 2265 tam
2019 2244 2068 2274 per
2090 2236 2214 2267 eundem
2237 2237 2352 2274 Regem

1290 2246 1453 2315 Rarolum,
1471 2277 1555 2314 qu‘am
1590 2285 1618 2305 er
1632 2285 1684 2305 nos
1701 2274 1782 2305 616611
1816 2274 1984 2305 unanimiter
1998 2274 2032 2305 ὃς
2048 2275 2228 2306 concorditer
2239 2285 2271 2306 ea
2288 2286 2354 2307 otn-

1290 2315 1335 2344 nia
1349 2316 1382 2345 &
1395 2315 1498 2354 singula
1511 2324 1549 2351 po
1572 2322 1619 2344 ent
1630 2314 1717 2343 libere
1730 2297 1863 2351 perlicere
1877 2313 1911 2344 &
1927 2313 2080 2350 complere.

1329 2354 1343 2369 ³*
1358 2352 1397 2382 Et
1418 2354 1476 2383 hoc
1498 2352 1574 2382 idem
1593 2353 1743 2382 servaretur
1765 2352 1785 2381 si
1802 2351 1912 2390 aliquis,
1929 2351 1975 2382 vel
1988 2351 2087 2390 aliqui,
2104 2351 2138 2381 de
2152 2351 2294 2390 praedie'tis
2309 2353 2354 2382 sex
2375 2362 2506 2398 *II-227,

1290 2391 1439 2430 militibus,
1463 2401 1512 2431 per
1529 2389 1620 2430 ipsum
1640 2391 1753 2429 Regem
1775 2388 1913 2419 Karolum
1933 2389 2042 2428 elecstis,
2070 2390 2159 2420 essent
2179 2390 2355 2430 infirmitate,

1290 2429 1335 2461 vel
1350 2429 1411 2460 casu
1426 2430 1527 2468 quovis
1541 2430 1596 2459 alio
1611 2427 1771 2466 praepediti3
1787 2429 1841 2466 ita,
1856 2427 2004 2465 videlicet,
2022 2429 2100 2468 quod
2115 2428 2235 2459 totidem
2249 2431 2355 2460 exime-

1291 2476 1385 2498 rentur
1406 2468 1441 2498 de
1462 2477 1583 2498 numero
1602 2467 1805 2506 praedietorum
1823 2467 1947 2505 quinque
1962 2466 2103 2505 militum,
2121 2467 2273 2505 &Judicis
2287 2468 2356 2498 loco

1293 2506 1388 2536 militis
1406 2507 1582 2544 computati,
1597 2515 1647 2545 per
1664 2515 1715 2535 nos
1735 2505 1822 2535 taliter
1844 2505 2019 2542 electorum3
2038 2506 2070 2535 &
2088 2505 2186 2545 reliqui
2202 2507 2249 2543 qui
2262 2507 2356 2537 forent

1291 2544 1402 2582 relidui,
1422 2553 1479 2574 tam
1501 2554 1549 2584 per
1571 2544 1660 2584 ipsum
1683 2543 1796 2582 Regem
1811 2541 1964 2580 Karolum,
1982 2544 2066 2581 quam
2078 2552 2126 2582 per
2140 2554 2192 2575 nos
2205 2544 2305 2584 eiecit,
2324 2555 2356 2576 ea

1291 2584 1388 2612 omnia
1405 2583 1437 2613 δε
1451 2583 1553 2622 singula
1566 2581 1698 2619 perficere
1711 2580 1822 2621 possent
1836 2581 1921 2611 libere
1935 2581 1967 2611 &
1980 2582 2136 2612 terminare.

1328 2621 1366 2651 Et
1387 2630 1418 2650 ea
1435 2623 1531 2651 omnia
1552 2622 1585 2651 &
1606 2620 1723 2659 smgula,
1742 2628 1806 2657 quae
1821 2620 1947 2657 praediffl
1962 2621 2084 2659 quinque
2099 2620 2219 2659 milites,
2237 2621 2271 2652 &
2286 2631 2356 2653 unus

1287 2659 1379 2698 Judex
1416 2660 1481 2689 loco
1496 2659 1591 2690 militis
1602 2666 1795 2696 computatus,
1812 2667 1860 2698 per
1874 2668 1925 2688 nos
1934 2658 2033 2695 elecsti,
2050 2658 2192 2697 iidemque
2206 2661 2250 2689 sex
2258 2660 2357 2690 milites

1289 2698 1325 2728 ab
1344 2699 1372 2738 ip
1384 2709 1404 2728 o
1428 2697 1509 2737 Rege
1531 2698 1629 2736 electi,
1645 2698 1691 2727 vel
1714 2706 1747 2726 ex
1769 2697 1808 2726 eis
1827 2697 1963 2727 omnibus
1978 2697 2072 2727 eleetis
2084 2698 2120 2727 ab
2133 2706 2246 2737 utraque
2261 2707 2353 2738 parte,

1290 2737 1383 2776 aliquo
1406 2736 1451 2767 vel
1474 2736 1608 2775 aliquibus
1631 2745 1664 2765 ex
1677 2746 1732 2765 una
1746 2735 1789 2766 vel
1805 2735 1885 2765 altera
1902 2745 1976 2774 parte
1993 2736 2146 2775 praepedito
2160 2736 2205 2767 seu
2219 2737 2357 2775 praepedi-

1290 2776 1338 2813 tis,
1355 2776 1388 2806 &
1409 2775 1532 2805 totidem
1548 2775 1583 2805 ab
1604 2773 1662 2804 una
1674 2782 1749 2813 parte
1763 2774 1808 2804 vel
1823 2774 1908 2804 altero
1922 2781 2055 2813 exempto
2067 2773 2112 2804 vel
2125 2776 2276 2812 exemptis,
2295 2776 2356 2806 reli-

1290 2815 1336 2851 qui
1359 2814 1540 2844 concorditer
1559 2814 1592 2844 &
1605 2813 1771 2843 unanimiter
1784 2813 1813 2842 in
1828 2812 1966 2850 praedietis
1979 2813 2111 2843 omnibus
2125 2813 2158 2843 &
2177 2814 2287 2852 singulis
2302 2822 2357 2844 tra-

1291 2853 1414 2890 &arent,
1436 2852 1584 2892 eligerent,
1609 2851 1788 2889 ordinarent,
1809 2850 1975 2889 statuerent,
2001 2851 2143 2889 facerent,
2158 2853 2358 2892 terminarent,

1291 2892 1325 2922 &
1340 2892 1475 2930 jurarent,
1493 2891 1542 2920 sub
1555 2890 1652 2921 eadem
1666 2890 1826 2928 hypotheca
1840 2890 1983 2919 bonorum
1998 2889 2160 2920 nostrorum
2169 2913 2178 2928 ,
2193 2900 2248 2920 rata
2261 2891 2294 2921 ὃς
2310 2890 2358 2920 fir-

1292 2939 1339 2960 ma
1360 2930 1461 2960 habere
1475 2952 1484 2968 ,
1505 2930 1539 2960 &
1559 2928 1753 2959 inviolabiliter
1771 2928 1914 2958 observata
1929 2928 2125 2966 promisimus,
2141 2929 2174 2959 &
2186 2929 2357 2967 juravimus,

1290 2969 1368 2998 tactis
1390 2967 1568 3008 corporaliter
1588 2967 1746 3006 Evangeliis
1761 2966 1962 3004 Sacrosanffls,
1980 2967 2134 2997 securitates
2154 2968 2237 2997 etiam
2256 2977 2357 2998 omnes

1292 3007 1326 3038 &
1336 3009 1491 3046 juramenta
1505 3005 1651 3044 praestare,
1669 3006 1850 3045 obligationes
1864 3014 1987 3044 ponere,
2005 3005 2038 3036 &
2052 3006 2194 3036 cautiones
2210 3005 2358 3045 cujuscun-

1293 3056 1347 3083 que
1390 3046 1476 3076 eneris
1497 3045 1621 3081 praebere
1636 3067 1646 3082 ,
1665 3054 1731 3083 quas
1752 3043 1878 3082 praedidti
1896 3043 2067 3081 duodecim,
2094 3044 2130 3074 ab
2151 3043 2253 3074 eodem
2278 3044 2357 3084 Rege

1294 3084 1405 3114 Karoo
1427 3085 1460 3114 ὃς
1481 3083 1564 3112 nobis
1584 3083 1684 3120 eleeti,
1699 3082 1744 3112 vel
1764 3081 1859 3112 residui
1879 3091 1914 3111 ex
1935 3083 1984 3120 iis,
2001 3082 2095 3120 aliquo
2114 3082 2160 3113 vel
2174 3083 2308 3123 aliquibus
2321 3084 2357 3114 ab

1294 3133 1349 3152 una
1371 3131 1447 3160 parte
1468 3121 1514 3152 vel
1533 3121 1617 3151 altera
1642 3120 1797 3159 praepedito
1812 3120 1856 3150 seu
1872 3121 2046 3158 praepeditis,
2063 3120 2098 3151 &
2117 3120 2235 3151 totidem
2251 3122 2286 3152 ab
2302 3131 2356 3151 una

1293 3169 1371 3201 parte
1380 3161 1423 3191 vel
1432 3161 1513 3191 altera
1524 3166 1659 3196 exempto
1672 3159 1717 3190 vel
1731 3160 1883 3199 exemptiS,
1892 3160 1907 3189 a
1921 3160 2003 3189 nobis
2017 3159 2152 3190 ducerent
2168 3159 2358 3197 postulandas;

1332 3199 1421 3230 Prout
1442 3199 1503 3229 haec
1526 3198 1625 3227 omnia
1646 3197 1674 3226 in
1696 3198 1854 3235 patentibus
1870 3199 1965 3228 litteris
1982 3197 2098 3235 nostris,
2113 3198 2142 3227 in
2161 3198 2357 3228 testimonium

1294 3237 1360 3268 inde
1381 3238 1536 3274 confectis,
1561 3236 1593 3266 &
1615 3236 1755 3273 pendente
1774 3236 1871 3275 Sigillo
1894 3236 1992 3266 nostro
2016 3237 2145 3274 munitis,
2166 3235 2258 3266 eidem
2281 3235 2358 3275 Regi

1295 3276 1407 3306 Karolo
1427 3285 1463 3306 ex
1485 3284 1561 3314 parte
1583 3273 1676 3304 nostra
1694 3274 1822 3305 exhibitis
1846 3275 1976 3312 (quarum
1989 3274 2030 3304 est
2044 3274 2105 3304 data
2124 3273 2263 3304 Messanae
2275 3275 2357 3313 septi-

1297 3325 1348 3344 mo
1368 3314 1432 3345 Kal.
1443 3314 1566 3352 Januarii
1579 3322 1656 3342 anno
1669 3313 1705 3342 ab
1720 3312 1916 3344 Incarnatione
1930 3313 2051 3343 Domini
2066 3312 2231 3350 millesimo,
2249 3312 2356 3343 ducen-

1295 3354 1412 3391 tesimo,
1429 3351 1637 3391 oetuagesimo,
1654 3350 1788 3389 secundo)
1803 3351 1911 3391 plenius
1924 3353 1957 3382 δε
1967 3351 2086 3389 apertius
2097 3351 2266 3380 continetur.

1331 3391 1412 3422 Idem
1426 3399 1519 3421 autem
1540 3389 1604 3419 Rex
1616 3388 1737 3419 Karolus
1752 3390 1900 3429 praedictus
1910 3389 2066 3428 Jordanum
2079 3389 2115 3419 de
2129 3388 2234 3427 Insula,
2247 3388 2358 3427 Johan-

1296 3439 1363 3460 nem
1385 3429 1594 3460 Vicecomitem
1614 3427 1650 3457 de
1670 3427 1826 3469 Trambley
1838 3452 1848 3467 ,
1870 3428 2015 3466 jacobum
2035 3427 2070 3456 de
2090 3427 2230 3465 Bursano,
2256 3427 2356 3458 Eusta-

1296 3469 1392 3498 chium
1413 3468 1449 3498 de
1469 3465 1831 3533 Hai·dicourt,¹Johannem
1852 3466 1887 3496 de
1908 3466 2020 3503 Denifi,
2046 3465 2080 3495 &
2099 3464 2298 3496 Guillielmum
2318 3466 2354 3496 de

1295 3506 1387 3545 Saliis,
1405 3506 1550 3537 familiares
1564 3505 1597 3534 &
1612 3503 1666 3534 fide
1677 3514 1704 3534 es
1715 3504 1791 3543 suos,
1809 3504 1842 3535 ad
1857 3504 1913 3535 hoc
1927 3515 1979 3542 pro
1994 3504 2020 3534 se
2027 3504 2125 3542 elegit,
2145 3503 2229 3542 fecit,
2248 3504 2355 3536 consti-

1295 3547 1365 3583 tuit,
1381 3546 1414 3577 &
1429 3546 1512 3574 etiam
1525 3542 1683 3580 ordinavit,
1701 3542 1768 3572 dans
1780 3545 1814 3574 &
1829 3543 1989 3574 concedens
2003 3541 2104 3572 eisdem
2114 3564 2123 3579 ,
2142 3551 2194 3580 pro
2204 3551 2281 3580 parte
2292 3544 2353 3582 sua,

1296 3583 1473 3614 consimilem
1488 3592 1536 3619 per
1549 3581 1646 3611 omnia
1660 3581 1842 3619 potestatem,
1860 3589 1944 3619 prout
1958 3582 1987 3610 in
2004 3581 2160 3618 patentibus
2175 3580 2259 3612 literis
2273 3582 2355 3619 ipsius

1296 3622 1383 3661 Regis
1405 3621 1519 3658 Karoli,
1537 3621 1566 3649 in
1584 3618 1777 3649 testimonium
1797 3619 1863 3649 inde
1883 3619 2036 3656 confiteris,
2054 3619 2087 3649 &
2102 3619 2241 3656 pendente
2251 3620 2352 3659 Sigillo

1295 3661 1343 3690 suo
1363 3661 1491 3696 muniris,
1510 3657 1607 3696 nobis,
1625 3667 1677 3697 pro
1699 3666 1775 3697 parte
1792 3658 1872 3695 ipsius
1893 3657 1979 3695 Regis
1995 3655 2112 3695 Karoli,
2129 3657 2256 3689 exhibitis
2271 3659 2350 3697 (qua-

1294 3708 1358 3729 rum
1381 3699 1421 3729 est
1443 3697 1504 3727 data
1519 3696 1643 3735 Rhegii,
1657 3705 1732 3725 anno
1746 3695 1870 3726 Domini
1885 3695 2033 3725 millesimo
2045 3695 2239 3727 ducentesimo
2250 3697 2351 3728 octua-

1312 3738 1399 3768 esimo
1412 3736 1511 3773 tertio,
1529 3735 1575 3765 die
1588 3734 1718 3764 vicesima
1730 3734 1800 3764 sexra
1816 3733 1915 3763 mensis
1928 3733 2113 3774 Decembris,
2128 3734 2289 3766 undecimae
2304 3735 2351 3765 In-

1293 3746 1434 3812 glutonis)
1448 3774 1560 3814 &plenius
1579 3773 1747 3803 continetur.

1332 3814 1370 3845 Et
1389 3814 1452 3844 licet
1475 3811 1554 3848 data,
1573 3819 1630 3841 tam
1650 3810 1848 3848 praedietarum
1870 3810 1950 3854 ipsius
1970 3809 2058 3850 Regis
2078 3809 2177 3843 Karoli
2198 3812 2232 3843 &
2245 3811 2353 3842 nostra-

1294 3863 1376 3891 rum,
1394 3853 1480 3890 qu'am
1502 3851 1585 3880 etiam
1601 3849 1792 3887 praesentium,
1811 3849 1844 3879 ὃ(
1858 3849 1990 3888 aliarum,
2007 3859 2062 3887 pro
2078 3859 2153 3888 parte
2167 3851 2247 3890 iplius
2262 3849 2350 3889 Regis

1296 3891 1392 3922 Karoli
1401 3914 1410 3929 ,
1426 3887 1602 3928 praesentibus
1615 3887 1806 3918 consimilium
1817 3887 1983 3926 litterarum,
2001 3888 2127 3920 videatur
2139 3891 2169 3920 in
2183 3888 2273 3919 Annis
2283 3887 2350 3919 Do-

1297 3931 1367 3961 mini
1380 3928 1550 3965 discordare,

1332 3968 1377 3998 Eo
1402 3967 1479 4012 quod
1499 3963 1655 3996 eorundem
1674 3963 1825 3995 litterarum
1845 3962 2005 3995 nostrarum
2023 3963 2086 3996 data
2105 3965 2192 4004 posita
2211 3964 2251 3994 est
2272 3972 2348 3994 anno

1296 4007 1420 4038 Domini
1443 4004 1606 4042 millesimo,
1629 4003 1838 4040 ducentesimO,
1863 4002 2055 4043 oetuagefimo
2067 4027 2078 4041 ,
2096 4002 2235 4042 secundo,
2253 4001 2351 4032 secun-

1295 4046 1366 4078 dum
1381 4042 1614 4078 consuetudinem
1630 4041 1726 4082 Regni
1746 4041 1911 4111 Amffi‘ium
1925 4064 1937 4081 ,
1957 4042 1992 4075 ὃς
2012 4042 2219 4082 quamplurium
2237 4041 2352 4084 aliarum

1877 4089 1891 4119 3
2238 4086 2359 4120 partium
