2570 4261
193 125 209 152 1
219 123 238 164 3
247 116 271 150 6

42 214 115 245 Αῃῃ,
130 212 169 243 D·
227 194 280 226 Per
297 204 387 225 unum
401 200 503 223 annum
517 189 662 220 duraturas.

67 260 149 292 1309.

39 293 104 320 Edv.
125 300 149 320 2.
225 270 312 302 Teste
325 270 405 308 Rege
423 266 495 307 apud
514 264 653 302 Langele,
676 271 719 303 15.
737 262 784 293 die
802 261 951 293 Februarii.

789 340 843 368 Per
857 337 940 367 breve
950 336 982 366 de
991 337 1108 374 privato
1120 332 1219 371 Sigillo.

194 477 241 509 De
265 473 336 507 dono
366 482 487 507 10000
510 472 703 505 Marcarum
728 470 838 500 Comiti
859 463 1035 507 sabaudia,
1055 476 1110 510 per
1134 467 1257 498 Patrem

659 520 756 563 Regis.

38 612 113 643 Arm,
127 611 167 642 D,
189 606 308 663 REX
326 606 512 637 Thesaurario
527 605 560 636 &
578 603 748 634 Camerariis
763 601 830 645 suis,
847 600 968 631 salutem.
1065 637 1071 642 .

58 661 69 680 1
79 660 141 690 309.
282 646 410 676 Liberate
416 668 428 688 9
437 644 481 688 ¹de
495 642 642 687 Thesauro
656 640 754 684 nostro
761 662 772 678 ,
780 639 898 670 Βιίεᾶο
913 636 1129 682 Consanguineo
1142 634 1240 678 nostro
1249 656 1259 672 2

37 693 89 718 Aa.
102 700 128 716 2.
188 684 318 718 Amadeo
336 683 444 714 Comiti
459 681 622 718 sabaudiae,
638 687 801 718 quingentas
820 687 912 715 quater
932 685 1036 713 Viginti
1052 676 1085 706 &
1102 674 1259 705 duodemm

38 732 67 755 Ε.
89 737 114 754 2.
185 725 266 755 libras
282 746 292 762 ‚
319 732 434 760 quatuor
451 719 562 750 Solidos
577 742 587 757 ,
612 719 645 749 &
665 717 802 748 undecim
818 717 962 761 denarios,
981 716 1009 744 in
1026 714 1255 754 pei-pacationem

37 765 119 793 Liber.
142 773 167 791 2.
189 763 291 794 decem
314 761 433 791 Milium
455 758 617 789 Marcaium
633 779 643 795 ‚
661 766 726 794 quas
744 755 885 785 Dominus
903 753 937 784 E.
955 752 1097 791 quondam
1114 751 1178 782 Rex
1198 750 1260 782 An-

36 807 67 830 ῐ.
85 814 111 831 2.
131 812 169 831 m·
192 801 275 840 gliae,
287 799 368 830 Pater
383 797 490 836 noster,
509 795 626 835 praefato
641 793 753 825 Comiti
767 792 905 824 concessit
920 792 956 822 de
969 791 1047 822 dono
1064 790 1121 821 suo,

37 850 65 876 4⁸
229 876 316 908 Teste
335 875 418 914 Rege
434 873 506 912 apud
519 870 821 908 westmonasterium,
842 870 889 900 26.
906 869 951 900 die
966 868 1117 899 Februarii.

761 950 814 978 Per
827 945 989 986 Billamsiab
1001 947 1122 983 privato
1125 941 1220 984 figillo.

447 1079 495 1110 De
513 1074 607 1109 feodo
625 1072 719 1107 eidem
738 1075 848 1107 Comiti
867 1069 996 1117 conceffii.

36 1175 113 1208 Am,
129 1173 166 1205 D⁴
188 1163 267 1220 RE
275 1162 506 1208 XtThesaurario
522 1162 555 1192 &
573 1159 743 1190 Camerariis
757 1158 808 1189 suis
821 1157 944 1188 salutem.
1045 1195 1051 1200 .
1066 1196 1072 1200 ·
1205 1193 1211 1199 .

57 1223 142 1254 1309·
186 1217 190 1220 ·
281 1203 427 1239 Liberate,
445 1201 481 1231 de
501 1199 645 1230 Thesauro
666 1197 761 1228 nostro
776 1220 785 1236 ,
810 1195 940 1240 Aniadeo
962 1193 1073 1225 Comiti
1095 1193 1257 1231 Sabaudiae‚

36 1257 88 1281 Af„
106 1263 132 1280 2,
184 1241 369 1280 septingentas
384 1240 511 1277 Marciis,
529 1239 558 1268 in
575 1238 797 1276 perpacationem
811 1244 944 1280 oninium
960 1234 1161 1271 arreragiorurn
1178 1231 1255 1262 feodi

36 1295 66 1319 Ε,
93 1300 118 1317 2,
185 1281 243 1318 sui,
261 1280 444 1310 ducentarum
463 1274 727 1319 Marcarum‚qi10d
741 1274 890 1318 ¹Dominus
907 1272 940 1303 E.
958 1271 1100 1319 quondam
1116 1271 1178 1302 Rex
1195 1271 1256 1301 An-

52 1330 116 1359 um,
186 1319 267 1359 gliae,
284 1318 363 1347 Pater
378 1315 483 1355 noster,
507 1313 623 1354 praefato
637 1312 748 1344 Comiti
763 1309 957 1350 conceffit,ad
972 1312 1153 1341 scaccarium
1173 1309 1253 1341 suum

186 1356 405 1397 percipiendum.

223 1431 311 1464 Teste
327 1431 412 1471 Rege
425 1431 498 1471 apud
514 1429 820 1467 W'estmonasterfflm,
840 1427 887 1458 26.
905 1426 951 1458 die
967 1426 1118 1458 Februarii.

745 1509 798 1536 Per
816 1503 920 1535 Billam
930 1504 983 1545 fieb
995 1507 1110 1543 privato
1123 1501 1218 1543 figillo.

227 1643 274 1674 De
287 1637 541 1688 transgressoribus
563 1648 665 1671 contra
686 1640 811 1672 Petrum
826 1635 861 1669 de
883 1631 1033 1678 Gavaston
1045 1633 1213 1681 puniendisr

36 1736 112 1767 Ann.
128 1734 168 1767 D.

57 1784 143 1814 1309·

36 1817 89 1841 Aa.
111 1823 135 1841 2.

37 1856 67 1881 E.
86 1861 110 1880 2.

38 1894 131 1917 Pata.

38 1932 68 1954 Ε.
94 1938 120 1955 2.
142 1935 167 1965 p.

44 1975 110 1994 i.m.
125 1975 166 2003 13.

254 1725 317 1757 EX
354 1725 462 1757 dilectis
478 1725 511 1757 &
527 1723 653 1755 fidelibus
673 1723 724 1754 suis
738 1746 747 1762 ‚
768 1722 890 1762 johanni
907 1721 942 1752 de
960 1720 1045 1751 Foxle
1060 1743 1070 1759 ,
1086 1720 1255 1760 &johanni

188 1732 250 1798 R
271 1765 307 1796 de
324 1749 484 1802 i3atesford‚
501 1763 622 1807 salutem.
645 1802 650 1806 ἡ
711 1802 716 1806 ·
854 1800 858 1805 .
970 1800 975 1805 ι
1080 1799 1085 1805 ·

345 1804 387 1834 Ex
405 1805 482 1843 gravi
499 1801 605 1841 querela
622 1801 717 1831 dilec‘ti
736 1801 769 1831 &
786 1798 873 1829 fidelis
891 1798 994 1837 nostri,
1012 1797 1087 1829 Petri
1105 1797 1141 1828 de
1159 1797 1256 1828 Gava-

189 1841 251 1872 ston
261 1865 270 1881 ‚
285 1844 447 1881 accepimus
463 1841 537 1880 quod
553 1839 667 1878 quidam
692 1833 886 1869 Malefarftores
900 1860 910 1875 ,
933 1838 967 1868 &
981 1839 1057 1875 pacis
1072 1836 1174 1867 nostrae
1195 1846 1256 1874 per-

184 1882 350 1919 turbatores,
370 1882 485 1911 liberam
508 1879 653 1909 Chaceam
671 1878 751 1916 ipsius
766 1876 838 1907 Petri
853 1876 925 1917 apud
949 1875 1096 1906 Parkhurst
1114 1876 1144 1905 in
1165 1874 1256 1906 Insula

186 1919 293 1958 Vesta,
311 1920 344 1950 δε
363 1920 480 1950 liberam
500 1918 676 1948 warennam
700 1915 776 1946 suam
797 1915 903 1945 ibidem
920 1937 929 1953 ,
955 1915 988 1945 ὅ(
1010 1914 1083 1952 apud
1105 1913 1253 1952 Thorrile‚

185 1957 378 1997 westruage,
393 1958 425 1989 ὃ(
441 1955 580 1987 Bordwod
589 1979 599 1994 ,
621 1956 651 1984 in
663 1954 763 1986 eadem
776 1953 867 1984 Insula
881 1955 909 1983 vi
924 1954 957 1984 δε
971 1954 1055 1983 armis
1068 1954 1254 1991 intraverunt,

184 1997 217 2027 ὃ(
233 1997 261 2026 in
276 1997 395 2035 eisdem,
414 1996 527 2026 Chacea
543 1995 575 2026 δε
592 1994 768 2031 warrenna,
786 1992 842 2034 {ine
855 1991 969 2022 licentia
981 1992 1014 2022 &
1036 1992 1176 2022 voluntate
1190 1991 1254 2029 ipsi-

185 2045 216 2065 iis
231 2034 324 2071 Petri,
341 2035 529 2072 fugaverunt,
547 2043 580 2064 ac
595 2033 706 2063 arbores
719 2033 747 2061 in
763 2032 852 2061 boicis
867 2030 935 2068 suis,
953 2030 1061 2060 ibidem
1075 2040 1162 2067 nuper
1177 2029 1250 2061 cres-

185 2082 296 2111 centes,
313 2074 502 2104 succiderunt:
521 2073 554 2103 &
579 2072 687 2101 arbores
707 2070 779 2108 illas,
798 2079 852 2099 nec
875 2079 932 2099 non
952 2068 1022 2099 feras
1036 2091 1046 2107 ‚
1071 2068 1176 2106 lepores
1192 2092 1202 2107 ,
1220 2069 1254 2099 &

187 2112 347 2150 cuniculos,
361 2113 389 2142 in
405 2110 519 2142 Chacea
535 2112 567 2142 &
582 2109 727 2139 Warenna
743 2108 900 2147 praediffls,
918 2115 1069 2151 ceperunt,
1086 2108 1120 2138 &
1133 2106 1253 2145 asporta-

185 2158 301 2188 verunt,
318 2151 351 2182 &
366 2150 415 2181 alia
429 2150 557 2180 enormia
571 2149 596 2178 ei
610 2147 775 2183 intulerunt,
795 2146 828 2176 ad
845 2147 1003 2183 dampnum
1020 2146 1100 2184 ipsius
1115 2144 1188 2176 Petri
1209 2147 1253 2176 vi-

188 2189 260 2226 ginti
273 2188 422 2226 librarum,
439 2189 471 2218 &
487 2196 584 2218 contra
598 2195 697 2224 pacem
712 2185 843 2215 nostram.

225 2225 261 2256 Et
273 2250 283 2265 ‚
309 2228 372 2265 quia
387 2225 605 2263 transgressiones
620 2223 764 2266 praedidias
780 2246 789 2261 ‚
814 2223 833 2253 si
856 2230 1015 2260 perpetratae
1036 2221 1153 2266 suerint,
1171 2222 1253 2253 relin-

191 2275 276 2304 quere
291 2265 419 2296 nolumus
438 2265 602 2302 impunitas,
619 2262 816 2300 affignaVimtis
832 2272 898 2299 vos,
917 2262 977 2292 &c.
993 2260 1028 2291 ad
1041 2261 1253 2300 inquirendum,

186 2313 237 2342 per
250 2303 459 2334 Sacramentum
476 2303 628 2341 proborum
644 2324 653 2339 ‚
678 2301 737 2330 &c
756 2300 792 2330 de
807 2299 953 2330 Comitatu
976 2298 1162 2337 Suthampton
1177 2323 1186 2339 ,
1205 2310 1254 2338 per

185 2351 270 2380 qum,
288 2343 348 2373 &c.
368 2341 403 2372 de
417 2342 579 2372 nominibus
595 2338 813 2369 Malefastomm
830 2338 1046 2377 praedietorum,
1067 2338 1100 2368 ὃ(
1115 2337 1150 2368 de
1168 2339 1253 2369 trans-

183 2379 369 2417 greffionibus
385 2380 526 2419 praedicstis
541 2378 648 2417 plenius
663 2379 825 2415 veritatem,
844 2378 877 2408 &
891 2376 925 2407 ad
940 2376 1161 2412 transgreffiones
1177 2387 1250 2415 prae-

183 2418 271 2449 dietas
286 2418 431 2450 audiendas
444 2419 476 2450 &
492 2415 694 2453 terminandas,
710 2415 863 2446 secundum
878 2415 1000 2458 legemr
1012 2415 1073 2446 ὅτε.

222 2456 257 2487 Et
271 2457 333 2488 ideo
348 2458 430 2488 vobis
446 2456 608 2487 mandamus
621 2454 694 2493 quod
704 2477 714 2492 ‚
733 2454 767 2484 ad
783 2464 872 2484 certos
915 2454 975 2484 &c.
993 2453 1200 2492 mquifitionem
1218 2454 1252 2484 il-

184 2495 242 2525 lam
257 2495 380 2535 faciatis‚
397 2497 429 2527 &
442 2493 661 2531 transgressiones
676 2491 822 2530 praedfflas
842 2477 955 2524 audiatis
973 2492 1007 2523 &
1027 2494 1203 2531 terminetis,
1222 2495 1251 2524 in

183 2533 274 2564 forma
290 2534 441 2573 praedierssa,
458 2533 558 2564 faeturi
574 2533 634 2563 &c.
647 2531 739 2569 salvo,
757 2531 818 2562 &c.

221 2572 422 2604 Mandavimus
437 2574 516 2603 enim
533 2571 702 2601 Vicecomiti
717 2569 813 2600 nostro
826 2568 985 2600 Comitatus
1008 2569 1135 2608 praediCti
1153 2570 1248 2609 quod,

182 2610 216 2641 ad
233 2620 322 2641 certos
343 2613 404 2643 ὅτε.
422 2621 492 2650 quos
513 2611 537 2641 ei
558 2609 627 2640 scire
645 2608 767 2648 faciatis,
784 2609 878 2639 venire
899 2607 981 2639 faciat
998 2618 1097 2639 coram
1112 2609 1194 2640 vobis
1209 2618 1251 2640 tot

163 2661 166 2664 ·
182 2649 216 2718 ἓ
232 2650 428 2693 'talespi-obos,
445 2650 504 2681 &c.
522 2659 569 2687 per
582 2658 653 2687 quos
666 2648 726 2678 &c.
744 2648 774 2678 in
790 2647 932 2686 praemiffis
948 2647 1048 2679 melius
1063 2647 1126 2678 sciri
1149 2649 1251 2686 poterit

232 2697 340 2726 inquiri.

219 2724 253 2755 In
272 2727 366 2766 cujus,
383 2728 443 2759 &c.

216 2802 305 2834 Teste
321 2803 403 2843 Rege
416 2803 490 2843 apud
505 2802 790 2836 westmonasterium
799 2825 810 2842 ‚
830 2803 878 2833 26.
897 2801 944 2833 die
957 2801 1102 2833 Februarii.

54 2886 75 2907 θ
87 2889 139 2916 III.

70 2929 131 2953 ¹²⁶·
227 2941 247 2960 '⁴‘
266 2940 502 2974 De-intendendo
520 2945 658 2989 negotiis,
674 2943 779 2988 Regem
799 2943 985 2974 Francorum
1004 2940 1202 2988 tangentibus.

36 3001 111 3032 Ann.
127 3000 168 3032 D.

56 3049 142 3080 1309.
239 3024 304 3055 EX
326 3026 430 3057 dilecto
449 3026 566 3058 Clerico
583 3026 631 3057 suo
654 3026 795 3057 Bernardo
818 3025 910 3057 Piletti
926 3049 935 3065 ,
961 3025 1052 3056 Priori
1069 3025 1106 3056 de
1130 3025 1249 3065 Mauso,

43 3091 65 3097 ,f
256 3063 377 3093 salutem.

34 3084 86 3143 ‘fhz‘
102 3090 128 3106 ²*
218 3101 333 3132 Pridem
359 3102 607 3133 Excellentiffimus
630 3102 764 3141 Princeps
780 3127 789 3139 ‚
815 3102 960 3133 Dominus
984 3102 1128 3141 Philippus
1142 3126 1152 3141 ‚
1186 3103 1249 3134 Rex

34 3140 99 3181 Rom·
123 3165 137 3182 2
183 3139 353 3170 Francorum
371 3140 477 3171 illustris
491 3164 501 3178 ‚
527 3141 607 3172 Pater
625 3142 715 3172 noster
734 3141 902 3180 carissimus,
920 3141 1079 3172 litteratorie
1098 3151 1149 3171 nos
1168 3152 1200 3172 ro
1219 3154 1249 3173 a-

35 3197 65 3220 L
86 3204 110 3220 2
144 3177 149 3183 ’
181 3180 221 3209 vit
239 3188 269 3209 ut
287 3180 409 3216 negotiis
442 3179 530 3217 ipsum
547 3180 623 3217 super
644 3179 833 3211 Comitatibus
853 3181 886 3211 &
902 3179 997 3210 Terris
1016 3179 1174 3218 Maschiae,
1213 3192 1248 3210 n-

35 3240 70 3257 m,
77 3241 104 3266 5.
120 3233 145 3260 d·
179 3217 306 3285 {olismae
321 3240 331 3255 ‚
356 3218 388 3248 δε
407 3202 552 3254 Fengeriae
567 3240 577 3256 ,
601 3220 776 3255 tangentibus
790 3242 800 3257 ,
828 3218 989 3249 intendendi
1005 3218 1149 3249 licentiam
1167 3220 1248 3249 vobis

201 3266 294 3286 emus:

215 3294 280 3324 Nos
297 3295 397 3334 igitur,
415 3294 487 3325 dieti
505 3293 593 3324 Patris
610 3294 697 3324 nostri
715 3296 843 3332 precibus
866 3295 992 3325 volentes
1008 3304 1129 3325 annuere
1148 3295 1176 3324 in
1192 3295 1244 3326 hac

181 3340 275 3370 parte,
292 3332 487 3370 cupientesque
503 3331 615 3370 praefata
632 3332 675 3362 sua
693 3335 822 3371 negotia,
841 3333 908 3363 sicut
925 3333 1018 3363 nostra
1036 3333 1164 3371 propria,
1180 3343 1246 3370 pro-

178 3370 294 3409 sperari,
311 3372 392 3401 vobis
414 3370 578 3401 mandamus
599 3370 674 3408 quod
694 3372 836 3408 praediclis
858 3372 995 3410 negotiis,
1034 3372 1139 3402 uotiens
1161 3381 1245 3402 com-

180 3408 268 3438 mode
284 3420 380 3439 vacare
393 3410 532 3447 poteritis,
549 3409 710 3447 intendatis;
728 3410 764 3439 ita
779 3418 874 3439 tamen
890 3409 964 3447 quod
981 3382 1139 3440 noilrorum
1154 3419 1246 3445 nego-

177 3447 283 3476 tiorum
303 3447 475 3485 prosecutio,
493 3458 541 3485 per
562 3457 613 3477 vos
632 3448 761 3477 inchoata
783 3447 816 3478 δε
835 3447 1011 3486 inchoanda,
1028 3448 1179 3479 nullatenus
1196 3458 1246 3478 ne-

181 3484 320 3523 gligatur,
337 3486 379 3516 seu
395 3485 543 3525 aliqualiter
556 3485 722 3516 dimittatur:

220 3558 286 3590 Dat.
302 3562 372 3598 apud
388 3561 670 3593 XVestmonasterium
680 3585 690 3601 ,
708 3562 831 3593 secundo
844 3561 890 3592 die
906 3561 1014 3593 Martii.

35 3701 110 3732 Assn-
125 3698 165 3731 D·
183 3703 241 3736 Ad
258 3706 367 3750 Regem
388 3707 571 3738 Francorum
585 3733 595 3748 ,
614 3706 704 3752 snper
719 3706 816 3739 Terra
834 3704 870 3738 de
893 3705 1075 3738 Gaverdano
1086 3734 1096 3748 ‚
1120 3719 1181 3753 quae
1205 3705 1250 3738 ad

33 3748 138 3805 3413131029]
391 3756 533 3786 Comitem
550 3757 736 3787 Armaniaci
757 3753 870 3786 dicitur
883 3758 1041 3800 pertinere.

32 3820 104 3881 jssgj
240 3833 465 3878 xeeiientiffimo
481 3838 603 3881 Principi
618 3838 651 3869 sc
663 3837 814 3875 Domino,
833 3837 1049 3876 Philippo,Dei
1066 3838 1171 3876 gratia,
1185 3837 1246 3868 Re-

34 3896 62 3919 Ε,
75 3901 88 3918 2
112 3901 149 3919 m·
251 3882 281 3915 gi
300 3874 466 3905 Francorum
486 3876 604 3915 Illustri‚
624 3875 697 3906 Patri
713 3876 761 3906 suo
783 3875 942 3914 kariffimo,
959 3876 1126 3915 Edwardus‚
1143 3876 1243 3907 eadem

33 3939 60 3964 5.
94 3914 100 3920 '
186 3917 290 3947 gratia,
307 3911 364 3941 &c
381 3914 512 3950 salutem,
530 3915 563 3944 &
576 3914 670 3944 felices
688 3914 723 3944 ad
736 3922 801 3944 vota
809 3913 953 3944 successus.

222 3947 404 3991 Intelleximus
414 3952 473 3987 jam
487 3951 522 3981 de
538 3963 614 3982 novo
629 3953 727 3990 vobis,
745 3962 779 3982 ex
796 3960 871 3989 parte
884 3952 981 3982 dilecti
997 3953 1030 3983 &
1046 3951 1132 3982 fidelis
1155 3951 1241 3982 nostri

184 3984 306 4016 Comitis
320 3986 496 4026 Armaniaci,
513 3991 665 4027 expositum
678 3989 757 4020 fuisse
771 4012 781 4028 ‚
799 3999 898 4022 terram
911 3990 947 4021 de
963 3990 1151 4028 Gavetdano,
1170 3999 1240 4021 cum

670 93 1468 146 coNvENT1oNE&

1523 90 1909 143 LITERAE‚

1296 178 1346 209 suis
1362 180 1532 218 pertinentiis
1545 179 1693 216 omnibus,
1709 178 1743 209 ad
1759 177 1891 216 Mamm,
1908 175 2096 209 Comitissam
2112 177 2294 216 Armfflaci,
2306 186 2368 208 rna-
2387 175 2467 207 Ann.
2478 174 2520 208 D.

1295 227 1369 248 trem
1392 218 1484 257 suam,
1502 228 1552 256 per
1569 218 1780 248 ordinationem
1800 216 1922 247 vestram
1937 239 1946 255 ,
1973 217 2108 253 pertinere
2124 240 2134 256 ‚
2159 217 2193 247 &
2215 216 2297 247 nobis
2315 226 2369 255 pro
2408 223 2493 254 1309.

1296 256 1372 286 certi
1386 256 1496 287 summa
1511 257 1641 294 pecuniae
1656 256 1718 286 fore
1732 256 1847 294 pignori
1861 255 2030 292 obligatam:
2103 286 2105 289 ¹
2385 254 2455 282 Edv.
2474 262 2502 281 2.

1335 293 1455 332 Propter
1469 295 1544 333 quod
1557 294 1712 325 Senescallo
1727 293 1825 324 nostro
1841 293 1986 324 Vaseoniae
1995 315 2005 331 ,
2021 291 2067 323 vel
2079 293 2136 331 ejus
2149 289 2251 324 locum
2270 299 2372 323 tenen-

1295 333 1326 370 ti,
1344 342 1392 371 ut,
1410 333 1430 362 si
1446 332 1524 364 dieta
1537 343 1607 363 terra
1623 333 1658 363 ad
1673 342 1790 363 manum
1807 331 1930 362 nostram
1944 339 1979 361 ex
1995 331 2076 361 diets.
2098 331 2180 362 causa
2200 331 2310 370 solum,
2328 332 2363 362 &

1296 380 1355 400 non
1371 371 1425 401 alia
1435 393 1445 409 ‚
1467 379 1602 402 teneretur
1616 395 1626 410 ‚
1653 371 1728 401 facta
1750 370 1831 401 nobis
1846 371 1974 408 primitus
1990 368 2172 400 satisfactione
2193 369 2316 408 plenaria
2331 370 2370 400 de

1296 408 1418 439 Summa
1440 409 1573 440 Pecuniae
1594 409 1731 448 praedicta
1746 431 1756 447 ‚
1774 409 1879 439 dietam
1900 417 2002 438 terram
2025 417 2093 438 cum
2112 408 2282 446 pertinentiis
2300 408 2372 447 suis,—

1297 447 1418 484 praefatis
1433 447 1593 478 Comitiffae
1607 449 1640 478 ὃ(
1656 448 1768 478 Comiti
1784 469 1794 486 ,
1815 448 1820 453 ”
1840 456 1885 477 xta
1901 445 2086 476 ordinationis
2105 446 2204 477 vestrae
2222 454 2370 486 tenorem,

1295 485 1352 515 sine
1361 485 1530 554 c‹iiii'sicultate
1543 486 1664 525 qualibet
1676 485 1782 516 restitui
1798 456 1918 524 (steret,
1932 483 2044 516 dedistis
2058 494 2108 523 per
2120 484 2223 516 vestras
2233 484 2370 517 litterasin

1295 533 1361 553 mari
1381 533 1445 555 atis·

1333 548 1504 594 Manda’ntae
1523 562 1632 601 insuper
1649 561 1806 593 Senescaiio
1823 561 1917 593 vestro
1933 561 2049 592 Toiosae
2069 566 2119 600 nt,
2137 561 2157 592 fi
2171 561 2300 600 praefams
2317 562 2370 595 se-

1296 600 1425 631 nescallus
1433 601 1595 640 noster,vel
1606 602 1663 639 ejus
1675 600 1771 631 locum
1785 610 1897 639 tenens,
1913 598 2144 642 essetnegligens
2157 601 2187 630 in
2202 600 2255 632 hac
2291 609 2368 642 arte,

1296 639 1377 708 tquod
1397 639 1563 708 {mescanus
1582 639 1672 671 vester
1695 639 1844 678 praedffikus
1864 638 2002 677 praemissa
2015 639 2175 669 executioni
2185 648 2244 670 non
2282 640 2287 646 “
2341 649 2371 673 et

1318 687 1401 708 eman
1422 689 1482 709 are:

1337 716 1416 755 Qia
1427 719 1498 747 vero
1514 726 1582 748 terra
1596 716 1732 755 praedi&a
1746 718 1776 746 in
1791 725 1876 747 manu
1891 714 1986 747 nostra
2002 722 2062 746 non
2077 715 2186 755 existit,
2203 715 2274 747 ficut
2287 717 2372 748 vobis

1297 755 1417 792 intelligi
1429 755 1526 786 datum
1539 764 1610 794 erat,
1628 755 1731 793 nosque
1747 756 1832 792 parati
1846 754 1953 793 sumus,
1970 754 2004 785 &
2016 756 2118 785 erimus
2135 756 2306 795 unicuique,
2321 756 2370 794 qui

1297 793 1324 823 se
1341 794 1371 823 in
1389 794 1464 824 terra
1477 794 1612 832 praediola
1627 794 1751 824 crederet
1761 794 1805 831 jus
1818 793 1938 832 habere,
1954 793 1988 824 &
2003 802 2064 823 eam
2082 794 2111 823 in
2129 793 2223 824 forma
2236 795 2305 832 juris
2319 805 2371 833 pe-

1299 839 1358 862 tere
1373 832 1519 862 voluerunt
1534 833 1565 862 in
1581 831 1669 863 Curia
1684 831 1777 862 nostra
1792 831 1955 870 Vasconiae,
1975 831 2087 869 plenam
2103 831 2136 862 &
2151 832 2273 864 celerem
2286 833 2369 872 justi-

1298 871 1369 900 tiam
1385 871 1532 910 exhibere,
1548 870 1703 901 secundum
1721 869 1793 900 fores
1809 870 1843 902 &
1858 869 2070 901 consuetudines
2085 871 2207 907 partium
2221 872 2370 909 praedicta-

1297 918 1360 938 rum
1369 920 1380 948 3

1335 947 1518 978 Serenitatem
1535 946 1658 978 vestram
1675 945 1827 977 affectuose
1844 947 2009 985 requirimus
2022 946 2055 977 &
2070 954 2203 984 rogamus
2217 970 2227 986 ‚
2244 947 2371 987 quatinus

1298 986 1427 1017 mandata
1445 986 1535 1017 vestra
1552 985 1688 1027 praedicta
1705 985 1813 1024 velitis,
1830 985 1850 1016 si
1869 986 1975 1024 placet,
1992 994 2144 1025 revocare3
2160 987 2285 1018 maxime
2300 997 2371 1019 cum

1296 1024 1389 1056 adhuc
1408 1035 1468 1055 non
1490 1024 1661 1056 defuerimus
1681 1026 1711 1054 in
1728 1023 1832 1062 justitia
1851 1022 2026 1061 exhibendi,
2043 1022 2082 1053 set
2103 1025 2189 1062 parati
2205 1024 2316 1064 sumus,
2333 1027 2367 1058 &

1298 1064 1401 1094 erimus
1416 1065 1582 1102 unicuique,
1603 1065 1640 1093 'us
1654 1063 1684 1093 in
1700 1062 1773 1093 terra
1787 1062 1923 1101 praedicta
1939 1061 2088 1093 vendicare
2102 1063 2225 1102 volenti,
2241 1065 2373 1096 exhibere

1296 1102 1544 1140 complementum
1558 1105 1585 1139 ju
1614 1102 1685 1140 'tiae‚
1702 1110 1731 1132 ut
1741 1100 1781 1131 est
1792 1101 1914 1132 distum.

1333 1140 1539 1172 Mandavimus
1555 1141 1662 1171 etenim
1681 1139 1835 1170 Senescallo
1852 1139 1950 1170 nostro
1967 1139 2123 1179 praedieffo,
2141 1140 2218 1179 quod
2236 1140 2370 1180 cuilibet,

1294 1187 1396 1209 terram
1411 1179 1577 1218 praedietam
1600 1189 1698 1209 coram
1719 1178 1780 1217 ipso
1796 1180 1825 1208 in
1838 1178 1932 1208 forma
1951 1179 2047 1210 debita
2063 1187 2155 1217 petere
2170 1179 2295 1219 volenti,
2312 1190 2367 1210 vo-

1293 1217 1413 1256 catisque
1429 1220 1476 1257 qui
1494 1218 1596 1249 fuerint
1614 1218 1753 1248 evocandi
1786 1217 1913 1248 exhibeat
1929 1217 2006 1256 super
2025 1217 2094 1248 terra
2112 1217 2159 1248 illa
2176 1217 2271 1248 celeris
2285 1218 2367 1256 justi-

1295 1258 1341 1288 tiae
1359 1258 1627 1295 complementum,
1644 1265 1726 1294 prout
1748 1240 1904 1287 secundum
1925 1256 2000 1287 sores
2016 1258 2050 1288 &
2067 1256 2278 1288 comhetudines
2296 1267 2369 1296 prae-

1295 1295 1384 1327 dietas
1399 1295 1481 1327 fuerit
1494 1295 1667 1326 faciendum.

1331 1373 1400 1404 Dat.
1416 1372 1489 1414 apud
1506 1371 1814 1411 westmonasterium,
1831 1371 1953 1403 secundo
1965 1371 2012 1403 die
2024 1371 2131 1404 Martii.

1524 1510 1583 1544 Pro
1599 1509 1758 1555 Francifio
1777 1509 1925 1554 Gajetano
1945 1506 2117 1542 Cardinali.

1341 1595 1496 1628 Ranciscus
1511 1594 1642 1626 Caietan.
1656 1593 1692 1625 de
1705 1593 2051 1632 AnagniagSacrosaneeae
2065 1593 2209 1626 Romanae
2225 1593 2359 1627 Ecclefiae
2382 1593 2459 1627 Ann.
2475 1595 2517 1627 D.

1350 1634 1503 1666 Cardinalis
1525 1634 1559 1665 &
1581 1633 1808 1665 Archidiaconus
1831 1632 2051 1664 Richetnundiae
2066 1656 2077 1672 ‚
2109 1634 2159 1672 qui
2184 1642 2308 1665 moratur
2332 1635 2364 1665 in
2402 1644 2486 1676 1309.

1293 1675 1413 1712 partibus
1427 1673 1625 1711 transmarinis,
1645 1672 1729 1702 habet
1746 1671 1849 1702 Literas
1862 1670 1953 1709 Regis
1967 1672 2004 1702 de
2018 1671 2186 1711 Attomato,
2203 1672 2253 1704 sub
2265 1675 2362 1704 nomi-
2380 1677 2434 1702 An.
2452 1684 2480 1702 2.

1293 1723 1329 1743 ne
1346 1715 1440 1750 Rogeri‘
1453 1711 1484 1742 de
1502 1711 1616 1742 Hibern.
1634 1720 1683 1750 per
1702 1709 1848 1741 Biennium
1861 1709 1979 1741 duratur.
1997 1711 2058 1742 &c.
2381 1717 2413 1740 Ε.
2433 1722 2461 1742 2.

1334 1788 1424 1821 Teste
1439 1788 1524 1827 Rege
1539 1787 1612 1827 apud
1626 1786 1931 1826 westmonasterium,
1948 1796 1977 1828 4.
1994 1786 2041 1818 die
2058 1786 2167 1820 Manu
2345 1810 2349 1814 .
2381 1754 2517 1854 {2322

1339 1924 1359 1944 ³*
1369 1925 1419 1957 De
1436 1922 1588 1957 Condufiu
1598 1933 1654 1970 pro
1673 1923 1803 1955 Nunciis
1829 1924 1915 1970 Regis
1933 1924 2065 1955 Franciae
2082 1921 2128 1956 ad
2147 1925 2296 1958 Scotiam.
2399 1931 2420 1952 ‘
2430 1935 2489 1963 ΠΙ(

2423 1982 2453 1999 12
2477 1996 2483 2002 .

1291 2017 1411 2077 REX
1429 2018 1561 2049 omnibus
1576 2017 1686 2063 Ballivis
1703 2017 1736 2049 &
1755 2015 1883 2048 fidelibus
1899 2015 1968 2062 suis,
1985 2017 2020 2048 ad
2039 2027 2126 2062 quos,
2144 2019 2206 2050 &c.
2223 2018 2344 2050 salutem.
2383 2008 2449 2040 ΑΠΠ
2458 1982 2518 2043 ⁷D;

1384 2056 1463 2088 Cum
1482 2056 1520 2088 M
1555 2056 1652 2088 nificus
1671 2056 1774 2087 Prince
1794 2066 1806 2086 s
1818 2079 1828 2094 ‚
1854 2055 2000 2087 Dominus
2017 2055 2163 2095 Philippus
2196 2056 2259 2088 Rex
2278 2057 2363 2089 Fran-
2412 2058 2498 2089 ¹309·

1290 2105 1391 2140 corum
1407 2095 1530 2134 illustris,
1571 2104 1626 2126 ater
1643 2094 1740 2139 noster·
1780 2110 1782 2112 v
1808 2093 2086 2139 iffunuS‚Oliverum
2101 2098 2138 2126 de
2153 2079 2268 2126 Rochoe
2276 2096 2362 2128 Nun-
2383 2091 2435 2115 An·
2451 2098 2479 2117 2·

1292 2144 1371 2165 cium
1386 2134 1482 2172 suum,
1500 2134 1535 2165 ad
1556 2143 1642 2172 partes
1664 2134 1784 2171 Scotiae,
1802 2132 1837 2164 ad
1859 2133 2046 2164 venerabilem
2067 2133 2179 2165 Patrem
2196 2151 2252 2158 ---
2269 2134 2364 2166 Sanffl
2384 2130 2413 2153 E.
2431 2136 2458 2154 ²·

1292 2172 1415 2203 Andreae
1435 2172 1606 2211 Episcopum
1626 2173 1659 2202 &
1678 2171 1840 2213 Romi-tum
1858 2171 1894 2201 de
1912 2171 1995 2210 Brus,
2012 2172 2049 2202 de
2062 2172 2156 2203 nostra
2173 2173 2287 2204 licentia
2297 2174 2359 2212 jam
2383 2168 2441 2192 ΡΜ·
2458 2174 2484 2194 ²·

1290 2211 1450 2243 transmittat
1487 2220 1588 2247 rogans
1605 2220 1656 2240 nos
1674 2219 1703 2241 ut
1719 2210 1755 2240 de
1772 2210 1848 2241 1alvo
1862 2211 1896 2241 &
1917 2209 2015 2241 securo
2033 2209 2190 2242 Condudlu
2211 2212 2359 2250 providere
2383 2207 2413 2230 Ε·
2431 2212 2456 2230 2·
2473 2210 2502 2240 Ρ·

1291 2249 1409 2293 velimus
1428 2234 1736 2293 N⁹unciomemorato3
2002 2288 2007 2293 .
2390 2251 2459 2269 ¹·m-
2473 2251 2515 2272 ηι

1329 2287 1476 2319 ΒιΙεᾶυῐη
1487 2288 1569 2318 nobis
1583 2287 1773 2317 NVillielmum
1787 2285 1822 2317 de
1838 2285 1925 2324 Hull‚
1942 2285 2104 2318 servrentem
2121 2287 2247 2319 nostrum
2259 2288 2293 2319 ad
2309 2289 2365 2320 Ar-

1293 2336 1356 2365 ma,
1373 2326 1512 2365 praeditsto
1527 2325 1645 2356 Olivero
1661 2325 1695 2356 ad
1709 2324 1800 2363 ipsum
1824 2324 2042 2356 conducendum
2057 2326 2091 2356 &
2106 2326 2298 2358 reducendum
2311 2328 2364 2359 du-

1291 2366 1383 2396 ximus
1397 2364 1588 2395 liberandum:

1328 2403 1363 2434 Et
1380 2403 1445 2434 ideo
1462 2404 1544 2434 vobis
1562 2401 1726 2433 mandamus
1744 2401 1824 2440 quod
1843 2400 1946 2432 eisdem
1963 2400 2084 2433 Olivero
2101 2403 2135 2434 δε
2152 2402 2316 2435 Willielmo
2331 2406 2362 2437 in

1289 2442 1383 2473 eundo
1400 2442 1434 2473 ad
1453 2450 1540 2480 partes
1559 2441 1725 2480 praedidhs,
1742 2440 1776 2471 ad
1795 2439 1922 2478 praefatos
1941 2439 2112 2479 Episcopum
2130 2442 2164 2473 &
2181 2441 2360 2483 Robertum,

1289 2480 1398 2512 ibidem
1422 2480 1579 2520 morando,
1596 2480 1629 2511 &
1651 2479 1750 2509 exinde
1770 2478 1928 2517 redeunde,
1946 2489 2006 2510 non
2027 2479 2167 2518 inferatis,
2191 2480 2254 2520 seu,
2271 2492 2358 2521 quan-

1289 2528 1352 2550 tum
1366 2520 1396 2549 in
1411 2520 1493 2551 vobis
1510 2518 1551 2550 est
1566 2542 1577 2558 ‚
1602 2519 1639 2549 ab
1655 2518 1714 2548 aliis
1731 2517 1826 2548 inferri
1843 2519 2005 2556 permittatis
2017 2541 2028 2557 ,
2053 2519 2083 2549 in
2098 2520 2235 2559 personis,
2252 2529 2299 2552 aut
2316 2531 2361 2552 re-

1289 2558 1458 2627 bugdeonfm
1479 2558 1629 2596 injuriam,
1646 2555 1824 2595 molestiam,
1842 2556 2001 2595 dampnum
2016 2579 2026 2595 ,
2051 2557 2293 2596 impedimentum
2310 2559 2360 2591 ali-

1310 2607 1325 2627 u
1379 2607 1414 2627 ve
1473 2606 1601 2627 avamen.

1288 2606 1307 2635 q
1327 2634 1360 2665 In
1376 2605 1471 2673 cuju&
1489 2635 1552 2667 &c.
1571 2633 1654 2672 usque
1669 2632 1704 2665 ad
1718 2632 1831 2665 Festum
1846 2632 1943 2664 saneti
1965 2633 2117 2666 Michaelis
2136 2637 2270 2674 proximo
2284 2635 2359 2668 futu-

1288 2683 1352 2704 rum
1365 2674 1486 2705 duratur.

1322 2749 1411 2782 Teste
1423 2750 1510 2789 Rege
1523 2749 1596 2789 apud
1608 2749 1653 2781 W
1654 2748 1914 2788 estmonasterium,
1932 2758 1962 2789 4.
1978 2749 2026 2781 die
2043 2748 2151 2782 Martii

1288 2896 1348 2932 Ad
1365 2899 1473 2944 Regem
1489 2901 1675 2933 Francorum
1691 2896 1727 2931 de
1745 2895 1902 2930 CredentIa
1917 2904 1973 2942 pro
1990 2896 2117 2929 Nunciis
2125 2894 2171 2929 ad
2182 2895 2355 2942 Pontificem

1633 2948 1804 2980 Romanum
1827 2943 1864 2976 de
1887 2947 1988 2978 inatis.

1362 3031 1500 3070 Agnifico
1522 3031 1666 3071 Principi‚
1685 3030 1817 3061 Domino
1835 3040 1868 3060 ac
1891 3028 1964 3061 Patri
1984 3029 2033 3061 suo
2045 3029 2185 3062 kariffimo
2218 3029 2356 3062 Domino
2371 3033 2447 3065 Ann.
2461 3035 2502 3066 D,

1370 3071 1503 3110 Philippo
1517 3094 1527 3109 ‚
1550 3070 1608 3101 Dei
1627 3069 1730 3113 gratia,
1747 3067 1827 3105 Regi
1845 3069 2018 3113 Francorum
2035 3068 2136 3113 Illustri
2149 3092 2161 3108 ,
2187 3054 2355 3114 Fidwardus,
2390 3082 2476 3113 1309,

1287 3109 1348 3140 δῖε.
1367 3110 1495 3148 salutem,
1515 3119 1585 3140 cum
1602 3109 1716 3139 honoris
1732 3107 1765 3138 &
1785 3107 1893 3137 Gloriae
1909 3106 2036 3138 felicibus
2052 3116 2241 3138 incrementis.
2368 3115 2422 3140 An.
2439 3122 2464 3141 2.

1324 3148 1462 3180 Laetames
1478 3147 1718 3186 quamplurimum
1735 3145 1771 3175 de
1788 3145 1962 3184 prosperitate
1978 3144 2062 3175 statiis
2076 3145 2174 3184 vestri,
2187 3145 2224 3176 de
2237 3147 2352 3186 quo‚ad
2367 3153 2397 3177 Ε.
2413 3159 2439 3177 2.

1286 3187 1387 3217 nostrae
1406 3188 1582 3218 recreationis
1596 3185 1738 3222 solatium,
1756 3183 1852 3226 sepius
1869 3184 1947 3220 reddi
1965 3183 2120 3222 quaesumus
2136 3185 2286 3224 certiores3
2298 3196 2353 3216 vo-
2369 3192 2438 3217 Rom.
2458 3197 2484 3216 2.

1286 3226 1328 3256 bis
1341 3225 1529 3262 significamus
1545 3223 1620 3262 quod
1634 3233 1685 3253 nos
1700 3232 1733 3253 ac
1747 3221 1857 3253 Ilabella
1869 3222 1923 3253 filia
1937 3222 2042 3261 veiha,
2062 3221 2185 3253 Consors
2196 3223 2289 3255 nostra
2303 3224 2353 3255 ka·
2368 3230 2399 3254 Ε.
2418 3235 2445 3253 2.
2462 3235 2500 3254 sn.

1284 3263 1406 3308 tissima,
1424 3273 1555 3332 tquipgre
1571 3261 1761 3292 confectionis
1776 3260 2103 3300 praesentium‚sospitate
2118 3262 2350 3301 corporea,Deo
2366 3273 2396 3300 5.

1305 3313 1335 3332 ro
1356 3313 1406 3332 iio
1453 3312 1500 3331 rue
1522 3310 1607 3331 amur.

1284 3417 1433 3448 wicensern
1448 3439 1458 3455 ‚
1508 3387 1654 3459 piscopos:
1676 3414 1835 3453 Johannem
1853 3415 1889 3446 de
1903 3414 2039 3459 Britannia
2053 3400 2292 3455 Richemundiae,
2311 3418 2354 3448 A-

1283 3456 1436 3486 domatum
1455 3455 1490 3485 de
1511 3454 1638 3484 Valentia
1661 3452 1861 3485 Pernbrochiae
1874 3476 1884 3492 ‚
1909 3453 2062 3491 Comues,
2087 3454 2197 3485 nostros
2223 3453 2353 3486 Consan-

1285 3495 1404 3530 guineos
1433 3492 1611 3531 karissimos3
1641 3502 1756 3523 necnon
1781 3492 1957 3530 Magistrum
1988 3491 2165 3523 Bonifacium
2183 3493 2219 3524 de
2241 3493 2356 3524 Saluciis

1285 3532 1529 3563 Archidiaconum
1558 3531 1757 3569 Bulq'ngham.
1782 3530 1921 3561 Ottonem
1939 3530 1975 3561 de
1998 3530 2204 3570 Gramfflbno,
2228 3531 2353 3563 Arnane-

1284 3580 1353 3600 num
1375 3570 1538 3600 Dominum
1562 3569 1598 3599 de
1619 3570 1740 3599 Lebreto
1754 3592 1764 3607 ,
1797 3571 1830 3600 &
1850 3569 2009 3599 Robertum
2027 3567 2114 3599 filium
2134 3568 2241 3607 Pagani
2258 3569 2347 3599 nostri

1284 3608 1408 3645 Hospitii
1427 3607 1611 3639 Senescallum
1626 3631 1636 3646 ‚
1667 3607 1702 3638 ad
1727 3607 1851 3638 Domini
1876 3607 1989 3638 Summi
2009 3606 2154 3638 Pontificis
2175 3607 2347 3646 praesentiam

1283 3646 1451 3677 destinamus
1468 3656 1521 3685 pro
1539 3646 1704 3683 quibusdam
1718 3647 1840 3683 negotiis
1853 3669 1863 3684 ‚
1880 3656 1931 3676 nos
1949 3646 2126 3682 tangentibus
2137 3668 2147 3685 ,
2171 3646 2263 3677 eidem
2281 3644 2347 3675 Do-

1283 3686 1365 3714 mino
1382 3694 1416 3715 ex
1435 3694 1510 3723 parte
1526 3684 1621 3714 nostra
1639 3694 1688 3723 per
1704 3684 1817 3715 eosdem
1834 3685 1939 3722 plenius
1956 3684 2130 3723 intimandis;

1324 3722 1447 3759 Regiam
1470 3722 1704 3759 Magnitudinem
1727 3723 1894 3761 requirimus
1908 3723 1941 3753 &
1957 3732 2109 3761 rogamus,
2126 3722 2251 3761 quatinus
2271 3731 2343 3759 prae-

1285 3759 1356 3790 fatos
1377 3762 1509 3792 Nuncios
1531 3761 1655 3800 nostros,
1674 3762 1721 3799 qui
1735 3762 1770 3792 ad
1786 3760 1868 3791 vestri
1877 3760 2016 3791 accedunt
2035 3760 2228 3798 praesentiam,
2241 3759 2345 3797 habere

1284 3798 1371 3828 nostri
1384 3800 1484 3830 intuitu
1497 3798 1645 3836 specialiter
1657 3799 1890 3837 commendatos;
1908 3809 1942 3829 ac
1962 3799 2041 3836 ipsius
2053 3799 2198 3841 omnibus,
2218 3796 2324 3841 septem
2333 3822 2345 3838 ,

1282 3837 1342 3874 sex,
1360 3839 1482 3875 quinque
1497 3859 1506 3874 ‚
1532 3847 1646 3875 quatuor
1661 3861 1671 3876 ,
1697 3839 1784 3868 tribus
1799 3860 1810 3876 ‚
1833 3838 1879 3867 vei
1894 3837 2003 3868 duobus
2015 3846 2131 3874 eorum,
2149 3845 2180 3864 m
2195 3835 2264 3875 hus,
2282 3847 2347 3876 quae

1281 3876 1361 3904 vobis
1381 3885 1415 3905 ex
1436 3883 1512 3914 parte
1530 3875 1623 3907 nostra
1643 3876 1769 3908 duxerint
1790 3875 1943 3906 intimanda
1958 3898 1969 3914 ‚
1995 3875 2084 3906 velitis
2097 3872 2182 3903 fidem
2202 3875 2344 3907 credulam

1278 3913 1416 3944 adhibere.

1317 3949 1474 3982 Confer-vet
1489 3951 1641 3982 Altiffirnus
1657 3952 1761 3983 statum
1774 3951 1899 3983 vestrum
1914 3961 1963 3990 per
1976 3958 2105 3987 tempora
2117 3949 2254 3990 longiora.

1316 3987 1383 4020 Dat.
1400 3990 1472 4027 apud
1491 3989 1798 4028 Westmonasterium²
1816 3999 1847 4029 4.
1864 3989 1912 4020 die
1924 3988 2030 4020 Martii.
2303 4029 2348 4058 Do
