2570 4261
641 212 771 259 ET
884 218 1210 260 ACTA

18 329 94 364 ΑΜ.
108 328 150 360 D.
351 320 462 357 Eodem
477 325 567 358 modo
579 326 704 358 scribitur
718 328 889 368 subscriptis,
906 328 1051 367 videlicet,

45 379 58 400 1
81 377 107 398 0¹
123 392 130 399 .

17 378 83 438 211103.
102 377 128 436 ξ.
165 402 374 442 Cardinalibus,
752 442 756 446 ι

201 446 318 472 Domino
332 442 492 479 Leonardo,
518 440 670 480 Albanenfi
682 442 820 482 Episcopo,

202 484 318 510 Domino
334 482 415 509 Petro
425 502 435 518 ,
454 479 595 519 Sabinenfi
608 479 748 518 Epifiopo,

206 521 323 548 Domino
339 518 487 556 Joharzni,
505 520 627 560 Episcopo
641 519 804 557 Tufiulano,

202 559 320 587 Domino
334 556 488 586 Theoderico
498 579 508 594 ,
527 558 648 595 Episcopo
663 561 795 586 Civitatis
810 557 935 597 Papali'r,

202 597 320 625 Domino
333 594 464 624 Nicholao
474 619 482 632 ,
502 594 613 634 Ostrenst
627 593 664 628 &¹
681 594 833 636 Velletrenfi
846 596 985 635 Episcopo,

202 636 320 663 Domino
337 633 483 672 Johasmi,
499 632 648 672 Portuenfis
661 631 698 667 ὠ
711 636 817 663 δανιέῖιε
831 635 945 673 Ruffinae
959 634 1097 674 Episcopo,

164 709 325 741 Presbiteris
341 708 551 746 Cardinalibus,

198 752 316 779 Domino
326 747 465 786 Johanm',
480 746 566 775 Tituli
578 748 736 776 Sani‘i‘orum
753 748 910 778 Marcellini
926 748 964 783 όν
979 752 1074 787 Petri,

199 791 318 818 Domino
332 784 436 815 Gentili
444 807 454 823 ,
472 784 557 814 Tituli
569 787 663 814 διικὲἶέ
679 788 801 816 M'artIni
814 790 842 816 in
859 788 999 818 Montibus
1008 810 1017 825 ,

201 829 317 856 Domino
333 823 447 854 Roberto
456 846 465 860 ,
483 823 568 853 Tituli
581 825 683 853 Saucia
697 826 875 855 Potentianae.

161 900 299 932 Diaconis
314 899 525 938 Cardinalibus,

198 943 316 970 Domino
331 938 472 977 Neapolio,
492 940 587 969 Sam‘li
602 939 745 978 Adriani,

202 981 320 1008 Domino
337 977 476 1016 Frarmstv
485 1000 494 1015 ,
510 979 619 1007 Sanffae
634 981 726 1007 Luciae
739 981 768 1007 in
781 977 874 1016 Silice,

201 1019 317 1046 Domino
332 1015 456 1054 Jacobo,
473 1017 568 1045 Sant‘Zi
583 1018 689 1052 Georgii
704 1017 743 1045 ad
754 1016 844 1046 velum
859 1028 986 1056 aureum,

198 1057 317 1084 Domino
330 1056 466 1093 Franciss‘o
475 1077 485 1092 ,
503 1055 611 1083 SandZae
627 1057 731 1084 Mariae
745 1058 774 1083 in
790 1055 947 1095 Cosinedyn,

197 1096 314 1123 Domino
326 1095 427 1131 Lucae,
444 1092 549 1122 Sanam
565 1095 668 1122 Mariae
683 1096 712 1121 in
726 1093 776 1122 vid
792 1092 871 1132 laid,
887 1092 1081 1134 Confiznguineo
1094 1093 1188 1131 Regis,

198 1134 315 1162 Domino
329 1131 462 1163 Richardo
499 1133 595 1161 Sancsli
609 1130 770 1170 Eustachii,

199 1173 316 1200 Domino
331 1154 495 1207 Landulpsso
504 1193 514 1209 ‚
533 1170 628 1199 Sancti
636 1169 756 1208 Angeli,

199 1211 317 1239 Domino
331 1208 500 1247 Guillielmo,
517 1209 613 1238 Sam‘li
625 1207 755 1237 Nicholas·
770 1211 798 1238 in
815 1212 923 1239 earcere
938 1207 1070 1238 Tulliano.

177 1297 242 1329 .De
267 1294 425 1342 Difiordia
445 1299 523 1328 inter
539 1297 676 1328 Cantuar
693 1301 729 1335 ὠ*
746 1296 838 1331 Ebor.
864 1297 1099 1343 Archiepiftopos
1107 1297 1198 1344 sirpe-r

536 1344 725 1388 Bajulatione
741 1348 854 1380 Crucis.

15 1357 92 1392 Ann.
106 1358 147 1390 D.

14 1408 128 1474 iffi?
212 1426 382 1460 Aneciffimo
404 1429 434 1457 in
457 1426 571 1458 Christo
588 1427 679 1468 Patri,
694 1429 913 1460 &eEdwardus
928 1453 937 1468 ,
954 1431 1013 1461 &c.
1032 1430 1148 1467 devora,
1165 1430 1225 1461 &c.

15 1480 46 1504 E.
71 1485 93 1503 ι,
237 1466 426 1504 Multiplicata
434 1465 540 1505 ,longo
547 1466 660 1498 decursu
673 1470 804 1506 temporis
812 1491 822 1508 ,
830 1470 920 1506 gravis
934 1470 1092 1500 animorum
1101 1469 1228 1500 diffenfio

12 1514 117 1543 uidem,
159 1507 277 1536 inter...
302 1504 502 1535 Cantuariensis
524 1506 556 1537 &
574 1505 751 1537 Eboracensis
768 1507 953 1538 Ecclesiarum
967 1508 1113 1547 antistites,
1130 1507 1226 1545 Regni

160 1544 245 1575 nostri
269 1542 420 1582 Primates,
444 1541 519 1582 super
539 1543 676 1575 delatione
695 1545 793 1576 Crucis
800 1569 811 1584 ,
836 1547 865 1576 in
887 1557 985 1576 eorum
999 1545 1171 1585 Provinciis,
1189 1547 1227 1577 al-

162 1582 257 1613 terutri
279 1581 452 1619 deferendae,
479 1582 640 1620 quamplura
658 1582 755 1622 saepius
777 1586 858 1615 nobis
871 1585 958 1615 attulit
973 1585 1173 1615 incommoda:
1193 1586 1225 1616 ὃς

165 1621 289 1651 similiter
310 1621 362 1651 toti
383 1620 515 1651 Ecclefiae
529 1621 708 1658 Anglicanae:
727 1623 760 1653 ὃ(
775 1622 810 1653 de
823 1624 977 1654 turbatione
992 1623 1087 1653 talium
1103 1623 1227 1661 persona-

163 1670 227 1691 rum
240 1659 371 1690 nonnulla
386 1659 541 1698 frequenter
555 1659 713 1691 discrimina
726 1662 759 1692 ὃς
767 1662 886 1699 pericula
895 1672 1046 1700 corporum
1054 1662 1225 1694 suntiecuta:

198 1697 234 1728 Et
247 1699 382 1736 quoniam
395 1697 435 1728 est
448 1698 631 1728 verifimiliter
646 1699 866 1736 praesumendum
875 1702 953 1738 quiid
961 1700 1077 1731 dilectus
1086 1700 1226 1741 Clericus,

163 1736 197 1767 &
213 1735 400 1767 Cancellarius
414 1736 523 1774 noster,
541 1735 680 1774 Magister
694 1738 907 1769 Willielmusde
914 1738 1083 1777 Grenefeld,
1102 1739 1227 1772 Eborum

163 1773 293 1813 Electus,
310 1784 378 1805 cum
389 1773 424 1805 ad
435 1784 501 1813 nOS,
519 1774 585 1805 Deo
598 1777 734 1815 propitio,
751 1775 896 1808 confeetus
911 1778 944 1808 &
958 1777 1074 1808 feliciter
1087 1779 1229 1816 expeditus

164 1812 292 1852 redierit,
317 1822 402 1852 quem
435 1813 529 1843 uidem
544 1813 578 1844 ad
594 1813 724 1845 Concilia
740 1815 772 1846 &
789 1814 968 1846 Pailiamenta
982 1816 1073 1847 nostra
1091 1818 1181 1856 (quae,
1199 1826 1227 1849 ut

165 1851 336 1891 plurimum,
358 1853 389 1882 in
441 1852 599 1883 antuariensi
613 1852 762 1884 Provincia
775 1853 851 1884 solita
866 1854 926 1884 sunt
939 1856 1035 1892 teneri)
1052 1856 1159 1886 ratione
1173 1856 1228 1887 sta-

164 1890 210 1921 tus
225 1889 490 1929 ArchiepifcopaliS,
514 1891 546 1922 &
561 1892 647 1922 etiam
660 1900 791 1930 tanquam
806 1902 893 1923 unum
910 1892 946 1923 de
959 1893 1115 1924 consiliariis
1128 1894 1227 1925 nostris

164 1930 358 1968 praecipuum,
381 1930 521 1967 oportebit
543 1931 654 1969 venire,
678 1941 744 1961 cum
758 1930 845 1968 ipsum
860 1930 1019 1962 duxerimus
1031 1933 1226 1973 evocandum,

205 1967 292 2006 Super
303 1967 469 2007 bajulatione
484 1966 584 1998 Crucis
597 1968 650 1999 suae
665 1978 712 2007 per
728 1969 977 2007 Archiepiscopum
993 1969 1167 2001 Cantuarien.
1183 1973 1229 2002 in-

167 2007 331 2046 quietabitur
346 2006 365 2025 '¹‘
381 2007 414 2037 &
428 2004 632 2046 molestabitur,
645 2008 722 2046 juxta
735 2007 810 2046 quod
827 2007 1034 2046 praedecessbres
1047 2008 1100 2048 sui,
1118 2011 1227 2048 inquie-

166 2046 214 2078 tati
227 2045 304 2082 super
316 2045 373 2075 hoc
386 2044 517 2075 hactenus
531 2046 690 2076 eXtiterunt·

207 2083 351 2114 Sanctitati
369 2082 466 2113 vestrae
487 2091 590 2114 attento
611 2070 792 2122 suppsicamus
805 2082 923 2123 affetffm,
941 2085 1065 2123 quatinus
1077 2085 1157 2116 sicin
1172 2086 1226 2118 hac

166 2130 243 2162 parte
264 2121 421 2159 dignemini
440 2121 578 2152 salubriter
620 2123 762 2161 rovidere,
787 2131 816 2153 ut
835 2123 935 2161 absque
955 2125 1170 2163 inquietatione,
1194 2126 1227 2156 ὃς

167 2160 359 2191 molestatione
367 2159 577 2198 Archiepiscopi
613 2162 781 2192 antuariensis
788 2184 798 2199 ,
807 2163 854 2199 qui
862 2172 913 2200 pro
922 2170 1046 2200 ternpore
1054 2162 1133 2193 fuerit
1140 2186 1150 2202 ,
1160 2174 1229 2201 prae-

166 2199 237 2230 fatus
258 2198 381 2237 Electus,
406 2198 552 2236 postquam
572 2209 637 2229 eum
652 2200 804 2230 consecrari
818 2201 984 2238 contigerit,
1002 2201 1035 2231 ad
1051 2200 1229 2233 Parliamenta

168 2239 202 2269 &
216 2237 339 2267 Consilia
353 2236 460 2274 nostra,
478 2247 560 2267 cruce
574 2247 635 2267 ante
650 2238 676 2268 se
690 2237 795 2276 delata,
812 2239 907 2269 venire
923 2239 1004 2276 possit
1019 2239 1152 2278 ubilibet,
1161 2251 1230 2278 quo-

167 2278 236 2307 tiens
250 2286 318 2313 opus
332 2274 429 2311 fuerit,
447 2275 479 2306 ὃς
494 2276 713 2306 mandaverimus
727 2287 777 2314 pro
791 2276 893 2307 eodem
902 2299 911 2315 ,
928 2277 973 2308 seu
987 2278 1064 2316 alias,
1082 2288 1132 2316 pro
1140 2289 1230 2316 nego-

172 2315 217 2345 tiis
235 2315 354 2352 propriis
365 2336 375 2351 ,
401 2312 628 2343 Cantuariensem
651 2313 829 2345 Provinciam
853 2315 951 2345 habeat
967 2316 1097 2355 ingredi,
1115 2317 1147 2347 &
1162 2318 1231 2348 inea

170 2354 292 2390 morari,
309 2354 388 2382 certis
402 2351 535 2389 deputatis
549 2354 740 2383 executoribus
758 2355 787 2383 in
803 2353 958 2391 praemissis:

206 2391 360 2421 Praesertim
387 2400 454 2420 cum
481 2390 703 2428 Arcliiepiscopis
725 2391 852 2422 Eborum
872 2391 927 2422 esse
947 2392 1055 2422 dicatur
1077 2393 1232 2432 indultum,

168 2439 199 2461 ut
220 2440 268 2467 per
288 2437 376 2459 totam
396 2427 531 2464 Angliam
549 2428 674 2459 Crucem
695 2429 802 2460 deferre
824 2430 945 2497 valerani?
969 2430 1061 2460 donec
1074 2441 1122 2468 per
1136 2432 1228 2462 sedem

170 2467 363 2505 Apostolicam
378 2465 517 2496 definitiva
532 2465 661 2498 sententia
675 2467 851 2506 decernatur,
868 2478 902 2498 an
944 2469 1045 2499 borum
1060 2468 1182 2501 Ecclesia
1196 2470 1231 2502 de

169 2508 231 2545 jure
246 2505 344 2535 debeat
357 2505 414 2534 hoc
429 2504 540 2534 facere?

209 2543 378 2582 Conservct,
396 2544 456 2574 δίε.
473 2552 502 2574 ut
517 2543 601 2582 supra.

208 2581 276 2614 Dat.
294 2591 325 2613 ut
336 2581 420 2620 supra.

18 1981 79 2013 *IL
85 1991 153 2021 957.

241 2657 432 2690 Enerabilibus
451 2660 480 2689 in
501 2657 614 2689 Christo
635 2658 756 2690 Patribus
767 2682 776 2697 ,
793 2660 853 2690 &c.
872 2667 900 2690 ut
913 2659 1007 2698 supra,
1026 2660 1236 2701 CardinalibuS,

252 2697 419 2737 Edwardus,
436 2699 495 2729 &c
513 2697 625 2728 salutem
641 2698 674 2728 &
688 2698 799 2728 suicerae
811 2698 967 2729 dilectionis
979 2698 1122 2730 affectum.

215 2736 421 2775 Multiplicata,
438 2736 498 2772 &a
518 2744 548 2765 ut
557 2734 650 2775 firpra.

212 2774 390 2806 Paternitates
410 2774 509 2805 vestras
530 2776 693 2813 requirimus
706 2775 739 2805 δε
753 2784 898 2812 rogamus,
916 2777 1038 2814 quatinus
1051 2786 1118 2812 erga
1131 2776 1238 2807 Domi-

175 2822 244 2844 num
262 2813 405 2844 summum
420 2812 586 2843 Pontificem
599 2813 664 2843 dare
677 2813 764 2843 velitis
775 2823 861 2851 opem
878 2814 911 2844 &
923 2824 1039 2851 operam
1052 2814 1195 2854 efficaces,
1209 2825 1239 2847 ut

175 2862 336 2889 congruum
355 2851 486 2889 dignetur
506 2851 660 2882 remedium
677 2851 808 2882 adhibere
833 2851 908 2890 quod
927 2853 1028 2891 absque
1041 2853 1238 2892 inquietatione

176 2891 210 2922 &
224 2890 431 2929 molestatione,
448 2888 508 2925 &a
528 2897 559 2920 ut
565 2889 658 2930 fizpra.

212 2965 281 2997 Dat.
299 2966 359 2997 &c.
376 2974 406 2997 ut
418 2966 502 3005 supra.

212 3040 323 3084 Eodem
343 3042 433 3073 modo
448 3042 576 3074 scribitur
597 3044 711 3076 cuilibet
726 3042 919 3075 Cardinalium
930 3043 1174 3084 suprascriptorum
1189 3055 1240 3084 per

178 3079 205 3111 se
239 3081 316 3120 usque
332 3080 370 3110 ibi
385 3080 558 3112 paternitates
572 3081 610 3117 ὠ,
626 3090 690 3112 tunc
703 3083 798 3113 dicitur
807 3082 862 3122 fic,

212 3103 408 3150 'paternitatem
427 3118 544 3149 vestram
562 3129 663 3151 attente
682 3131 711 3151 re
734 3123 847 3152 uirimus
867 3121 900 3152 δε
921 3119 1069 3152 εῆέἃυοῑε
1090 3131 1239 3161 rogamuS,

177 3158 304 3197 quatinus
316 3167 383 3195 erga
393 3156 554 3188 Dominum
565 3158 704 3190 summum
741 3159 900 3198 ontificem,
917 3158 978 3194 ὀνι-
997 3167 1028 3189 ut
1032 3161 1126 3199 supra.

217 3233 285 3266 Dat.
302 3234 363 3266 &c.
382 3242 412 3266 ut
423 3233 508 3273 supra.

222 3359 272 3395 De
286 3361 415 3405 Majore
433 3362 576 3393 Civitatis
596 3360 796 3403 Wntonienst's
804 3360 895 3407 fitper
912 3362 1042 3406 evasione
1054 3359 1208 3404 Obfidum.

33 3452 110 3485 Arm,
124 3451 166 3484 D„
255 3443 281 3475 E
289 3442 320 3474 X
337 3443 443 3482 Majori
454 3445 487 3476 &
498 3444 606 3476 Ballivis
617 3443 745 3474 Civitatis
760 3443 814 3475 suae
825 3445 966 3486 Wynton.
983 3446 1102 3477 salutem.

58 3502 72 3522 1
95 3499 143 3531 05,
181 3449 245 3516 R
283 3481 362 3514 Cum
380 3493 447 3520 nos,
472 3484 552 3513 certis
570 3483 605 3512 de
620 3482 702 3512 causis
717 3521 721 3525 ¹
735 3482 857 3513 volentes
872 3485 948 3522 quod
964 3484 1050 3515 Cives
1066 3484 1239 3523 Ramnenses,

33 3502 92 3560 Aa?
104 3541 148 3568 33,
181 3521 289 3552 obsides
301 3522 331 3551 in
345 3521 455 3551 diversis
471 3521 539 3564 locis
551 3520 622 3550 infra
636 3504 786 3564 Angsiam,
804 3531 851 3559 per
863 3532 1035 3560 praeceptum
1041 3523 1165 3554 nostrum
1174 3522 1239 3561 ,sub

31 3573 62 3599 Ε,
86 3579 108 3598 ,,
183 3559 310 3591 custodia
319 3559 480 3597 existentes,
497 3567 534 3589 ita
547 3557 640 3590 secure
654 3558 853 3590 custodirentur
866 3561 941 3598 quod
957 3561 1059 3592 alicubi
1067 3561 1184 3592 evadere
1191 3572 1240 3592 ne-

32 3611 89 3635 Rot.
107 3607 146 3636 cl,
182 3599 290 3639 quirent
303 3607 416 3637 quoquo
431 3597 535 3635 modo,

35 3654 82 3682 33=
96 3649 125 3673 E.
142 3655 166 3676 ι,
218 3637 307 3667 Vobis
328 3646 415 3674 nuper
437 3635 666 3673 praeceperimus,
687 3634 801 3665 firmiter
814 3636 1005 3676 injungentes,
1023 3637 1098 3676 quod
1114 3636 1192 3668 illum
1204 3637 1240 3668 de

35 3692 126 3711 m‚20‚
139 3684 165 3712 d,
179 3675 319 3706 obsidibus
339 3674 494 3712 praedietis,
519 3675 566 3712 qui
587 3673 667 3703 vobis
686 3672 792 3703 dudum
812 3673 907 3704 miffus
929 3675 1016 3706 fuerat
1029 3675 1241 3715 custodiendus,

179 3714 256 3746 salvo
270 3714 304 3744 &
317 3712 426 3750 secure,
443 3711 544 3750 absque
555 3711 687 3749 vinculis,
703 3710 837 3741 custodiri
850 3712 991 3752 faceretis,
1008 3724 1066 3744 non
1081 3715 1240 3752 permitten-

180 3760 219 3783 tes
239 3752 328 3792 ipsum
347 3751 449 3782 alicubi
465 3750 520 3780 sine
531 3750 608 3780 bona
623 3748 750 3779 custodia
762 3749 910 3781 discurrere
924 3752 968 3782 vel
983 3753 1098 3790 vagari,
1115 3753 1151 3783 ita
1164 3752 1239 3791 quod

178 3790 216 3821 de
235 3800 356 3828 corpore
373 3789 420 3820 suo
434 3789 515 3818 nobis
528 3787 688 3828 respondere
702 3786 815 3828 poffetis
827 3788 861 3818 ad
874 3789 1035 3820 mandatum
1047 3790 1171 3821 nostrum
1180 3814 1190 3829 ,
1207 3791 1240 3822 &

178 3828 256 3896 fluod
269 3829 324 3859 hoc
337 3828 386 3859 sub
398 3826 572 3872 forisfactura
585 3826 682 3864 omni,
699 3836 763 3864 quae
775 3826 857 3856 nobis
870 3826 1028 3858 forisfacete
1035 3828 1163 3868 possetis,
1179 3829 1239 3860 nul—

190 3874 280 3897 atenus
290 3875 447 3897 omitteritis

220 3903 265 3934 Ac
279 3905 357 3935 idem
371 3888 466 3942 obses}
483 3904 563 3933 vobis
576 3912 626 3941 pet
641 3912 691 3932 nos
707 3901 744 3932 fic
759 3900 853 3932 missus
890 3903 906 3932 a
921 3902 1028 3942 vestra,
1046 3912 1075 3934 ut
1091 3905 1106 3934 a
1121 3904 1242 3942 vobisip-

182 3940 215 3972 fis
229 3942 427 4011 integgximus,
443 3940 570 3973 custodia
577 3940 703 3979 evaserit,
720 3939 845 3970 innostri
870 3950 1005 3978 ampnum
1013 3942 1149 3973 casualiter
1156 3945 1244 3974 maxi-

185 3988 266 4009 mum
349 3991 479 4012 ravamen

221 4016 313 4048 Vobis
328 3990 496 4050 {audiamus>
504 4017 583 4057 quod
597 4027 647 4048 vos
683 4017 738 4047 una
752 4025 821 4047 cum
834 4016 878 4047 sex
894 4016 930 4047 de
943 4016 1145 4049 discretioribus
1158 4020 1191 4050 ὃς
1206 4019 1245 4050 le-

182 4054 335 4092 galioribus
357 4056 475 4088 Civibus
497 4057 618 4095 ejusdem
634 4039 778 4092 Civitatis,
796 4054 848 4084 sitis
865 4064 961 4085 coram
976 4057 1058 4086 nobis
1070 4057 1104 4087 &
1119 4056 1246 4087 Consilio

184 4092 299 4132 nostro,
320 4094 350 4124 in
370 4096 501 4133 proximo
523 4094 707 4127 parliamento
728 4092 841 4132 nostrO,
859 4092 932 4132 apud
945 4093 1248 4134 westmonasterium,

1322 219 1906 271 PUBLICA:

1274 290 1356 321 nobis
1377 292 1453 331 super
1474 298 1598 328 evasione
1611 299 1744 336 praedjeta
1758 301 1922 342 responsuri,
1941 302 1974 335 ὃς
1986 303 2019 335 ad
2035 302 2193 337 faciendum
2209 304 2242 338 &
2256 318 2284 339 re

1273 328 1405 363 piendum
1421 333 1529 378 ulterius
1544 338 1618 373 quod
1635 337 1717 368 Curia
1735 340 1826 372 nostra
1840 341 2048 375 consideraverit
2063 346 2093 374 in
2107 345 2159 376 hac
2175 353 2256 383 parte.

1310 366 1346 398 Et
1360 369 1478 401 habeatis
1493 374 1531 403 ibi
1546 382 1612 405 tunc
1628 375 1683 407 hoc
1701 378 1792 409 breve.

2285 310 2327 339 Εἰ·
2347 328 2421 360 Arm.
2435 328 2478 362 D.

1309 443 1396 476 Teste
1410 446 1488 488 Rege
1504 450 1575 488 apud
1589 452 1786 490 Walsmgham
1801 457 1892 493 primo
1907 457 1952 488 die
1970 458 2114 491 Februarii.

1545 578 1603 610 Pro
1623 577 1823 619 Univeffitcite
1840 582 2044 630 Cantabrigiae.

1268 659 1332 724 R
1342 653 1528 726 EOngiffcftis
1537 660 1575 704 .&
1587 660 1712 693 fidelibus
1724 662 1774 694 suis
1782 687 1792 702 ,
1811 664 1927 704 Rogero
1942 667 1976 698 de
1984 654 2137 708 Hegliham
2145 695 2155 711 ,
2173 672 2206 704 δε
2215 671 2326 704 Rober-
2346 668 2421 699 Ann-
2436 669 2475 701 D·

1471 707 1571 737 aiocis,
1589 699 1709 731 salutem.
2370 717 2452 747 1305.

1307 732 1382 770 Qiia
1398 744 1435 777 ⁴ex
1455 737 1529 774 gravi
1550 738 1657 781 querela
1678 736 1881 776 Magistrorum
1902 742 1935 773 &
1958 743 2112 776 Scolarium
2134 748 2326 781 Universitatis
2347 750 2397 773 An.
2415 757 2458 784 33-

1269 767 1460 808 Cantebrigiae
1482 784 1657 815 accepimUS,
1673 778 1747 815 quod
1763 779 1876 816 quidam
1893 780 2105 822 Makfaetores,
2123 786 2155 815 ὃς
2172 789 2244 824 pacis
2260 789 2322 818 nos-
2345 789 2374 811 Ε·
2399 795 2421 813 ¹·

1267 814 1316 849 trjte
1329 811 1552 856 perturbatores,
1576 814 1684 845 distam
1707 816 1926 848 Universitatem
1946 820 2116 859 inpugnare,
2141 824 2173 854 &
2188 825 2321 857 effizdtum
2342 826 2452 860 Pat.33.'

1266 844 1418 882 disciplinae
1431 851 1647 893 scolarizantium
1660 854 1765 884 ibidem
1780 857 1933 892 perturbare
1946 860 2150 898 machinantes,
2168 862 2236 893 ostia
2253 875 2322 902 quo-
2344 865 2372 890 E,
2384 871 2406 891 ¹·

1266 883 1395 930 ῑιιηάᾳηχ
1405 886 1586 930 hospitiorum
1605 891 1757 922 eorundem
1781 893 1983 931 Magistrorum
1999 896 2032 928 &
2046 897 2200 930 Scolarium
2215 902 2323 933 invilla
2341 905 2398 936 pars
2418 909 2440 926 ¹·

1266 922 1400 966 praedidta
1416 936 1443 954 vr
1457 927 1489 956 &
1504 930 1586 958 armis
1605 928 1763 969 fregerunt,
2347 947 2384 965 m·
2400 947 2440 972 ¹7·
2451 939 2476 967 d-

1303 959 1338 990 Et
1358 971 1387 991 m
1411 962 1562 1010 Magistros
1578 967 1611 998 &
1624 967 1765 1007 Scolares,
1782 970 1812 998 in
1828 970 1930 1002 eisdem
1944 973 2067 1011 hospitiis
2081 976 2226 1016 inventos,
2243 977 2323 1009 insul-

1265 1004 1325 1028 tum
1346 997 1485 1045 fecerunt,
1503 1004 1535 1033 ὅ(
1550 1005 1620 1041 ipsos
1634 1006 1858 1045 verberaverunt,
1876 1010 1908 1039 &
1924 1012 1996 1041 male
2011 1013 2209 1054 wadiaverunt,
2225 1016 2259 1046 &
2273 1017 2324 1048 alia

1265 1045 1389 1067 enormia
1405 1048 1442 1068 eis
1456 1041 1619 1080 intulerunt,
1636 1045 1665 1073 in
1672 1043 1793 1081 ipsorum
1801 1045 1953 1077 Scolarium
1964 1071 1973 1087 ,
1991 1050 2023 1080 δε
2033 1051 2235 1088 Magistrorum
2244 1054 2326 1085 dam-

1265 1083 1358 1141 Rnum
1382 1086 1439 1106 non
1463 1079 1628 1119 modicum,
1652 1082 1684 1112 &
1708 1081 1789 1123 studii
1810 1083 1848 1114 sui
1874 1085 1932 1122 (per
1945 1087 2019 1123 quod
2037 1089 2123 1120 cultus
2136 1091 2245 1122 divinus
2260 1093 2279 1112 ’¹‘
2297 1094 2328 1123 in
2347 1087 2478 1125 *II-958:

1266 1114 1543 1189 Ugggpeixigsffiistaug
1547 1127 1662 1150 mentari
1674 1120 1772 1158 postet)
1783 1121 1995 1154 retardationem
2003 1127 2175 1159 manifestam
2182 1153 2193 1169 ,
2211 1131 2244 1162 ὃς
2253 1141 2323 1162 con-

1494 1165 1570 1194 ram,

1304 1189 1510 1236 Affignavimus
1530 1204 1579 1224 vos
1601 1195 1635 1226 ad
1648 1196 1862 1237 inquirendum,
1881 1209 1930 1237 per
1944 1200 2144 1233 sacramentum
2157 1208 2307 1242 proborum

1267 1227 1328 1258 &c.
1345 1229 1381 1258 de
1403 1229 1546 1262 Comitatu
1562 1232 1693 1264 Cantebr.
1712 1245 1758 1273 per
1774 1247 1859 1275 quos,
1876 1239 1937 1269 &c.
1955 1238 1991 1278 de
2004 1242 2165 1271 nominibus
2178 1231 2328 1280 praedicto³

1267 1275 1329 1334 {gm
1345 1266 1574 1310 malefactorum,
1591 1272 1624 1303 &
1643 1271 1721 1310 super
1735 1274 1942 1313 transgressione
1958 1277 2094 1315 praedicta
2108 1279 2214 1316 plenius
2229 1285 2326 1315 verita-

1296 1315 1334 1335 m.
1398 1334 1406 1339 x

1302 1342 1341 1386 ‘Et
1356 1342 1428 1388 ideo*
1439 1347 1520 1377 vobis
1533 1348 1714 1392 mandatnm,
1730 1351 1804 1389 quod
1815 1352 1850 1382 ad
1866 1360 1971 1392 certos,
1989 1354 2048 1385 &o
2068 1364 2153 1395 quos,
2170 1357 2329 1396 &coinqui-

1268 1381 1394 1426 sjtionem
1420 1384 1485 1427 inde
1500 1385 1621 1426 sacratis,
1638 1388 1671 1418 &
1686 1398 1750 1419 eam
1764 1390 1893 1421 distinete
1909 1391 1942 1421 &
1957 1394 2050 1429 aperte
2067 1394 2173 1425 fadtam
2187 1397 2266 1426 nobis
2281 1397 2330 1427 sub

1266 1420 1464 1489 {tagiillisgveffns
1475 1424 1510 1490 b&
1523 1425 1615 1462 sigillis
1626 1436 1741 1465 eorum,
1758 1438 1806 1466 per
1819 1439 1887 1467 quos
1893 1428 1965 1460 faCta
1979 1431 2059 1462 fuerit
2066 1432 2121 1462 fine
2127 1432 2258 1464 dilatione
2265 1437 2331 1466 mit-

1316 1469 1341 1497 s,
1381 1467 1392 1476 ⁷
1426 1470 1462 1491 oc
1496 1472 1567 1493 reve.

1305 1496 1505 1530 Mandavimus
1527 1502 1604 1531 enirn
1621 1501 1796 1534 Vicecomiti
1811 1504 1907 1535 nostro
1922 1505 2082 1539 Comitatus
2095 1510 2237 1550 praediffl,
2254 1510 2331 1550 quod

1266 1533 1299 1563 ad
1318 1543 1424 1579 certoS,
1441 1537 1500 1568 δερ.
1515 1540 1610 1570 venire
1624 1539 1706 1571 faciat
1722 1552 1820 1574 coram
1834 1543 1914 1575 vobis
1930 1553 1970 1576 tot
1985 1546 2018 1577 &
2033 1547 2113 1587 tales,
2131 1549 2251 1588 probos,
2268 1550 2330 1582 &c-

1267 1572 1302 1602 de
1317 1572 1416 1604 Balliva
1430 1574 1491 1613 sua,
1509 1587 1556 1614 per
1571 1588 1656 1618 quOS,
1674 1579 1734 1611 &c.

1304 1610 1337 1641 In
1352 1614 1429 1651 cujus
1436 1636 1446 1652 ,
1463 1615 1524 1646 &c.

1304 1687 1392 1719 Teste
1408 1688 1490 1729 Rege
1503 1692 1574 1730 apud
1588 1692 1711 1724 Westm.
1729 1694 1846 1734 septimo
1861 1695 1906 1727 die
1919 1696 2024 1728 Martii.

1582 1768 1635 1801 Per
1648 1769 1818 1802 Petitionem
1833 1771 1870 1802 de
1886 1772 2021 1804 Consilio.

1266 1886 1498 1931 &strumentum
1509 1893 1680 1939 pupplicum
1700 1892 1736 1928 de
1752 1896 1879 1941 response}
1900 1899 1986 1943 Regis
1997 1924 2006 1939 ,
2022 1896 2114 1945 sitper
2131 1900 2221 1934 Bulla
2234 1905 2330 1937 Bene·

1499 1941 1573 1974 dim
1590 1945 1672 1989 Pap-c
1691 1954 1744 1988 pro
1764 1944 1899 1990 lzpifivpo
1917 1944 2068 1995 Byblienfi.

2351 2008 2423 2040 Ann.
2439 2009 2479 2041 D.

1267 2023 1974 2086 INNOMINEDOMINIAMEN..
2371 2058 2427 2078 ῙὊ

1290 2099 1294 2103 Ι
1331 2062 1417 2105 Anno
1432 2063 1628 2095 Incamationis
1642 2066 1761 2104 ejusdem
1777 2067 1924 2098 millesimo
1939 2069 2133 2101 trecentesimo
2150 2073 2265 2112 quinto,
2282 2074 2332 2104 in-
2348 2070 2403 2114 An³
2429 2057 2456 2088 ς’

1266 2097 1393 2144 diditione
1408 2103 1500 2141 tertia,
1518 2102 1564 2133 die
1577 2105 1674 2142 quinto
1689 2104 1787 2135 meniis
1801 2105 1921 2144 Aprilis,
1937 2107 2010 2145 apud
2026 2108 2309 2143 Westmonasteriutn
2319 2135 2330 2151 ,
2350 2129 2370 2152 E
2391 2108 2400 2152 ,⁶
2417 2099 2429 2126 3
2436 2099 2462 2126 3⁶

1265 2146 1341 2177 Juxta
1356 2139 1486 2183 London.
1504 2140 1646 2173 Dominus
1660 2142 1767 2182 Hugo,
1785 2145 1832 2181 qui
1846 2143 1874 2174 se
1890 2146 1960 2181 gerit
1968 2155 2018 2183 pro
2026 2145 2166 2185 Episcopo
2175 2149 2310 2189 Bybliensi
2322 2174 2332 2189 ,
2347 2148 2388 2190 Ei}
2401 2147 2460 2192 jiu-

1270 2187 1367 2208 coram
1382 2177 1525 2216 Episcopis
1537 2181 1569 2211 &
1583 2181 1639 2211 aliis
1662 2180 1779 2212 Praelatis
1797 2181 1959 2213 Comitibus
1977 2183 2142 2223 Baronibus,
2156 2187 2333 2228 Justiciariis,
2353 2210 2376 2228 eo
2392 2212 2404 2228 r
2433 2207 2464 2231 p,

1269 2217 1302 2247 &
1321 2217 1457 2247 nonnullis
1474 2218 1530 2248 aliis
1546 2218 1715 2258 Nobilibus,
1734 2219 1865 2260 Clericis,
1885 2222 1918 2251 &
1938 2221 2045 2261 Laicis,
2064 2223 2229 2257 Coiifiliariis
2251 2238 2332 2266 mag·
2350 2213 2389 2268 „fi
2409 2218 2482 2270 ⁴04:

1269 2253 1347 2285 nifici
1365 2254 1501 2293 Principis
1518 2256 1642 2287 Domini
1660 2257 1791 2289 Edwardi
1808 2258 1898 2296 Regis
1916 2259 2029 2297 Angliae
2047 2261 2169 2301 illustris,
2187 2266 2216 2294 in
2229 2265 2334 2298 Domi·
2353 2288 2434 2309 mm„
2462 2276 2465 2277 ⁷

1270 2293 1320 2323 bus
1424 2293 1634 2333 Archiepiscopi
1655 2295 1782 2327 Eborum
1795 2319 1806 2336 ,
1830 2298 1859 2327 in
1881 2298 1978 2336 quibus
1996 2307 2062 2330 tunc
2084 2300 2174 2332 dietus
2189 2302 2333 2336 Dominus
2437 2300 2443 2307 ⁸

1272 2331 1334 2362 Rex
1350 2332 1523 2371 morabatur,
1541 2334 1660 2370 generali
1674 2334 1858 2366 Parliamento
1872 2344 1940 2367 tunc
1953 2336 2099 2378 existente,
2117 2339 2246 2377 quasdam
2256 2342 2330 2374 litte-

1271 2381 1328 2408 ras,
1346 2369 1448 2400 foelicis
1468 2372 1679 2411 recordationis,
1697 2373 1843 2404 Benedieti
1863 2373 1944 2412 Papae
1966 2375 2126 2407 Undecimi
2145 2379 2334 2422 praesentavit,

1272 2410 1389 2447 porrexit
1402 2409 1435 2439 δεῖ
1448 2409 1575 2448 tradidit,
1591 2411 1730 2450 formam,
1747 2421 1810 2451 quae
1820 2412 1954 2451 sequitur,
1971 2415 2156 2446 continentes:

1310 2483 1475 2516 Benedietus
1491 2508 1501 2523 ,
1524 2485 1675 2525 Episcopus
1689 2510 1699 2525 ,
1723 2487 1810 2518 servus
1833 2487 1974 2520 servorum
1998 2489 2073 2529 Dei,
2089 2494 2240 2525 venerabili
2260 2495 2336 2528 fratri

1274 2570 1341 2591 nem
1386 2522 1526 2561 Episcopo
1540 2525 1738 2565 Dunelmensi,
1758 2526 1871 2557 salutem
1891 2528 1923 2558 δε
1944 2528 2137 2566 Apostolicam
2159 2532 2333 2566 benediffio-

1311 2598 1440 2629 Exhibita
1452 2600 1532 2631 nobis
1547 2609 1591 2631 tua
1605 2600 1705 2632 Petitio
1724 2603 1901 2642 continebat,
1919 2604 1994 2643 quod
2015 2605 2160 2646 Saraceni,
2178 2607 2331 2642 Christiani

1276 2639 1398 2667 nominis
1408 2639 1534 2677 inimici,
1551 2639 1749 2677 Episcopatum
1769 2640 1940 2679 Bybliensem
1952 2654 2123 2682 occuparunt
2138 2646 2286 2688 hastenus,
2302 2650 2336 2682 &

1275 2676 1366 2706 adhuc
1381 2675 1503 2707 detinent
1515 2687 1697 2715 occupatum:

1315 2714 1350 2745 Et
1373 2725 1419 2752 per
1440 2716 1496 2746 hoc
1521 2717 1682 2747 venerabilis
1702 2717 1782 2747 frater
1805 2717 1898 2749 noster
1918 2719 2007 2757 Hugo
2030 2721 2175 2761 Bybliensis
2190 2723 2333 2763 Epicopus

1277 2749 1398 2790 egestate
1417 2763 1559 2793 gravatur,
1577 2765 1645 2785 cum
1666 2755 1774 2786 aliunde
1794 2766 1851 2786 non
1872 2757 1968 2788 habeat
1987 2758 2023 2789 de
2039 2770 2110 2800 qu0,
2128 2761 2281 2793 secundum
2298 2764 2337 2796 sui

1279 2790 1363 2822 status
1374 2790 1532 2822 decentiam
1541 2816 1551 2831 ,
1567 2793 1653 2824 valeat
1667 2793 1820 2824 sustentari:

1319 2830 1416 2869 Qare
1431 2831 1512 2861 nobis
1526 2831 1665 2862 humiliter
1678 2832 1833 2870 supplicasti
1847 2841 1875 2864 ut
1887 2833 2034 2873 providere
2054 2835 2108 2867 suae
2124 2837 2287 2876 indigentiae
2299 2839 2336 2872 de

1278 2869 1449 2905 benignitate
1464 2869 1627 2908 Apostolica
1642 2870 1832 2907 dignaremus:

1314 2907 1379 2937 Nos
1394 2907 1494 2946 igitur,
1510 2909 1589 2946 ipsius
1604 2910 1711 2946 inopiae
1721 2917 1831 2947 paterno
1845 2911 2044 2947 compatientes
2058 2911 2160 2943 affi:&u
2168 2936 2177 2952 ,
2194 2913 2336 2954 digneque

1279 2945 1402 2976 volentes
1412 2947 1437 2976 ei
1453 2956 1501 2983 per
1515 2946 1615 2977 nostrae
1629 2948 1790 2984 provisionis
1803 2947 1934 2978 auxilium
1949 2948 2096 2980 subsidium
2109 2951 2219 2989 aliquod
2235 2963 2336 2991 prove-

1278 2985 1354 3053 Rite,
1370 2984 1421 3014 tuis
1438 2983 1679 3053 suppllicatiffiiibus
1703 2986 1842 3054 isncliiliati,
1859 2986 2033 3056 ‹progidiendis
2044 2988 2265 3056 fibli)au<5toritate
2284 3002 2337 3023 no-

1279 3032 1398 3098 ‹11¹thssss
1406 3030 1543 3103 {effingi
1545 3032 2071 3107 ⁰smissinae1ssgditi‘ifi?sa{ffi‘‡i“²n’dr{²2¹2
2078 3029 2338 3100 iilss'ssfftssddfiffll

1280 3099 1406 3131 mensem
1420 3098 1590 3137 Ecclesiam,
1607 3099 1729 3142 ejusdem
1748 3101 1867 3138 ordinis,
1885 3109 2051 3142 pertinente,
2068 3104 2145 3142 cujus
2164 3105 2337 3138 administra-

1279 3139 1349 3169 tioni
1404 3136 1530 3168 Priorem
1544 3137 1676 3168 Eccleiiae
1693 3139 1835 3176 praedi&ae
1849 3139 1968 3177 aliquem
1981 3140 2016 3171 de
2030 3141 2181 3173 Monachis
2194 3145 2272 3181 ipsius
2280 3144 2337 3176 Ec-

1280 3177 1370 3207 cleliae
1383 3175 1508 3214 deputat,
1525 3177 1558 3207 &
1571 3175 1668 3206 exinde
1677 3186 1789 3207 amovet
1802 3188 1851 3214 pro
1866 3177 1918 3208 suae
1925 3178 2005 3209 libito
2018 3180 2164 3212 voluntatis
2170 3186 2264 3220 ,²'cum
2271 3193 2336 3214 om-

1280 3216 1360 3246 nibus
1377 3216 1475 3245 'uribus
1490 3216 1522 3245 &
1536 3216 1705 3252 pertinentiis
1716 3215 1767 3245 suis
1778 3215 1813 3258 ab
1828 3215 1929 3246 eodem
1945 3216 2101 3258 Episcopo,
2119 3220 2208 3257 quoad
2226 3222 2339 3260 vixerit,

1280 3253 1325 3285 vel
1341 3264 1359 3283 u
1371 3263 1423 3291 que
1435 3253 1469 3283 ad
1483 3254 1715 3295 recuperationem
1727 3253 1795 3283 dieti
1808 3253 2004 3294 Episcopatus,
2021 3257 2177 3287 retinendo:

1280 3331 1297 3362 s
1317 3292 1363 3359 Alc³
1379 3290 1531 3337 'induncendi
1551 3301 1618 3322 eum
1639 3300 1667 3321 1n
1688 3291 1861 3330 corporalem
1883 3292 2066 3331 posseffionen
2088 3295 2209 3333 ejusdem
2232 3295 2337 3337 Cellae,

1291 3341 1325 3361 eu
1364 3338 1488 3360 rioratus:

1317 3368 1353 3399 Et
1366 3368 1512 3398 induc‘tum
1525 3368 1609 3410 etiam
1624 3366 1807 3408 defendendi,
1823 3370 1922 3400 amotis
1937 3370 2034 3400 exinde
2050 3371 2227 3410 quibussibet,
2245 3374 2292 3410 qui
2302 3373 2337 3404 ad

1281 3406 1436 3444 gerendum
1450 3405 1716 3437 administrationem
1730 3407 1809 3445 ipsius
1822 3406 1924 3447 Cellae,
1941 3408 1986 3439 seu
2000 3408 2136 3439 Prioratfis
2157 3419 2205 3447 per
2225 3409 2336 3443 diiturn

1279 3445 1404 3476 Priorem
1420 3444 1518 3474 fuerint
1529 3443 1664 3481 deputati:

1315 3484 1360 3514 Ac
1377 3482 1495 3513 faciendi
1512 3483 1536 3511 ei
1555 3482 1590 3512 de
1607 3481 1728 3520 ejusdem
1743 3482 1848 3522 Cellae,
1866 3483 1909 3514 seu
1931 3482 2068 3514 Prioratfis
2090 3483 2241 3517 redditibus
2263 3496 2337 3525 prae-
2379 3499 2382 3503 ·

1279 3521 1362 3552 dietis
1370 3544 1379 3560 ,
1394 3522 1446 3551 una
1460 3529 1527 3550 cum
1531 3520 1635 3558 juribus
1642 3521 1674 3551 ὃς
1682 3520 1895 3552 obventionibus
1901 3522 2027 3553 universis
2035 3545 2045 3560 ,
2052 3523 2159 3558 integre
2167 3523 2336 3562 responderi:

1315 3560 1439 3590 Necnon
1452 3559 1484 3589 &
1498 3558 1712 3589 contradietores
1728 3559 1804 3597 super
1821 3561 1876 3590 hoc
1885 3570 1932 3598 per
1947 3559 2088 3591 censuram
2096 3560 2317 3596 Ecclesiasticarn
2327 3587 2337 3603 ,

1280 3598 1458 3636 appellatione
1472 3595 1619 3634 postposita
1626 3620 1636 3635 ,
1654 3597 1876 3635 compescendis:

1317 3636 1388 3667 Non
1403 3634 1571 3665 obstantibus
1583 3636 1721 3665 contrariis
1734 3635 1856 3673 ejusdem
1869 3635 2002 3667 Ecclefiae
2015 3635 2273 3678 consuetudinibus,
2290 3639 2335 3670 vel

1281 3674 1400 3712 statutis,
1414 3674 1586 3716 juramento,
1604 3672 1819 3717 confirmatione
1833 3674 1898 3705 sedis
1918 3674 2089 3713 Apostolicae
2104 3697 2114 3714 ,
2130 3675 2175 3706 seu
2194 3677 2338 3716 qualicun-

1282 3724 1336 3751 que
1349 3712 1476 3742 firmitate
1489 3711 1543 3741 alifa
1556 3711 1703 3741 roboratis:

1318 3751 1374 3781 Aut
1389 3751 1407 3780 si
1423 3749 1559 3788 praedietis
1634 3749 1722 3780 Priori
1730 3773 1739 3789 ,
1747 3750 1780 3781 &
1788 3750 1892 3781 dileetis
1899 3749 1958 3780 filiis
1966 3749 2096 3788 Capitulo
2103 3751 2182 3789 ipsius
2187 3751 2320 3784 Ecclesiae
2327 3776 2338 3792 ‚

1281 3789 1326 3820 vel
1349 3788 1566 3828 quibuscumque
1585 3787 1658 3826 aliis,
1676 3789 1865 3819 communiter
1880 3787 1924 3819 vel
1938 3788 2050 3832 divisim
2065 3811 2075 3828 ,
2100 3790 2115 3820 a
2128 3790 2261 3828 praedieta
2276 3791 2338 3822 sede

1280 3827 1417 3857 indultum
1430 3825 1542 3864 existat.
1559 3825 1635 3864 quod
1647 3827 1904 3865 excommunicari,
1920 3825 2061 3866 suspendi,
2077 3827 2122 3859 vel
2137 3829 2262 3860 interdici
2278 3839 2338 3860 non

1281 3865 1394 3903 poffint:

1318 3904 1382 3934 Sive
1396 3901 1469 3941 quod
1483 3901 1518 3932 de
1534 3900 1634 3940 Cellis,
1650 3901 1695 3934 seu
1711 3902 1894 3941 Prioratibus‚
1910 3901 1944 3933 ad
1956 3912 2055 3933 eorum
2069 3904 2274 3944 provisionem,
2292 3905 2338 3936 seu

1282 3951 1489 3980 quamcumque
1503 3939 1707 3977 dispositionem
1721 3941 2039 3979 spedtantibusmequeat
2050 3942 2182 3981 aliquibus
2196 3943 2337 3982 provideri

1284 3990 1331 4018 per
1352 3979 1436 4010 literas
1460 3977 1649 4017 Apostolicas,
1665 3988 1723 4008 non
1744 3979 1872 4010 facientes
1890 3980 2002 4016 plenam
2015 3980 2048 4011 δε
2061 3980 2232 4021 expressam,
2248 3992 2281 4013 ac
2300 3981 2337 4012 de

1282 4018 1370 4049 verbo
1383 4017 1415 4047 ad
1431 4018 1548 4047 verbum
1583 4016 1619 4047 de
1631 4016 1737 4047 indulto
1750 4016 1907 4054 hujusmodi
1922 4017 2110 4048 mentionem:
2178 4041 2181 4043 -

1323 4058 1342 4075 *²
1356 4055 1391 4085 Et
1405 4055 1523 4093 qualibet
1538 4039 1588 4085 al'ia
1604 4055 1690 4085 dietae
1697 4054 1764 4085 sedis
1771 4055 1962 4094 indulgentiae,
1974 4057 2092 4093 generali
2102 4057 2148 4088 vel
2155 4056 2262 4096 speciali
2271 4066 2338 4095 ,cu-
2348 4062 2482 4100 *119599

1282 4093 1434 4133 juscunque
1446 4093 1545 4125 tenoris
1558 4093 1666 4132 existat,
1683 4103 1827 4163 perssuam
1838 4093 2015 4132 praesentibus
2029 4104 2088 4127 non
2107 4094 2274 4135 expressam,
2291 4093 2339 4162 {gl
