2570 4261
102 145 180 176 Ann.
192 144 233 176 D.

123 185 209 222 1285.

101 225 169 252 Edv.
190 233 214 252 1.

115 374 227 402 Bumlela

99 415 224 440 Brevium

100 449 136 483 ό*
149 453 217 478 Lite-

98 498 189 515 rarum
199 491 225 516 in

99 528 176 553 Turn·

98 565 176 593 Lond.

97 605 150 629 An.
172 611 212 639 13.

96 644 128 669 Σ.
151 650 173 669 1.

88 1622 221 1664 211314.

80 3415 158 3447 Ann.
171 3414 211 3446 D.

103 3454 186 3492 1285.

80 3497 133 3521 An.
152 3501 193 3529 13.

80 3535 112 3558 Ε.
134 3540 158 3558 1.

80 3568 182 3604 Las.

83 3615 146 3642 ¹30·
159 3606 185 3634 b.

77 3650 146 3682 penes
158 3648 209 3673 Ca·

79 3692 172 3711 mutar.

248 33 276 69 6

254 199 361 233 Litera
383 212 403 233 a
425 199 564 232 Generalt'
582 195 745 230 Abbatum
766 196 994 244 Cistercienstum
1012 202 1148 248 Capitulo
1167 229 1176 244 ,
1202 215 1264 249 qua
1279 203 1315 236 de

299 244 545 282 Praedicatoribus
573 249 610 284 <j-
638 244 818 280 Minoribus
842 248 926 294 apud
939 252 1049 296 Regem
1067 251 1201 297 querelas
1215 252 1314 296 effun-

296 295 380 330 dunt.

253 380 309 441 E
321 378 550 412 Xcellentissimo
571 379 722 419 Domino,
740 380 903 421 Edwardo,
920 381 1015 414 divina
1029 382 1225 416 munificentia
1238 385 1314 417 illus·

329 420 363 449 tri
385 419 462 455 Regi
483 418 648 456 Anglorum
661 444 670 458 ,
697 420 793 451 Frater
802 421 966 459 Johannes,
983 421 1076 452 distus
1090 422 1187 453 Abbas
1203 423 1312 454 Cister-

252 459 305 495 cii,
324 457 455 495 totusque
471 456 640 489 Conventus
655 458 819 499 Abbatum,
837 458 963 497 Capituli
985 460 1138 499 generalis,
1153 464 1311 499 potentiam

251 495 447 526 invincibilem
460 520 470 534 ,
495 497 529 527 &
553 496 689 536 quicquid
710 497 804 536 potest
823 497 898 536 apud
918 497 1020 529 Deum
1034 499 1146 530 humilis
1159 501 1193 531 &
1208 500 1312 532 affidua

249 533 410 572 deprecatio
426 543 620 574 peccatorum.

286 573 365 603 Sicut
380 573 496 612 Regalis
509 574 669 606 clementiae
680 574 887 608 Celsitudinem
899 575 1066 613 generosam
1087 577 1116 606 in
1132 577 1211 608 nullo
1224 577 1309 608 dimi-

251 612 313 641 nuit
332 610 378 641 sed
399 612 586 643 commendat
634 623 705 644 cum
718 613 746 644 se
759 613 794 644 ad
805 615 863 644 ima
877 624 1033 652 pauperum
1047 623 1098 652 per
1113 625 1141 652 pi
1147 616 1244 646 iorum
1257 618 1308 647 be-

248 649 418 682 neficiorum
431 652 547 682 inclinat
561 637 735 682 affluentiam
746 652 909 691 liberalem,
928 653 965 682 iic
979 653 1013 683 ὃς
1025 653 1075 691 ipii
1089 663 1223 691 pauperes
1235 665 1310 693 prae-

249 688 404 727 sumptuosi
422 690 469 721 vel
492 691 633 721 temerarii
648 691 712 728 jure
727 690 831 721 censeri
841 701 901 721 non
916 690 1047 730 possunt,
1065 691 1085 721 fi
1101 692 1308 725 sublimioribus

246 726 396 759 scribendo
417 729 589 767 principibus
602 752 612 766 ,
637 738 709 767 quos
721 729 793 760 inter
806 729 870 760 suos
881 729 1077 760 benefactores
1090 732 1250 770 praecipuos
1262 743 1309 764 re-

248 766 427 804 cognoscunt
440 791 450 806 ,
473 766 507 797 ad
527 766 633 797 debitas
653 767 688 798 &
701 766 816 798 devotas
832 769 985 806 gratiarum
998 768 1123 799 aeriones
1143 770 1306 810 affingunt,

247 813 297 843 ut,
312 805 390 843 juitta
407 806 567 843 sapiendam
587 805 758 844 Salamonis,
775 807 810 837 ad
829 807 908 846 loca,
934 805 1010 837 unde
1027 816 1130 839 exeunt
1150 809 1307 841 beneficio-

245 852 312 874 rum
326 843 460 882 flumina,
478 843 568 881 dignis
581 844 786 882 regrationibus
800 853 982 876 revertantur.

282 880 363 912 Cum
383 883 469 920 igitur
490 892 525 913 ex
545 883 730 922 proventibus
751 882 886 914 Ecclesiae
907 883 944 914 de
957 883 1152 926 Scardeburg,
1171 897 1257 926 quam
1268 886 1305 918 de

245 919 433 952 advocatione
444 920 551 961 vestra,
570 922 603 953 &
619 931 654 952 ex
668 921 749 953 dono
762 924 983 960 progenitorum
997 923 1174 965 vestrorum,
1193 927 1223 957 iri
1238 937 1305 964 pro-

244 960 322 998 prios
348 959 409 991 usus
436 961 575 991 canonice
592 960 765 999 possidemus
778 985 788 999 ,
813 961 943 993 nostrum
957 963 1096 1032 cgenerale
1115 963 1280 1004 Capitulum
1295 990 1306 1005 ,

246 997 377 1036 quolibet
396 1008 489 1038 anno,
508 999 686 1031 consueverit
703 1000 846 1031 sustentari
858 1010 909 1038 per
921 1001 956 1031 tri
977 1012 1064 1040 uum,
1082 1013 1159 1034 nunc
1172 1003 1306 1035 sustente-

245 1044 292 1067 tur
306 1037 335 1066 in
350 1046 445 1076 parte,
463 1039 496 1070 ὅτ,
511 1038 570 1068 fere
582 1039 706 1069 omnino
717 1038 930 1078 sustentaretur,
948 1039 968 1070 fi
982 1050 1137 1079 proventus
1148 1041 1234 1073 dictae
1246 1042 1305 1074 Ec-

246 1074 337 1106 clesiae
362 1075 452 1107 libere
480 1077 514 1107 δε
534 1078 645 1114 integre
666 1077 810 1115 poss‘emus
830 1079 976 1117 percipere
989 1103 999 1117 ,
1017 1079 1087 1111 sicut
1107 1081 1137 1111 in
1159 1082 1305 1113 retroactis

245 1114 422 1152 temporibus
441 1114 620 1154 solebamu53
645 1117 744 1156 ingrati
762 1116 908 1155 possemus
931 1119 1034 1149 merito
1050 1117 1185 1158 judicari,
1205 1120 1225 1150 fi
1238 1131 1305 1151 nos-

245 1159 324 1183 trum
344 1153 473 1193 generale
492 1153 679 1194 Capitulum,
702 1155 760 1185 sine
779 1155 865 1187 vestri
879 1156 1035 1195 memoria,
1056 1158 1146 1196 (quod
1158 1169 1305 1198 nunquam

245 1191 356 1222 fastum
378 1192 478 1230 exntit)
500 1193 675 1232 pertraniiret
689 1205 700 1232 3
718 1193 794 1224 unde
811 1204 881 1233 nos,
898 1195 1101 1235 ingratitudinis
1115 1198 1218 1228 vitium
1231 1208 1305 1236 prae-

245 1238 398 1270 caventes,
421 1231 501 1271 super
520 1232 572 1263 hiis
592 1233 626 1264 &
645 1232 703 1263 aliis
722 1234 816 1271 gratiis
836 1233 870 1264 ὃς
890 1233 1048 1272 beneficiis,
1066 1236 1083 1265 ὲ
1098 1236 1306 1276 magnificentia

244 1269 336 1301 vestra
355 1269 454 1301 nostro
473 1270 566 1302 ordini
587 1271 694 1303 collatis
707 1296 717 1310 ,
747 1272 782 1303 ad
802 1273 953 1310 gratiarum
971 1273 1096 1305 actiones
1120 1274 1306 1307 Excellentiae

243 1307 346 1339 vestrae
365 1307 485 1349 dignum
505 1309 636 1341 duximus
654 1310 856 1348 assurgeridum
867 1335 876 1349 ,
901 1320 1048 1343 exorantes
1067 1313 1227 1352 suppliciter
1242 1314 1304 1346 Re-

264 1356 311 1377 em
325 1346 461 1386 Regum,
479 1348 509 1378 in
522 1350 600 1387 cujus
614 1359 700 1380 manu
714 1349 776 1380 sunt
793 1350 928 1380 omnium
942 1349 1059 1390 Regum
1071 1353 1174 1391 corda,
1193 1363 1225 1385 ut
1240 1363 1304 1392 per-

241 1355 340 1416 {nam
361 1386 482 1418 vestram
499 1412 508 1426 ,
533 1389 567 1420 &
588 1389 695 1420 amicos
715 1388 842 1426 vestrOS,
860 1388 894 1419 ὃς
909 1398 1030 1429 regnum
1043 1390 1187 1431 vestrum,
1205 1394 1234 1422 in
1249 1393 1303 1424 ho-

242 1433 330 1464 nore,
347 1427 382 1458 &
396 1426 474 1456 bona
485 1436 555 1464 pace
570 1426 688 1458 stabiliat
702 1427 736 1459 &
750 1426 904 1459 confirmet
918 1452 928 1467 ,
948 1430 982 1461 δε
995 1429 1073 1460 actus
1086 1429 1195 1462 vestros
1205 1431 1303 1472 dirigat

241 1463 272 1493 in
286 1463 339 1494 suae
353 1464 533 1503 beneplacito
546 1465 707 1497 voluntatis.

277 1501 316 1533 Et
358 1505 400 1535 uia
442 1503 522 1542 super
537 1506 721 1543 perceptione
735 1513 929 1543 proventuum
943 1506 1067 1545 praefatae
1082 1508 1235 1548 Ecclefiae,
1252 1519 1304 1548 per

241 1540 321 1581 ingre
346 1553 377 1573 us
403 1527 630 1573 praedicatorum
658 1544 691 1574 δε
720 1543 875 1574 Minorum
901 1546 930 1575 in
949 1545 1022 1576 Villa
1043 1546 1081 1577 de
1100 1547 1259 1579 Scardebur
1292 1574 1303 1588 ,

241 1589 341 1611 contra
356 1590 487 1612 tenorem
502 1580 674 1612 Chartarum
690 1581 935 1613 Praedecessorum
947 1585 1107 1616 vestrorum
1128 1588 1161 1618 &
1178 1587 1245 1626 Apo
1269 1598 1303 1618 0-

239 1617 305 1649 licas
317 1620 511 1659 inhibitiones,
532 1621 773 1659 quamplurimum
785 1623 999 1662 perturbamur,
1008 1624 1027 1643 *
1041 1625 1071 1654 in
1083 1633 1193 1656 tantum
1207 1626 1302 1666 quod,

240 1657 290 1688 ubi
311 1658 468 1690 solebamus
488 1660 632 1698 percipere
651 1658 808 1690 triduanam
825 1663 1054 1698 procurationem
1076 1664 1166 1695 nostri
1179 1663 1304 1704 Capituli

237 1698 390 1737 generalis,
408 1699 456 1729 vix
471 1697 605 1736 processu
619 1707 679 1729 tem
701 1700 774 1737 oris,
791 1698 862 1729 sicut
877 1702 1073 1738 experimento
1088 1703 1234 1734 cotidiano
1247 1704 1302 1734 dis-

238 1736 349 1775 cimus,
365 1748 415 1776 per
437 1747 528 1767 unum
549 1736 627 1767 diem
646 1709 758 1768 digium
779 1739 910 1777 generale
928 1738 1096 1778 Capitulum
1119 1744 1225 1780 poterit
1245 1743 1302 1773 sus-

238 1777 356 1814 tentari,
374 1776 409 1807 ad
429 1785 483 1806 vos
503 1783 639 1814 tanquam
659 1775 695 1806 ad
720 1775 879 1807 Patronum
900 1777 1037 1809 habemus
1057 1790 1229 1819 recurrere,
1253 1791 1302 1812 ex-

239 1813 400 1846 cellentiam
422 1814 546 1845 vestram
567 1814 711 1845 humiliter
734 1824 881 1847 exorantes
895 1841 905 1855 ,
927 1826 960 1848 ut
981 1817 1089 1850 fastum
1103 1819 1301 1852 Praedecesso-

238 1861 305 1883 rum
319 1853 498 1891 vestrorum,
516 1853 587 1884 sicut
601 1852 693 1884 vestra
708 1853 838 1892 interest,
859 1855 940 1893 prose
962 1866 979 1885 u

238 1890 359 1922 Chartas
380 1893 413 1924 ὃς
438 1892 650 1923 Prohibitiones
672 1892 776 1932 Regias
800 1892 910 1924 facturn
931 1866 972 1924 eci}
988 1895 1094 1926 faciatis
1106 1906 1157 1935 per
1175 1898 1300 1935 potesta-

237 1939 300 1961 tem
323 1930 447 1971 Regiam
464 1930 597 1962 adnullari
611 1954 621 1968 ,
639 1932 674 1963 δε
687 1930 874 1962 donationem
891 1933 1018 1970 praefatae
1033 1933 1187 1974 Ecclesiae,
1207 1937 1223 1966 a
1237 1947 1302 1968 vec-

238 1970 544 2038 trisnfiprogenitoribus
570 1969 654 2001 nobis
674 1970 779 2010 iadiae,
806 1969 963 2012 dignemini
984 1983 1034 2012 per
1057 1972 1176 2006 Chartas
1196 1974 1301 2016 Regias

237 2017 277 2039 co
318 2018 418 2041 rmare.
546 2015 549 2021 “

278 2046 411 2088 Insuper,
427 2058 497 2080 curn
513 2059 563 2087 per
579 2048 714 2080 statutum
730 2047 859 2080 vestrum

239 2085 292 2125 da,
307 2086 354 2117 seu
376 2088 464 2118 aliena
485 2088 674 2128 ingrediantur
688 2112 697 2127 ,
718 2087 790 2119 adeo
813 2088 846 2120 sit
861 2074 1028 2121 deteriorata
1041 2090 1137 2122 nostra
1150 2091 1299 2132 conditio,

236 2124 319 2163 quod
333 2135 436 2165 terras,
452 2136 517 2164 quae
532 2127 594 2157 sunt
607 2126 644 2157 de
656 2126 725 2157 dote
747 2128 782 2159 δε
797 2126 887 2159 feodo
908 2127 1046 2160 Ecclesiae
1067 2130 1232 2169 supradictae
1244 2156 1254 2171 ,
1269 2142 1300 2163 a-

236 2162 320 2202 lieni,
339 2175 410 2196 cum
424 2166 491 2204 ipsas
506 2165 591 2196 vendi
605 2166 763 2209 contingit,
781 2175 867 2203 quam
882 2166 1001 2206 pluries,
1017 2169 1100 2199 nobis
1113 2170 1224 2208 invitis,
1241 2180 1295 2201 oc-

236 2212 367 2242 cupant,
391 2213 444 2234 nos
465 2213 537 2234 vero
552 2228 562 2243 ,
589 2203 844 2242 contraqusti'tiam
858 2229 867 2243 ,
890 2207 993 2237 intrare
1014 2208 1164 2245 proprium
1178 2208 1298 2241 feodum

235 2242 438 2280 prohibemur:
458 2241 657 2273 strenuitatem
671 2242 795 2273 vestram
808 2243 953 2275 humiliter
963 2244 1151 2283 deprecamur
1166 2249 1296 2286 quatinus

235 2279 369 2311 mandare
405 2283 409 2286 '
452 2282 538 2311 ernini
552 2281 660 2312 Ballivis
676 2281 775 2311 vestris
789 2280 826 2312 de
842 2282 1037 2324 Scardeburg,
1056 2284 1153 2324 quod,
1169 2296 1229 2316 non
1242 2287 1298 2317 ob-

235 2318 326 2350 stante
359 2329 397 2349 rae
425 2327 456 2350 to
472 2319 593 2358 statuto,
610 2321 775 2357 permittant
789 2330 842 2351 nos
854 2322 957 2353 intrare
969 2331 1053 2354 terras
1067 2348 1077 2362 ,
1096 2333 1160 2362 quae
1179 2324 1242 2356 sunt
1261 2325 1298 2356 de

234 2357 323 2389 feodo
364 2358 475 2389 cclefiae
486 2358 659 2396 supradict-ae.

273 2396 323 2427 De
345 2396 466 2429 Comite
480 2407 551 2428 vero
571 2397 609 2428 de
625 2397 789 2436 Watenna,
809 2400 858 2438 qui
873 2408 923 2437 per
937 2400 1009 2431 ofto
1023 2409 1113 2432 annos
1127 2403 1162 2434 &
1176 2402 1296 2441 amplius

232 2435 360 2475 spoliavit
386 2446 440 2467 nos
469 2435 573 2466 decem
595 2436 717 2466 marchis
732 2461 742 2475 ,
765 2438 816 2475 qui
834 2439 917 2468 nobis
937 2438 1078 2470 debentur
1099 2442 1245 2472 annuatim
1266 2443 1295 2472 in

231 2474 364 2505 nundinis
385 2474 519 2506 Stanford
559 2475 660 2513 pluries
674 2474 828 2506 strenuitati
843 2475 944 2507 vestrae
958 2478 1132 2518 scripfimus,
1153 2480 1187 2511 &
1199 2490 1252 2511 vos
1268 2482 1294 2512 ei

233 2513 313 2551 super
327 2513 385 2543 hoc
403 2513 506 2544 vestras
541 2513 655 2544 irexistis
668 2513 776 2553 literas,
796 2515 830 2546 &
844 2524 898 2545 nos
914 2516 1042 2557 nostras,
1061 2519 1070 2547 i
1091 2518 1117 2548 se
1132 2521 1204 2549 vero
1220 2519 1293 2550 sem-

233 2562 283 2590 pei·
306 2551 462 2582 Monachis
481 2551 583 2583 nostris
604 2552 719 2592 affignat
741 2553 878 2584 terminos
891 2579 900 2593 ,
922 2554 968 2585 sed
990 2556 1029 2586 nil
1044 2556 1074 2587 so
1085 2558 1142 2595 vit;
1163 2556 1254 2596 unde,
1273 2558 1294 2589 fi

232 2589 529 2634 placetpremcdiurn
546 2600 708 2631 congruum
727 2601 777 2630 per
799 2592 969 2630 potestatem
990 2593 1115 2634 Regiam
1132 2595 1212 2634 super
1233 2596 1292 2628 hoc

231 2639 248 2659 a
307 2637 383 2659 natis.

247 2639 267 2667 p
308 2677 342 2698 os
361 2678 432 2698 vero
446 2692 456 2707 ,
480 2668 546 2699 licet
565 2667 726 2699 universitas
745 2668 851 2699 ordinis
873 2670 904 2700 in
922 2671 1098 2702 orationibus
1115 2672 1168 2702 suis
1187 2673 1295 2705 cotidie

234 2705 320 2737 vestri
335 2708 505 2737 memoriam
520 2707 619 2746 faciat,
634 2715 730 2737 tamen
751 2717 804 2745 pro
826 2708 943 2745 persona
956 2709 1067 2748 vestra,
1083 2719 1172 2741 uxore
1185 2711 1294 2751 vestra,

233 2755 267 2775 ac
282 2745 375 2774 liberis
389 2745 487 2775 vestris
503 2769 512 2783 ,
539 2747 572 2777 &
588 2756 642 2784 pro
654 2746 844 2783 tranquilitate
856 2746 887 2776 R
945 2748 953 2777 i
965 2748 1068 2786 vestri,
1083 2749 1113 2778 in
1127 2749 1228 2781 nostro
1243 2759 1294 2781 ⁰e-

232 2783 318 2814 nerali
331 2782 466 2822 Capitulo
479 2786 621 2815 orationes
634 2784 805 2822 injunximus
818 2784 908 2823 specia
920 2796 948 2816 es
964 2786 1128 2825 (videlicet,
1147 2796 1204 2818 tres
1217 2775 1292 2819 Nfis-

233 2823 272 2853 sas
285 2846 294 2860 ,
316 2831 404 2852 unam
424 2822 461 2853 'de
478 2822 584 2860 Spiritu
605 2822 712 2853 Sanno
729 2833 736 2851 ε
756 2822 851 2853 Aliam
864 2823 901 2854 de
915 2825 994 2855 beata
1007 2825 1139 2865 Virgine:
1160 2825 1199 2857 Et
1209 2827 1292 2859 aliam

233 2860 270 2891 de
287 2860 393 2928 sSarrCia
413 2860 523 2899 Cruce)
548 2860 726 2892 celebrandas
741 2861 756 2891 a
771 2861 882 2901 singulis
896 2862 1097 2895 Sacerdotibus
1110 2864 1216 2896 ordinis
1229 2868 1293 2898 uni-

233 2908 313 2930 veri.

271 2936 372 2977 vigeat
387 2937 478 2969 vestra
491 2938 649 2970 dominatio
662 2948 713 2977 per
728 2947 788 2969 tem
800 2937 860 2969 'ora
872 2939 1011 2978 longiora.

270 2974 337 3006 Dat.
358 2976 431 3014 apud
450 2976 624 3008 Cistercium
637 3002 647 3016 ,
671 2978 718 3009 die
740 2977 764 3008 F
808 2979 816 3008 i
836 2977 1018 3011 Exalmnonis
1041 2979 1154 3013 Sanctae
1168 2979 1293 3022 Crucis,

233 3021 367 3052 tempore
380 3013 503 3053 Capituli
516 3015 657 3055 generalis.

982 1865 1059 1887 entes
1070 1882 1079 1896 ‚
1105 1858 1184 1897 quod
1200 1869 1302 1890 contra

907 2050 945 2081 n'e
960 2049 1096 2092 Religiosi
1112 2054 1224 2092 proprIa
1238 2053 1302 2086 feo—

232 3137 341 3170 Litera
363 3135 517 3181 testificans
533 3137 613 3185 quod
629 3140 795 3173 Florentius
812 3144 912 3175 Comes
929 3142 1099 3176 Hollandiae
1109 3144 1292 3190 protestaba-

275 3195 327 3217 tur
351 3189 388 3224 ῤ’
405 3186 552 3230 juravit,
576 3185 612 3219 de
625 3188 747 3220 tenendo
765 3195 966 3224 conventiones
983 3219 993 3234 ,
1019 3196 1109 3225 initas
1127 3197 1205 3226 inter
1224 3193 1292 3227 Ed-

274 3233 421 3267 wardum
439 3237 546 3281 Regem
567 3236 682 3282 Angliae
699 3240 734 3274 ῥ’
756 3237 850 3284 ipficm
867 3241 1013 3273 Comitem
1021 3241 1113 3287 siaper
1127 3245 1291 3275 matrimo-

217 3306 219 3310 ,
278 3286 346 3324 nio,
370 3281 566 3315 contrahendo
585 3287 663 3316 inter
679 3287 846 3319 Dominam
863 3287 1083 3322 filiaabetham
1106 3300 1215 3324 natam
1232 3293 1291 3325 Re-

265 3335 337 3377 gis,
362 3334 398 3370 &⁸
416 3329 593 3377 Johannem
609 3332 693 3378 ipfius
711 3335 835 3367 Comitis
848 3340 1093 3384 primogenitum.

235 3411 370 3473 NOS
386 3440 396 3455 ,
419 3416 579 3448 Florentius
590 3441 600 3455 ,
623 3416 734 3448 Comes
754 3418 916 3451 Hollandiae
929 3446 938 3460 ,
964 3422 1145 3460 praesentium
1165 3432 1267 3455 tenore
1280 3448 1290 3463 ‚

312 3453 488 3498 ,simpliciter
508 3465 542 3486 ac
564 3455 679 3499 publice
698 3457 905 3497 protestamur,
926 3460 1004 3499 quod
1019 3471 1089 3500 nos,
1107 3462 1135 3491 in
1146 3463 1290 3499 praesentia

239 3488 368 3533 Maoistri
380 3493 508 3524 Thomae
521 3494 558 3524 de
571 3493 733 3525 Sodinthon
742 3520 751 3533 ,
768 3498 865 3527 nuncii
880 3498 1032 3538 solempnis
1047 3500 1209 3531 serenissimi
1226 3501 1288 3532 Re-

257 3537 277 3556 is
292 3514 336 3558 ἉΠ
356 3530 416 3569 liae,
434 3531 560 3563 Domini
572 3531 722 3571 Edwardi,
741 3535 775 3565 &
791 3534 949 3566 Nobilium
963 3547 1045 3569 terrae
1059 3537 1164 3568 nostrae
1208 3540 1289 3571 vide-

235 3536 301 3595 ficet
315 3590 325 3603 ,
356 3607 360 3611 .
380 3571 470 3600 omini
490 3570 603 3601 Alberti
620 3570 747 3615 Domini
767 3572 924 3617 deVome
938 3599 947 3613 ,
971 3576 1096 3607 Domini
1111 3564 1233 3620 Cerdrdi
1251 3578 1289 3608 de

232 3602 474 3672 mglffignghem
491 3610 525 3640 ὃς
544 3609 676 3649 Magistri
696 3609 818 3641 Gerardi
832 3611 869 3642 de
884 3612 1019 3654 Leyden,
1038 3616 1072 3647 δε
1086 3614 1208 3646 aliorum
1222 3616 1286 3655 plu-

377 3668 387 3681 ,
1049 3673 1053 3676 ,

256 3678 427 3724 ‚Corporale
445 3685 622 3721 praestitimus
642 3685 857 3719 Sacramentum
874 3714 884 3728 ,
908 3690 988 3728 super
1009 3692 1204 3723 ratihabitione
1219 3703 1286 3724 om-

232 3726 314 3759 nium
328 3720 511 3752 articulorum
531 3725 563 3754 &
579 3727 809 3757 conventionum
823 3751 832 3766 ,
859 3729 991 3760 initarum
1006 3732 1079 3761 inter
1092 3731 1202 3761 didi-um
1217 3731 1284 3762 Do-

233 3763 345 3798 minum
359 3755 388 3799 R
425 3768 472 3788 em
485 3761 518 3790 &
534 3772 603 3800 nos,
618 3762 699 3802 super
712 3766 896 3797 matrimonio
905 3792 914 3804 ,
938 3769 1010 3799 inter
1023 3768 1220 3799 Elizaberham
1235 3769 1283 3800 Fi-

230 3792 298 3822 liam
319 3792 387 3822 didh
438 3800 528 3828 omini
546 3799 650 3845 Regis,
666 3802 873 3841 &johannem
890 3805 993 3836 Filium
1006 3806 1139 3838 nostrum
1154 3808 1281 3838 leviume

231 3830 442 3873 contrahendO,
458 3843 542 3870 prout
550 3837 617 3879 ‘haec
632 3850 664 3883 iri
676 3841 773 3871 litteris
788 3844 932 3882 utrimque
944 3845 1101 3884 confectis,
1114 3846 1148 3877 &
1162 3832 1282 3877 afferma

229 3876 282 3899 tim
295 3868 433 3899 conceffis
454 3871 574 3907 plenarie
587 3885 777 3910 continentur.

716 27 1522 85 CONVENTIONES‚
1577 33 1966 88 L1TERAE.'

1354 119 1384 149 in
1402 120 1527 163 animam
1546 122 1674 166 praedisti
1694 124 1820 155 Domini
1841 125 1930 166 Regis
1945 151 1955 166 ,
1982 133 2033 164 per
2054 124 2112 158 suas
2121 126 2225 159 litteras
2237 135 2363 168 patentes
2370 130 2418 172 ju-
2436 125 2514 158 Ann.
2526 129 2570 163 D:

1355 167 1455 197 rantis,
1473 167 1574 189 coram
1589 161 1693 193 eisdem
1708 164 1869 201 recepimus
1883 166 1949 196 vice
1965 164 2050 196 versa.
2439 167 2546 234 Bai-‘85¹-
2555 175 2566 193 ἰ

1392 235 1503 266 Datum
1513 244 1590 267 anno
1603 236 1727 269 Domini
1745 238 1828 278 1285.
1848 238 1974 272 secundo
1989 240 2036 272 die
2051 240 2202 274 Oitobris.

1530 365 1590 396 Pro
1604 363 1791 408 Monasterio
1808 366 1920 399 Sanstae
1933 368 2095 400 Trinitatis
2115 368 2248 404 London.

1352 447 1563 508 HOnorius
1577 449 1751 489 Episcopus,
1769 451 1863 482 servus
1874 452 2022 483 servorum
2037 451 2114 491 Dei,
2129 453 2235 485 dileeto
2250 455 2323 488 Filio
2433 460 2509 492 Ann.
2524 461 2568 494 D4·

1464 488 1557 518 Priori
1579 488 1748 520 Monasterii
1767 489 1804 520 de
1822 490 1986 531 Cruceroys
2000 515 2011 530 ,
2035 491 2244 525 Londoniensis
2265 494 2414 537 Diocesis‚
2455 501 2561 539 1285.,

1351 525 1467 556 salutem
1481 528 1516 558 &
1528 526 1725 564 Apostolicam
1739 527 1978 560 benedictionem.
2433 542 2485 566 An.
2506 549 2549 576 ¹4·

1388 563 1548 602 Conquesti
1564 565 1626 595 sunt
1638 566 1723 596 nobis
1805 567 1889 598 Prior
1903 569 1938 600 δε
1950 567 2122 600 Conventus
2136 567 2306 602 Monasterii
2321 573 2411 606 Sanc·
2432 581 2461 605 E.
2482 587 2506 606 1.

1350 610 1387 632 tae
1400 602 1549 634 Trinitatis
1563 603 1787 643 Londoniensis,
1806 606 1884 644 quod
1898 606 2036 646 Magister
2049 607 2198 638 Robertus
2219 608 2256 640 de
2268 609 2391 644 Horsele
2402 638 2412 651 ,
2430 619 2471 643 Ex
2483 619 2543 645 Au-

1348 640 1463 672 Retftor
1475 641 1611 672 Ecclesiae
1623 642 1718 673 saneti
1732 643 1878 675 Edmundi
1892 644 1980 685 Regis
1995 645 2032 676 de
2048 646 2238 686 Graschirch‚
2295 650 2408 691 custos,
2432 661 2499 691 ngr.
2542 649 2544 651 ’

1349 679 1481 718 Fratres,
1516 681 1550 711 &
1575 681 1695 712 Sorores
1721 681 1874 720 Hospitalis
1893 683 2006 714 Sanitae
2024 683 2167 716 Caterinae
2188 686 2263 722 iuxra
2287 687 2410 720 Turrim

1349 717 1689 757 Londoniensem,super
1703 721 1722 740 ²¹²
1739 721 1905 758 quibusdam
1918 721 2055 763 decimis,
2071 725 2170 755 annuis
2182 725 2363 762 pensionibus
2376 729 2411 760 ὃς
2433 727 2566 769 ‘11.3r'5‘,;

1348 758 1432 787 rebus
1447 757 1504 789 aliis
1516 758 1681 796 injuriantur
1695 758 1807 789 eisdem.

1386 795 1516 834 Ideoque
1528 796 1688 827 discretioni
1701 805 1758 827 tuae
1772 807 1822 835 per
1835 796 2002 836 Apostolica
2020 798 2121 838 scripta
2135 801 2319 841 mandamus,
2338 813 2409 843 qua-

1348 835 1422 865 tinus
1438 859 1447 873 ,
1494 836 1599 865 artibus
1618 836 1787 866 convocatis
1802 861 1812 876 ,
1836 836 1927 866 audias
1948 837 2076 876 causam,
2093 839 2146 877 ὃς,
2163 841 2349 879 appellatione
2364 853 2410 874 re-
2463 860 2465 862 ·

1345 881 1454 942 rFrzicotfieff
1457 874 1572 942 ³155}ae
1585 872 1920 944 f{lineigle{3353,Vsaarciiens
1934 875 2013 914 quod
2026 876 2184 909 decreveris
2197 889 2248 918 per
2261 881 2410 914 censuram

1392 922 1409 942 C
1447 924 1455 942 1
1607 923 1651 942 rm
1862 926 1868 931 ·

1384 949 1504 981 Proviso
1522 952 1560 981 ne
1578 950 1727 989 pensiones
1746 951 1812 990 ipsae
1834 937 1935 984 cdntra
1957 952 2149 986 Lateranensis
2169 955 2269 988 statum
2283 956 2411 992 Concilii

1346 987 1399 1019 sint
1411 989 1551 1027 impositae
1565 990 1611 1020 vel
1626 988 1760 1021 adaustae.

1382 1027 1484 1059 Testes
1497 1037 1611 1067 autem,
1629 1029 1691 1060 &c.

1382 1103 1451 1136 Dat.
1471 1104 1582 1135 Romae
1609 1103 1684 1144 apud
1711 1105 1846 1138 Sandiam
1871 1105 2007 1138 Sabinam
2025 1106 2112 1138 Non.
2131 1107 2280 1140 Decemb.
2300 1110 2410 1144 Pontis.

1343 1142 1434 1174 nostri
1449 1153 1525 1175 anno
1541 1144 1646 1182 primo.

2074 1221 2128 1254 Sub
2131 1221 2184 1265 filo
2199 1223 2302 1255 canabi.

1343 1346 1456 1377 Litera
1481 1345 1526 1378 ad
1549 1345 1717 1380 Sanchium
1745 1349 1854 1393 Regem
1882 1344 2006 1389 Castellae
2023 1373 2033 1388 ‚
2067 1345 2103 1379 de
2114 1357 2191 1393 pace
2211 1349 2291 1379 inter
2311 1347 2407 1392 ipsttm

1388 1396 1425 1432 φ’·
1455 1396 1563 1441 Regem
1588 1396 1737 1438 Franciae,
1762 1406 1817 1428 nec
1836 1407 1892 1429 non
1909 1398 1945 1434 (ῤ’
1962 1399 2040 1428 inter
2060 1398 2221 1442 Aragoniae
2238 1398 2274 1434 (ῥ’
2296 1395 2406 1428 Sicilia

1388 1444 1481 1489 Reges
1496 1442 1703 1488 reformanda.

1343 1528 1564 1599 MAgnifico
1586 1529 1712 1568 Principi
1729 1552 1739 1568 ‚
1765 1530 1799 1561 δε
1820 1529 1916 1560 amico
1937 1527 1987 1559 suo
2011 1527 2172 1569 kariffimo,
2190 1526 2408 1572 Dominohsan-
2430 1521 2560 1556 Ann-D·

1439 1579 1455 1600 c
1478 1570 1507 1599 io
1520 1593 1530 1607 ,
1555 1567 1614 1598 Dei
1634 1569 1720 1608 gratia
1733 1592 1743 1606 ,
1769 1567 1899 1598 Castellae
1913 1593 1922 1606 ,
1942 1567 2091 1607 Legionis,
2110 1568 2249 1607 Theloti,
2269 1567 2405 1612 ΟἍΙιςρῳ,
2447 1564 2533 1594 1286-

1341 1605 1462 1646 Sibillae,
1483 1606 1657 1646 Cordubiae,
1676 1606 1819 1646 Murciae,
1837 1606 2005 1645 Gehennae,
2023 1616 2109 1645 atque
2122 1607 2265 1648 Algarbiae
2280 1606 2357 1650 Regi
2371 1607 2404 1636 il-
2426 1606 2533 1639 ‘1³³4-

1341 1643 1436 1683 lustri,
1459 1645 1633 1685 Edwardus,
1650 1644 1750 1676 eadem
1771 1646 1858 1686 gratia
1870 1670 1880 1684 ,
1902 1645 1969 1676 Rex
1989 1645 2120 1685 Angliae,
2136 1646 2283 1688 Dominus
2298 1645 2406 1675 Hiber·
2425 1645 2455 1668 E.
2474 1652 2497 1670 1-

1341 1684 1397 1714 niae
1415 1685 1450 1716 &
1472 1684 1542 1716 Dux
1566 1684 1745 1723 Aquitanniae
1759 1709 1768 1723 ,
1794 1683 1910 1715 salutem
1925 1709 1935 1723 ,
1955 1685 1989 1715 δε
2005 1683 2122 1716 sincerae
2135 1685 2294 1717 dilectionis
2309 1685 2404 1714 conti-
2423 1683 2478 1707 1³0!-
2494 1680 2524 1707 de
2541 1724 2544 1730 .

1341 1732 1432 1753 nuum
1444 1724 1665 1755 incrementum.
2140 1762 2144 1767 1
2423 1721 2523 1765 Ίζεῑιὲα
2530 1738 2552 1763 .μ

1380 1759 1585 1794 Celsitudinem
1598 1761 1721 1793 vestram
1736 1763 1869 1793 novimus
1884 1772 1944 1793 non
1967 1762 2051 1793 latere
2073 1761 2207 1800 quahter,
2223 1758 2259 1792 ad
2273 1762 2359 1793 decus
2370 1760 2404 1794 &
2427 1766 2484 1789 θ’ῑ-
2497 1766 2539 1789 ¹4-

1341 1798 1479 1832 decorem
1498 1803 1584 1833 totius
1604 1800 1836 1840 Christianitatis,
1851 1802 2067 1832 intromittimus
2080 1809 2169 1839 partes
2182 1800 2307 1845 nostras,
2326 1800 2406 1845 quod
2425 1799 2470 1824 ΕΑ
2491 1804 2559 1824 md-

1377 1840 1416 1870 cis
1435 1840 1468 1871 &
1490 1840 1656 1872 concordiae
1677 1839 1839 1878 pulcritudo
1853 1840 1996 1870 formetur
2010 1842 2085 1870 inter
2096 1848 2224 1878 egregios
2239 1839 2404 1878 Principes,

1341 1848 1512 1910 &ominum
1531 1878 1696 1918 Philippum
1719 1879 1835 1919 Regem
1855 1878 1982 1910 Franciae
1995 1903 2004 1916 ,
2031 1879 2065 1909 &
2079 1877 2245 1908 Dominum
2261 1877 2406 1923 Karolum

1340 1915 1524 1986 i(lilefflianum
1538 1918 1624 1987 asirum
1645 1926 1680 1948 ex
1699 1926 1778 1957 parte
1798 1916 1853 1948 una
1867 1942 1877 1956 ,
1901 1918 1935 1950 ὃς
1959 1915 2112 1948 Alfonsum
2125 1915 2242 1954 Regem
2254 1916 2408 1957 Aragomae

1371 1966 1388 1986 u
1430 1967 1477 1987 ern
1493 1965 1527 1987 ex
1564 1965 1631 1988 tera.

1379 1993 1417 2026 Et
1429 1995 1509 2034 super
1520 1996 1578 2027 hoc
1596 1994 1835 2033 interpellavimus
1850 1994 1988 2026 SanCtum
2010 1993 2125 2025 Patrem
2139 1993 2286 2038 summum
2303 1993 2405 2039 Ponti·

1340 2031 1428 2064 ficem
1477 2035 1555 2073 cujus
1576 2034 1691 2065 Nuncii
1705 2058 1715 2072 ,
1737 2033 1770 2064 ca
1788 2033 1825 2064 de
1847 2033 1929 2064 causa
1941 2034 1958 2064 s
1972 2033 2096 2064 ecialiter
2107 2032 2141 2063 ad
2157 2042 2208 2063 nos
2224 2032 2314 2072 miffi,
2330 2042 2402 2065 citra

1340 2071 1418 2103 diem
1432 2059 1625 2111 dominicam,
1645 2081 1710 2102 ante
1728 2071 1845 2103 Festum
1859 2072 1934 2103 beati
1952 2045 2116 2110 ilincentii,
2132 2071 2166 2102 ad
2180 2071 2305 2102 nostram
2318 2073 2400 2103 veni-

1338 2119 1369 2141 re
1403 2112 1557 2143 raesentiam
1569 2111 1736 2142 debuerunt.

1413 2150 1470 2180 nde
1485 2175 1494 2189 ,
1516 2160 1586 2182 cum
1605 2150 1730 2180 nunciati
1750 2148 1902 2180 fecerimus
1921 2148 2050 2189 Regibus
2071 2147 2231 2186 supradictis
2251 2147 2328 2186 quod
2341 2173 2351 2187 ,
2368 2149 2405 2180 ad

1338 2187 1516 2220 dominicam
1535 2188 1687 2220 secundam
1706 2187 1925 2227 quadragefimae
1938 2212 1948 2226 ,
1972 2197 2050 2218 nunc
2070 2186 2194 2230 instantis
2207 2211 2217 2226 ,
2235 2187 2344 2230 aliquos
2359 2189 2403 2218 vi·

1337 2237 1384 2257 ros
1402 2237 1503 2264 gnaros
1519 2252 1528 2266 ‚
1552 2228 1588 2258 de
1610 2227 1781 2258 Consiliariis
1799 2227 1867 2264 suis,
1884 2227 1967 2265 plene
1981 2226 2060 2264 super
2072 2225 2217 2264 praemiffis
2232 2225 2402 2266 instruc‘tos,

1338 2265 1481 2307 Burdegal.
1503 2267 1586 2297 nobis
1601 2267 1730 2302 mittant,
2087 2303 2092 2308 .
2244 2303 2249 2308 .

1376 2304 1462 2344 Nos,
1480 2304 1609 2335 vestrum
1624 2301 1818 2334 commodum
1831 2303 1864 2333 &
1878 2302 2022 2333 honorem
2035 2310 2137 2340 pariter
2155 2311 2188 2332 ac
2202 2310 2329 2340 quietern
2343 2305 2403 2334 ani-

1336 2352 1389 2374 mo
1408 2343 1535 2374 aestuanti
1554 2343 1695 2380 zelantes,
1715 2340 1816 2372 vestrae
1837 2339 2056 2380 magnificentiae
2077 2339 2282 2384 supplicamus,
2301 2351 2399 2380 quate-

1335 2391 1389 2412 nus
1401 2381 1436 2412 ad
1449 2392 1502 2413 nos
1533 2381 1579 2412 die
1594 2380 1739 2411 dominica
1751 2378 1924 2418 supradieta,
1944 2380 2052 2417 aliquos
2071 2389 2146 2409 Viros
2157 2378 2308 2419 discretos,
2324 2382 2401 2418 pacis

1335 2420 1369 2451 &
1390 2406 1558 2451 concordiae
1578 2420 1714 2450 zelatores
1727 2443 1737 2458 ,
1762 2419 1846 2456 plene
1860 2418 1894 2449 &
1910 2418 2037 2457 perfeci-e
2048 2416 2215 2455 instructos,
2233 2418 2305 2448 inter
2321 2429 2395 2457 quos

1334 2459 1500 2490 venerabilis
1512 2468 1590 2498 pater
1600 2457 1757 2496 Episcopus
1772 2456 1960 2487 Kalaforenfis
1976 2457 2008 2487 fit
2020 2466 2108 2495 unuS,
2123 2455 2158 2486 ad
2175 2456 2398 2488 trafflindumde

1334 2507 1404 2536 pace
1416 2521 1426 2536 ,
1449 2498 1483 2528 &
1501 2508 1564 2528 eam
1632 2507 1662 2527 er
1685 2496 1744 2526 Dei
1758 2496 1891 2535 gratiam,
1909 2494 2121 2526 reformandam
2133 2496 2205 2525 inter
2220 2504 2274 2526 vos
2289 2496 2322 2526 &
2336 2496 2399 2527 Re-

1333 2546 1402 2574 gem
1421 2536 1444 2566 F
1446 2538 1547 2567 ranciae
1564 2522 1587 2567 d’
1628 2536 1724 2574 'netis3
1743 2536 1794 2573 ὃς,
1808 2533 1876 2574 quid
1889 2534 1970 2575 super
1984 2534 2041 2565 istis
2057 2533 2189 2565 duxeritis
2211 2533 2395 2574 faciendum,

1333 2576 1436 2614 nobis,
1452 2575 1471 2605 si
1483 2576 1592 2615 placet,
1603 2572 1767 2616 fignificetis.

1331 2702 1381 2734 De
1410 2703 1548 2734 Licentia
1568 2699 1710 2747 Johanm‘
1728 2698 1864 2744 Gtffardi
1881 2701 2012 2732 Domino
2028 2697 2065 2730 de
2084 2697 2220 2742 Glifford
2237 2702 2274 2736 &-
2296 2702 2394 2730 Mar-

1371 2759 1482 2796 garetae
1517 2748 1553 2781 de
1586 2747 1761 2783 Novavilla
1786 2749 2018 2779 matrimonium
2041 2749 2120 2777 inter
2138 2747 2175 2791 st·
2201 2744 2397 2780 contrahendi

1380 2795 1572 2830 concedenda.

1330 2881 1540 2944 HOnorius
1547 2879 1816 2920 Episcopus,servus
1830 2879 1977 2912 servorum
1983 2877 2044 2912 Dei
2049 2879 2210 2911 Venerabili
2217 2879 2321 2920 Fratri,
2410 2878 2487 2912 Arin.
2501 2883 2545 2914 11

1443 2920 1588 2960 Episcopo
1599 2918 1803 2951 Herefordenfi
1817 2918 1935 2950 salutem
1951 2944 1961 2959 ,
1987 2921 2022 2951 ὃς
2042 2918 2243 2957 Apostolicam
2255 2920 2391 2953 benedic-
2408 2922 2518 2987 A1286.

1345 2960 1352 2989 i
1374 2968 1450 2989 nem.
2436 2970 2462 2988 n.
2477 2971 2486 2988 1
2512 2982 2521 2989 .
2540 2970 2542 2972 ’

1331 2967 1500 3028 ἶοὓίκτέῒυε
1518 2996 1589 3027 iilius
1604 3022 1613 3036 ,
1637 2996 1757 3027 Nobilis
1773 2996 1826 3028 Vir
1839 3021 1848 3035 ,
1869 2995 2014 3035 johannes
2035 2995 2178 3037 Giffirrffl,
2196 2996 2343 3029 Dominus
2355 2999 2392 3030 de
2409 3002 2438 3026 E.
2456 3008 2478 3026 1.
2491 2971 2510 2998 4

1331 3035 1473 3067 Clifford·
1497 3036 1530 3067 &
1549 3035 1652 3066 dileeta
1669 3037 1698 3065 in
1719 3034 1835 3066 Christo
1853 3034 1907 3066 filia
1922 3035 2026 3065 nobilis
2044 3035 2146 3066 mulier
2179 3035 2342 3074 Margareta
2353 3037 2392 3070 de
2407 3039 2528 3073 ExOrig.

1331 3059 1503 3112 Novavilfa,
1519 3083 1576 3104 tuae
1590 3073 1736 3112 DiocefiS,
1755 3073 1801 3105 sui
1815 3074 1897 3118 nobis
1910 3075 2049 3118 petitione
2067 3060 2275 3119 monstrarunt,
2292 3076 2391 3121 quod,
2407 3079 2435 3103 In
2448 3079 2538 3106 Turre.

1332 3123 1402 3144 cum
1415 3114 1488 3144 inter
1503 3122 1552 3143 eos
1567 3111 1604 3143 de
1617 3112 1812 3144 contrahendo
1826 3122 1951 3143 invicem
1967 3121 2151 3144 matrimonio
2163 3122 2307 3157 ageretur,
2326 3125 2391 3153 qui-

1332 3152 1400 3183 dam
1447 3160 1551 3182 eorum
1572 3151 1670 3182 aetnuli
1719 3150 1802 3181 dieiae
1821 3151 1944 3181 mulieris
1960 3151 2121 3189 parentibus
2142 3161 2236 3182 minus
2250 3155 2388 3185 veraciter

1328 3176 1536 3260 ἓυὲςεῖἶᾷωὲὶς,
1555 3189 1635 3228 quod
1649 3175 1735 3220 iidem
1748 3189 1858 3221 nobiles
1871 3198 1973 3228 quarto
1990 3189 2053 3222 sunt
2067 3188 2311 3228 consanguinitatis
2324 3202 2388 3232 gra·-

1349 3240 1367 3260 u
1381 3239 1437 3260 COD
1449 3239 1487 3259 un
1519 3239 1536 3258 1.

1366 3267 1422 3305 Et,
1435 3238 1508 3297 Jlicet
1529 3265 1622 3296 nullus
1642 3276 1772 3305 appareat
1793 3268 1842 3305 qui
1855 3267 1955 3303 gradus
1970 3266 2130 3305 hujusmodi
2144 3267 2389 3306 consanguinitatis

1328 3305 1497 3346 distinguere
1511 3306 1641 3343 noverit,
1658 3314 1705 3336 aut
1726 3304 1762 3335 de
1783 3306 1838 3344 ipsa
1850 3299 1945 3337 dicere
1963 3305 2112 3337 sufficienti
2127 3306 2294 3338 certitudine
2309 3309 2384 3339 veri-

1328 3353 1432 3382 tatem,
1450 3344 1499 3382 i'psi
1520 3352 1634 3382 tamen,
1652 3351 1768 3381 propter
1788 3345 1847 3375 hoc
1861 3370 1872 3384 ,
1897 3344 2057 3384 hujusmodi
2077 3345 2292 3376 matrimonium
2311 3355 2384 3377 con-

1327 3384 1453 3422 trahere,
1471 3382 1726 3414 contradicentibus
1739 3384 1858 3420 praefatis
1872 3384 2048 3422 parentibuS,
2059 3382 2240 3427 diffiderunt«

1367 3423 1466 3459 Quare
1485 3420 1567 3451 nobis
1590 3419 1658 3452 dieii
1678 3421 1804 3451 Nobiles
1823 3421 1967 3453 humiliter
1977 3420 2180 3460 supplicarunt,
2198 3430 2247 3461 ut,
2264 3431 2334 3453 cum
2346 3429 2381 3452 ex

1326 3458 1487 3500 hujusmodi
1500 3460 1698 3497 matrimonio,
1717 3461 1748 3489 in
1762 3461 1885 3497 partibus
1898 3460 1950 3491 illis
1962 3484 1972 3499 ,
1994 3461 2068 3497 pacis
2082 3461 2117 3491 &
2131 3461 2231 3498 quietis
2244 3469 2382 3491 commo-

1325 3499 1546 3567 dahprogentura
1555 3497 1712 3535 sperentur,
1729 3498 1879 3535 providere
1891 3499 1971 3538 super
1984 3498 2043 3529 hoc
2062 3497 2100 3528 de
2110 3498 2284 3538 benignitate
2295 3507 2381 3536 apos-

1326 3545 1358 3568 to
1379 3537 1413 3568 ca
1447 3538 1453 3566 i
1495 3546 1619 3566 aremur:

1364 3575 1433 3606 Nos
1447 3546 1540 3613 iglque
1553 3597 1563 3612 ,
1588 3574 1624 3604 de
1646 3575 1774 3606 circums
1788 3576 1901 3606 effione
1920 3584 1967 3606 tua
1987 3574 2101 3618 plenam
2114 3575 2144 3604 in
2158 3573 2294 3618 Domino
2303 3571 2376 3603 fidu-

1324 3615 1398 3644 ciam
1412 3614 1572 3644 obtinente.-
1584 3637 1594 3651 ,
1619 3614 1652 3645 &
1672 3614 1751 3645 consi
1772 3624 1878 3645 erantes
1899 3612 1978 3653 quod
1997 3613 2048 3643 tibi
2060 3611 2153 3650 potest
2169 3619 2326 3655 promptius
2340 3612 2376 3643 δε

1322 3652 1430 3690 plenius
1441 3652 1615 3682 innotescere
1628 3655 1727 3684 veritas
1741 3653 1820 3691 super
1835 3653 1906 3691 istis,
1922 3652 1946 3682 F
1947 3652 2097 3696 ratemitati
2106 3659 2179 3695 tuae,
2196 3649 2376 3688 praesentlurn

1322 3699 1437 3728 tenore,
1456 3691 1663 3721 committimus
1676 3692 1709 3722 ὃ(
1721 3691 1886 3721 mandamus
1897 3699 2084 3729 quatenus,in
2107 3699 2196 3733 uirens
2208 3687 2289 3725 super
2302 3698 2375 3719 con-

1321 3729 1500 3768 sanguinitate
1513 3729 1626 3766 praefata
1641 3729 1798 3769 diligentius
1813 3731 1978 3774 veritatem,
1996 3728 2016 3758 fi
2030 3699 2133 3773 tibiciie.
2141 3727 2162 3746 ³⁸
2176 3725 2231 3770 ipsa
2246 3726 2375 3773 constare
2391 3735 2408 3753 ο
2416 3736 2524 3775 1131&

1320 3777 1382 3835 noahn
1395 3765 1494 3835 poilsiilt,
1512 3767 1654 3811 nobilibus
1668 3769 1831 3837 mstemoratis
1845 3776 1917 3836 irffer
1928 3767 2185 3835 secgffggdinaeomum
2196 3764 2285 3795 libere
2300 3775 2372 3797 cori-

1573 3815 1604 3835 m
1727 3817 1750 3836 fl
1821 3816 1861 3836 no
1887 3816 1915 3835 ΥΩ
2094 3826 2099 3831 ·

1320 3813 1346 3836 tr
1356 3814 1865 3883 Siexirerdcdegnipfiiisapmgedimntiznto
1886 3829 2044 3874 co’nstiterit
2055 3864 2065 3879 ,
2080 3840 2115 3871 &
2128 3840 2321 3872 rationabilem
2335 3843 2371 3874 δε

1317 3880 1507 3913 sufficientem
1522 3883 1631 3913 causam
1649 3882 1760 3914 subeffe
1778 3882 1968 3920 compereris,
2005 3887 2098 3916 ropter
2111 3887 2197 3916 quam
2210 3879 2372 3918 hujusmodi

266 3905 305 3938 Et
318 3907 376 3940 hoc
387 3906 464 3940 idern
476 3913 621 3949 corporale
635 3914 849 3950 Sacramentum
864 3920 880 3949 a
893 3919 973 3952 dicto
989 3920 1132 3961 Magistro
1141 3921 1277 3960 Thema,
1317 3920 1534 3953 matrimonium
1543 3922 1609 3961 J'ure
1619 3919 1851 3955 contrahendmn
1860 3943 1869 3959 ,
1887 3919 1972 3951 secun
1991 3926 2042 3949 um
2053 3915 2172 3956 Deum,
2190 3920 2308 3951 extimes
2321 3927 2370 3949 ex-

2278 3955 2377 3997 pedire
