2570 4261
98 202 176 236 Ann.
185 204 225 236 D.

247 120 298 162 68

283 205 427 245 Qiinimo
448 203 566 241 utraque
587 200 720 232 sententia
730 199 866 239 relaxata,
884 210 1006 245 regnum
1019 201 1100 232 suurn
1114 209 1173 231 tam
1188 198 1301 240 Angliae

703 101 1513 156 οοΝνΕΝτιοΝΕς,
1565 104 1958 162 LITERAE,

1380 194 1492 225 Datum
1507 192 1660 234 Anagniae,
1674 205 1756 227 nono
1768 194 1907 227 Calendas
1927 195 2117 235 Septembris,
2136 191 2325 232 Pontifioetfis
2342 203 2411 228 nos-
2427 191 2504 224 Ann-
2517 192 2570 234 Ῐλ]

122 252 205 283 1215.
244 254 331 282 quam
353 243 510 283 Hybetniae
524 265 534 279 ,
556 241 640 273 beato
662 239 750 270 Petro
768 240 802 271 &
823 238 960 271 Ecclehae
978 239 1122 271 Romanae
1144 239 1299 271 conceffit:
1343 235 1380 265 tri
1394 233 1512 264 decimo
1524 233 1640 265 0613.νο-

83 899 216 939 *1.204.

69 3827 196 3864 ⁸1.205.

244 283 398 321 Recipiens
416 279 482 310 illud
500 289 516 309 a
534 279 619 309 nobis
641 279 671 308 in
691 278 810 310 feudum
829 279 879 309 sub
892 289 989 310 aimuo
1002 279 1086 310 censu
1102 278 1179 309 mille
1193 287 1300 322 marca-

242 331 324 359 rum,
342 319 474 350 fidelitatis
494 317 577 348 nobis
597 315 664 347 inde
684 316 810 355 praestito
826 318 1006 357 juramento,
1029 317 1099 348 sicut
1118 327 1167 355 per
1185 317 1299 356 priVile-

241 361 321 401 gium
335 359 392 396 ejus
405 365 517 394 apparet
528 365 610 386 aurea
623 356 697 386 bulla
710 357 862 387 munitum.

277 396 379 427 Adhuc
399 397 497 433 etiam,
514 395 708 433 omnipotenti
717 394 787 426 Deo
798 395 916 433 amplius
930 395 1038 433 placere
1055 392 1229 438 desiderans,
1239 393 1301 438 ‘sig-

240 445 310 466 num
328 433 450 465 vivificae
471 435 562 464 crucis
580 442 740 465 reverenter
757 435 883 472 accepit,
901 434 1078 472 profecturus
1099 443 1129 462 in
1146 432 1299 463 sublidium

239 474 340 504 Terrae
351 472 481 511 Sanctae,
495 472 530 503 ad
545 471 624 511 quod
637 472 664 503 se
678 471 829 511 magnifice
843 473 1028 511 praeparabat:
1048 470 1095 515 sed
1107 471 1225 515 humani
1268 481 1298 515 e-

238 512 310 542 neris
331 512 477 550 inimicus,
515 511 544 542 ui
565 510 675 549 semper
692 510 838 542 consuevit
857 511 940 541 bonis
955 510 1063 554 affibus
1088 509 1229 554 inVidere,
1259 519 1300 540 uis

237 549 340 580 callidis
354 551 457 580 artibus
471 550 598 587 adversus
611 560 679 581 eum
696 549 817 580 Barones
835 548 946 587 Angliae
963 556 1132 586 concitaVit3
1151 557 1188 579 ita
1206 557 1236 579 ut
1251 558 1301 591 qr-

236 587 304 618 dine
323 589 453 627 perverso
472 589 499 618 in
520 588 600 619 illum
619 587 806 628 insurgerent,
825 586 977 630 postquam
995 586 1147 617 conversus
1161 586 1297 618 Eccleiioe,

236 626 383 666 satisfecit,
402 629 450 666 qui
464 626 620 657 affistebant
632 625 726 657 eidem
740 626 854 665 quando
868 625 1024 656 Eccleiiam
1041 624 1216 657 offendebat.

260 665 348 704 'Orta
367 665 503 703 siquidem
524 667 596 695 inter
614 674 664 695 eos
683 664 855 695 dissensionis
875 664 990 695 materia
1003 689 1014 703 ,
1039 674 1108 694 cum
1129 664 1221 703 plures
1241 664 1300 695 dies

239 702 331 735 statuti
345 705 456 735 fuissent
471 703 505 733 ad
516 701 695 734 tractandum
709 701 746 734 de
766 713 854 742 pace,
872 704 1017 742 utrimque
1036 703 1150 733 interim
1170 703 1300 734 solennes

238 744 336 774 nuncii
355 743 388 773 ad
411 742 537 773 nostram
555 742 668 772 fuerunt
682 741 856 780 praesentiam
869 741 1005 773 destinati.
1041 741 1121 773 Cum
1134 743 1234 780 quibus
1249 743 1299 773 ha-

236 781 298 812 bito
310 782 433 822 diligenti
445 781 580 818 maistam,
598 780 664 819 post
686 780 800 819 plenam
820 780 1054 812 deliberationem
1072 780 1228 819 scripsimus
1246 792 1298 820 per

237 820 352 850 eosdem
370 820 514 864 Stephano
533 819 726 850 Cantuariensi
745 819 971 859 Archiepiscopo
991 821 1025 851 &
1038 819 1184 860 Episcopis
1198 820 1299 861 Angli-

235 859 327 896 canis3
345 857 535 896 praecrpiendo
550 857 729 896 mandantes,
747 867 778 888 ut
791 858 826 888 ad
837 858 1049 890 reformandam
1071 860 1144 890 inter
1164 860 1298 898 utrosque

234 905 331 927 veram
345 898 377 928 ὅ(
393 898 505 934 plenam
518 896 705 928 concordiam
719 898 738 916 Ἃ*
760 896 877 936 diligens
896 897 1092 937 impenderent
1113 898 1237 929 studium
1262 899 1296 930 &

233 945 350 972 operam
367 935 532 974 efficacem,
550 945 651 966 omnes
664 936 872 974 conjurationes
885 937 919 968 &
939 937 1174 977 conspirationes,
1193 938 1213 968 si
1231 948 1298 976 quae.

233 973 343 1005 fuerant
365 974 440 1005 forte
463 974 641 1013 praesumptae
663 985 678 1004 a
692 983 824 1012 tempore
835 975 958 1006 subortae
970 975 1117 1006 discordiae
1130 977 1202 1007 inter
1214 976 1296 1016 Reg-

232 1022 302 1042 num
318 1014 350 1043 &
364 1013 560 1043 Sacerdotium
569 1037 578 1051 ,
594 1012 761 1051 Apostolica
773 1013 973 1045 denunciantes
987 1014 1152 1045 auitorstaoe
1166 1015 1298 1054 cassatas,

230 1051 265 1081 &
286 1061 334 1088 per
355 1050 671 1082 Excomrtrunicationis
690 1052 854 1083 sententiam
869 1053 1026 1084 inhibentes
1062 1063 1099 1083 ne
1112 1053 1175 1084 talia
1188 1053 1225 1084 de
1238 1064 1297 1085 cae-

229 1097 292 1119 tero
319 1090 552 1127 praesumerentur
577 1100 593 1120 a
612 1099 767 1129 quoquam.
815 1091 964 1131 Magnates
984 1094 1019 1124 &
1035 1078 1163 1123 Nobiles
1185 1092 1232 1123 An
1254 1093 1298 1123 liae

230 1128 380 1159 monendo
401 1128 571 1167 prudenter,
589 1129 623 1160 ὃς
642 1129 796 1160 efficaciter
818 1130 1009 1170 injungendo;
1031 1140 1062 1162 ut
1081 1141 1131 1169 per
1149 1133 1226 1162 mani
1239 1131 1296 1162 esta

229 1165 391 1197 devotionis
407 1169 441 1198 &
452 1168 614 1198 humilitatis
628 1167 743 1207 indicia,
763 1168 854 1206 ipsum
868 1169 983 1209 Regem
998 1169 1048 1200 fibi
1070 1170 1180 1208 placare
1199 1170 1295 1201 stude-

230 1215 307 1236 rent:
329 1206 374 1236 Ac
388 1205 490 1236 deinde
503 1206 591 1244 siquid
605 1207 641 1236 ab
656 1217 692 1237 eo
704 1207 840 1238 ducerent
854 1207 1071 1247 postulandum,
1090 1218 1151 1239 non
1171 1208 1294 1240 insolen-

228 1251 272 1273 ter
285 1243 332 1274 sed
345 1244 487 1275 humiliter
504 1245 704 1285 iniplorarent;
722 1246 848 1283 regalem
870 1246 1068 1278 conservantes
1090 1248 1116 1277 ei
1133 1247 1294 1287 honorem,

228 1282 440 1314 &exhibentes
453 1283 559 1313 servitia
574 1284 723 1323 consueta,
743 1295 807 1323 quae
829 1286 880 1323 ipsi
900 1286 935 1317 &
955 1285 1172 1324 praedeceffores
1192 1297 1296 1317 eorum

227 1320 279 1350 sibi
293 1322 326 1352 &
340 1321 588 1359 praedecessoribus
601 1322 652 1352 suis
665 1322 882 1364 impenderunt,
901 1333 970 1354 cum
983 1326 1020 1355 ab
1033 1325 1072 1355 eis
1082 1325 1139 1363 ipse
1152 1324 1218 1355 Rex
1233 1335 1294 1356 non

227 1358 313 1390 debet
325 1360 427 1398 absque
435 1360 551 1399 Judicio
564 1360 688 1401 spoliari,
706 1371 738 1394 ut
754 1362 792 1393 s1C
810 1362 890 1401 quod
910 1363 1104 1402 intenderent,
1121 1363 1235 1404 possent
1255 1365 1296 1395 fa-

228 1398 307 1428 cilius
318 1399 456 1429 obtinere.

267 1436 336 1480 Nos
364 1439 442 1467 enim
463 1432 587 1468 eundem
608 1438 723 1479 Regem
743 1449 794 1478 per
812 1438 916 1471 litteras
938 1440 1047 1472 nostras
1068 1442 1231 1482 rogavimus
1258 1442 1293 1474 &

227 1476 450 1514 monuimus,&
464 1487 513 1515 per
526 1477 656 1514 praefatos
664 1478 920 1517 Archiepiscopum
934 1479 1131 1518 &Episcopos
1147 1480 1293 1511 nihilomi-

227 1522 279 1543 nus
302 1515 393 1556 rogari
415 1517 450 1545 &
473 1517 585 1546 moneri
607 1517 817 1555 mandavimus,
835 1518 864 1547 in
877 1517 1070 1549 remiffionem
1086 1518 1136 1548 fibi
1149 1521 1293 1557 peccami-

226 1561 298 1581 num
312 1553 505 1592 injungentes,
523 1562 659 1591 quatenus
675 1555 824 1593 praedietos
839 1566 980 1596 magnates
995 1558 1029 1588 &
1044 1558 1154 1588 nobiles
1169 1558 1292 1599 benigne

226 1590 371 1632 trafitaret,
438 1592 522 1630 justas
546 1603 646 1623 eorum
668 1595 817 1631 petitiones
838 1595 995 1626 clementer
1011 1595 1188 1636 admitteret;
1207 1605 1238 1628 ut
1257 1598 1291 1629 &

224 1630 275 1665 ipii
295 1630 502 1665 congaudendo
521 1632 744 1671 cognoscerent,
763 1642 830 1663 eum
854 1635 883 1663 in
902 1634 1053 1665 meliorem
1072 1634 1176 1666 statum
1195 1635 1292 1667 divina

222 1668 309 1735 {il-aria
329 1664 386 1697 esie
411 1677 551 1700 mutatum
567 1692 576 1708 ,
599 1681 632 1701 ac
653 1681 702 1708 per
722 1671 781 1701 hoc
800 1671 850 1709 ipsi
869 1673 903 1703 &
926 1672 1050 1703 haeredes
1071 1683 1172 1704 eorum
1188 1674 1239 1704 fibi
1256 1675 1291 1706 &

258 1705 394 1736 aeredibus
409 1707 461 1737 suis
474 1708 609 1739 deberent
624 1710 783 1747 promptius
797 1711 830 1741 ὃς
844 1709 973 1741 devotius
989 1711 1129 1741 famulari:
1149 1712 1231 1749 plena
1252 1714 1291 1744 eis

222 1745 251 1774 in
267 1745 427 1784 veniendo,
442 1746 583 1778 morando
596 1748 630 1778 ὃς
645 1747 803 1778 recedendo
818 1748 963 1780 securitate
983 1749 1134 1789 concessa,
1149 1751 1185 1781 ita
1207 1751 1286 1789 quod

224 1782 243 1812 si
265 1782 340 1814 forte
361 1785 490 1822 nequiret
510 1786 582 1816 inter
604 1796 653 1817 eos
673 1786 828 1817 concordia
847 1789 1017 1828 provenire,
1034 1789 1062 1818 in
1077 1790 1154 1820 curia
1174 1789 1219 1819 sua
1238 1800 1289 1827 per

222 1820 305 1890 Faress
319 1832 420 1866 eorum
433 1823 588 1855 secundum
601 1825 677 1863 leges
690 1827 723 1858 &
739 1825 952 1857 consuetudines
966 1828 1044 1867 regni
1057 1827 1170 1859 suborta
1182 1828 1288 1859 diffen-

235 1870 264 1889 io
292 1870 311 1890 o
333 1870 424 1892 iretur.

255 1871 371 1941 ,Veiffim
386 1909 537 1939 antequam
551 1902 647 1932 nuncii
661 1911 729 1932 cum
744 1903 802 1934 hoc
817 1903 940 1942 provido
953 1905 986 1936 δε
996 1904 1074 1943 justo
1087 1904 1290 1937 rmndatowe-

222 1936 335 1968 diiffent
348 1963 358 1975 ,
382 1938 420 1968 illi
442 1939 598 1970 'uramento
619 1940 752 1972 fidelitatis
771 1944 894 1974 omnino
915 1952 1087 1981 contempto
1110 1945 1191 1982 (cum
1205 1970 1214 1984 ,
1237 1945 1287 1976 etsi

224 1974 290 2005 Rex
305 1986 352 2006 eos
366 1978 422 2016 inju
450 1988 466 2008 e
477 1978 630 2018 gravasset,
648 1979 697 2017 ipsi
714 1988 810 2011 tamen
822 1991 882 2011 non
893 1981 1052 2013 debuiss'ent
1068 1982 1105 2013 sic
1119 1993 1200 2023 agere
1215 1994 1289 2014 con-

222 2021 262 2044 tra
278 2024 364 2059 eum:
392 2025 424 2047 ut
441 2018 470 2058 in
493 2017 570 2048 causa
592 2017 637 2048 sua
658 2017 743 2049 iidem
759 2019 867 2057 judices
886 2020 921 2050 &
943 2029 1106 2052 executores
1125 2021 1288 2061 existerent)

224 2052 327 2095 vassalli
346 2063 447 2086 contra
467 2055 650 2094 Dominum,
669 2057 703 2088 &
722 2058 823 2089 milites
842 2067 942 2089 contra
956 2058 1071 2090 Revem
1087 2061 1202 2099 publice
1214 2070 1288 2092 con-

218 2100 356 2131 jurantes,
365 2104 424 2124 non
435 2093 527 2125 solum
541 2104 612 2126 cum
627 2095 700 2134 aliis,
709 2095 756 2127 sed
768 2106 837 2128 cum
849 2098 905 2137 ejus
920 2085 1149 2130 manifftffistimis
1164 2101 1286 2132 inimicis

221 2130 455 2170 praesumpserunt
469 2142 569 2165 contra
581 2143 647 2165 eum
660 2144 737 2166 arma
752 2145 888 2175 movere,
907 2147 1081 2179 occupantes
1095 2139 1129 2170 δε
1141 2138 1287 2171 devastan-

222 2176 262 2199 tes
275 2178 359 2200 terras
373 2171 460 2210 illius,
474 2173 511 2203 ita
525 2183 643 2241 (tiiuoque
657 2174 736 2212 quod
749 2174 905 2207 Civitatem
922 2176 1151 2217 Londinensem,
1169 2188 1234 2217 quae
1246 2179 1286 2211 se-

221 2206 270 2238 des
285 2208 326 2238 est
340 2209 453 2249 Regni,
471 2222 523 2249 pro
544 2213 632 2242 itione
646 2212 696 2243 sibi
711 2213 840 2245 traditam
854 2215 1020 2248 invaserunt.

258 2246 378 2278 Interim
398 2259 493 2280 autem
516 2250 634 2288 praefatis
656 2251 782 2282 Nunciis
803 2255 1023 2294 revertentibus,
1042 2254 1108 2286 Rex
1126 2255 1231 2288 obtulit
1248 2258 1287 2288 eis

220 2283 376 2331 secundum
396 2288 520 2319 formam
542 2289 664 2321 mandati
683 2290 773 2321 nostri
788 2291 903 2330 justitiae
915 2292 1121 2331 plenitudinem
1136 2296 1287 2334 exhibere,

220 2335 307 2363 quam
322 2328 372 2363 ipii
385 2328 508 2358 omnino
520 2328 694 2397 spernente&
709 2339 855 2368 caeperunt
867 2341 966 2363 manus
980 2333 1130 2364 extendere
1149 2333 1185 2364 ad
1207 2336 1287 2373 pejo-

221 2373 260 2406 ra.
277 2403 281 2407 ι
298 2363 390 2408 Unde
409 2366 474 2396 Rex
496 2368 525 2404 ip
536 2377 553 2397 e
576 2367 611 2398 ad
630 2367 800 2400 audientiam
810 2369 937 2401 nostram
947 2381 981 2409 ap
1002 2372 1085 2402 ellans
1098 2373 1136 2402 eis
1153 2373 1287 2403 exhibere

214 2402 352 2446 justitiam
367 2414 464 2448 coram
479 2406 578 2444 nobis,
596 2406 733 2450 adquem
747 2408 827 2447 hujus
841 2409 928 2440 causae
937 2381 1080 2449 judicium
1095 2411 1205 2443 ratione
1219 2411 1287 2443 Do-

219 2449 299 2471 minii
309 2444 483 2485 pertinebat:
501 2445 580 2482 quod
595 2446 644 2483 ipii
657 2448 719 2477 {unt
732 2448 841 2484 penitus
855 2447 998 2486 aspernati.

248 2478 371 2523 ‘Deinde
392 2482 497 2512 obtulit
519 2483 570 2514 illis
593 2492 623 2514 ut
644 2493 702 2515 tam
724 2486 760 2515 ab
780 2486 856 2524 ipso,
877 2496 963 2525 quarn
976 2488 1012 2518 ab
1026 2488 1077 2519 illis
1093 2497 1212 2527 quatuor
1230 2489 1286 2520 viri

218 2517 387 2563 eligerentur
405 2520 569 2561 prudentes,
589 2523 637 2561 qui
658 2524 715 2553 una
734 2523 885 2555 nobiscum
906 2525 1051 2557 subortam
1073 2528 1146 2558 inter
1167 2538 1216 2558 eos
1230 2527 1286 2558 dis-

219 2557 347 2587 cordiam
361 2560 559 2601 terminarent,
578 2562 748 2599 promittens
762 2563 841 2601 quod
854 2572 919 2595 ante
930 2566 1030 2595 omnia
1051 2575 1199 2598 revocaret
1221 2567 1286 2597 uni·

220 2595 312 2637 versos
324 2597 437 2641 abuius,
452 2600 614 2637 quicunque
627 2600 740 2631 fuissent
753 2602 782 2631 in
796 2601 896 2643 Anglia
909 2603 959 2634 suo
971 2612 1103 2642 tempore
1115 2604 1282 2637 introducti:

218 2632 265 2663 ied
278 2643 331 2664 nec
346 2635 403 2666 hoc
419 2636 458 2666 illi
471 2637 576 2676 dignati
590 2638 652 2668 sunt
667 2648 821 2677 acceptare.

257 2671 389 2703 Tandem
410 2675 459 2704 illis
481 2675 546 2706 Rex
568 2676 729 2715 proposuit,
747 2677 826 2716 quod
849 2688 917 2710 cum
940 2679 1038 2718 Regni
1053 2678 1232 2711 Dominium
1249 2680 1284 2711 ad

217 2708 383 2741 Romanam
404 2712 560 2744 Ecclesiam
582 2716 756 2755 pertineret,
780 2716 837 2754 ipse
855 2727 916 2747 non
928 2726 1037 2755 poterat
1057 2728 1112 2748 nec
1133 2718 1256 2750 debebat
1270 2743 1281 2758 ,

218 2749 321 2793 absque
334 2749 434 2781 nostro
446 2752 554 2789 speciali
567 2752 716 2792 mandato,
734 2756 888 2793 quicquam
900 2755 936 2786 de
950 2756 999 2787 illo
1013 2758 1043 2786 in
1057 2756 1188 2787 nostrum
1209 2767 1282 2794 pra:-

214 2787 354 2832 Judiciuni
374 2790 539 2821 immutare:
560 2791 651 2823 Unde
671 2793 760 2824 rursus
781 2793 816 2824 ad
833 2794 959 2825 nostra'rii
973 2794 1145 2825 audientiam
1159 2795 1281 2833 appella-

219 2835 276 2863 vit,
296 2827 412 2872 seipsum
431 2839 465 2859 ac
489 2829 627 2870 Regnum
642 2841 712 2862 cum
725 2834 809 2864 omni
822 2833 935 2864 honore
947 2843 980 2864 ac
989 2834 1054 2873 jure
1069 2834 1119 2865 suo
1134 2833 1283 2872 Apostoli-

218 2868 444 2910 caexprotectioni
459 2867 626 2907 supponens.

256 2902 328 2947 bed,
347 2915 415 2935 cuin
437 2907 514 2937 nullo
535 2908 627 2939 modo
647 2908 816 2948 proficeret,
834 2909 986 2948 postulavit
1007 2911 1043 2941 ab
1059 2911 1165 2942 Archie
1186 2911 1283 2949 iscopo

219 2939 253 2969 δε
275 2939 436 2980 Episcopis,
456 2954 486 2975 ut
507 2946 636 2977 nostrum
651 2957 856 2986 exequerentur
878 2949 1059 2980 mandatum:
1096 2960 1128 2980 us
1173 2950 1282 2980 cclefiae

219 2976 362 3024 Romame
383 2981 586 3023 desenderent3
613 2996 647 3016 ac
670 2995 816 3018 tuerentur
834 2987 958 3019 eundem
978 2988 1064 3020 secun
1084 2998 1136 3019 um
1156 2988 1283 3021 formam

217 3017 355 3057 privilegii
370 3018 467 3050 Cruce
482 3021 588 3060 signatis
604 3025 711 3056 indulti.
1011 3028 1019 3033 ⁵

258 3055 351 3100 Bon-0
370 3067 439 3087 curn
461 3060 509 3103 ipsi
530 3061 606 3105 nihil·
617 3062 722 3093 horum
742 3063 837 3096 facere
851 3064 1021 3104 voluissent,
1038 3065 1137 3097 videns
1156 3066 1184 3097 se
1200 3068 1283 3097 omni

218 3094 321 3126 auxilio
344 3095 377 3126 &
400 3097 518 3138 coniilio
536 3098 719 3140 destitutum,
738 3103 872 3141 quicquid
894 3103 934 3134 illi
948 3104 1004 3134 ausi
1017 3104 1079 3135 sunt
1092 3113 1204 3143 petere,
1223 3115 1285 3137 non

220 3131 353 3177 esttaiisus
367 3137 422 3172 iple
442 3143 550 3180 negare.
588 3137 677 3169 Unde
698 3143 860 3180 compulsus
881 3142 923 3172 est
944 3153 994 3180 per
1014 3145 1078 3174 vim
1098 3144 1132 3175 &
1154 3152 1282 3183 metum,

219 3181 267 3215 qui
281 3172 382 3202 cadere
395 3181 542 3217 poteratur
556 3177 650 3206 virum
664 3178 748 3208 etiam
761 3180 1283 3220 constantissimum,compositionem

218 3220 288 3240 inire
309 3220 377 3255 cum
397 3215 476 3251 ipsis,
494 3224 555 3243 non
575 3214 665 3246 solum
687 3216 775 3247 vilem
789 3219 822 3248 &
836 3227 950 3257 turpem
985 3230 1086 3251 verum
1101 3221 1186 3251 etiarn
1200 3220 1281 3251 illici-

220 3255 278 3291 tam
294 3250 327 3293 ὃς
343 3252 484 3289 iniquam,
501 3253 660 3297 innimiam
674 3254 887 3295 derogationem
899 3268 932 3289 ac
945 3244 1166 3291 diminutionem
1185 3258 1224 3290 sui
1234 3260 1282 3298 ju-

222 3296 257 3315 ris
274 3298 371 3323 pariter
387 3290 420 3320 &
436 3290 560 3321 honoris.

261 3326 337 3364 Qua
357 3338 427 3358 vero
448 3330 530 3359 nobis
552 3341 567 3360 a
584 3329 718 3361 Domino
736 3331 847 3362 dictum
861 3332 902 3363 est
915 3335 944 3364 in
958 3334 1117 3375 Propheta,
1135 3336 1282 3368 Constitui

223 3370 251 3392 te
265 3363 292 3393 su
302 3375 342 3394 ier
357 3375 451 3404 gentes
466 3368 499 3398 &
513 3376 614 3407 rQnQ
633 3379 663 3399 ut
678 3369 777 3400 evellas
793 3372 827 3402 ὃς
850 3371 988 3412 destruas,
1005 3374 1127 3405 aedifices
1145 3376 1179 3407 &
1202 3376 1280 3413 plan-

222 3408 276 3444 tes:
310 3412 424 3442 temque
444 3416 494 3442 per
515 3407 600 3437 alium
620 3407 808 3446 Prophetam,
827 3408 959 3441 Diffolve
973 3413 1166 3448 colligationes
1178 3415 1281 3453 impie-

221 3445 298 3481 tatis,
317 3441 392 3484 solve
411 3443 554 3475 fasciculos
574 3446 776 3483 deprimentes:
796 3447 882 3486 Nos,
899 3456 984 3480 tantae
1002 3445 1178 3491 malignitatis
1195 3453 1279 3483 auda-

219 3485 295 3520 ciam
304 3478 471 3524 diffimulare
483 3484 626 3521 nolentes,
644 3486 673 3514 in
696 3485 873 3524 Apostolicae
892 3487 959 3517 sedis
978 3497 1196 3529 contemptum,
1215 3491 1275 3522 Re-

218 3514 283 3558 galis
299 3525 365 3552 Juris
387 3518 559 3557 dispendium
574 3546 582 3560 ,
609 3523 775 3562 Anglicanae
815 3527 884 3555 entis
904 3527 1093 3564 opprobrium
1106 3551 1116 3567 ‚
1141 3530 1175 3559 &
1193 3539 1278 3569 grave

219 3554 374 3589 periculum
386 3560 478 3600 ‘totius
498 3561 605 3598 negotii
626 3560 763 3593 Crucifixi
787 3534 878 3602 &uod
897 3566 995 3603 utique
1014 3567 1178 3597 immineret
1190 3591 1200 3606 ,
1225 3569 1276 3600 nisi

218 3600 269 3627 per
283 3593 477 3635 authoritatem
493 3598 619 3628 nostram
632 3610 832 3632 revocarentur
843 3604 941 3633 omnia
974 3613 1017 3634 uae
1030 3614 1046 3634 a
1057 3612 1136 3635 tanto
1149 3607 1277 3644 principe

218 3627 316 3659 Cruce
335 3633 440 3675 {ignaro
456 3636 549 3677 *taliter
568 3638 628 3667 sunt
650 3647 773 3677 extorta,
793 3641 826 3670 ὃς
846 3641 906 3682 ipso
927 3652 966 3672 vo
978 3650 1043 3673 ente
1056 3643 1217 3681 easervare)
1242 3655 1276 3675 ex

217 3676 295 3706 parte
310 3667 369 3698 Dei
383 3677 584 3709 omnipotentis
600 3675 705 3714 Parn‘s,
723 3678 756 3708 &
771 3678 848 3719 Filii,
864 3682 898 3711 δε
912 3679 1032 3718 Spiritus
1046 3681 1141 3712 Sanffi
1150 3705 1160 3719 ‚
1174 3683 1274 3713 autho—

216 3706 296 3735 ritate
317 3716 432 3745 quoque
451 3711 657 3747 Apostolorum
676 3716 734 3753 ejus
752 3715 828 3747 Petri
848 3719 882 3750 ὃς
900 3718 979 3750 Pauli
994 3744 1004 3758 ,
1034 3729 1067 3751 ac
1086 3719 1182 3750 nostra
1196 3745 1206 3758 ,
1237 3721 1297 3752 de·-

218 3752 368 3774 commum
390 3746 506 3791 fratrum
528 3752 693 3783 nostrorum
706 3755 842 3793 consilio,
860 3758 1102 3796 compositionem
1115 3758 1276 3797 hujusmodi

216 3783 401 3826 reprobamus
414 3795 522 3821 penitus
542 3790 574 3819 &
588 3790 770 3830 damnamusg,
787 3793 837 3823 sub
852 3796 1080 3827 interminatione
1102 3797 1274 3828 Anathema-

216 3828 249 3849 tis
262 3821 458 3860 prohibentes,
476 3825 614 3868 nedictus
631 3829 650 3847 ¹*
668 3829 732 3860 Rex
744 3841 806 3860 eam
821 3832 968 3865 observare
980 3835 1144 3873 praesumat,
1163 3844 1209 3866 aut
1220 3835 1272 3868 Ba-

217 3868 300 3888 rones
315 3869 384 3904 cum
400 3862 585 3905 complicibus
599 3866 650 3897 suis
662 3868 748 3905 ipsam
763 3870 872 3909 exigant
886 3872 1044 3913 observari3
1063 3883 1123 3906 tam
1137 3874 1273 3913 chartam,

217 3906 303 3939 quam
323 3898 532 3944 obligationes,
551 3901 596 3932 seu
618 3907 775 3945 cautiones,
801 3918 979 3948 quaecunque
999 3923 1053 3950 pro
1076 3911 1145 3951 ipsa,
1171 3912 1217 3944 vel
1235 3912 1272 3943 de

215 3935 269 3971 ipsa
290 3935 351 3966 sunt
372 3938 470 3980 saetae,
488 3946 621 3971 irritantes
639 3945 746 3977 penitus
767 3946 801 3976 ὃς
820 3946 970 3987 cassantes,
993 3959 1026 3982 ut
1047 3950 1127 3983 nuno
1147 3960 1275 3991 unquam

216 3980 345 4012 tempore
357 3976 478 4014 aliquam
492 3977 611 4010 habeant
624 3978 791 4014 sir-mitatem.
1120 3992 1122 3996 “

1342 359 1461 390 Littera
1475 359 1558 403 Papae
1569 384 1579 399 ,
1606 355 1770 390 Raronibus
1787 358 1905 405 Angliie
1915 385 1925 401 ‚
1950 355 2060 404 qus'bus
2078 356 2220 389 hortatur
2235 368 2281 389 eos
2297 368 2410 390 renun—

1386 408 1469 438 ciare
1487 406 1682 452 compositioni
1695 410 1773 440 inter
1797 408 1869 453 ipsbs
1886 410 1923 446 0²⁴
1938 404 2116 454 Johannem
2132 408 2243 453 Regem
2259 405 2359 451 fafbae.

2450 242 2541 272 12¹5«

1383 489 1591 528 Nnocentius,
1615 492 1677 523 &c.
1710 491 1870 523 Nobilibus
1889 492 1955 523 viris
1975 491 2132 523 Baronibus
2153 490 2268 530 Angliae
2285 491 2412 531 spiritum
2431 497 2508 529 Am,
2517 500 2570 532 121

1395 529 1504 559 consilii
1515 529 1636 560 sanioris.

2457 546 2541 578 1215.

1379 566 1505 598 Utinam
1525 570 1554 598 in
1577 569 1771 607 persecutione
1785 593 1795 609 ‚
1822 579 1909 608 quarn
1930 578 2037 600 temere
2059 567 2261 599 commovistis
2280 568 2411 600 adversus
2429 580 2483 606 An.
2505 588 2548 617 ¹7·

1341 602 1506 648 Dominum
1520 606 1647 638 vestrum
1661 608 1792 647 Regem,
1807 609 1988 640 attendissetis
2000 607 2164 647 prudentius
2177 606 2312 651 fidelitatis
2325 617 2410 646 praes—
2429 614 2494 652 Joh-

1339 650 1398 673 titae
1407 653 1618 684 juramentum,
1633 647 1678 685 jus
1691 647 1867 684 Apostolicae
1879 647 1964 686 sedis,
1981 647 2086 678 nostrae
2099 644 2268 684 provisionis
2289 646 2408 677 manda-
2428 653 2515 690 Claus.

1340 689 1422 719 tum,
1441 683 1475 713 &
1490 684 1670 721 privilegium
1683 695 1770 717 cruce
1785 686 1893 725 {ignatis
1906 685 2067 724 indultum
2085 685 2165 723 quia,
2183 683 2284 723 procul
2297 682 2409 724 dubio,
2431 701 2472 728 ¹7·
2478 693 2529 731 70.

1338 729 1399 750 non
1421 720 1460 751 sic
1481 722 1678 759 proceffiffetis
1698 723 1733 754 ad
1754 724 1880 763 factum,
1897 723 1978 763 quod
1991 734 2094 756 omnes
2103 732 2194 763 pene,
2212 724 2263 762 qui
2275 722 2344 754 illud
2357 732 2409 755 au-
2428 728 2536 762 haam>

1337 758 1434 798 diunt,
1453 760 1529 798 quasi
1544 760 1651 792 facinus
1665 762 1845 794 detestantur.

1375 797 1535 829 Praesertim
1553 809 1624 830 cum
1645 801 1675 831 in
1688 801 1769 831 causa
1782 802 1837 840 ipsa
1850 812 1904 833 vos
1911 801 2019 841 judices
2034 802 2068 833 &
2084 807 2251 832 executores
2263 800 2406 840 feceritis;

1338 837 1444 867 eodem
1458 837 1541 877 Rege
1553 847 1665 877 parato,
1681 840 1710 869 in
1724 841 1802 871 curia
1814 840 1876 880 sua,
1893 841 1991 879 vobis,
2010 851 2061 879 per
2076 850 2154 878 pares
2168 838 2293 878 vestros,
2307 840 2409 871 secun-

1337 875 1409 906 dum
1423 876 1638 907 consuetudines
1652 878 1686 908 &
1699 878 1775 916 leges
1788 878 1902 919 Regni,
1915 879 2031 918 justitiae
2045 877 2250 917 plenitudinem
2264 878 2407 910 exhibere:

1339 914 1386 945 vel
1405 925 1504 945 coram
1523 916 1606 946 nobis
1627 914 1663 946 ad
1678 926 1750 954 quos
1762 916 1842 956 hujus
1857 919 1945 949 causae
1956 917 2114 956 judicium,
2131 917 2241 948 ratione
2255 916 2409 957 Dominii,

1339 954 1513 992 pertinebat,
1531 963 1578 986 aut
1598 955 1684 986 etiarn
1703 965 1803 986 coram
1825 956 1934 988 arbitris
1947 955 2080 997 eligendis
2090 956 2159 987 hinc
2174 955 2258 995 inde,
2276 956 2334 987 una
2352 965 2412 987 no-

1339 992 1450 1023 biscum
1464 994 1493 1024 in
1507 993 1567 1032 ipso
1580 994 1698 1032 negotio
1715 994 1892 1033 proceffuris.

1375 1031 1486 1071 Unde,
1504 1042 1573 1063 cum
1584 1033 1671 1063 nichil
1683 1032 1790 1063 horum
1801 1032 1908 1071 dignati
1918 1033 2024 1064 fueritis
2042 1041 2206 1072 acceptare,
2223 1032 2258 1063 ad
2278 1032 2409 1064 nostram

1337 1069 1507 1101 audientiam
1523 1071 1688 1110 appellavit,
1705 1070 1824 1110 seipsum
1837 1081 1871 1102 ac
1884 1071 2040 1111 Regnum,
2055 1082 2126 1104 cum
2138 1072 2221 1102 omni
2242 1072 2356 1103 honore
2372 1081 2409 1103 ac

1336 1109 1401 1148 jure
1419 1109 1486 1148 suo,
1504 1109 1683 1148 Apostolicae
1705 1111 1880 1149 protectioni
1895 1110 2075 1148 supponens;
2091 1110 2208 1148 publice
2221 1110 2406 1151 protestando

1339 1147 1437 1186 quod,
1455 1159 1524 1180 cum
1545 1148 1669 1187 ejusdem
1691 1148 1789 1189 Regni
1808 1149 1985 1179 Dominium
2006 1148 2041 1178 ad
2061 1148 2230 1179 Romanam
2248 1148 2410 1180 Ecclesiam

1339 1187 1508 1226 pertineret,
1523 1188 1581 1226 ipse
1594 1198 1649 1218 nec
1662 1195 1787 1226 poterat,
1801 1197 1857 1219 nec
1868 1187 1992 1222 debebat
2006 1187 2162 1226 quicquam
2175 1186 2214 1217 de
2228 1186 2278 1217 illo
2289 1188 2320 1218 in
2341 1197 2409 1219 nos-

1339 1232 1419 1256 trum
1433 1227 1630 1266 praejudicium
1642 1227 1802 1257 immutare.
2250 1264 2257 1270 ·

1375 1263 1456 1294 Cum
1469 1265 1514 1295 illa
1528 1266 1610 1304 igitur
1622 1265 1797 1303 compositio
1812 1265 1898 1304 qualis
1932 1263 2057 1303 ualis,ad
2071 1273 2158 1302 quam
2170 1273 2221 1303 per
2228 1273 2290 1295 vim
2300 1264 2334 1296 ὅτ
2343 1273 2409 1295 me·-

1338 1310 1402 1332 tum
1415 1302 1559 1334 induxistis
1573 1303 1715 1343 eundem,
1733 1314 1795 1335 non
1806 1303 1899 1335 solum
1925 1313 1947 1334 it
1958 1303 2020 1335 vilis
2034 1304 2068 1334 &
2081 1303 2184 1342 turpis,
2202 1303 2305 1334 verum
2320 1305 2408 1334 etiam

1336 1340 1431 1372 illicita
1452 1343 1487 1374 &
1508 1343 1622 1382 iniqua,
1638 1351 1671 1374 ut
1692 1343 1798 1374 merito
1819 1342 1852 1373 sit
1872 1343 1908 1373 ab
1922 1342 2084 1373 omnibusr
2122 1341 2264 1381 robanda,
2281 1343 2409 1373 maxime

1337 1388 1454 1418 propter
1471 1380 1610 1420 modurn,
1629 1391 1700 1419 nos,
1718 1382 1768 1419 qui
1788 1381 1849 1412 tam
1869 1381 1962 1421 Regi,
1979 1381 2068 1419 quam
2122 1390 2200 1418 egno
2219 1389 2350 1411 tenemur
2373 1382 2409 1411 δε

1339 1418 1512 1456 spiritualiter
1533 1420 1568 1451 &
1583 1420 1775 1458 temporaliter
1788 1419 1958 1458 providere,
1975 1430 2025 1458 per
2038 1419 2206 1457 Apostolica
2223 1420 2307 1451 vobis
2321 1419 2410 1457 scn'p-

1338 1464 1365 1487 ta
1377 1460 1464 1495 praeci
1486 1458 1571 1489 iendo
1586 1458 1770 1497 mandamus,
1789 1459 1824 1490 δε
1837 1459 1916 1489 reeta
1930 1458 1987 1489 fide
2000 1458 2173 1489 consulimus
2199 1459 2347 1496 quatinus,
2365 1458 2408 1489 fa-

1335 1496 1442 1526 cientes
1474 1507 1490 1527 e
1503 1496 1665 1528 necessitate
1678 1498 1832 1535 virtutem,
1850 1498 2020 1528 renuncieu's
2033 1497 2238 1535 compositioni
2260 1497 2409 1535 hujusmo-

1337 1533 1367 1564 di
1387 1545 1437 1575 per
1453 1546 1506 1566 vos
1526 1536 1614 1574 ipsos,
1633 1537 1668 1567 &
1688 1535 1853 1567 satisfaciatis
1865 1534 1960 1566 eidem
1973 1535 2004 1566 R
2043 1536 2049 1541 ⁴
2064 1545 2096 1566 ac
2111 1535 2164 1566 suis
2177 1534 2214 1565 de
2229 1534 2359 1573 dampnis
2371 1537 2408 1567 &

1334 1573 1440 1611 injuriis
1452 1575 1595 1613 irrogatis3
1613 1584 1644 1605 ut
1658 1573 1737 1605 idem
1750 1573 1832 1614 Rex,
1851 1584 1901 1612 per
1916 1574 2010 1605 manif
2077 1572 2239 1604 devotionis
2259 1574 2293 1605 δε
2312 1574 2409 1604 humi-

1334 1611 1415 1642 litatis
1427 1613 1530 1643 indicia
1543 1613 1666 1651 placatus
1684 1622 1700 1643 a
1714 1613 1815 1651 vobis,
1833 1623 1883 1651 per
1898 1613 2016 1651 seipsum
2029 1613 2156 1650 benigne
2169 1612 2312 1643 concedat
2325 1614 2408 1655 quic-

1335 1650 1404 1688 quid
1418 1649 1455 1681 de
1466 1652 1529 1690 jure
1542 1652 1626 1683 fuerit
1639 1651 1878 1691 concedendurm
1895 1651 1931 1683 ad
1947 1651 2027 1691 quod
2049 1652 2134 1683 etiam
2153 1660 2208 1681 nos
2229 1650 2322 1690 ipsum
2343 1651 2408 1682 efli-

1333 1689 1438 1719 caciter
1451 1690 1627 1722 inducemus.

1373 1728 1540 1767 Qioniam,
1560 1730 1629 1761 sicut
1647 1729 1782 1760 nolumus
1803 1728 1882 1767 quod
1902 1729 1960 1770 ipse
1978 1728 2046 1765 Rex
2063 1728 2114 1760 suo
2126 1728 2191 1768 jure
2203 1728 2348 1766 privetur,
2365 1728 2405 1759 ita

1333 1765 1469 1797 volumus
1482 1776 1515 1799 ut
1528 1768 1585 1806 ipse
1598 1779 1614 1799 a
1627 1769 1790 1809 gravamine
1803 1768 1900 1798 vestro
1916 1767 2038 1799 desistat·
2056 1776 2111 1806 ne,
2123 1777 2174 1805 per
2188 1765 2408 1798 eonsuetudines

1333 1814 1447 1848 pravas,
1465 1814 1513 1837 aut
1525 1807 1686 1837 exaftiones
1699 1807 1824 1845 iniquas,
1842 1806 1893 1837 sub
1905 1806 2006 1850 nostro
2021 1792 2167 1849 Dominio
2181 1805 2321 1845 Regnum
2344 1805 2407 1849 An·-

1332 1843 1397 1883 ghae
1411 1845 1606 1884 opprimatur,
1625 1847 1735 1884 eritque
1749 1844 1867 1876 firmum
1881 1845 1915 1877 &
1930 1844 2029 1875 stabile
2041 1852 2253 1884 imperpetuum
2267 1844 2347 1883 quod
2361 1843 2409 1876 mli

1335 1881 1428 1913 modo
1440 1883 1524 1914 fuerit
1535 1884 1705 1915 ordinatum.

1370 1920 1490 1960 Inspiret
1501 1923 1586 1960 igitur
1601 1923 1684 1954 vobis
1697 1921 1758 1961 ille,
1776 1923 1826 1961 qui
1839 1922 1989 1953 neminem
2000 1921 2063 1953 vult
2075 1922 2182 1960 perire,
2200 1928 2232 1952 ut
2247 1919 2407 1965 acquiesca-

1329 1959 1366 1992 tis
1386 1959 1530 1992 humiliter
1549 1961 1651 1993 nostris
1669 1961 1822 1992 salubribus
1844 1960 1966 1991 consiliis
1980 1961 2014 1992 &
2029 1959 2182 1998 mandatis,
2201 1959 2272 1999 Ne,
2289 1963 2311 1990 li
2327 1958 2407 1990 secus

1333 2000 1444 2038 egeritis
1456 2023 1466 2038 ,
1490 2000 1520 2030 in
1543 2010 1611 2031 eum
1633 2000 1760 2031 incidatis
1780 1998 1948 2031 neceffitatis
1967 1999 2121 2030 articulum
2134 2022 2146 2037 ,
2177 2007 2266 2037 quern
2287 1997 2406 2030 tandem

1333 2037 1453 2069 evadere
1466 2038 1524 2070 sine
1538 2039 1634 2073 multo
1650 2039 1816 2078 gravamine
1828 2048 1890 2070 non
1904 2037 2020 2076 poffiiis.
2256 2075 2263 2081 η

1371 2076 1523 2117 Qioniam
1536 2101 1547 2117 ‚
1573 2088 1605 2111 ut
1627 2078 1664 2109 de
1683 2078 1792 2109 caeteris
1813 2087 1956 2108 taceamus
1971 2101 1981 2115 ,
2007 2075 2083 2107 nulla
2105 2075 2216 2107 ratione
2235 2073 2408 2119 dissimulare

1329 2115 1476 2153 possemus
1495 2126 1585 2155 grave
1606 2117 1764 2156 periculum
1783 2117 1870 2147 totius
1891 2116 1999 2156 negotii
2019 2114 2152 2146 crucefixi
2169 2126 2180 2154 3
2205 2112 2285 2153 quod
2307 2122 2407 2159 utique

1331 2156 1514 2195 immineret,
1540 2156 1590 2187 nisi
1613 2166 1664 2195 per
1685 2155 1883 2186 auctoritatem
1905 2153 2034 2184 nostram
2054 2162 2255 2184 revocarentur
2271 2162 2406 2197 'omnmo

1330 2203 1397 2262 qulae
1412 2204 1428 2224 a
1442 2202 1522 2264 tasnto
1536 2194 1670 2240 Principe
1681 2203 1767 2226 cruce
1781 2193 1888 2234 signato
1901 2192 1991 2225 taliter
2005 2192 2070 2224 sunt
2096 2200 2224 2231 extorta,
2241 2200 2327 2223 etiam
2344 2191 2406 2232 ipso

1329 2242 1370 2264 no
1381 2241 1447 2264 ente
1472 2243 1570 2264 ervari.

1365 2270 1465 2311 Qiare
1486 2271 1578 2311 dum,
1610 2270 1686 2311 apud
1706 2281 1759 2302 nos
1773 2295 1784 2310 ,
1809 2268 2026 2310 Archiepiscopi
2039 2294 2050 2308 ‚
2073 2269 2108 2302 &
2130 2267 2156 2300 E
2177 2269 2266 2308 iscopi
2286 2267 2404 2313 Anglioe

1330 2312 1477 2354 praesentes
1497 2312 1638 2342 exriterint
1656 2309 1836 2355 m.‘³⁰¹.¹0ffi.0
1856 2310 1998 2354 generali,
2023 2307 2117 2348 (quod
2138 2279 2177 2339 a}
2193 2306 2403 2346 expediendum

1331 2359 1423 2380 crucis
1442 2359 1461 2380 n
1498 2350 1592 2380 otium
1614 2349 1793 2388 principalius
1816 2347 1989 2380 intendimus
2020 2347 2182 2384 celebrare)
2210 2355 2406 2387 procurator&

1329 2388 1449 2418 idoneos
1462 2358 1497 2418 {g
1513 2388 1640 2419 nostram
1657 2387 1839 2432 praesentium
1864 2386 2023 2424 destinetis,
2039 2385 2137 2416 secure
2157 2395 2215 2430 vos⁴
2231 2384 2332 2415 nostro
2352 2385 2404 2415 be·

1328 2427 1470 2465 neplacito
1491 2428 1723 2466 committentem
1750 2436 1816 2465 quia
1837 2435 1891 2456 nos
1913 2435 1963 2465 ea,
1986 2425 2101 2469 favente
2120 2423 2275 2462 Domino,
2300 2423 2403 2468 statue-

1331 2475 1394 2496 mus
1409 2491 1419 2504 ,
1450 2475 1501 2506 per
1519 2476 1584 2504 quae
1597 2489 1608 2506 ‚
1623 2465 1841 2535 lgravaminibus
1859 2465 1894 2496 &
1912 2463 2092 2494 abufiombus
2110 2461 2147 2493 de
2164 2462 2273 2502 Regno
2288 2461 2403 2501 Angliie

1328 2505 1439 2542 prorsus
1456 2505 1573 2536 exclusis
1587 2528 1598 2544 ‚
1656 2514 1690 2535 ex
1708 2504 1758 2535 suo
1775 2504 1807 2534 sit
1821 2513 1886 2542 Jure
1902 2513 1937 2534 ac
1954 2503 2070 2534 honore
2087 2510 2240 2532 contentus
2257 2524 2268 2540 ,
2291 2501 2326 2532 &
2343 2509 2403 2531 tam

1328 2543 1419 2575 clerus
1437 2553 1525 2582 quam
1542 2544 1664 2582 populus
1683 2542 1828 2574 universus
1842 2541 1938 2575 debita
1951 2551 2022 2580 pace
2036 2541 2070 2573 δε
2083 2540 2213 2572 libertate
2225 2539 2345 2571 laeteuir.

1325 2619 1585 2691 deDiiarivonctaffiniae
1604 2620 1715 2653 octavo
1735 2618 1802 2654 Kal.
1822 2617 1985 2658 Septembr.
2005 2614 2194 2649 Pontificatfis
2215 2614 2310 2647 nostri
2322 2625 2400 2647 anno

1363 2668 1380 2688 c
1532 2669 1581 2690 vo.
1612 2675 1614 2679 ν

1537 2782 1565 2808 ³¹²
1586 2786 1637 2819 De
1650 2783 1782 2830 servitio
1803 2779 1950 2817 Gileberti
1956 2780 2021 2828 filii
2041 2780 2178 2831 qufr.

1403 2869 1523 2900 Mnibus
1540 2868 1646 2901 Christi
1661 2868 1789 2899 fidelibus
1823 2867 1991 2907 praesentem
2003 2865 2121 2899 Cartam
2132 2865 2313 2906 inspecturis,
2333 2866 2392 2898 Gi-

1403 2908 1533 2953 ·lebertus
1547 2908 1618 2940 filius
1632 2907 1767 2947 Reymfr.
1785 2893 1909 2938 iiilutem.
2166 2945 2173 2951 ·
2188 2945 2193 2950 ι

1361 2947 1461 2978 Sciatis
1482 2957 1530 2978 me
1549 2947 1700 2985 spontanea
1721 2946 1869 2977 voluntate
1890 2955 1971 2984 mea,
1999 2944 2091 2990 &fid
2116 2952 2286 2989 petitionem
2299 2953 2395 2988 meam

1324 2982 2396 3059 ‘'E‘Zffissmmni’iffisigfffeebuffssffl‘ssnssffls'chssnaeffufflss‘hssffi‘3¹5ssss

1339 3063 1438 3094 sabeiia
1457 3062 1569 3104 Regina
1589 3062 1701 3103 Angiiae
1721 3063 1820 3102 genitis
1834 3086 1845 3100 ‚
1870 3060 1989 3093 fideliter
2008 3061 2127 3094 serviam
2141 3083 2152 3100 ‚
2175 3046 2231 3092 dec
2250 3060 2395 3100 in'aliquo

1325 3110 1458 3140 tempore
1471 3110 1573 3132 contra
1587 3112 1637 3132 eos
1650 3110 1709 3132 ero.

1359 3139 1416 3180 Et,
1432 3140 1453 3170 fi
1467 3139 1546 3179 quod
1557 3140 1765 3171 sacramentum
1774 3138 1897 3170 inimicis
1911 3138 1965 3170 suis
1984 3137 2103 3170 fecerim
2138 3136 2208 3168 illud
2228 3147 2290 3168 non
2311 3145 2392 3181 ten&

1324 3180 1381 3217 bo,
1397 3189 1452 3209 nec
1465 3179 1619 3210 adhaerebo
1632 3179 1663 3208 in
1675 3178 1770 3217 aliquo
1782 3177 1896 3216 Cattae,
1913 3187 1999 3216 quam
2014 3177 2093 3208 idem
2139 3184 2174 3206 ex
2197 3181 2397 3219 communiter-¹

1324 3217 1393 3287 {ecit
1411 3217 1568 3286 Baffinibus
1585 3217 1697 3257 Angliae
1717 3216 1755 3248 de
1776 3216 1966 3255 libertatibus,
1992 3225 2080 3255 quam
2103 3214 2221 3254 quidem
2241 3214 2392 3246 Dominus

1350 3270 1354 3274 '
1384 3267 1400 3286 2
1414 3266 1446 3286 ca
1487 3264 1535 3287 Vit.

1350 3266 1397 3324 ἇέῑ
1416 3295 1436 3324 fi
1457 3294 1549 3332 forte,
1588 3293 1647 3324 uod
1669 3293 1753 3333 abiit,
1772 3294 1924 3335 contigerit
1947 3302 1997 3325 rne
2009 3292 2112 3324 refilire
2125 3293 2162 3324 ab
2174 3292 2227 3322 hac
2238 3289 2391 3331 pastione,

1322 3342 1422 3364 contra
1434 3331 1558 3363 eundem
1604 3333 1737 3365 ominum
1750 3342 1850 3364 meum
1865 3332 1980 3373 Regem
1994 3332 2041 3363 vel
2055 3331 2181 3362 haeredes
2190 3330 2271 3373 suos,
2288 3339 2391 3367 perpe-

1320 3381 1400 3404 tuam
1428 3370 1684 3402 exhaeredationem
1704 3373 1879 3402 incurremus
1901 3381 1957 3412 ego
1978 3372 2013 3403 &
2033 3369 2172 3401 Haeredes
2197 3377 2257 3398 mei
2274 3367 2311 3398 de
2327 3376 2390 3399 tota

1320 3420 1395 3442 terra
1413 3420 1495 3448 mea,
1514 3420 1579 3448 quae
1597 3412 1628 3441 in
1653 3410 1715 3441 usus
1730 3409 1855 3442 Domini
1870 3409 1959 3451 Regis
1973 3410 2007 3442 δε
2021 3407 2182 3441 Haeredum
2195 3406 2310 3437 suorurn
2322 3416 2390 3445 per-

1319 3451 1410 3489 petuis
1424 3448 1507 3480 cedet
1520 3449 1707 3487 temporibus.
2184 3483 2191 3489 ι
2211 3484 2217 3489 ·
2362 3483 2370 3490 ·

1357 3487 1412 3526 Et,
1429 3489 1458 3518 in
1473 3487 1611 3526 majorem
1627 3486 1713 3519 fidelis
1726 3487 1826 3518 servitii
1840 3488 1899 3519 mei
1913 3487 2107 3522 securitatem,
2125 3481 2192 3513 deth
2210 3482 2259 3521 ipsi
2273 3482 2388 3528 Domi-3

1319 3538 1360 3558 no
1374 3536 1444 3557 meo
1458 3525 1534 3565 Regi
1546 3528 1575 3556 in
1590 3525 1719 3566 obfides,
1737 3526 1927 3558 Benedidlum
1940 3525 2031 3556 filium
2045 3524 2080 3555 ὅτ
2094 3521 2240 3552 haeredetn
2262 3520 2387 3566 Hennci

1318 3565 1489 3603 Redonian,
1504 3563 1597 3595 filium
1632 3567 1834 3605 rimogenitum
1848 3565 1960 3606 Rogeri
1972 3563 2009 3594 de
2030 3560 2181 3605 Kirkeby,
2199 3569 2287 3604 quem
2305 3559 2385 3603 idem

1318 3603 1449 3643 Rogerus
1463 3603 1546 3634 habet
1561 3602 1597 3633 de
1609 3575 1664 3634 3112
1677 3605 1854 3643 mea,filium
1869 3605 1903 3636 &
1917 3601 2060 3649 haeredem
2067 3598 2219 3630 Willielmi
2231 3598 2267 3628 de
2273 3597 2383 3642 Wind-

1317 3642 1460 3680 lesorum,
1478 3651 1565 3685 quem
1580 3643 1664 3673 habet
1677 3644 1714 3674 de
1726 3653 1812 3682 nepte
1825 3653 1905 3681 mea,
1922 3641 2014 3672 fillum
2026 3637 2073 3683 yel
2088 3636 2174 3668 filiam
2188 3635 2334 3679 Radulphl
2347 3636 2384 3667 de

1318 3680 1486 3720 Dyencuu,
1504 3680 1594 3711 filium
1608 3681 1653 3711 vel
1669 3681 1754 3713 filiam
1767 3681 1910 3713 haeredem
1924 3679 2035 3718 Rogeri
2047 3675 2084 3707 de
2097 3675 2207 3706 Burton
2239 3673 2329 3705 fihum
2347 3676 2382 3707 ὃ(

1317 3719 1460 3749 haeredem
1471 3718 1544 3749 Adae
1558 3718 1594 3750 de
1607 3719 1736 3760 Yeiand,
1754 3720 1845 3751 fliium
1856 3718 1890 3750 sc
1913 3716 2000 3747 finam
2021 3713 2180 3760 Haeredern
2199 3697 2332 3758 homae
2347 3713 2384 3745 de

1318 3757 1470 3795 Buechun,
1488 3757 1577 3788 filium
1591 3759 1637 3790 vel
1651 3758 1737 3790 filiam
1748 3756 1902 3790 Haeredem
1916 3755 2039 3786 Walteri
2051 3753 2087 3784 de
2101 3751 2277 3790 Stnkeland,
2293 3751 2382 3798 .fi¹¹²{¹¹³

1317 3795 1454 3827 Richardi
1467 3795 1504 3826 de
1518 3795 1666 3837 Copland,
1685 3798 1775 3837 filium
1787 3794 1927 3828 Gileberti
1941 3794 1978 3824 de
1992 3791 2137 3837 Lancastr.
2155 3790 2212 3835 Et,
2229 3789 2250 3821 si
2265 3789 2382 3830 aliquis,

1316 3834 1363 3865 vel
1382 3834 1473 3872 aliqua
1494 3833 1530 3864 de
1572 3834 1690 3867 riediffis
1710 3835 1853 3872 obsidibus
1873 3832 2022 3864 decesserit
2036 3829 2250 3874 casu‚fortii‚ito,
2303 3839 2324 3859 o
2341 3829 2385 3874 fa-

1315 3874 1391 3904 ciam
1413 3873 1516 3903 habere
1539 3845 1674 3906 lgomino
1696 3873 1766 3906 meo
1787 3873 1882 3911 Regi,
1901 3871 1920 3902 fi
1941 3871 1967 3901 ei
1987 3869 2141 3913 placuerit,
2158 3867 2230 3902 fihos
2244 3878 2282 3899 ve
2314 3867 2387 3899 filias

1314 3911 1519 3981 {rmissoffim
1541 3913 1679 3982 inligtum,
1697 3909 1989 3981 velczltigrhierngnffip
2011 3917 2080 3938 meo
2101 3916 2132 3938 iu
2153 3905 2283 3946 obsides,
2307 3906 2381 3938 dum

1314 3960 1324 3980 l
1344 3960 1391 3984 em
1439 3961 1458 3984 O
1492 3961 1552 3981 IDUS
1598 3961 1632 3982 (ἷῖ
1667 3963 1700 3983 ΪΟ
1734 3962 1749 3983 a
1981 3970 1988 3976 ·

1351 3987 1391 4020 Et
1405 3996 1542 4027 preterea
1561 3989 1631 4022 tradi
1654 3993 1659 3998 ’
1681 3991 1708 4024 ei
1728 3999 1777 4022 em
1796 3987 1931 4020 Domino
1952 3994 2024 4016 meo
2045 3983 2137 4024 Regi,
2155 3984 2185 4015 in
2207 3983 2385 4053 tenentgffi

2434 771 2570 811 lydorsuq*

2418 2801 2469 2830 ⁴⁸1.
2482 2802 2548 2832 206,

2415 2876 2489 2908 Ann.
2499 2878 2542 2908 D.

2435 2924 2520 2955 1215.

2414 2958 2467 2983 An.
2488 2965 2530 2992 17.

2412 2993 2478 3031 Joh.

2414 3035 2489 3060 Cart.
2503 3040 2547 3067 ¹7²

2412 3069 2510 3108 Johan.

2412 3118 2449 3138 m.
2469 3118 2494 3137 2.
2509 3109 2536 3138 d.
