2570 4261
25 210 104 243 Arm.
119 208 160 241 D.

49 257 133 289 1310.

28 292 94 318 Edv.
114 298 141 316 2.

30 399 83 425 An.
101 403 127 431 3.

27 438 60 462 E.
81 443 107 460 2.

29 476 88 500 Pat.
100 480 126 507 3.

31 514 63 536 Ε.
80 518 107 537 2.

33 556 70 576 m.
80 556 126 574 22.

27 1438 105 1471 Ann.
118 1438 161 1470 D.

55 1487 139 1519 1310.

28 1520 82 1545 An.
99 1526 123 1554 3.

29 1558 61 1583 Ξ.
79 1565 105 1583 2.

27 1596 86 1621 Pat.
98 1603 125 1629 3.

29 1635 63 1659 E.
83 1641 109 1659 2.

28 1678 66 1698 m.
81 1678 126 1697 22.

31 3067 49 3085 ⁰
73 3066 129 3095 ΠΙ.

30 3114 97 3135 201.

29 3144 108 3176 Ann.
123 3142 165 3173 D.

50 3191 136 3221 1310.

29 3264 62 3288 Ε.
83 3269 110 3286 2.
122 3241 129 3248 ⁶

28 3302 87 3327 fat.
105 3306 130 3334 3.

29 3340 60 3364 E.
78 3345 104 3362 2.

29 3383 68 3403 m.
85 3383 129 3404 21.

759 142 867 184 ET
953 140 1222 184 ACTA

206 309 349 345 inhibitio
363 325 398 344 ne
414 313 510 361 aliqui
529 317 653 347 veniant
670 325 739 346 cum
759 317 867 346 Armis
880 312 924 346 ad
939 314 1188 348 Parliamentum.

236 396 342 466 1⁴}alRoi
362 408 378 428 3
399 406 480 430 toutz
500 408 590 439 ceux,
607 398 656 438 qui
678 398 766 429 cestes
782 398 890 429 Lettres
907 406 1022 430 verront
1036 421 1045 437 ‚
1062 409 1101 429 ou
1116 409 1231 439 orront,

284 444 341 466 urz.

215 474 312 504 Come
325 497 334 512 ,
350 484 403 511 por
421 474 526 505 l'oneur
541 477 574 507 &
593 476 616 506 la
630 475 750 514 digniree
763 475 799 504 de
818 474 914 505 nostre
928 474 1063 515 Corone,
1081 477 1169 507 eioms
1183 476 1232 507 de-

177 513 263 544 fendu
278 524 293 544 3
305 514 399 551 toutz,
417 514 465 553 qui
479 524 492 543 a
505 515 563 544 cest
579 515 673 545 nostre
684 513 841 544 Parlement
854 523 869 542 a
882 513 1083 545 Westmostier
1097 517 1176 546 venir
1183 516 1231 546 de-

177 552 277 589 vient,
294 561 348 589 que
369 552 418 581 nul
434 575 445 590 ,
463 553 505 582 sur
526 553 670 583 forfeiture
687 553 722 582 de
742 560 826 592 quant
845 552 883 591 qil
902 561 981 592 purra
1005 553 1116 584 forfaite
1135 555 1231 584 devers

177 600 265 628 nous,
282 599 299 629 y
317 590 417 629 veigne
436 599 462 619 as
483 591 606 620 Chivaus
621 614 630 629 ,
648 601 684 621 ne
698 591 811 627 Arme33
829 599 888 619 mes
907 600 962 628 que
977 599 1058 621 toutz
1070 601 1086 631 y
1101 594 1231 631 veignent

177 638 215 658 en
227 629 281 659 due
292 638 405 659 manere
418 651 428 667 ,
442 629 474 659 &
490 629 509 658 si
525 639 610 659 come
629 629 648 661 il
662 630 790 667 devient,
807 629 840 659 &
855 628 968 658 soleient
982 639 1017 658 en
1030 638 1118 669 temps
1131 632 1166 661 de
1180 642 1233 661 no-

176 666 244 737 csisci-Ien
258 666 325 697 Pete
325 689 358 736 ἐς
360 676 411 707 por
428 676 481 710 ceo
495 677 530 705 qe
549 677 621 698 nous
641 668 794 698 affeuroms
815 675 896 696 toutz
909 667 945 696 de
957 667 1116 698 sauvement
1135 671 1233 708 venir,

244 716 308 736 orer
372 714 402 735 re
438 715 498 736 irer.

213 744 300 774 Nous
314 766 324 782 ,
338 744 373 774 de
397 714 557 782 lgaloiaute,
575 743 609 775 88
623 743 665 774 del
679 743 829 773 avisement
841 742 875 772 de
890 752 941 772 nos
955 742 1042 774 chiers
1057 744 1090 775 ὅ(
1102 744 1181 775 foials
1195 745 1233 776 les

176 781 304 813 Countes
319 782 354 812 de
375 780 546 812 Gioucestre
558 805 567 819 ‚
585 782 621 812 de
640 782 770 813 Nichole
783 805 791 819 ‚
809 781 843 811 de
862 780 996 811 Garenne
1012 805 1021 819 ,
1038 792 1053 812 e
1075 782 1111 812 de
1126 783 1232 815 Riche-

178 820 285 858 mund,
304 828 388 849 eantz
403 819 513 869 plenere
533 820 658 859 fiaunce,
677 821 789 850 voloms
822 829 857 849 ue
873 842 882 857 ‚
902 820 921 849 si
934 820 999 849 nule
1013 821 1103 850 medie
1118 823 1232 860 sourde,

174 867 255 889 entre
274 867 365 897 queux
387 858 432 895 qil
453 858 558 897 soient,
575 858 675 889 durant
689 859 784 888 nostre
825 859 845 887 it
864 857 1037 896 Parlement,
1051 869 1104 897 que
1118 861 1234 891 mesmes

173 897 213 927 les
229 914 243 919 -
262 913 275 919 -
293 913 307 919 -
324 895 432 926 Contes
451 896 488 926 les
506 898 600 927 facent
616 897 738 928 adrescer
751 920 760 935 ,
779 897 812 927 ὃ(
834 897 916 933 punit
930 896 969 926 les
984 897 1173 937 trespassours,
1190 900 1233 930 so-

174 935 243 965 lonc
256 944 310 964 ceo
324 935 371 973 q'il
386 944 500 965 verront
511 945 565 975 que
577 936 638 966 face
651 946 665 966 a
681 936 748 965 faire
763 945 816 974 por
838 933 933 965 nostre
948 935 1056 965 honeur
1068 936 1179 976 sauver‚
1199 940 1232 969 &

174 973 271 1007 nostre
286 971 354 1003 Pees
366 973 480 1012 gardier.

215 1011 270 1049 Et,
293 1021 308 1040 3
329 1021 383 1041 880
403 1011 484 1049 faire,
501 1011 539 1041 les
556 1011 678 1042 donoms
697 1011 772 1050 plein
785 1012 879 1050 poair,
894 1020 943 1051 par
958 1011 1044 1043 cestes
1056 1022 1109 1043 nos
1122 1013 1234 1046 Lettres

176 1050 307 1082 Parentes
317 1070 326 1086 ,
349 1050 455 1081 sealiees
469 1050 504 1080 de
518 1049 613 1080 nostre
629 1050 701 1081 Seel.

211 1127 329 1158 Donees
339 1137 355 1157 a
368 1127 412 1157 W
413 1126 570 1157 estmostier
583 1126 609 1156 le
623 1125 756 1165 Septisme
768 1128 828 1166 jour
840 1127 876 1158 de
897 1127 1034 1166 Feverer,
1051 1127 1105 1158 l’an
1123 1128 1159 1160 de
1178 1141 1232 1162 no-

175 1166 231 1197 stre
244 1165 346 1205 Regne
360 1166 458 1196 tiercz.

986 1241 1073 1253 -—-—r-

211 1289 270 1325 Ad
289 1292 431 1322 Comitem
447 1286 640 1331 Lancastriae‚
666 1287 703 1320 de
717 1301 774 1320 non
790 1288 931 1322 veniendo
949 1289 993 1322 ad
1010 1288 1200 1323 parliamen-

554 1347 620 1368 tum
643 1347 712 1368 cum
730 1339 850 1371 Armis.

239 1422 264 1452 E
282 1422 343 1452 Roi
362 1431 379 1451 a
399 1421 447 1452 son
461 1421 526 1452 foial
541 1422 574 1452 &
588 1421 652 1452 loial
664 1421 791 1452 Thomas
811 1421 928 1453 Counte
942 1421 977 1453 de
999 1423 1166 1463 Lancastre,
1183 1424 1232 1455 son

252 1461 382 1492 treschier
397 1460 504 1498 Cosiri,
521 1460 615 1490 salutz.

216 1498 313 1530 Corne
327 1522 335 1538 ,
354 1508 406 1539 por
427 1500 534 1529 l'oneur
554 1499 587 1528 &
606 1498 692 1529 selom
712 1498 809 1538 l’usage
827 1498 862 1529 de
874 1499 970 1530 nostre
981 1500 1134 1538 Coronne,
1151 1501 1184 1531 ὃς
1200 1501 1238 1532 se-

178 1539 238 1569 lom
259 1538 358 1577 l’usage
376 1537 411 1567 de
433 1537 528 1568 nostre
546 1537 678 1567 Roialme
699 1548 734 1567 en
753 1546 802 1567 cea
823 1547 858 1567 en
873 1548 961 1576 arere,
979 1539 1042 1576 nul,
1063 1541 1109 1577 qui
1131 1539 1181 1569 soit
1193 1540 1237 1570 so-

178 1577 277 1608 monse
291 1577 327 1607 de
343 1576 424 1608 venir
438 1587 454 1606 a
472 1576 568 1606 nostre
583 1575 743 1606 Parlement
756 1599 765 1614 ,
781 1586 817 1605 ne
835 1585 852 1616 y
865 1577 947 1606 devie
961 1579 1040 1607 venir
1054 1588 1080 1607 as
1095 1577 1237 1615 ChivauS,

179 1626 217 1646 ne
232 1616 348 1655 Armes,
366 1625 423 1645 mes
437 1616 590 1645 seurement
601 1615 635 1646 ὃς
649 1614 800 1652 duement‚
817 1624 853 1644 en
867 1625 980 1645 manere
994 1615 1032 1655 qil
1052 1616 1164 1648 devient
1177 1639 1187 1655 ,
1205 1617 1238 1647 &

178 1654 292 1685 soleient
305 1655 384 1685 venir
397 1663 434 1683 en
447 1661 540 1691 temps
548 1652 588 1682 vde
599 1651 693 1682 nostre
706 1652 792 1682 Pere:

215 1691 270 1723 Par
282 1694 347 1732 quei
366 1702 438 1722 nous
448 1714 457 1730 ,
473 1702 508 1722 eu
521 1692 564 1721 sur
578 1701 631 1721 ceo
639 1691 767 1730 Consail,
781 1690 947 1733 defendorns
961 1702 975 1721 a
990 1699 1089 1731 toutz‚
1105 1693 1148 1723 sur
1155 1701 1239 1733 quant

177 1731 215 1771 qil
230 1739 350 1768 porront
359 1731 472 1761 forfaire
484 1730 580 1760 devers
593 1739 664 1760 nous
677 1753 686 1768 ‚
703 1739 757 1769 que
772 1729 820 1759 nul
843 1740 879 1759 ne
893 1731 942 1760 soit
959 1730 978 1760 fi
993 1731 1069 1761 hardi
1083 1731 1119 1761 de
1132 1733 1210 1762 venir
1224 1742 1239 1763 a

177 1769 273 1801 nostre
288 1768 466 1807 Parlement,
483 1769 531 1808 qui
540 1778 611 1798 nous
625 1778 724 1798 avoms
735 1769 762 1806 ja
776 1768 825 1798 fait
837 1766 987 1798 somondre
1001 1779 1016 1798 a
1027 1769 1240 1809 Westmoffier,

177 1809 197 1839 fi
213 1817 299 1839 come
312 1808 378 1837 bien
391 1807 499 1845 savem,
518 1817 545 1837 as
561 1805 702 1844 Chivaus,
723 1816 760 1836 ne
775 1806 892 1844 Armes3
911 1817 970 1837 mes
991 1807 1038 1846 q'il
1053 1809 1188 1845 veignent
1204 1819 1240 1839 en

177 1847 233 1877 due
248 1856 378 1884 manere,
398 1845 417 1875 si
431 1854 516 1875 come
533 1845 551 1876 il
565 1845 696 1883 devient,
714 1846 747 1876 &
758 1845 870 1875 soleient
883 1855 918 1875 en
935 1854 1027 1884 temps
1035 1846 1073 1877 du
1085 1847 1126 1877 dit
1143 1846 1239 1877 nostre

176 1884 264 1924 Pere,
281 1894 333 1924 pur
345 1886 436 1915 treiter
451 1884 484 1914 &
496 1894 568 1914 nous
581 1883 724 1914 conseiller
737 1883 780 1913 sur
793 1884 830 1913 les
844 1883 988 1923 busoignes
1004 1908 1013 1923 ‚
1034 1895 1090 1924 que
1103 1886 1240 1916 touchent

177 1933 268 1962 nouS,
287 1923 320 1954 &
334 1922 552 1953 l’amendement
565 1922 601 1952 de
612 1922 698 1952 l’estat
711 1923 746 1952 de
759 1922 850 1952 nostre
865 1922 1013 1952 Roialrne:

218 1961 275 1992 Car
289 1972 360 1992 nous
375 1961 526 1991 asseuroms
541 1969 623 1992 toutz
641 1960 676 1990 de
696 1961 857 1991 sauvement
870 1962 969 2000 venir,
986 1961 1133 2001 demorer,
1150 1962 1184 1993 &
1198 1972 1240 1993 re-

179 2002 274 2040 pairer.

217 2039 254 2069 Et
276 2049 374 2070 avorns
386 2062 394 2075 .,
412 2037 454 2068 sur
475 2048 545 2076 ceo,
563 2037 704 2068 comande
719 2047 747 2067 as
762 2048 813 2067 nos
837 2037 927 2068 chiers
949 2039 981 2069 ὃς
1001 2038 1096 2077 foials,
1113 2037 1150 2069 les
1165 2057 1178 2062 -
1195 2057 1208 2062 -
1227 2057 1241 2063 -

181 2077 310 2109 Countes
330 2078 364 2107 de
381 2076 552 2107 Gloucestre
565 2099 574 2115 ,
591 2076 627 2106 de
650 2075 684 2106 N
688 2076 760 2106 icole
774 2099 785 2115 ,
801 2076 838 2106 de
857 2076 992 2107 Garenne
1006 2101 1016 2116 ‚
1034 2078 1068 2108 &
1081 2079 1118 2108 de
1133 2077 1242 2108 Riche-

180 2116 290 2155 mund,
310 2126 361 2154 por
380 2115 440 2154 plus
462 2123 542 2154 grant
561 2115 666 2146 seurtee
688 2114 723 2144 de
742 2123 812 2145 touz
825 2124 897 2145 ceux
910 2139 919 2153 ,
937 2117 967 2155 qi
987 2125 1005 2154 y
1018 2117 1176 2154 vendront,
1193 2116 1241 2154 q'il

179 2157 373 2195 empreignent
385 2154 474 2185 cestre
486 2154 620 2192 busoigne
635 2176 645 2192 ,
661 2153 680 2183 fi
699 2162 753 2193 que
768 2161 850 2183 toutz
863 2163 880 2193 y
892 2154 1017 2192 peuffent
1030 2154 1188 2185 sauvement
1206 2156 1240 2186 &

179 2193 354 2224 securement
370 2194 465 2230 venir,
483 2192 628 2230 demorer,
648 2192 681 2222 &
696 2192 822 2231 repairer.

218 2231 274 2271 Et,
290 2233 309 2263 si
326 2242 371 2272 par
390 2239 523 2262 aventure
544 2231 657 2260 auscuns
669 2253 678 2268 ,
696 2240 735 2260 ou
756 2231 860 2261 auscun
880 2240 898 2270 y
919 2232 1056 2267 viegnent
1069 2239 1242 2270 autrernent‚

179 2280 236 2310 que
248 2270 317 2300 n’est
332 2269 429 2307 susdit‚
447 2278 545 2299 avoms
557 2269 675 2298 ordeine
685 2277 739 2307 que
753 2268 790 2298 les
805 2269 865 2299 ditz
879 2268 1006 2299 Countes
1020 2269 1104 2300 soient
1119 2279 1156 2300 en
1168 2269 1241 2308 eide,

180 2318 282 2340 contre
294 2317 395 2345 ceaux‚
414 2309 463 2347 qui
476 2314 595 2337 averont
609 2307 665 2337 ensi
681 2307 886 2345 trespafle‚que
899 2309 935 2337 les
946 2307 1044 2338 choses
1056 2308 1241 2338 soientadres-

177 2358 241 2378 cees
251 2358 266 2377 a
280 2347 375 2378 nostre
390 2347 518 2384 honeur,
536 2345 560 2375 la
573 2345 653 2384 quele
666 2344 749 2375 chose
763 2345 891 2375 meismes
903 2346 940 2375 les
955 2363 971 2369 -
985 2363 1000 2368 -
1016 2363 1030 2369 -
1047 2345 1178 2377 Countes
1184 2355 1238 2377 ont

179 2395 227 2417 ern
248 2396 291 2416 ris.

235 2426 253 2454 't
268 2423 397 2460 voionus,
434 2433 469 2453 ue
487 2422 507 2454 si
520 2421 586 2452 nule
603 2420 695 2451 medie
709 2420 803 2459 surde,
821 2429 898 2452 entre
913 2431 1002 2460 queux
1014 2422 1052 2461 qil
1069 2422 1173 2461 soient,
1186 2422 1240 2457 du-

178 2472 241 2494 rant
255 2462 349 2493 nostre
363 2461 404 2491 dit
443 2460 593 2497 arlement,
609 2470 664 2497 que
679 2459 716 2489 les
731 2460 791 2490 ditz
804 2460 934 2491 Countes
947 2461 973 2490 18
993 2461 1086 2491 facent
1100 2461 1221 2493 adrescer
1230 2484 1241 2500 ,

180 2503 215 2533 &
230 2503 310 2540 punir
323 2500 360 2529 les
373 2499 556 2537 trespasseurs,
573 2498 658 2528 selom
672 2507 726 2527 ceo
739 2499 786 2538 q'il
799 2509 913 2530 verront
925 2509 980 2539 que
993 2499 1054 2530 face
1066 2510 1081 2530 a
1101 2500 1181 2530 faire:
1201 2499 1240 2534 Et

179 2541 223 2572 sur
237 2550 291 2571 ceo
306 2540 345 2569 les
354 2548 453 2568 avoms
464 2538 539 2568 done
554 2537 628 2574 plein
643 2536 726 2566 Poer.

216 2578 263 2608 En
283 2577 439 2616 tesmoigne
458 2575 493 2606 de
514 2576 594 2615 quele
615 2575 699 2605 chose
714 2598 723 2613 ‚
741 2585 812 2605 nous
831 2585 902 2607 vous
920 2585 1057 2608 euve-oms
1081 2575 1169 2609 cestes
1186 2586 1240 2608 nos

181 2617 289 2648 Lettres
303 2615 437 2646 Patentes.

215 2655 333 2687 Donees
347 2664 362 2684 3
376 2652 593 2690 Wcstmostier,
611 2652 637 2682 le
649 2651 776 2690 septisme
785 2653 850 2691 jour
862 2652 898 2683 de
914 2653 983 2683 Feb.

255 2731 379 2763 Autieles
398 2731 488 2762 lettres
506 2730 599 2761 furcnt
618 2729 758 2799 mffndsez
780 2739 807 2774 as
819 2728 948 2761 Countes
960 2729 1020 2761 sutz
1035 2730 1166 2770 escritez,

614 2778 648 2798 ce
687 2778 703 2798 a
724 2778 820 2808 avoir,

282 2847 332 2877 Al
340 2850 440 2877 Counte
455 2846 487 2876 de
500 2844 650 2885 Herefhrd,

281 2886 331 2920 ,Al
342 2890 443 2917 Counte
456 2885 487 2914 de
503 2884 630 2919 Pembrok
638 2907 649 2923 ,

283 2924 332 2954 Al
342 2929 442 2954 Counte
455 2924 487 2955 de
504 2926 595 2953 Warr.

491 3056 512 3076 '⁶‘
538 3059 596 3090 Pro
613 3060 700 3091 Petro
717 3057 753 3095 de
769 3055 929 3101 Gavaston.

183 3147 235 3202 R
245 3143 308 3175 EX
328 3142 440 3173 diiectae
453 3141 502 3173 fibi
519 3141 701 3181 Margaretae‚
718 3153 782 3182 quae
798 3143 851 3173 fuit
868 3142 954 3174 Uxor
969 3141 1131 3182 Edmundi,
1149 3153 1241 3184 quon-

246 3183 313 3214 dam
328 3180 451 3211 Comitis
465 3179 641 3219 Cornubiae,
658 3181 799 3219 defundti,
818 3182 937 3212 salutem.

185 3219 298 3289 PCiim
312 3219 460 3288 ,stcelebris
479 3220 645 3258 memoriae,
664 3219 808 3250 Dominus
822 3219 856 3250 E.
872 3220 1015 3259 quondam
1033 3220 1098 3250 Rex
1114 3219 1241 3260 Angliae,

211 3267 267 3290 ater
280 3268 320 3290 no
345 3268 375 3288 er

221 3297 280 3328 Pro
292 3280 453 3328 remissione
464 3296 497 3326 &
510 3294 603 3333 quieta
617 3295 799 3334 clamatione,
817 3307 883 3334 quas
898 3297 989 3327 eidem
1002 3296 1076 3327 Patri
1090 3297 1187 3327 nostro
1200 3297 1240 3327 fe-

183 3335 258 3366 cistis
271 3335 307 3366 de
318 3335 387 3365 dote
403 3333 510 3371 vestra,
530 3343 614 3373 quam
628 3334 657 3364 in
671 3333 760 3364 Curia
773 3334 853 3372 ipsius
865 3335 954 3366 Patris
968 3335 1057 3366 nostri
1067 3359 1075 3371 ,
1088 3335 1240 3374 coramJu-

181 3374 304 3406 sticiariis
317 3373 353 3404 de
364 3373 479 3411 Banco,
497 3382 547 3411 per
562 3373 656 3402 brevia
670 3373 713 3402 sua
727 3372 860 3412 petivistis
871 3375 962 3405 versus
975 3373 1096 3405 diversos
1111 3374 1239 3404 homines

181 3412 219 3443 de
234 3413 324 3443 libero
337 3419 518 3448 tenement0‚
536 3411 614 3448 quod
633 3411 684 3441 fuit
698 3411 823 3449 praedic‘ii
836 3411 978 3443 Edmundi
992 3436 1002 3451 ,
1030 3413 1173 3450 quondam
1186 3413 1239 3443 viri

181 3449 282 3489 vestri3
300 3460 370 3490 quos
384 3448 500 3489 quidem
512 3449 640 3479 homines
653 3449 742 3480 dietus
757 3449 836 3479 Pater
851 3450 946 3481 noster
959 3473 970 3489 ,
994 3460 1125 3489 tanquam
1138 3449 1239 3481 Haeres

181 3490 261 3531 ipfius
275 3489 417 3526 Comitis,
434 3488 524 3518 voluit
538 3489 729 3518 warantizare:

218 3527 405 3558 Conceffisset
419 3527 499 3556 vobis
511 3525 639 3556 Centum
652 3527 757 3556 libratas
769 3535 850 3557 terrae
865 3527 899 3557 &
915 3526 1036 3557 redditfis
1045 3537 1094 3566 per
1103 3527 1237 3568 Annum,

179 3566 322 3598 habendas
336 3566 455 3596 nomine
468 3564 540 3594 dotis
555 3564 652 3595 vestrae
685 3565 826 3604 raedidtae3
842 3566 960 3596 &inter
974 3574 1090 3604 caetera,
1127 3577 1170 3596 uae
1185 3570 1237 3597 Vo-

178 3605 222 3637 bis
236 3607 266 3636 in
279 3605 331 3636 hac
347 3612 421 3644 parte
434 3603 600 3643 assignavit,
622 3614 637 3633 a
661 3603 776 3642 ignfisset
797 3604 878 3634 vobis
901 3604 1030 3635 Maneria
1049 3606 1085 3635 de
1131 3614 1236 3643 enton,

178 3654 246 3674 cum
263 3643 406 3681 Henerre,
424 3642 538 3681 Wyke‚
555 3642 588 3672 &
604 3641 771 3681 Suthtenge‚
790 3652 854 3681 quae
865 3642 976 3673 fuerunt
991 3643 1117 3681 praedicti
1132 3641 1236 3673 Comi-

179 3683 227 3721 tis,
246 3681 373 3720 habenda
387 3681 506 3711 nomine
525 3679 615 3718 doris,
634 3689 664 3710 ut
681 3680 722 3710 est
736 3680 848 3711 dietum
861 3692 871 3718 3
896 3682 933 3711 ita
948 3680 1024 3719 quod
1040 3681 1185 3712 redderetis
1196 3683 1236 3712 ei-

178 3720 247 3751 dem
260 3720 334 3751 Patri
349 3719 463 3756 nostro,
481 3719 515 3749 &
530 3718 697 3749 Haeredibus
712 3719 763 3749 suis
778 3742 786 3757 ‚
810 3719 849 3749 sin
869 3719 919 3749 ulis
933 3718 1024 3749 Annis
1039 3744 1048 3759 ,
1068 3720 1102 3750 ad
1116 3719 1235 3750 883883-

179 3759 254 3789 rium
269 3759 348 3790 suum
365 3781 375 3796 ,
397 3758 430 3788 ad
453 3765 545 3788 totam
563 3758 650 3787 vitam
671 3757 790 3787 vestram
803 3780 814 3795 ,
859 3767 875 3787 e
888 3757 1030 3797 praedietis
1048 3758 1181 3789 Maneriis
1198 3758 1235 3789 de

180 3796 319 3836 Kenton,
335 3807 402 3828 curn
420 3795 564 3832 Henetre,
582 3795 696 3834 Wyke,
712 3796 745 3826 &
760 3796 931 3835 Suthtenge,
950 3797 1127 3836 quadraginta
1141 3798 1174 3827 &
1190 3797 1234 3828 sex

179 3830 279 3872 libras,
317 3834 508 3867 uatuordecim
521 3833 636 3871 solidos,
655 3834 688 3864 &
701 3834 834 3864 undecim
852 3833 980 3864 denarios
991 3857 1000 3871 ,
1025 3837 1072 3874 qui
1091 3834 1233 3866 excedunt

179 3872 270 3907 didias
349 3882 409 3904 turn
424 3874 528 3903 libratas
546 3881 626 3902 terrae
639 3873 672 3903 &
691 3871 829 3910 redditus,
847 3882 949 3910 unam,
967 3873 1114 3911 videlicet,
1130 3873 1235 3904 medie-

180 3919 284 3948 tatem,
299 3912 334 3942 ad
347 3912 523 3943 Scaccari·im
538 3911 633 3941 Sanffi
651 3910 798 3940 Michaelis
809 3933 819 3948 ,
843 3919 927 3954 prout
941 3911 970 3940 in
986 3911 1098 3943 Litteris
1112 3911 1234 3943 Patenti-

179 3949 234 3979 bus
244 3949 324 3987 ipsius
337 3948 423 3980 Patris
435 3949 538 3988 nostri,
556 3950 637 3979 vobis
651 3949 715 3979 inde
729 3949 884 3986 confessis,
904 3949 1008 3987 plenius
1020 3951 1197 3981 continetur:

220 3987 266 4018 Ac
280 3996 346 4027 nos,
359 3990 460 4026 quinto
473 3988 519 4018 die
532 3987 668 4027 Augusti,
682 3987 814 4024 proximo
823 3988 882 4026 jam
895 3989 1052 4027 praeterito,
1068 3998 1115 4026 per
1129 3996 1234 4019 cartam

181 4025 306 4057 nostram
317 4048 330 4066 ,
351 4025 508 4058 dederimus
520 4049 532 4066 ‚
555 4027 589 4059 &
610 4025 829 4060 concesserimus
845 4024 950 4059 dileeto
971 4027 1006 4059 &
1025 4026 1101 4059 fideii
1115 4025 1236 4066 nostro,

1305 141 1774 192 PUBLICA.
2242 157 2323 204 165

1269 227 1355 260 Petro
1370 229 1406 260 de
1416 231 1561 263 Gavaston
1576 235 1688 266 Comiti
1709 235 1868 268 Cornubiae
1879 259 1889 275 ,
1911 237 1945 268 &
1960 236 2127 277 Margaretae
2138 234 2233 267 Uxori
2247 237 2322 274 ejus,
2337 232 2411 264 Ann—
2427 233 2475 265 Ι).

1268 267 1381 307 Nepoti
1401 270 1504 300 nostrae
1525 273 1671 304 kariffimae
1686 297 1696 311 ,
1719 277 1814 305 omnia
1836 275 1949 314 Castra,
1967 276 2068 315 Vilius,
2088 275 2229 314 Maneria,
2246 276 2321 305 Ter-

2353 279 2439 311 1310.

1268 316 1308 335 ras
1322 307 1355 337 &
1368 307 1562 349 Tenementa,
1576 321 1640 351 quae
1653 313 1764 344 fuerunt
1780 315 1886 351 praefati
1900 314 2046 345 Edmundi
2054 337 2065 354 ,
2082 316 2110 346 in
2129 324 2213 345 manu
2226 314 2322 344 nostra
2339 315 2406 340 Em.
2420 320 2448 339 2-

1268 346 1425 384 existentia,

1305 383 1446 428 Habenda
1456 386 1557 417 eisdem
1593 387 1678 418 Petro
1692 389 1724 419 &
1742 388 1925 429 Margaretae,
1943 391 1976 421 &
1993 390 2181 429 Haeredibus‚
2197 390 2233 420 de
2247 388 2324 420 Cor-

1270 422 1382 460 poribus
1402 424 1523 466 ipsorum
1536 448 1546 464 ,
1566 412 1644 457 ’Petri
1665 427 1698 457 δε
1721 426 1887 467 Margaretae
1902 451 1912 467 ,
1936 429 2063 464 legitime
2084 430 2251 468 procreatis,
2268 429 2324 461 un&

1270 470 1337 490 cum
1351 460 1478 504 dotibus,
1495 474 1562 494 cum
1575 464 1727 496 acciderint
1740 489 1749 502 ‚
1772 467 1805 496 &
1819 468 1952 497 omnibus
1966 468 2022 497 aliis
2033 491 2043 506 ‚
2068 468 2101 497 ad
2121 468 2253 506 praediCta
2266 465 2325 497 Ca-

1270 497 1342 536 stra,
1361 498 1460 538 Villas,
1481 501 1624 541 Maneria,
1643 503 1760 541 Terras,
1779 505 1812 534 &
1826 505 2004 536 Tenenienta
2018 529 2029 544 ‚
2055 505 2237 544 spestantibus
2251 515 2325 546 quo„

1270 546 1328 575 quo
1342 538 1446 575 mod03
1465 549 1551 577 proiit
1563 542 1592 571 in
1607 542 1681 572 dista
1697 541 1782 572 Carta
1793 542 1887 573 nostra
1899 543 2003 581 plenius
2017 545 2192 574 continetur:

1310 573 1364 605 Per
1379 577 1454 619 quod
1468 578 1552 608 dicite
1567 580 1743 618 quadraginta
1762 581 1794 611 &
1815 581 1859 611 sex
1880 581 1958 611 librae
1973 604 1982 619 ‚
2005 582 2217 620 quatuordecim
2228 581 2327 622 solidi,

1272 613 1447 656 &undecim
1462 616 1583 660 denarii,
1600 617 1633 647 ad
1646 617 1737 649 diffisos
1750 640 1759 657 ,
1784 618 1897 649 Petrum
1915 620 1947 650 &
1964 618 2168 659 Margaretam,
2186 622 2325 660 pertinent

1271 652 1545 695 rationeedonationis
1559 656 1592 686 &
1606 655 1793 687 concessionis
1806 657 1910 687 nostrae
1924 658 2078 694 praedffi'cae:

1307 689 1396 732 Vobis
1411 692 1574 723 mandamus
1587 694 1662 733 quod
1678 694 1798 733 eisdem,
1816 694 1902 726 Petro
1916 697 1949 726 &
1965 697 2134 733 Margaretae
2145 719 2156 734 ‚
2179 697 2276 735 viginti
2289 697 2323 728 δε

1272 734 1326 756 tres
1342 727 1438 771 libraS,
1458 730 1562 768 septem
1577 732 1676 762 solidos
1687 757 1697 770 ‚
1723 734 1846 773 quinque
1860 733 1986 764 denarios
2001 757 2011 773 ,
2035 736 2067 765 &
2086 744 2173 765 unum
2189 736 2328 773 obolum,

1271 764 1308 794 de
1329 774 1450 809 termino
1471 769 1565 799 Sanffl
1588 769 1736 801 Michaelis
1749 794 1759 809 ,
1783 773 1914 811 proximo
1962 775 2081 803 raeterito
2095 795 2105 811 ,
2129 773 2166 803 de
2186 773 2327 811 praedid'cis

1272 804 1447 846 quadraginta
1463 808 1494 837 &c
1509 808 1552 837 sex
1568 807 1643 838 libris
1657 832 1666 846 ‚
1685 810 1893 848 quatuordecim
1910 811 1939 840 so
1950 811 2000 842 idis
2015 834 2025 848 ,
2046 812 2079 842 δε
2094 810 2226 841 undecim
2241 811 2327 841 dena-

1272 842 1474 885 ruffi-solvatis,
1493 846 1526 875 &
1540 845 1576 875 de
1587 847 1689 877 eisdem
1703 848 1879 887 quadraginta
1900 850 1931 879 ὃς
1946 849 1990 880 sex
2004 849 2092 886 libris,
2112 849 2327 886 quatuordecim

1271 879 1376 923 solidiS,
1395 882 1427 911 &
1442 884 1574 913 undecim
1588 886 1719 923 denariis,
1737 895 1771 915 ex
1785 897 1877 921 nunc,
1895 888 1928 917 ad
1945 889 2078 918 terminos
2091 887 2257 927 parilem,
2274 888 2332 920 siti-s

1272 919 1447 949 intendentes
1462 922 1494 952 &
1507 922 1718 961 respondentes,
1734 932 1764 954 ut
1778 924 1820 953 est
1835 925 1953 955 dietum.

1310 955 1450 988 Volumus
1462 961 1537 989 enirn
1553 971 1604 990 vos
1617 961 1684 991 inde
1697 962 1731 991 ad
1747 962 1927 993 Scaccarium
1941 963 2067 993 nostrum
2083 964 2234 996 exonerari.

1309 1030 1397 1064 Teste
1410 1033 1492 1074 Rege
1504 1036 1577 1074 apud
1590 1036 1876 1069 Westmonasterium
1883 1061 1895 1077 ,
1915 1047 1959 1078 13.
1974 1039 2019 1069 die
2033 1039 2186 1070 Februarii.

1470 1161 1519 1192 De
1533 1159 1689 1193 trastando
1703 1173 1771 1194 cum
1787 1165 1880 1195 Scotis
1891 1162 1983 1208 fhper
1999 1165 2130 1209 Treuga.

1274 1241 1330 1302 E
1340 1280 1457 1312 d'Irland
1465 1305 1476 1320 ,
1494 1283 1527 1313 &
1541 1283 1623 1314 Ducs
1638 1284 1851 1325 d'Aquitaigne,
1873 1297 1888 1316 a
1901 1295 1970 1316 touz
1984 1296 2055 1316 ceux
2068 1309 2080 1325 ,
2102 1287 2150 1326 qui
2163 1286 2249 1317 cestes
2264 1287 2331 1318 Let-

1274 1323 1329 1346 tres
1343 1329 1472 1358 verrom,
1488 1331 1527 1352 ou
1537 1331 1650 1361 orront‚
1670 1323 1756 1354 sslutz
1771 1335 1806 1355 en
1822 1323 1907 1354 Dieu.

1312 1353 1433 1398 Sachetz
1453 1369 1508 1397 que
1527 1370 1598 1391 nous
1618 1370 1761 1400 grantoms
1782 1364 1815 1393 &
1835 1363 1958 1393 donoms
1977 1362 2002 1392 al
2026 1363 2181 1394 honurable
2201 1362 2272 1394 Pere
2295 1375 2330 1395 en

1276 1391 1372 1435 Dleu,
1391 1397 1534 1436 william,
1554 1410 1602 1437 par
1616 1401 1640 1430 la
1656 1400 1762 1431 mesme
1776 1400 1887 1439 Gracc,
1906 1401 2033 1439 Evesque
2050 1402 2086 1432 de
2107 1401 2185 1432 Seint
2198 1401 2333 1442 Andreu,

1276 1431 1310 1461 &
1330 1445 1345 1465 a
1360 1445 1413 1465 nos
1435 1436 1499 1466 feals
1520 1438 1553 1467 &
1574 1438 1650 1468 loials
1662 1461 1672 1477 ,
1697 1439 1808 1469 Robert
1828 1439 1864 1469 de
1883 1438 2069 1470 Umframvi'll
2090 1439 2188 1471 Conte
2207 1439 2243 1471 de
2257 1441 2336 1473 Ane-

1276 1477 1344 1511 gos,
1357 1473 1453 1512 Johan
1468 1475 1492 1504 le
1506 1474 1557 1505 Fiz
1573 1476 1742 1508 Marmaduc
1757 1501 1767 1515 ‚
1788 1477 1880 1515 johan
1894 1478 2044 1518 Wychard
2058 1501 2068 1517 ,
2092 1479 2126 1509 &
2141 1489 2169 1509 as
2186 1489 2240 1509 nos
2256 1480 2337 1510 chers

1278 1508 1375 1550 Clers,
1394 1512 1521 1543 William
1537 1513 1572 1544 de
1585 1514 1738 1546 Bevercote
1753 1516 1849 1546 nostre
1863 1515 2028 1547 Chanceller
2037 1539 2046 1554 ,
2061 1517 2094 1548 δε
2105 1516 2199 1555 Johan
2213 1517 2248 1548 de
2262 1518 2336 1549 We-

1277 1547 1342 1592 ston
1358 1551 1452 1581 nostre
1467 1551 1686 1584 Chamberlaine
1700 1553 1837 1585 d'Escoce
1851 1577 1862 1593 ,
1882 1564 1899 1584 e
1913 1555 2076 1586 Alisaundre
2088 1555 2113 1585 le
2128 1554 2275 1595 Conners,
2290 1557 2321 1588 fis

1279 1597 1381 1628 cmque
1392 1614 1401 1627 ,
1420 1591 1453 1621 &
1470 1600 1566 1628 quatre
1582 1591 1617 1622 de
1634 1602 1706 1630 eux,

1314 1626 1425 1657 Fraunk
1445 1627 1533 1667 P0er‚
1552 1631 1585 1661 &
1607 1631 1703 1668 special
1724 1631 1924 1663 maundement
1971 1631 2007 1662 de
2023 1633 2134 1672 treiter,
2150 1642 2186 1664 en
2207 1643 2285 1664 noun
2301 1633 2337 1670 de

1278 1675 1367 1704 110113,
1383 1667 1416 1697 &
1429 1677 1482 1706 pur
1497 1678 1583 1708 nous,
1597 1670 1729 1710 ovesques
1743 1670 1781 1700 les
1795 1680 1883 1708 gentz
1897 1654 2052 1710 d'ssscoce,
2069 1682 2084 1701 a
2095 1672 2142 1712 qui
2155 1682 2228 1703 nous
2240 1682 2338 1704 avoms

1278 1712 1391 1744 guerre,
1410 1705 1446 1735 de
1460 1706 1573 1746 Treue,
1591 1717 1629 1737 ou
1642 1708 1678 1739 de
1690 1707 1873 1739 Souffiaunce
1887 1718 1966 1739 entre
1980 1719 2052 1739 nous
2061 1733 2071 1749 ,
2090 1720 2143 1740 nos
2155 1710 2272 1750 homes,
2285 1721 2338 1742 nos

1277 1744 1406 1782 sutzmis,
1425 1744 1458 1774 &
1479 1755 1530 1775 nos
1549 1745 1661 1776 aidantz
1678 1746 1763 1777 d⁷une
1782 1757 1858 1786 part,
1873 1748 1907 1779 &
1926 1757 2011 1786 caux,
2030 1748 2063 1779 δε
2084 1748 2145 1778 lour
2163 1749 2233 1780 aliez
2251 1751 2284 1781 &
2299 1751 2339 1780 ai-

1279 1782 1383 1812 dauntz
1396 1782 1502 1813 d'autre
1517 1793 1594 1822 part,
1614 1785 1656 1815 sur
1669 1783 1706 1815 les
1721 1794 1846 1824 guenes,
1864 1785 2024 1816 diffenfions
2039 1809 2049 1825 ,
2072 1786 2104 1817 &
2120 1786 2268 1827 discordz,
2284 1798 2339 1826 que

1280 1820 1342 1850 sont
1354 1829 1433 1850 entre
1447 1831 1517 1852 nous
1531 1823 1563 1852 ὃ(
1584 1832 1654 1854 ceux
1669 1845 1680 1861 ,
1703 1823 1796 1854 selonc
1818 1834 1852 1854 ce
1871 1824 1917 1863 q’il
1933 1833 2066 1854 verrount
2080 1834 2134 1864 que
2150 1834 2246 1857 meutz
2258 1827 2312 1857 soit
2323 1836 2340 1857 a

1279 1858 1346 1888 faire
1359 1860 1381 1889 al
1394 1859 1486 1901 honur
1499 1860 1535 1891 de
1551 1871 1621 1891 nous
1655 1863 1688 1892 ὃς
1703 1862 1787 1900 profit
1801 1862 1836 1892 de
1849 1863 1942 1893 nostre
1957 1862 2105 1893 Roialme:

1318 1896 1366 1927 De
1387 1899 1500 1941 meisme
1516 1899 1584 1929 celle
1601 1885 1723 1939 Pfrewe,
1740 1911 1778 1931 ou
1799 1900 1964 1932 Suffraunce
1976 1902 2093 1932 ottroier
2103 1924 2114 1941 ,
2136 1900 2225 1933 doner
2258 1902 2340 1934 affer-

1281 1945 1360 1974 mer,
1379 1936 1411 1965 &
1426 1936 1460 1966 de
1469 1946 1559 1976 Jurcr,
1574 1947 1610 1968 en
1624 1938 1720 1969 nostre
1735 1940 1806 1969 alme
1820 1963 1830 1978 ‚
1853 1940 1890 1970 de
1911 1940 1970 1970 cele
1988 1940 2094 1970 Trewe
2114 1949 2153 1970 ou
2173 1926 2340 1972 Suffi‘aunce

1281 1973 1442 2004 firmement
1454 1975 1549 2014 garder
1564 1976 1597 2007 ὃ(
1611 1978 1682 2007 tenir
1693 2000 1705 2015 ,
1727 1978 1758 2008 &
1773 1977 1809 2007 de
1824 1987 1894 2008 tutes
1911 1987 1999 2008 autres
2011 1978 2106 2009 choses
2122 1979 2188 2010 faire
2207 1981 2240 2010 ὃ(
2254 1988 2338 2010 com-

1281 2012 1350 2051 11111,
1365 2013 1412 2051 qui
1431 2024 1445 2042 3
1464 2014 1524 2045 8818
1538 2014 1643 2045 Tricue
1655 2038 1665 2054 ,
1689 2025 1728 2045 ou
1750 2015 1915 2046 Souffrance
1930 2017 1948 2035 ²*
1969 2017 2074 2047 serront
2092 2017 2281 2057 bosoignables
2299 2029 2337 2057 ou

1281 2051 1467 2090 covenables,
1482 2061 1525 2083 tot
1540 2052 1590 2083 soit
1606 2053 1625 2083 il
1637 2054 1703 2093 qti’il
1717 2064 1881 2094 requergent
1895 2055 2010 2093 especial
2022 2055 2233 2087 maundement:

1318 2088 1342 2119 E
1358 2100 1428 2120 nous
1441 2100 1568 2121 averoms
1582 2102 1635 2129 pur
1656 2093 1689 2122 fe:
1697 2102 1744 2122 me
1754 2116 1764 2132 ,
1789 2103 1805 2123 8
1819 2103 1870 2132 pur
1891 2093 1993 2124 estable
2005 2116 2015 2132 ,
2037 2102 2127 2132 quant
2140 2104 2175 2134 qe
2189 2095 2226 2125 les
2244 2104 2340 2127 avant-

1282 2127 1357 2166 ditZ,
1373 2127 1515 2168 Evesque,
1527 2129 1623 2169 Cont,
1636 2130 1732 2168 Johan
1741 2154 1751 2169 ,
1762 2131 1855 2169 Johan
1863 2155 1872 2170 ,
1890 2131 2018 2162 Wiliiam
2027 2155 2038 2170 ,
2049 2132 2143 2170 Johan
2152 2134 2200 2171 ,&
2216 2134 2341 2164 Alisaun-

1281 2166 1347 2205 dre,
1364 2167 1394 2196 sis
1408 2190 1419 2205 ,
1441 2168 1524 2207 cink,
1543 2179 1581 2199 ou
1598 2178 1693 2207 quatre
1705 2169 1786 2200 d’eux
1800 2179 1915 2200 averont
1929 2171 2026 2209 treite,
2044 2182 2059 2200 e
2072 2171 2177 2201 ordene
2193 2195 2204 2210 ,
2228 2172 2293 2211 fait,
2308 2174 2341 2204 &

1281 2206 1385 2243 ferme,
1403 2215 1437 2235 en
1451 2216 1530 2236 noun
1543 2206 1579 2236 de
1594 2217 1683 2245 nouS,
1703 2207 1736 2237 &
1751 2219 1804 2248 pur
1818 2218 1888 2239 nous
1902 2231 1912 2247 ‚
1937 2218 1989 2246 pur
2009 2218 2061 2238 nos
2076 2209 2178 2240 homes
2190 2233 2201 2248 ,
2226 2221 2277 2250 pur
2291 2221 2343 2241 nos

1282 2245 1423 2313 gutzplin,
1440 2245 1473 2275 &
1488 2254 1541 2282 pur
1554 2254 1607 2276 nos
1619 2244 1749 2284 aidantz,
1763 2246 1806 2277 sur
1824 2247 1863 2277 les
1880 2247 1976 2278 choses
1989 2246 2157 2287 avantdites,
2175 2248 2208 2279 &
2222 2248 2343 2281 chescun

1302 2293 1318 2312 e
1332 2292 1347 2311 e
1367 2292 1403 2312 es.

1318 2319 1364 2388 Eln
1380 2320 1590 2358 tesmoignance
1602 2320 1649 2351 des
1669 2331 1761 2361 queux
1775 2321 1871 2353 choses
1891 2333 1964 2354 nous
1984 2333 2083 2355 avoms
2103 2324 2152 2358 fait
2169 2324 2236 2356 faire
2254 2325 2344 2361 cesten

1282 2368 1334 2388 nos
1354 2366 1434 2389 ettres
1448 2368 1567 2390 overtes.

2326 1580 2337 1598 ²

1282 2433 1468 2513 Relgpgieesr}
1486 2434 1677 2467 NVestmoster
1698 2436 1725 2467 le
1750 2437 1793 2468 16.
1812 2439 1877 2477 jour
1902 2437 1938 2470 de
1959 2438 2078 2470 Feverer
2091 2461 2103 2478 ,
2124 2438 2177 2470 l‘an
2195 2437 2232 2470 de
2250 2436 2346 2471 nostre

1408 2484 1433 2508 ie
1469 2497 1474 2503 .

1281 2601 1331 2638 De
1349 2598 1521 2632 intendendo
1539 2597 1763 2646 Inquisttoribus
1774 2600 1865 2646 ficper
1884 2603 2074 2647 Separatione
2093 2601 2342 2649 Templariorum.

1281 2682 1368 2739 RE
1378 2683 1408 2715 X
1425 2683 1643 2716 Constabulario
1656 2684 1755 2716 Turris
1767 2685 1820 2716 suae
1834 2685 2047 2717 Londoniaium
2061 2686 2184 2718 salutem.

1375 2721 1454 2753 Cum
1469 2724 1687 2754 concesserimus
1700 2723 1821 2768 Praelatis
1839 2725 1872 2755 &
1892 2724 2101 2763 Inquisitoribus
2113 2749 2123 2765 ‚
2144 2727 2178 2756 ad
2198 2727 2341 2764 inquiren-

1279 2762 1350 2792 dum
1361 2771 1460 2792 contra
1473 2761 1612 2793 Ordinem
1626 2762 1855 2802 Templariorum
1863 2786 1874 2802 ,
1892 2763 1925 2794 &
1940 2773 2039 2794 contra
2052 2763 2193 2805 Magnum
2209 2764 2340 2804 Praecep-

1280 2809 1374 2844 torem
1384 2801 1506 2839 ejusdem
1520 2800 1654 2844 Ordinis,
1672 2803 1702 2831 in
1718 2801 1743 2831 R
1781 2811 1819 2831 no
1831 2800 1929 2832 nostro
1944 2801 2054 2841 Angliae
2068 2803 2256 2834 constitutum
2273 2827 2284 2843 ‚
2305 2805 2338 2835 &

1281 2839 1404 2870 similiter
1422 2848 1520 2870 contra
1540 2840 1683 2879 singulares
1700 2839 1751 2870 Per
1764 2850 1831 2871 onas
1842 2840 1875 2871 &
1898 2840 2004 2871 Fratres
2019 2841 2135 2871 Ordinis
2147 2842 2236 2881 illius,
2253 2852 2341 2880 nuper

1283 2887 1333 2915 per
1343 2878 1429 2908 literas
1445 2877 1618 2915 Apostolicas
1641 2879 1775 2918 deputatis
1787 2902 1798 2917 ,
1821 2877 1898 2918 quod
1915 2879 2001 2910 iidem
2018 2879 2128 2910 Praelati
2147 2881 2181 2911 &
2197 2882 2345 2920 inquisito-

1284 2926 1344 2961 res,¹
1355 2916 1391 2946 de
1405 2917 1465 2954 ipsis
1480 2917 1666 2961 Templariis,
1683 2918 1715 2948 &
1730 2926 1830 2961 eorum
1844 2918 2026 2957 corporibus,
2043 2920 2173 2956 quotiens
2186 2919 2346 2963 voluerint,

1283 2951 1634 3025 ἳῖἒὲὲξῶῑῐῖἔίεξὲέὲᾎᾴ,
1652 2955 1729 2995 quod
1745 2966 1801 2994 813,
1819 2955 1974 2986 secundum
1993 2957 2088 2995 legem
2102 2956 2346 2997 Ecclesiasticam,

1321 3031 1360 3063 Et
1377 3017 1746 3062 mandaverimus'univerfis
1761 3033 1793 3062 ὃ(
1811 3032 1922 3070 singulis
1944 3031 2083 3063 Ministris
2103 3033 2222 3073 nostris,
2238 3033 2346 3066 Custo—

1283 3071 1365 3102 dibus
1378 3071 1628 3108 Templariorum‚
1645 3071 1721 3108 quod
1738 3070 1861 3101 Praelatis
1880 3072 1913 3102 &
1928 3070 2136 3109 Inquisitoribus
2154 3073 2216 3112 ipsis
2231 3096 2240 3111 ‚
2262 3075 2292 3104 in
2306 3074 2347 3103 se-

1285 3111 1426 3147 paratione
1439 3109 1578 3139 diistorum
1587 3109 1820 3148 Templariorum
1828 3132 1838 3148 ,
1854 3109 2028 3152 abinvicem
2041 3111 2184 3150 facienda,
2201 3112 2234 3143 ὅ(
2248 3113 2277 3141 in
2289 3112 2348 3142 aliis

1284 3149 1424 3186 similiter,
1441 3157 1503 3186 quae
1517 3147 1602 3177 iidem
1616 3147 1726 3178 Praelati
1741 3148 1774 3178 &
1796 3147 1988 3186 inquisitores,
2007 3149 2035 3178 in
2050 3148 2102 3179 hac
2122 3159 2199 3187 parte
2212 3173 2222 3188 ,
2246 3149 2345 3180 secun-

1283 3186 1352 3217 dum
1366 3188 1456 3225 legem
1472 3186 1651 3226 praedidtarn,
1669 3185 1795 3216 facienda
1810 3187 1946 3225 viderint,
1965 3188 2127 3219 intendant:

1321 3225 1365 3256 Ac
1379 3225 1601 3264 assignaverimus
1614 3224 1748 3254 dilerstum
1763 3225 1795 3255 &
1816 3225 1926 3254 fidelem
1942 3225 2086 3264 nostrum,
2104 3226 2291 3256 Willielmum
2307 3225 2345 3256 de

1282 3263 1395 3302 Diene,
1412 3265 1443 3293 ad
1459 3263 1593 3300 praemiffa
1607 3262 1822 3303 supervidenda,
1840 3263 1874 3293 ὃ(
1886 3264 1963 3302 quod
1979 3265 2012 3294 ad
2025 3274 2056 3294 ea
2069 3265 2194 3294 facienda
2209 3264 2242 3294 &
2257 3273 2341 3295 com-

1281 3302 1381 3341 plenda
1395 3302 1539 3341 diligenter
1550 3300 1651 3331 assistat
1663 3300 1788 3332 Praelatis
1799 3302 1832 3332 ὃς
1847 3301 2057 3346 inquisitoribus
2068 3303 2226 3332 antediffis:

1339 1241 1465 1281 Dward,
1483 1253 1531 1283 par
1544 1244 1567 1274 la
1589 1245 1685 1281 Gracc
1702 1247 1738 1277 de
1758 1233 1835 1278 Dieu
1849 1270 1859 1286 ,
1882 1247 1942 1277 Roi
1962 1246 2152 1287 d'Engleterre
2164 1271 2174 1286 ‚
2198 1247 2333 1288 Seigneur
2345 1241 2420 1273 Alm-
2435 1241 2479 1274 Do

2367 1289 2452 1321 1310.

2346 1324 2397 1347 An.
2416 1328 2443 1359 3.

2351 1363 2379 1387 Ε.
2401 1366 2430 1385 2.

2348 1401 2413 1424 Scor.
2430 1399 2457 1434 3)

2352 1439 2379 1462 Ε.
2399 1444 2427 1462 2.

2351 1483 2388 1500 m.
2406 1482 2433 1508 3.

2352 2025 2367 2040 ¹*
2392 2025 2448 2052 111.

2352 2073 2417 2092 202.

2357 2676 2432 2708 Ann.
2450 2676 2492 2709 D.

2377 2725 2467 2757 ¹310·

2353 2759 2405 2783 An.
2422 2765 2448 2793 3.

2354 2798 2383 2821 E.
2405 2803 2433 2822 2.

2356 2832 2446 2869 Claus.
2466 2838 2493 2868 3.

2361 2875 2389 2898 Ε.
2410 2881 2436 2898 2.

2359 2919 2395 2939 m.
2414 2917 2456 2937 1¹,

1321 3340 1410 3371 Vobis
1425 3339 1602 3378 mandamus,
1621 3339 1689 3369 sicut
1703 3340 1766 3369 alias
1784 3339 1994 3377 mandavimus,
2011 3340 2089 3380 quod
2110 3340 2230 3371 Praelatis
2243 3341 2276 3371 &
2291 3340 2343 3371 In-
2366 3343 2370 3347 ⁴

1281 3380 1454 3419 quisitoribus
1470 3378 1531 3416 ipsis
1542 3401 1551 3416 ,
1575 3379 1604 3407 in
1624 3377 1790 3416 separatione
1811 3379 2040 3415 Templariorum
2058 3378 2259 3415 praedici-orum
2271 3404 2280 3418 ,
2306 3388 2339 3410 ut

1281 3419 1475 3458 praemittitur,
1492 3415 1634 3454 facienda,
1653 3426 1684 3446 ac
1698 3417 1782 3447 etiam
1797 3417 1825 3446 in
1839 3417 1911 3454 aliis,
1929 3426 1992 3454 quae
2006 3416 2091 3446 iidern
2100 3416 2227 3456 Praelati,
2245 3420 2279 3450 &
2292 3417 2342 3448 In-

1282 3457 1425 3494 quisitores
1440 3457 1467 3484 in
1484 3455 1599 3494 negotio
1618 3454 1757 3494 praedieto
1769 3478 1777 3492 ,
1803 3454 1955 3484 secundum
1976 3454 2066 3493 legem
2083 3455 2248 3495 praediEtam
2263 3480 2275 3496 ‚
2298 3457 2340 3487 fa-

1281 3495 1381 3525 cienda
1395 3493 1531 3531 viderint,
1550 3493 1711 3531 intendatis,
1726 3493 1771 3523 vel
1785 3492 1891 3522 causam
1912 3493 1995 3522 nobis
2007 3515 2018 3530 ‚
2041 3493 2097 3523 fine
2112 3493 2244 3525 dilatione
2258 3496 2341 3535 signi-

1280 3534 1368 3564 ficetis
1381 3542 1462 3573 quare
1477 3531 1611 3562 mandato
1622 3530 1738 3569 nostre,
1754 3531 1816 3560 alifis
1832 3531 1912 3561 vobis
1927 3531 1992 3561 inde
2003 3531 2112 3561 directo
2123 3553 2134 3571 ,
2155 3533 2275 3565 minime
2290 3543 2340 3572 pa-

1280 3572 1386 3610 ruistis3
1407 3570 1575 3600 remittentes
1588 3570 1669 3599 nobis
1683 3569 1740 3599 hoc
1756 3569 1850 3599 breve.

1316 3626 1405 3659 Teste
1417 3625 1499 3664 Rege
1511 3623 1585 3662 apud
1598 3623 1901 3663 Westmonasterium,
1920 3624 2016 3662 primo
2030 3623 2076 3654 die
2092 3623 2200 3656 Martii.

1593 3750 1643 3782 De
1660 3751 1851 3794 Separatioue
1862 3746 2014 3794 praedifz‘a.

1347 3833 1409 3866 EX
1425 3833 1601 3865 Vicecomiti
1615 3832 1736 3864 Eboraci
1748 3833 1872 3863 salutem.

1270 3911 1322 3951 sp
1379 3873 1458 3904 Cum
1477 3871 1695 3903 concefferimus
1716 3869 1841 3907 Praelatis
1861 3871 1896 3903 δε
1913 3869 2145 3911 Inquisitoribus,
2172 3867 2233 3906 &a
2249 3878 2333 3911 prout
2352 3845 2463 3939 ἐξὲξ..

1289 3923 1306 3941 Β
1323 3923 1363 3942 ra.
2374 3932 2380 3938 -
2415 3934 2421 3939 .

1316 3988 1406 4020 Teste
1418 3987 1500 4027 Rege
1513 3987 1585 4026 apud
1596 3985 1903 4024 westmonasterium,
1916 3985 2000 4017 tertio
2013 3983 2058 4016 die
2072 3984 2178 4020 Martii.
2349 3948 2435 4015 {fug
2458 3953 2493 3988 34

1314 4026 1428 4059 Eodem
1440 4025 1531 4057 modo
1544 4024 1708 4060 mandatum
1720 4023 1762 4065 est
1777 4024 1949 4102 vjife‘gmffi
1958 4024 2130 4058 mucelam·
2295 4064 2341 4093 m
2353 4034 2389 4054 m·
2407 4034 2437 4061 90,

2351 3795 2489 3830 Ami).
