2570 4261
2194 212 2269 254 193

2278 283 2354 315 Ann.
2370 282 2412 317 Da

2300 331 2311 351 1
2317 331 2350 362 25
2355 328 2371 361 ς
2376 342 2382 353 ’.

1239 364 1289 402 De
1305 366 1424 415 Judais
1440 371 1549 402 Comiti
1566 369 1713 403 Cornubiae
1726 370 1891 418 affignaris,
1911 382 1966 418 pro
1984 372 2132 406 Solutione
2142 380 2232 420 [ema
2277 365 2341 389 Heu.
2359 373 2386 399 3·

1553 421 1603 450 m'ae
1611 417 1672 461 fibi
1688 430 1708 451 a
1726 422 1802 466 Rege
1818 418 1925 453 debitit-

1208 499 1260 556 R
1271 500 1338 533 EX
1352 503 1501 547 omnibus,
1522 503 1582 534 &c.
1768 541 1772 546 ¹
1877 541 1883 546 Α
2267 505 2331 537 ΔΑνι.
2349 519 2394 546 39¹
2410 520 2424 525 .‚

1312 540 1469 584 ’Noveritis
1484 551 1535 572 nos
1556 537 1659 572 mutub
1678 539 1814 584 accepisse
1832 541 1846 570 a
1857 540 1960 572 dileeio
1974 543 2055 574 fratre
2073 543 2106 574 &
2119 543 2194 574 fideli
2211 553 2264 574 n0÷
2280 552 2315 575 H.
2338 558 2362 584 3·-

1207 576 1265 608 stro
1278 578 1406 610 Ricardo
1414 603 1424 618 ,
1442 579 1561 610 Comite
1574 578 1744 617 Cornubiae,
1761 589 1884 617 quinque
1896 581 1981 611 millia
1994 581 2177 621 Marcarum,
2195 582 2336 623 stempas.
2348 596 2393 622 39.

1206 617 1348 656 lingornm
1362 628 1504 651 novorum
1518 619 1550 649 ὃς
1564 618 1756 657 integrorum,-

689 196 800 238 ET
881 197 1149 238 ACTA
1231 172 1706 242 ΡυΒιιοΑζ

0 286 40 314 m·
54 277 94 312 D·
110 293 179 317 nem
197 284 230 317 &
249 285 378 325 mandata
392 282 524 316 Ecclefiae
537 282 626 314 redire
642 283 809 323 contigerit,
826 282 856 313 in
868 282 948 322 plena
962 282 1116 315 concordia
1134 282 1168 313 ὃς
1190 324 1195 326 .
1231 305 1234 308 ,
1276 304 1278 306 -

4 327 68 361 255·
109 335 180 363 pace
194 323 376 367 ponemus&
387 323 535 359 faciemus,
548 360 554 366 ι

0 370 29 390 .,..
49 367 75 396 ³·
111 357 1168 442 defflsssuffiissztss⁰3aatfgi3⁵abpziiffifffitffeglssmgssffisecuti&

111 437 383 470 haeredibus'vestris
406 437 614 474 remanebunt,
637 436 671 466 &
694 445 746 466 vos
758 435 940 467 defendemus
960 447 989 466 in
1012 437 1065 475 eis,
1084 435 1116 466 &
1132 434 1167 465 ad

111 477 169 508 hoc
184 482 234 507 no's
249 477 282 507 &
295 475 414 506 eandem
427 473 582 506 Ecclesiam
596 473 753 514 obligamus
773 473 810 505 de
831 474 953 512 ipsorum
967 475 1085 506 fratrum
1096 483 1169 504 con-

109 516 169 547 silio
183 516 216 545 &
230 514 342 552 assensu.

148 552 233 594 Nulli
245 558 313 591 ergo
322 575 332 590 ,
350 551 410 583 &c.

0 1092 40 1115 an.
57 1081 99 1114 D.

0 1131 72 1162 1255.

0 1171 16 1189 ι.
32 1170 77 1197 39.

0 1278 62 1311 anst.

0 1313 61 1341 illac.

0 2328 14 2356 1.
27 2336 94 2365 543-

0 2527 40 2548 in.
56 2516 95 2547 D.

3 2564 67 2594 255.

0 2606 14 2624 ι.
33 2605 77 2631 39.

0 2710 62 2744 anst.

1 2748 44 2777 tlat
49 2758 72 2776 0.

148 628 219 667 Dat.
231 628 374 668 Neapoli,
395 637 428 667 15
444 627 509 658 Kal.
522 626 629 667 Martii.
694 664 697 666 v

146 664 544 706 Indist.·13÷‘·1ncarnationis
561 665 728 696 Dominicae
746 674 822 696 anno
845 665 991 696 millefimo
1015 664 1168 696 ducentesi-

113 715 165 736 mo
181 705 412 749 quinquagesimo
432 713 552 744 quarto,
571 702 756 734 Pontificatsis
779 713 849 735 vero
875 703 999 735 Domini
1018 703 1167 734 Alexandri

114 743 200 783 Papae
215 742 323 783 Quarti'
332 749 409 774 anno
423 744 526 784 primo.

497 817 623 848 Plumbeo
637 817 727 857 Sigillo
734 820 867 858 pendente
881 830 900 848 a
903 818 956 859 filo
969 818 1092 849 canabe&

113 942 203 974 Bulla
226 939 401 989 obligatoria
427 941 464 975 de
477 942 650 989 protegendo
675 941 871 976 Marchiones
881 941 1044 990 fipediffos
1069 949 1170 973 contra

241 1029 243 1032 ι
414 991 486 1036 jam
506 990 854 1038 diflumffManfredum.
974 987 975 991 ¹

114 1075 261 1137 HOC
285 1075 565 1113 estTranscriptutn
579 1076 719 1114 cujusdam,
742 1076 876 1116 privilegii
894 1075 1058 1114 Apostolici
1072 1097 1082 1112 ,
1105 1082 1173 1118 cum

206 1115 449 1154 subscriptionibus
464 1114 550 1152 Papae
562 1115 595 1146 ὅτ.
611 1114 802 1146 Cardinalium
815 1138 824 1152 ,
841 1113 966 1145 concessi
978 1113 1119 1143 nobilibus
1131 1122 1174 1143 νι-

116 1155 150 1185 ris
165 1152 362 1222 {ertold0,h&
374 1152 514 1191 Oddoni,
530 1163 563 1184 ac
578 1153 721 1194 Lodoyco
734 1177 745 1192 ,
763 1153 888 1184 fratribus
903 1151 1119 1185 Marchionibus
1137 1150 1174 1180 de

279 1202 288 1221 r
332 1215 338 1220 .
355 1217 357 1220 .

117 1193 312 1265 Hzlirssnigecr
325 1229 495 1269 EpiscopuS,
511 1230 602 1260 servus
620 1219 761 1259 servorum
776 1229 835 1263 Dei
849 1252 858 1267 ,
875 1227 982 1259 dilectis
994 1220 1057 1257 liliis
1069 1226 1173 1271 nobili-

115 1271 166 1300 bus
179 1270 242 1299 viris
251 1268 383 1303 Bertoldo
392 1291 401 1306 ‚
421 1271 454 1300 δε
467 1267 606 1305 oddoni,
616 1276 655 1296 ‘ac
670 1267 829 1305 Lodoyco,
847 1267 973 1297 fratribus
992 1265 1172 1296 Marchioni-

115 1309 166 1338 bus
180 1307 216 1337 de
229 1306 456 1344 Hohemburch,
471 1305 595 1335 fidelibus
608 1304 723 1344 nostris,
742 1305 856 1335 salutem
871 1305 904 1335 &
919 1303 1114 1342 Apostolicam
1122 1304 1171 1334 be-

112 1346 316 1377 neditstionem.

151 1385 229 1423 Quia
248 1382 431 1421 Manfredus,
448 1380 582 1421 Princeps
603 1380 790 1419 Tarentinus,
809 1380 958 1419 postquam
974 1391 992 1412 a
1008 1380 1104 1411 Tiano
1118 1381 1171 1412 illi-

112 1425 252 1454 cenciatus
270 1421 410 1458 receffit,
423 1427 536 1458 propter
558 1427 680 1454 mortem
695 1420 838 1459 quondam
856 1420 955 1451 Burelli
969 1420 1004 1450 de
1017 1420 1171 1458 Anglone,

111 1462 145 1492 &
164 1461 286 1498 spiritum
305 1458 460 1490 rebellionis
478 1458 746 1496 affumpsit,vobis‚
765 1459 795 1488 in
816 1453 1117 1490 devotione-fidelitatis
1136 1460 1169 1488 ὃς

110 1500 219 1531 servitio
238 1498 362 1529 Roman.
378 1496 516 1528 Ecclesiae
537 1496 755 1537 persistentibus,
774 1497 861 1527 multa
883 1497 986 1528 damna
1004 1497 1114 1534 intulit,
1135 1497 1168 1527 &

111 1538 208 1573 inferri
225 1536 292 1571 fecit
312 1545 361 1574 per
376 1536 424 1573 -se,
438 1545 470 1565 ac
485 1535 564 1573 alios,
584 1536 618 1566 ὅτ.
637 1535 728 1566 adhuc
743 1535 845 1566 inferre
858 1536 968 1574 nititur,
988 1543 1073 1573 prout
1084 1535 1169 1565 nobis

111 1577 146 1607 ὅ(
157 1575 283 1608 fratribus
294 1570 397 1608 nostris
408 1573 490 1613 plene
505 1573 624 1604 constat.
1092 1599 1093 1603 ,

149 1614 190 1646 Et
207 1624 256 1644 vos
269 1637 279 1652 ‚
299 1613 378 1651 super
399 1611 539 1652 praedictis
557 1612 793 1652 dampnisiillatis,
811 1612 855 1643 vel
866 1611 981 1650 adhuc„
992 1612 1070 1651 quod
1086 1611 1169 1651 abiit,

112 1652 258 1693 inferendis
279 1651 372 1692 nostrae
389 1649 570 1690 misericordiae
590 1660 624 1681 ac
643 1650 829 1690 providentiae
846 1651 966 1681 totaliter
979 1651 1169 1690 commisistis,

112 1702 164 1721 nos
184 1691 332 1722 devotioni
350 1689 448 1719 vestrae
462 1711 472 1726 ,
495 1688 531 1718 de
548 1689 664 1719 fratrum
686 1687 848 1719 nostrorum
869 1689 985 1719 consilio
999 1690 1032 1720 ὃς
1047 1689 1169 1728 assensu,

104 1728 278 1768 praeſsntium
297 1736 397 1761 tenore
414 1727 603 1766 promittimus
623 1727 701 1766 quod
722 1737 771 1767 per
788 1727 909 1758 eundem
930 1727 1096 1767 Principem
1111 1729 1167 1766 ,zfi

109 1777 177 1798 eum
191 1767 225 1797 ad
238 1766 398 1797 fidelitatem
411 1766 444 1796 &
456 1764 585 1796 mandata
599 1764 734 1796 Ecclesia:
748 1764 836 1796 redire
859 1766 1025 1805 contigerit,
1045 1766 1091 1796 vel
1104 1767 1168 1797 alias

108 1807 195 1836 etiam
208 1806 246 1839 sic
267 1805 349 1837 vobis
366 1804 516 1838 satisfacere
537 1804 698 1834 curabimus
712 1804 748 1834 cle
761 1804 887 1845 dampnis
902 1804 993 1842 illatis,
1010 1804 1073 1844 vel,
1092 1804 1169 1843 quod

110 1844 197 1883 absit,
215 1843 307 1874 adhuc
319 1842 483 1880 inferendis,
519 1843 577 1873 uod
593 1843 698 1873 merito
714 1844 837 1882 poteritis
853 1842 907 1872 effe
923 1844 1067 1881 contenti,
1085 1844 1118 1873 &
1132 1843 1166 1874 ad

111 1882 169 1912 hoc
190 1888 241 1912 nos
261 1883 295 1913 &
315 1882 478 1912 Romanam
525 1881 652 1912 cclefiam
666 1904 677 1920 ,
693 1881 730 1911 de
742 1881 860 1912 fratrum
874 1880 1037 1912 nostrorum
1051 1882 1168 1913 consilio

115 1921 150 1952 δε
165 1920 286 1960 assensu,
305 1921 471 1961 obligamus.

150 1958 234 1990 Nulli
247 1969 334 1999 ergo,
350 1959 412 1991 &c.

147 2035 215 2066 Dat.
230 2035 370 2075 Neapoli,
392 2044 424 2074 15
441 2035 506 2075 Kal.
523 2034 639 2073 Martii,
659 2033 762 2065 Indice.
780 2044 824 2075 13.
849 2034 986 2066 Incarnat.
1002 2034 1170 2075 Dominicae

111 2083 188 2118 anno
206 2082 289 2113 1254.
306 2070 489 2106 Pontificatfis
502 2082 570 2106 vero
581 2073 703 2112 dompni
717 2072 866 2104 Alexandri
880 2072 965 2117 Papae
974 2072 1081 2112 Quarti
1095 2081 1172 2122 anno

111 2120 213 2149 primo.
313 2132 315 2134 -
568 2132 570 2135 -
915 2132 917 2135 .
994 2127 996 2130 ·
1131 2126 1133 2128 v
1159 2124 1166 2129 ·

473 2188 598 2219 plumbeo
614 2187 688 2226 Sigil.
699 2189 812 2228 penden.
827 2199 846 2218 a
852 2187 905 2231 filo
918 2173 1042 2219 canebas.
1108 2193 1113 2202 ¹
1133 2195 1135 2198 '

112 2310 134 2330 ³⁶
160 2311 250 2343 Bulla
259 2319 315 2357 pro
334 2309 468 2344 Bertoldo
485 2309 608 2343 Oddone
626 2313 662 2349 &⁹
687 2309 815 2360 Lodoyco
831 2288 1172 2355 Fratribus'jldarchio-

156 2357 242 2392 nibus
260 2382 269 2397 ‚
296 2359 394 2406 qnod,
407 2359 441 2402 st
451 2359 582 2405 aliquem
603 2371 705 2392 eorum
721 2358 858 2392 decedere
877 2361 1051 2406 contigerit,
1075 2361 1101 2392 ei
1114 2360 1172 2404 sit-

149 2406 255 2453 peistes
268 2404 424 2455 succedat.

114 2491 259 2552 HOC
279 2492 320 2522 est
343 2491 534 2530 transcriptum
556 2491 700 2530 cujusdam
723 2491 867 2532 Privilegii
886 2491 1043 2532 Apostoliei
1059 2515 1069 2530 ‚
1102 2502 1172 2523 cum

204 2530 447 2571 subscriptionibus
458 2530 542 2569 Papae
555 2531 589 2560 &
607 2530 815 2568 Cardinalium,
829 2530 955 2561 conceffi
972 2531 1114 2561 nobilibus
1129 2533 1173 2561 vi-

114 2570 149 2638 iii}
165 2568 319 2638 ξεῑῖξίἀοιῖ
337 2568 457 2599 Oddoni
471 2592 481 2607 ,
499 2570 532 2599 ὃς
553 2568 694 2610 Lodoyco
708 2591 719 2607 ,
737 2569 876 2600 Fratribus
897 2569 1116 2600 Marchionibus
1136 2570 1172 2600 de

149 2618 168 2638 o
189 2617 222 2637 en
246 2617 295 2637 ure
317 2631 324 2637 .

153 2645 308 2676 Alexander
327 2644 501 2684 Episcopus,
518 2644 609 2676 servus
622 2645 766 2676 servorum
778 2644 854 2683 Dei,
869 2645 978 2676 dilectis
993 2645 1082 2683 Filiis,
1102 2646 1174 2676 No-

116 2685 216 2715 bilibus
236 2685 321 2721 viris,
339 2683 371 2714 B.
393 2684 528 2721 Oddoni,
547 2685 581 2714 &
596 2684 738 2722 Lodoyco
751 2684 897 2714 Fratribus
909 2683 1126 2715 Marchionibus
1138 2685 1173 2715 de

116 2723 326 2763 Hohemburch
341 2746 351 2761 ,
370 2722 495 2753 fidelibus
513 2722 614 2752 nostris
627 2745 637 2761 ,
656 2723 768 2754 salutem
788 2723 821 2754 &
842 2722 1039 2763 Apostolicam
1053 2723 1175 2754 benedi·

113 2764 249 2796 ctionem.
339 2771 342 2775 ’
1038 2785 1041 2789 ,

149 2801 260 2831 Eximia
280 2800 438 2831 devotionis
460 2799 493 2830 ὃς
511 2798 678 2830 constantiae
701 2798 800 2830 vestrae
824 2800 923 2830 merita
938 2800 976 2830 fic
990 2801 1173 2838 praeeminent

110 2839 145 2870 δε
183 2837 328 2877 raefulgent
348 2838 444 2877 quod,
462 2838 531 2868 dum
546 2839 760 2876 praecellentiam
775 2838 977 2869 &claritatem
991 2839 1116 2877 ipsorum
1131 2849 1172 2870 at-

110 2886 158 2908 ten
179 2879 269 2915 imus,
289 2885 347 2907 tota
363 2877 412 2907 ¹illa
426 2877 509 2915 digna
521 2878 611 2917 gratiis
625 2878 657 2909 &
672 2876 816 2907 beneficiis
830 2877 1012 2915 arbitramur,
1031 2878 1108 2917 quod
1121 2879 1170 2909 vix

110 2916 208 2954 aliquis
229 2915 311 2946 nobis
324 2913 425 2945 modus
435 2915 624 2946 retributionis
639 2917 782 2954 occurrit,
820 2926 849 2946 er
863 2925 948 2955 quem
964 2926 1065 2947 eorum
1079 2917 1171 2948 altitu-

1246 654 1292 686 Ad
1306 666 1428 696 quorum
1444 656 1610 686 solutionem
1629 655 1823 696 affignavimus
1844 656 1877 687 &
1891 647 2052 695 tradidimus
2065 659 2090 688 ei
2103 668 2201 689 omnes
2210 657 2270 696 ju*t

1209 693 1284 724 daeos
1300 694 1411 724 nostros
1427 695 1551 734 Angli-„ez
1706 694 1707 697 ’
1881 722 1883 724 .

1243 731 1447 770 Affignavimus
1462 735 1546 763 etiam
1562 733 1594 763 ὃς
1606 733 1789 771 obligavimus
1801 732 1913 763 eosdem
1924 733 2039 771 Judaeos
2053 734 2189 771 praedicro
2203 734 2266 765 Co-

1171 802 1173 804 ,
1210 771 1272 800 miti
1287 772 1319 800 ad
1341 771 1516 801 Solutionem
1533 772 1618 801 trium
1633 771 1753 801 millium
1771 770 1950 809 Marcarum,
1969 773 1998 802 in
2011 772 2111 811 quibus
2126 773 2205 803 nobis
2225 782 2265 803 te-

1208 809 1344 839 nebantur
1359 809 1394 838 de
1407 809 1534 849 tallagio,
1551 810 1642 840 eidem
1657 809 1771 839 Comiti
1785 810 1915 840 faciendo
1929 811 1957 840 in
1977 811 2052 843 hunc
2066 812 2204 849 modum,
2222 813 2266 841 vi-

1208 847 1326 884 delicet,
1345 847 1420 884 quod
1436 847 1662 886 praedietijudaei
1677 847 1782 878 solvant
1798 848 1846 878 sibi
1860 871 1869 886 ,
1887 849 2084 879 executoribus
2098 872 2107 886 ,
2125 849 2169 879 vel
2183 849 2263 888 affig-

1210 886 1279 914 natis
1293 885 1358 923 suis,
1375 886 1449 924 apud
1464 886 1660 925 Walingford,
1676 887 1720 916 vel
1735 887 1807 925 apud
1820 886 1946 916 Novum
1962 887 2119 926 Templum
2134 887 2267 917 London.

1210 922 1365 952 alternatim
1379 932 1431 962 pro
1444 925 1575 961 captione
1590 925 1651 962 sua,
1670 925 1714 954 vel
1727 924 1920 954 Executorum
1934 925 2046 955 suorum
2058 948 2066 963 ,

1247 960 1281 990 In
1294 961 1432 998 quindena
1446 961 1556 991 Sandtae
1570 962 1730 1000 Trinitatis,
1749 972 1824 992 anno
1836 966 1921 1000 Regni
1933 962 2015 1003 nostri
2030 973 2066 1003 39
2078 963 2155 993 mille
2167 963 2247 993 libras
2262 984 2272 1000 ,

1212 998 1298 1030 altero
1312 998 1441 1029 locorum
1456 1000 1676 1038 praedictorum,

1219 1057 1221 1059 -
1250 1035 1288 1067 Et
1308 1037 1338 1066 in
1358 1036 1498 1075 quindena
1518 1036 1719 1067 Purificationis
1739 1037 1828 1067 beatae
1848 1036 1969 1076 Mariae,
1987 1041 2117 1077 proximo
2131 1039 2267 1078 sequentis

1212 1085 1304 1112 anno,
1322 1075 1382 1105 &c.
1397 1085 1445 1113 40.
1461 1076 1536 1105 mille
1550 1075 1646 1113 libras,
1663 1076 1749 1105 altero
1763 1076 1891 1105 locorum
1904 1078 2121 1116 prtedictorum,

1249 1113 1287 1143 Et
1300 1114 1334 1144 in
1346 1112 1417 1143 festo
1433 1113 1529 1144 Sanffl
1546 1112 1665 1144 Martini
1678 1114 1755 1144 atino
1767 1122 1814 1149 41.
1833 1113 1893 1144 duo
1906 1114 1989 1144 millia
2005 1115 2167 1146 Marcarum
2182 1116 2269 1147 altero

1212 1152 1345 1182 locorum
1359 1151 1571 1191 praedictorum.
1696 1164 1699 1170 ·

1250 1190 1290 1220 Ita
1301 1198 1396 1220 tamen
1409 1190 1487 1230 quod
1506 1189 1637 1230 praediua
1656 1190 1706 1220 tria
1721 1189 1805 1219 millia
1820 1188 1982 1223 Marcarum
1996 1190 2095 1221 cedant
2114 1192 2142 1220 in
2160 1201 2267 1229 partem

1210 1228 1354 1260 solutionis
1367 1229 1496 1269 pecuniae
1509 1251 1519 1266 ,
1538 1230 1566 1259 in
1579 1238 1633 1267 qua
1646 1229 1696 1258 sibi
1708 1236 1838 1258 tenemur
1852 1237 1903 1268 pro
1913 1228 2051 1266 jocalibus
2069 1229 2169 1259 nostris
2178 1252 2187 1268 ,
2205 1232 2268 1261 alias

1210 1268 1259 1297 fibi
1282 1267 1463 1306 inpignoratis
1484 1276 1535 1304 pro
1554 1266 1573 1286 ²*
1596 1268 1718 1306 quinque
1736 1266 1855 1296 millibus
1877 1265 2056 1305 Marcarum,
2074 1266 2215 1306 volentes,
2233 1269 2267 1299 &

1211 1316 1264 1343 pro
1277 1306 1374 1343 nobis,
1393 1306 1425 1335 &
1444 1305 1599 1336 haeredibus
1615 1304 1843 1343 nostrisfirmiter
1858 1305 2046 1335 concedentes
2059 1304 2154 1343 quod,
2172 1306 2272 1337 fidicu-

1207 1345 1300 1381 Judaei
1321 1345 1351 1374 in
1373 1344 1512 1374 solutione
1526 1343 1668 1381 praedistae
1683 1344 1811 1381 pecuniae
1827 1366 1837 1381 ,
1854 1343 1947 1383 aliquo
1959 1352 1961 1355 ’
1971 1345 2157 1374 terminorum
2170 1344 2272 1382 praedi-

1210 1383 1322 1413 ‹Etorum
1337 1406 1346 1420 ,
1363 1382 1538 1421 defecerint,
1556 1382 1662 1412 solvant
1684 1381 1821 1422 praediclo
1842 1380 1952 1411 Comiti
1966 1404 1975 1420 ,
2001 1381 2046 1412 vel
2066 1383 2117 1412 suis
2135 1383 2273 1421 assignatis

1212 1422 1373 1466 quingentas
1392 1420 1504 1452 Marcas
1525 1431 1577 1459 pro
1592 1420 1800 1460 transgressione
1813 1419 1958 1458 cujussibet
1972 1421 2085 1451 termini
2099 1430 2159 1451 non
2174 1422 2270 1453 obser-

1211 1468 1274 1491 vati.
1303 1478 1305 1481 .
1364 1466 1366 1471 ’

1247 1498 1293 1529 Ad
1312 1498 1389 1538 quod
1411 1497 1529 1529 fideliter
1544 1497 1748 1528 observandum
1763 1497 1860 1527 damus
1871 1519 1881 1535 ,
1898 1506 1931 1527 ac
1952 1505 2004 1534 pro
2018 1497 2116 1536 nobis,
2134 1498 2166 1528 ὃς
2181 1496 2270 1528 haere—

1209 1537 1290 1568 dibus
1310 1537 1412 1568 nostris
1432 1536 1616 1568 concedimus
1628 1536 1708 1567 dicto
1723 1535 1852 1573 Comiti,
1869 1535 2078 1574 executoribus,
2097 1536 2143 1566 vel
2154 1536 2269 1575 assigna-

1210 1577 1244 1606 tis
1265 1576 1316 1606 suis
1331 1599 1340 1614 ,
1358 1576 1470 1615 plenam
1487 1575 1650 1613 potestatem
1671 1574 1854 1614 distringendi
1868 1573 2015 1613 praedictos
2025 1573 2139 1612 Judaeos
2153 1585 2202 1615 per
2217 1585 2274 1605 eo-·

1211 1624 1273 1651 rum
1287 1615 1401 1654 catalla,
1418 1615 1451 1645 ὅ(
1468 1624 1603 1653 corpora,
1623 1613 1751 1651 ponenda
1771 1623 1829 1651 quo
1845 1612 1963 1643 voluerit
1984 1611 2019 1642 de
2034 1614 2156 1643 termino
2172 1614 2200 1642 in
2215 1621 2269 1644 ter-

1209 1655 1321 1721 minuiln
1336 1676 1345 1690 ,
1369 1647 1390 1683 1³1
1410 1653 1439 1682 in
1459 1652 1552 1692 aliquo
1571 1651 1747 1691 defecerint,
1772 1652 1864 1682 donec
1883 1650 2016 1691 praedic’ta
2037 1652 2134 1682 omnia
2149 1652 2271 1691 plenarie

1210 1701 1278 1722 com
1311 1699 1414 1722 eantur.
2112 1711 2114 1714 ψ
2238 1710 2241 1713 v
2270 1708 2273 1711 -

1246 1701 1441 1760 ancedimus
1462 1731 1544 1760 etiam
1561 1752 1571 1768 ,
1584 1737 1638 1773 pro
1658 1729 1742 1758 nobis
1754 1751 1763 1766 ,
1782 1728 1815 1758 ὃς
1835 1727 1992 1758 haeredibus
2005 1728 2106 1758 nostris
2118 1729 2194 1767 quod
2208 1737 2268 1760 non

1209 1768 1417 1806 concedemus,
1434 1778 1488 1798 nec
1502 1776 1693 1806 permittemus
1704 1767 1823 1805 aliquam
1836 1775 1975 1797 eittentam
1989 1766 2047 1796 fieri
2062 1766 2096 1796 de
2110 1767 2268 1807 debitisJu-

1209 1807 1336 1838 daeorum
1352 1830 1362 1845 ,
1383 1807 1479 1837 medio
1493 1815 1648 1844 tempore,
1668 1815 1721 1836 nec
1742 1805 1835 1836 debita
1848 1814 1950 1835 eorum
1963 1805 2046 1836 alicui
2059 1805 2202 1844 dabimus,
2221 1805 2267 1836 vel

1209 1846 1443 1890 pardonabimus,
1461 1855 1514 1875 nec
1532 1843 1805 1885 praedfflosjudieos
1816 1844 1983 1880 tallabimus,
2001 1853 2054 1873 nec
2068 1844 2169 1883 aliquid
2184 1846 2219 1875 ab
2228 1846 2266 1875 eis

1209 1885 1322 1914 interim
1344 1885 1504 1921 exigemus,
1523 1884 1572 1913 nisi
1585 1883 1681 1922 placita
1696 1882 1826 1912 consueta
1840 1905 1848 1920 ,
1867 1883 1901 1912 ὃ(
1913 1882 2013 1913 relevia
2022 1881 2207 1920 Judaeorum,
2227 1885 2267 1914 se<

1210 1923 1341 1960 cundum
1354 1922 1585 1956 consuetudinem
1594 1920 1737 1959 ,Iudaismi

1249 1959 1389 1992 Volumus
1401 1961 1486 1990 etiam
1500 1961 1533 1991 &
1546 1959 1741 1997 concedimus,
1758 1968 1810 1998 pro
1824 1959 1904 1989 nobis
1912 1981 1922 1997 ,
1937 1958 1970 1989 &
1983 1958 2138 1990 haeredibus
2156 1959 2269 1998 nostris,

1210 1999 1394 2039 c'luod'difflis
1411 1998 1519 2029 Comes
1531 2021 1540 2037 ,
1559 1998 1744 2035 Executores‚
1760 1998 1804 2027 vel
1822 1996 1956 2036 Affignati
1970 1996 2008 2028 sui
2021 2020 2030 2035 ,
2048 1998 2084 2028 de
2100 1999 2220 2029 termino
2238 2000 2266 2029 in

1211 2039 1381 2076 terminum,
1399 2038 1548 2077 pecuniam
1573 2037 1697 2067 termino
1720 2037 1878 2073 deputatam
1904 2045 1954 2073 per
1978 2036 2006 2066 se
2020 2059 2029 2074 ,
2047 2037 2092 2066 vel
2119 2036 2180 2067 suos
2194 2060 2203 2074 ‚
2222 2036 2268 2068 vel

1212 2077 1279 2108 alios
1290 2100 1302 2114 ,
1319 2086 1388 2116 quos
1406 2075 1442 2106 ad
1460 2076 1518 2106 hoc
1538 2074 1671 2115 assignare
1689 2074 1827 2106 voluerint
1839 2097 1851 2114 ,
1865 2073 1968 2113 poffint
1988 2074 2100 2106 allidere
2115 2098 2124 2114 ,
2144 2075 2213 2106 licut
2232 2077 2269 2106 eis
2314 2110 2317 2111 ⁷

1214 2116 1312 2147 melius
1325 2115 1446 2146 viderint
1459 2114 1595 2152 expedire.

1249 2154 1304 2192 Et,
1321 2153 1354 2184 ad
1371 2153 1466 2183 omnia
1480 2152 1637 2192 praescripta
1659 2151 1776 2183 totaliter
1791 2150 1959 2188 complenda
1973 2174 1983 2189 ,
2001 2152 2034 2181 ὃς
2054 2152 2136 2182 etiam
2151 2151 2184 2182 ad
2199 2161 2271 2182 con-

1212 2191 1377 2224 veniionem
1392 2192 1543 2231 emptionis
1557 2190 1714 2230 stagtninis,
1735 2189 1813 2229 quod
1831 2190 1866 2219 ab
1881 2190 1938 2228 ipso
1950 2191 2086 2227 emimus,
2103 2189 2218 2220 fideliter
2238 2191 2271 2221 ὃς

1215 2233 1270 2263 fine
1284 2230 1412 2270 scrupulo
1427 2229 1642 2268 observandam,
1660 2229 1715 2260 una
1728 2237 1795 2260 cum
1810 2228 2002 2258 conventione
2022 2228 2056 2258 de
2068 2229 2206 2266 jocalibus
2218 2239 2272 2259 no-

1159 2275 1162 2276 ’
1215 2272 1274 2301 stris
1289 2293 1299 2309 ,
1324 2270 1372 2300 sibi
1390 2269 1571 2309 inpignoratis
1585 2291 1594 2305 ,
1611 2268 1732 2298 fecimus
1749 2269 1834 2305 jurare
1857 2267 1885 2296 in
1907 2267 2028 2297 animam
2049 2266 2174 2297 nostram
2194 2291 2202 2305 ,
2220 2275 2274 2307 pro

1215 2309 1298 2340 nobis
1313 2308 1345 2339 δε
1361 2307 1517 2338 haeredibus
1532 2306 1647 2344 nostris,
1665 2305 1783 2336 dile&os
1800 2305 1833 2336 &
1844 2304 1937 2335 fideles
1951 2304 2060 2335 nostros
2067 2305 2228 2344 johannem
2238 2306 2273 2336 de

1215 2348 1295 2385 Grey
1306 2370 1317 2386 ,
1338 2347 1371 2377 &
1383 2346 1560 2377 Bertramum
1577 2346 1612 2376 dc
1628 2344 1716 2375 Crioll
1733 2367 1743 2383 ,
1761 2344 1836 2382 quod
1850 2345 1946 2374 omnia
1963 2344 1995 2375 δε
2011 2344 2111 2383 singula
2129 2346 2275 2384 prrcdista·

1214 2395 1278 2418 rum
1296 2386 1537 2423 conventionum,
1555 2385 1610 2414 una
1623 2393 1689 2415 cum
1703 2382 1754 2413 ista
1768 2383 1887 2421 plenarie
1900 2381 2104 2421 complebimus
2118 2405 2129 2421 ,
2146 2391 2228 2421 prout
2242 2383 2272 2413 in

1214 2425 1319 2465 scriptis
1331 2424 1410 2464 super
1423 2424 1476 2454 hiis
1490 2423 1539 2453 fibi
1552 2422 1688 2453 confectis
1702 2422 1806 2459 plenius
1819 2421 1990 2451 continetur.
2262 2429 2266 2433 ⁴

1250 2463 1285 2494 In
1296 2463 1373 2503 cujus
1387 2463 1425 2506 rei
1443 2461 1637 2493 testimonium
1649 2460 1776 2500 praesenti
1792 2459 1895 2500 scripto
1909 2458 2038 2498 Sigillum
2056 2458 2186 2490 nostrum
2201 2458 2272 2490 feci-

1215 2513 1277 2533 mus
1292 2508 1405 2542 apponi.

1231 2562 1233 2564 V
1248 2561 1337 2610 Teste
1351 2561 1433 2617 Rege
1445 2575 1518 2617 apud
1532 2560 1626 2608 West.
1638 2575 1682 2614 '24
1697 2573 1742 2604 die
1757 2572 1916 2612 Februarii,
1931 2583 2007 2604 anno
2021 2573 2119 2612 Regni
2128 2573 2216 2605 nostri
2225 2583 2271 2614 39.

1249 2654 1391 2691 Volumus
1403 2653 1480 2691 quod
1494 2652 1598 2684 salvum
1615 2651 1645 2682 sit
1657 2651 1685 2681 in
1693 2650 1825 2682 omnibus
1839 2649 1959 2690 Reginae
1972 2650 2075 2681 nostrae
2083 2661 2181 2682 aurum
2190 2650 2272 2682 suum

1213 2693 1247 2724 de
1262 2692 1396 2732 praedicto
1407 2692 1568 2731 Judaismo,
1586 2691 1621 2721 &
1634 2689 1765 2727 volumus
1778 2689 1855 2728 quod
1862 2689 2120 2720 distrifflonesfiant
2133 2699 2186 2728 pro
2198 2690 2272 2730 prae‘-

1213 2728 1292 2769 'didm
1306 2741 1394 2770 auro,
1413 2731 1445 2762 &
1468 2739 1521 2768 pro
1541 2729 1677 2768 arreragiis
1695 2727 1816 2767 ejusdem
1839 2728 1897 2759 auri
1913 2751 1923 2767 ,
1940 2728 2078 2759 solvendis
2089 2728 2124 2759 ad
2135 2729 2274 2760 terminos

1213 2770 1389 2802 rationabiles
1399 2777 1482 2808 prout
1499 2767 1559 2799 fieri
1575 2768 1787 2804 consueverunt.

1249 2807 1380 2849 Apposita
1399 2814 1491 2838 autem
1509 2806 1549 2837 est
1569 2807 1632 2837 haec
1652 2805 1766 2836 clausula
1781 2804 1845 2846 post
1858 2804 1969 2844 datum,
1987 2804 2023 2835 de
2038 2805 2188 2836 communi
2201 2813 2274 2836 con-

1213 2848 1289 2879 sensu
1302 2846 1400 2878 nostro
1414 2847 1447 2878 ὃς
1462 2845 1586 2876 Comitis
1599 2843 1753 2883 supradicti.

2280 630 2313 651 H.
2336 635 2360 661 3,

2279 673 2374 698 771113*

2279 1254 2292 1271 ⁴
2310 1253 2334 1281 1·
2348 1258 2423 1291 5442-

111 2954 209 2984 dinem
222 2954 368 2992 condigno
380 2953 524 2993 possumus
536 2955 655 2991 praemio
669 2963 793 2992 compen
803 2964 859 2992 are,
972 2969 973 2972 =

150 2991 270 3030 Propter
289 2991 366 3030 quod
387 2993 482 3022 attenti
503 2992 596 3022 sedulo
609 2993 746 3024 sumus&
760 2993 873 3032 vigiles,
891 2993 925 3023 &
939 2992 1015 3023 circa
1029 2993 1087 3024 hoc
1100 2994 1170 3033 iugis
1191 3021 1195 3026 ,
1367 2984 1416 3016 De
1434 2978 1624 3028 Obligmwne
1637 2975 1866 3012 Mercatoribus
1882 2976 1918 3010 de
1936 2976 2116 3023 Lukfaffa·

111 3031 248 3065 cogitatio
263 3028 356 3059 nostra
368 3029 491 3069 >versatur
505 3039 552 3068 ut,
571 3040 623 3070 pro
638 3032 736 3062 talibus
751 3030 885 3072 tantisque
900 3032 1023 3070 meritis,
1041 3033 1170 3071 personas

111 3067 214 3099 vestras
235 3068 269 3099 &
288 3069 434 3106 oportunis
452 3067 599 3100 fulciamus
612 3071 721 3109 gratiis,
738 3070 772 3102 &
785 3071 922 3110 congruis,
930 3070 1083 3102 honoribus
1095 3072 1169 3102 exal-
1209 3067 1336 3124 REX
1353 3067 1503 3104 omnibus>
1521 3065 1581 3097 &0
2284 3059 2359 3090 Am·
2374 3058 2418 3090 D*

1320 3107 1416 3138 Sciatis
1435 3104 1512 3144 quod
1533 3113 1602 3134 curn
1613 3109 1774 3133 teneremur
1787 3099 1870 3131 Bono
1886 3099 2032 3139 Runcini‚
2051 3100 2160 3132 Galteri
2179 3101 2266 3133 Petro
2304 3105 2387 3137 1255·-

1210 3145 1400 3186 Hugolinelli,
1417 3142 1578 3174 Percevallo
1592 3141 1754 3171 Gerardoth
1789 3139 1999 3170 Aldebrandino
2013 3139 2196 3180 Malagabye,
2211 3139 2268 3170 Os-
2282 3141 2308 3164 A
2314 3148 2334 3165 7-
2354 3147 2398 3173 39⁸

1210 3186 1292 3217 berto
1315 3182 1445 3220 Galteri‚
1465 3182 1497 3212 &
1511 3181 1566 3212 aliis
1583 3179 1670 3212 Sociis
1691 3178 1740 3208 suis
1761 3190 1769 3207 l
1799 3178 1968 3209 creatoribus
1989 3178 2024 3208 de
2038 3178 2102 3208 Luk
2115 3180 2144 3208 in
2159 3179 2268 3209 duobus
2283 3178 2319 3202 H·
2344 3185 2368 3211 3-

1211 3223 1335 3255 millibus
1348 3245 1358 3261 ,
1376 3229 1491 3252 centurn
1508 3242 1517 3259 ,
1534 3219 1568 3249 &
1587 3217 1724 3247 sexdecim
1746 3215 1855 3247 Marcis
1868 3240 1877 3255 ,
1895 3217 1996 3247 decem
2010 3216 2127 3255 Solidis,
2147 3217 2180 3248 &
2197 3216 2267 3246 0610
2283 3216 2341 3240 Par.
2352 3222 2397 3249 39,

1212 3262 1341 3292 Denariis
1355 3283 1364 3299 ,
1383 3258 1552 3296 computatis
1573 3257 1605 3287 &
1626 3255 1765 3286 assumatis
1780 3264 1876 3285 coram
1892 3254 2027 3285 Concilio
2041 3255 2138 3285 nostro
2159 3263 2211 3292 pro
2229 3254 2269 3283 di-
2284 3255 2317 3278 H·
2338 3259 2363 3286 3·

1210 3301 1291 3332 versis
1310 3299 1464 3336 mercibu3‚
1484 3296 1572 3335 captis
1590 3294 1624 3325 ad
1644 3304 1664 3324 o
1686 3304 1714 3323 us
1729 3293 1876 3332 nostrum,
1895 3294 1927 3324 &
1941 3294 1974 3324 ad
1987 3303 2058 3330 opus
2072 3292 2201 3323 Edwardi
2216 3292 2267 3322 filii
2281 3298 2318 3316 m·
2339 3297 2379 3316 Η,

1210 3339 1298 3370 nostri
1314 3361 1324 3376 ,
1345 3347 1393 3377 per
1414 3345 1510 3365 manus
1531 3333 1640 3373 Rogeri
1690 3331 1779 3362 ifforis
1791 3355 1801 3370 ,
1818 3332 1851 3362 &
1864 3331 1980 3365 ,Bonatii
1997 3331 2102 3361 Lumb.
2117 3339 2265 3370 captorum

1209 3377 1385 3408 Garderobae
1409 3374 1512 3404 nostrae
1527 3395 1536 3411 ,
1558 3371 1593 3402 de
1619 3371 1719 3409 quibus
1740 3370 1826 3401 iidem
1852 3369 2027 3400 Mercatores
2050 3378 2213 3408 receperunt
2230 3368 2266 3400 de

1210 3415 1377 3448 Garderoba
1391 3412 1499 3449 nostra,
1518 3421 1567 3447 per
1582 3420 1678 3440 manus
1692 3409 1795 3439 Artaldi
1808 3410 1843 3439 de
1864 3408 1970 3439 Santsto
1987 3407 2140 3445 Romano,
2159 3405 2267 3438 Custo-

1209 3455 1250 3485 dis
1265 3453 1386 3484 e'usdem
1400 3449 1574 3488 Garderobae
1583 3471 1592 3486 ,
1610 3449 1774 3486 quingentas
1787 3446 1914 3484 Mamm,

1284 3502 1315 3522 os
1327 3489 1373 3521 affi
1395 3490 1519 3520 navimus
1533 3487 1609 3527 quod
1621 3488 1707 3517 iidem
1723 3485 1912 3522 Mercatorcs,
1927 3483 1973 3515 vel
1986 3493 2055 3513 unus
2071 3492 2170 3513 eorum
2185 3506 2194 3523 ,
2213 3493 2268 3515 no-

1209 3533 1285 3562 mine
1306 3530 1383 3568 singu
1394 3537 1477 3558 orum
1525 3526 1562 3556 de
1580 3525 1687 3555 residuo
1708 3524 1868 3554 debitorum
1890 3523 2001 3552 illorum
2015 3544 2026 3560 ,
2052 3521 2183 3552 videlicet
2197 3545 2206 3559 ,
2229 3524 2266 3554 de

1210 3571 1303 3607 mille,
1321 3567 1468 3604 sexcentis,
1483 3549 1622 3595 sexdecim
1637 3562 1760 3605 Marcis,
1777 3562 1878 3603 dec-em
1891 3560 1994 3604 Solidis
2006 3582 2015 3598 ,
2036 3559 2069 3590 &
2085 3561 2153 3590 octo
2168 3560 2266 3592 Dena-

1209 3611 1254 3638 riis
1268 3632 1277 3647 ,
1296 3607 1350 3637 reci
1372 3607 1428 3635 iant
1448 3603 1529 3633 mille
1551 3602 1662 3632 Marcas
1681 3612 1697 3631 a
1713 3600 1759 3631 die
1780 3600 1894 3631 Paschae
1913 3609 1942 3629 in
1963 3607 2050 3628 unum
2072 3599 2215 3638 mensem,
2230 3600 2268 3631 de

1208 3647 1318 3678 taliaoio
1363 3643 1461 3674 ivitatis
1477 3641 1580 3672 nostrae
1597 3640 1722 3671 London
1941 3677 1945 3681 Δ
2113 3676 2118 3681 ¹

1247 3671 1287 3716 e?
1300 3691 1414 3713 centum
1437 3681 1470 3711 &
1482 3679 1680 3718 quinquaginta
1697 3662 1824 3715 Marcas,
1841 3675 1876 3707 ad
1895 3674 2017 3706 eundem
2038 3682 2209 3714 terminum,
2228 3676 2264 3707 de

1208 3723 1318 3762 tallagio
1333 3720 1462 3752 Civitatis
1475 3717 1577 3748 Ποίὶῐιε
1592 3716 1736 3753 liborum,
2132 3752 2136 3757 ι

149 3756 218 3788 Dat.
234 3758 380 3800 NfflPOIia
402 3765 435 3797 15·
452 3756 516 3789 Kal·
531 3758 637 3790 Martii.
872 3762 879 3770 “
1243 3762 1280 3791 Et
1299 3759 1508 3797 quadringentas
1523 3779 1533 3794 ,
1549 3755 1682 3798 sexaginta
1703 3754 1736 3785 &
1757 3753 1804 3796 seit
1825 3751 1952 3797 Marciis,
1969 3750 2068 3781 decem
2080 3750 2207 3790 Solidos‚
2226 3753 2259 3782 δε

149 3793 252 3826 Indi&
270 3806 315 3837 13·
698 3800 702 3802 ’
1207 3800 1278 3831 ono
1293 3797 1449 3833 Denarios,
1466 3796 1481 3824 {i
1492 3794 1537 3824 die
1556 3793 1650 3823 Sancti
1671 3791 1818 3822 Micliielis
1829 3801 1858 3821 in
1874 3799 1963 3820 unum
1977 3789 2117 3828 mensem,
2136 3790 2171 3821 de
2185 3791 2259 3821 [allg-

150 3831 286 3864 Incamat·
303 3835 470 3873 Dlefllcae
488 3845 564 3872 anno
579 3840 664 3874 ¹254·v
1208 3840 1256 3878 gio
1271 3837 1400 3867 Civitatis
1414 3833 1516 3863 nostrae
1531 3831 1664 3861 London.
1678 3830 1828 3874 praedietae.
1853 3862 1861 3872 ί
2015 3866 2020 3872 ·
2044 3867 2049 3872 1

152 3869 337 3915 Pontificatfis
350 3873 473 3905 Domini
488 3874 637 3905 Alexandri
651 3873 735 3912 Papae
747 3881 767 3913 4
780 3882 855 3905 anno
864 3876 966 3915 primo.
1245 3875 1282 3906 Et
1305 3873 1497 3905 mandavimus
1516 3870 1634 3900 Civibus
1655 3867 1756 3898 nostris
1773 3866 1969 3905 praedictarum
1984 3865 2140 3897 Civitatum
2155 3889 2165 3905 ,
2183 3865 2260 3909 quod

426 3951 466 3982 Pl
507 3951 522 3983 b
558 3954 578 3983 S
614 3950 649 3983 llo
676 3950 761 3983 Μ
830 3949 878 3992 filo
959 3951 975 3983 b
1208 3915 1356 3955 pecuniam
1378 3911 1453 3941 illam
1470 3909 1592 3939 terminis
1607 3907 1746 3945 praedietis
1766 3905 1885 3944 praefatis
1903 3904 2128 3943 Mercatoribus,
2147 3914 2193 3935 aut
2215 3913 2262 3934 uni

462 3962 506 3983 um
524 3963 551 3982 eo
578 3954 613 3991 igi
656 3959 676 3990 p
760 3957 789 3982 te
801 3962 819 3981 a
889 3963 957 3984 cana
976 3963 1012 3985 eo.

112 3115 214 3137 ternus.

151 3143 230 3176 Cum
251 3145 333 3183 igitur
347 3167 357 3183 ,
389 3145 459 3175 sicut
480 3145 511 3175 iri
530 3145 624 3176 nostra
644 3147 824 3187 proposuistis
845 3146 987 3188 praesentia
1008 3147 1153 3180 constituti

114 3184 249 3213 nonnulla
271 3183 348 3213 bona
368 3184 469 3222 ¹vobis,
488 3191 546 3214 tam
563 3194 580 3214 a
599 3183 684 3215 felicis
698 3186 897 3217 recordationis
911 3184 1079 3217 Innocentio
1094 3187 1170 3225 Papa

113 3220 323 3252 Praedeceffore
338 3221 452 3259 nostro,
471 3231 557 3256 Quam
571 3232 586 3253 a
599 3223 680 3253 nobis
692 3225 795 3263 etiam,
812 3224 848 3255 de
862 3224 990 3254 Fratrum
1002 3224 1168 3256 nostrorum

111 3260 230 3291 consilio
245 3259 278 3289 &
291 3259 410 3297 assensu,
425 3260 452 3289 in
469 3259 497 3289 R
557 3270 576 3290 ο
589 3259 694 3291 Siciliae
707 3262 768 3293 sunt
781 3262 960 3300 confirmata,
975 3263 1121 3302 concessa,
1135 3266 1169 3295 &

110 3298 214 3342 donata
229 3321 239 3336 ,
259 3306 344 3335 prout
365 3299 395 3327 in
415 3298 527 3335 Aposto
537 3300 586 3329 icis
601 3299 747 3340 privilegiis
759 3301 837 3341 super
851 3301 909 3332 hoc
924 3301 1049 3332 obtentis
1062 3303 1168 3343 plenius

112 3345 288 3374 continetur,

148 3374 290 3405 Volumus
303 3373 355 3411 &,'
367 3372 403 3403 de
416 3373 617 3412 praediaorum
632 3373 760 3407 Fratrum
773 3378 890 3409 consilio
904 3378 938 3409 ὃς
957 3377 1078 3417 assensu,
1098 3389 1169 3417 prae-

110 3413 229 3444 sentium
252 3412 334 3442 vobis
354 3411 516 3455 auctoritate
535 3413 720 3445 concedimus
730 3423 764 3446 ¹ut
778 3440 787 3454 ,
801 3415 821 3446 fi
835 3417 945 3456 aliquis,
963 3417 1008 3447 vel
1020 3418 1101 3457 aliqui
1121 3428 1169 3448 ve-

110 3451 201 3482 strum
214 3452 270 3481 sine
283 3451 413 3487 legitimis
426 3450 592 3481 decesserint
607 3452 713 3492 liberis,
727 3454 862 3492 reliquus,
882 3456 926 3486 vel
940 3456 1055 3494 reliqui,
1072 3457 1103 3486 in
1117 3457 1169 3487 hu-

106 3490 229 3529 jusmodi
246 3490 328 3519 bonis
343 3488 506 3526 succedant,
524 3489 557 3519 &
577 3489 618 3519 illa
635 3489 752 3522 habeant
771 3493 839 3523 ficut
854 3503 886 3524 ea
900 3495 982 3524 vobis
995 3505 1010 3525 a
1028 3494 1088 3525 sede
1101 3506 1168 3534 apo-

109 3528 207 3558 stolica
228 3526 396 3558 confirmata
411 3550 421 3566 ,
440 3525 569 3558 concessa
584 3549 593 3564 ,
611 3527 645 3558 ὃς
664 3529 764 3560 donata
786 3531 841 3562 effe
861 3532 1030 3570 noscuntur3
1048 3535 1169 3571 exceptis

111 3566 211 3597 officio
225 3565 404 3596 Senescalciae
418 3566 497 3605 ipiius
512 3565 625 3634 Regni,
640 3576 672 3596 ac
686 3568 761 3598 mille
775 3571 934 3609 quingentis
946 3572 1003 3601 auri
1020 3573 1110 3602 unciis
1118 3582 1168 3602 an-

111 3606 172 3635 nuis
187 3628 196 3641 ,
215 3615 279 3643 quae
300 3603 406 3634 ibidem
421 3605 489 3643 tibi,
504 3603 543 3634 fili
578 3604 685 3635 ertolde
697 3628 708 3643 ,
723 3606 759 3637 ab
772 3608 966 3648 eadem-sede,
984 3610 1076 3648 quoad
1090 3612 1169 3642 vixe-

113 3645 165 3681 ris,
184 3645 246 3673 sunt
261 3641 400 3673 concessa.

147 3680 230 3712 Nulli
246 3691 313 3721 ergo
325 3680 448 3711 omnino
463 3680 613 3712 hominum
628 3681 725 3721 liceat,
742 3682 801 3714 &c-

1207 3962 1326 3989 eorum,
1347 3950 1462 3979 nomine
1476 3945 1662 3989 singulorum,
1678 3945 1815 3989 liberent..
2090 3982 2094 3987 .

1245 3990 1301 4027 Et,
1319 3999 1370 4028 pro
1382 3986 1560 4023 affignatione
1575 3983 1709 4022 predicta
1720 4006 1730 4019 ,
1747 3984 1816 4026 dit-sti
1831 3980 2002 4026 Mercatores
2020 3981 2196 4025 reddiderunt
2211 3990 2266 4025 no-

1207 4030 1250 4060 bis
1268 4029 1367 4060 litteras
1385 4025 1583 4064 obligatorias,
1607 4032 1672 4061 quas
1694 4022 1710 4051 a
1729 4022 1813 4052 nobis
1834 4020 1980 4052 habuerint
1994 4043 2004 4059 ,
2026 4022 2059 4053 &
2079 4029 2162 4051 etiam
2182 4019 2264 4049 nobis

154 4063 226 4093 Tam.
244 4063 272 4092 Ι.
289 4063 323 4095 1’.
339 4065 366 4100 13
1672 4058 1722 4091 Bb
2189 4058 2267 4096 quie-
