2570 4261
118 167 196 199 Ann.
207 169 247 201 D.

147 209 230 240 1286.

118 251 183 277 Ειλυ.
208 259 231 277 i.

116 367 244 406 “11335

107 1241 183 1271 Ann.
195 1239 235 1271 D.

128 1280 213 1310 1286.

103 1323 157 1347 An.
179 1329 220 1355 ¹4·

102 1380 160 1423 Rit.
172 1379 201 1423 de

102 1438 199 1476 Treuga
207 1453 214 1465 ,

102 1478 217 1508 (7214.

102 1514 199 1539 Imm.
211 1521 233 1539 i.

92 3360 219 3400 *11.336.

268 97 320 137 14

261 169 372 199 Sanetae
384 168 483 199 vestrae
497 166 646 197 voluntatis
660 166 818 196 intentione
838 165 945 203 plenius
968 163 1155 203 informatos,
1172 174 1242 195 cum
1263 163 1323 201 ple-

260 209 333 237 naria
350 207 486 245 potestate
496 205 659 235 nauaturos
674 203 901 241 nobiscum,&,
916 203 1000 234 dante
1014 203 1165 241 Domino,
1184 204 1254 233 inter
1262 202 1324 232 dic-

261 254 300 275 tas
314 255 402 285 partes
417 253 516 281 pacem
529 244 562 272 &
577 242 763 272 concordiam
778 242 971 278 completuros
980 241 1197 280 ,sinedilationis
1210 242 1325 271 incom-

265 283 372 320 modo,
391 282 543 320 dignemini
555 280 706 318 destinare3

298 321 339 352 Ita
354 321 430 358 quod
443 319 479 349 de
491 319 624 349 omnibus
638 318 774 356 parribus,
793 318 969 357 tangentibus
989 327 1119 355 guerram
1142 317 1239 354 istam,
1258 326 1324 354 pos-

249 360 309 397 sit,
327 368 385 388 uno
397 359 431 388 &
450 359 468 375 ³*
487 357 591 387 eodem
607 364 759 393 contextu,
776 356 811 386 ad
821 357 964 386 honorem
980 352 1055 395 Dei,
1071 358 1104 387 ὃς
1114 355 1257 386 Romanae
1264 355 1323 385 Ec-

266 397 355 428 clesiae
377 396 477 425 Matris
496 394 618 433 nostrae,
638 397 671 426 &
687 395 772 425 totius
786 393 850 424 fidei
872 393 1039 425 Christianae
1051 394 1260 431 commodum,
1278 393 1325 422 fir-

266 445 312 465 ma
326 443 378 471 pax
393 434 558 472 reformari,
576 434 609 464 &
624 444 693 464 oves
709 441 829 463 errantes
842 432 876 463 ad
890 442 1005 473 gregem
1025 433 1218 463 Dominicum
1239 441 1323 461 revo-

262 483 327 504 carl.

300 510 424 549 Magnus
439 510 533 548 enim,
552 517 583 540 ut
595 510 678 540 nobis
690 509 820 549 videtur,
838 509 933 539 honor
948 509 1020 547 apud
1036 509 1135 540 Deum
1150 508 1322 540 &homines

261 550 361 580 vestrae
375 549 542 579 accresceret
555 549 690 579 sanctitati
724 549 743 579 si
759 557 804 578 tot
825 548 1017 585 pestiferarum
1037 548 1232 578 turbationum
1255 556 1322 584 pro—

260 588 356 624 cellae,
373 596 437 617 ante
450 586 636 617 pontificatus
650 572 735 618 vestri
749 595 898 617 commota
911 595 1054 624 tempora,
1073 596 1122 623 per
1143 585 1244 615 vestrae
1266 586 1321 615 cir-

261 626 478 663 cumspec‘tionis
491 625 673 663 industriam,
692 625 788 655 vestris
800 625 976 662 temporibus
990 624 1155 654 sedarentur.

298 664 351 702 Et,
371 663 406 694 ad
421 664 565 694 sciendum
580 664 734 701 Sanctum,
752 663 832 700 super
844 664 918 701 hoc,
938 663 1010 693 velle
1022 663 1165 699 vestrum,
1183 662 1321 692 mittimus

259 703 377 734 dilectos
392 704 426 734 &
443 702 536 733 fideles
551 702 678 739 nostrOS,
697 701 865 732 Hamonem
879 701 915 732 de
926 701 1022 739 Joeles
1044 700 1188 738 Militem,
1205 701 1238 731 &
1260 700 1321 730 Ra-

258 741 399 779 dulphum
414 741 523 771 distum
538 741 563 770 le
578 739 738 770 Alemaund
757 739 905 771 Clericum
924 763 933 778 ,
952 739 1130 777 pnesentium
1151 740 1319 777 portitores,

259 779 403 810 humiliter
418 779 598 817 supplicantes
632 780 738 808 uatinus
754 778 874 809 moleste
893 789 952 808 non
974 778 1042 809 ferat
1063 777 1153 808 vestra
1175 778 1321 815 paternitas

256 821 421 856 parvitatem
442 789 832 855 liujusmodissixlunciorum;
858 827 923 846 nam
945 816 1100 847 festinantia
1115 841 1125 855 ,
1151 826 1236 855 quam
1259 815 1321 846 dic-

256 865 318 887 tum
339 857 454 895 requirit
476 857 642 895 negotium,
662 856 774 887 mittere
796 855 998 897 solempniores
1019 855 1157 887 Nuncios
1180 864 1240 885 non
1255 864 1318 892 per-

256 896 337 927 misit.

294 972 361 1004 Dat.
379 972 460 1004 Paris.
475 981 522 1010 27.
533 971 616 1011 Julii,
633 981 710 1002 anno
722 971 816 1010 gratiae
834 971 916 1002 1286.

254 1099 360 1131 Litera
388 1099 476 1144 Regis
505 1096 620 1142 Angliae
643 1097 774 1128 Domino
804 1097 932 1136 Latino,
959 1093 1091 1137 Hostien.
1115 1094 1314 1133 &Vellettem

501 1146 638 1190 Episcopo
651 1170 660 1186 ‚
681 1155 737 1190 pro
755 1147 866 1190 treugis
882 1142 1079 1177 concedendis.

254 1230 461 1293 VEnerabili
479 1231 507 1260 in
521 1228 638 1260 Christo
653 1229 745 1274 Patri,
762 1228 896 1259 Domino
911 1228 1031 1267 Latino,
1050 1228 1107 1273 Dei
1126 1229 1229 1276 gratia,
1249 1227 1316 1258 Ho-

336 1269 415 1300 stien.
430 1271 463 1300 &
477 1268 613 1298 Velleten.
630 1267 789 1306 Episcopo,
810 1267 979 1304 Edwardus,
1000 1267 1057 1298 Dei
1090 1267 1247 1306 ratia,Rex
1255 1267 1317 1297 An-

254 1308 318 1345 gliae
333 1333 342 1347 ,
368 1308 513 1338 Dominus
532 1307 681 1337 Hiberniae
702 1307 736 1338 ὃ(
755 1306 826 1337 Dux
846 1306 1025 1344 Aquitanniae
1044 1306 1061 1337 s
1081 1315 1159 1338 utem
1178 1307 1206 1336 in
1229 1305 1316 1336 salutis

253 1347 377 1377 aut‘lore,

291 1385 320 1415 Si
334 1387 444 1415 animos
455 1383 675 1415 discordantium
688 1382 874 1421 concordari,
892 1383 925 1414 &
938 1393 1027 1414 ovem
1043 1392 1182 1414 errantem
1198 1383 1231 1413 ad
1252 1393 1315 1424 gre-

254 1432 320 1462 gem
333 1424 514 1454 dominicum
530 1424 657 1454 revocari
669 1424 818 1461 juvemus,
837 1421 1000 1452 Romanam
1015 1422 1170 1453 Eccleiiam
1187 1422 1314 1454 Matrem

249 1462 375 1492 nostram
397 1463 541 1492 honorare
562 1461 703 1492 credimus
719 1485 728 1500 ‚
747 1462 781 1492 ὃ(
803 1459 944 1499 utriusque
962 1461 1029 1500 legis
1051 1470 1189 1499 praccepta
1209 1462 1238 1491 in
1261 1462 1313 1493 hac

250 1510 328 1540 parte
341 1502 495 1539 complere.

287 1540 360 1570 Sane
379 1540 484 1570 diutius
503 1538 666 1569 affec-”taurea
691 1539 817 1576 (propter
836 1538 983 1568 utilitatem
998 1540 1082 1569 totius
1098 1537 1161 1569 fidei
1176 1538 1314 1570 Christia-

250 1588 314 1617 nae,
332 1579 365 1609 &
380 1587 411 1609 ut
424 1579 575 1609 vitarentur
590 1578 660 1607 mala
696 1587 740 1607 uae
750 1600 759 1615 ,
774 1577 810 1607 de
823 1578 1037 1607 continuatione
1052 1586 1139 1608 mot-ze
1161 1577 1310 1610 discordiae

249 1618 322 1647 inter
337 1617 358 1647 F
361 1618 462 1648 ranciae
475 1617 508 1648 ὃς
522 1617 674 1655 Aragoniae
719 1625 803 1655 egna,
822 1624 950 1653 poterant
964 1617 1217 1654 evenire3necnon
1246 1628 1312 1655 rop-

249 1664 293 1686 ter
306 1656 501 1686 liberationem
523 1655 694 1685 dilectorum
712 1654 997 1693 Consanguineorum
1016 1654 1198 1693 nostrorum,
1259 1657 1313 1687 roli

250 1695 388 1733 Principis
409 1695 514 1725 Salem.
536 1695 569 1725 &
587 1694 790 1724 communium
803 1692 927 1723 filiomm
939 1693 1084 1732 quondam
1101 1693 1225 1724 Domini
1242 1695 1310 1725 Fer-

249 1733 344 1772 randi,
362 1733 470 1764 illustris
492 1734 540 1764 Re
561 1734 581 1762 is
603 1732 734 1762 Castellae
754 1733 952 1770 primogeniti,
971 1733 1003 1762 &
1024 1731 1164 1762 Dominae
1178 1732 1309 1764 Blanchae

248 1771 474 1812 Consanguineae
491 1776 541 1802 noi
558 1782 596 1801 rae
610 1770 732 1803 dilectae]
752 1770 830 1809 quod
844 1770 941 1800 eadem
955 1769 1092 1800 discordia
1105 1770 1255 1811 sopiretur,

287 1811 314 1841 A
337 1811 478 1841 karissimo
498 1811 633 1841 Domino
653 1811 685 1841 &
705 1809 942 1848 Consanguineo,
960 1808 1059 1840 nostro
1082 1809 1232 1850 Philippo,
1250 1811 1309 1842 Dei

247 1850 352 1889 gratia,
370 1850 495 1880 Franciae
517 1851 599 1888 Rege
619 1848 732 1885 illustri,
750 1848 770 1878 si
789 1849 902 1879 summo
924 1846 1056 1878 Pontifici
1077 1847 1226 1889 placuerit,
1245 1851 1278 1881 &
1294 1852 1308 1881 a

248 1888 383 1919 Domino
405 1888 526 1919 Alfonso
549 1887 694 1926 quondam
719 1887 841 1917 Domini
861 1886 936 1916 Petri
950 1885 986 1916 de
1002 1886 1141 1925 Aragonia
1153 1887 1229 1928 filio,
1247 1899 1310 1929 pre-

248 1928 328 1957 cibus
342 1929 517 1965 optinuimus
527 1926 642 1957 liberam
656 1926 823 1964 potestatem
837 1924 898 1963 ipsis
912 1926 1034 1962 partibus
1053 1926 1212 1956 adinvicem
1234 1937 1309 1960 treu-

248 1975 295 2005 gas
308 1966 499 2005 concedendi,
518 1974 566 2004 ut,
585 1965 647 2003 ipsis
661 1964 842 2002 durantibus,
860 1965 931 1993 inter
945 1972 1033 2001 partes
1046 1963 1082 1994 de
1098 1974 1166 2004 pace
1181 1966 1215 1996 &
1235 1976 1308 1997 con-

248 2005 360 2043 cordia,
380 2006 399 2035 si
411 2004 496 2045 poffit
509 2005 566 2034 talis
583 2004 693 2042 reperiri
706 2013 771 2042 quae
786 2003 899 2033 summo
915 2001 1048 2033 Pontifici
1061 2003 1160 2041 placita
1174 2004 1237 2036 fore
1257 2005 1307 2037 de-

248 2043 343 2082 beret,
361 2044 544 2074 amicabiliter
559 2044 730 2073 tractaretur.

285 2082 412 2121 Verum,
430 2092 603 2120 quamquam
619 2082 702 2113 nobis
715 2081 746 2111 sit
768 2080 843 2111 recta
862 2080 980 2111 intentio
1011 2079 1119 2118 justum
1138 2081 1306 2114 desiderium

245 2120 280 2151 &
298 2121 442 2158 voluntas,
461 2130 557 2151 tamen
579 2119 805 2150 insufficientiam
827 2119 954 2149 nostram
975 2104 1009 2150 ἐς
1023 2119 1194 2151 discretionis
1209 2121 1306 2153 defec-

245 2167 325 2197 tum,
343 2160 377 2190 ad
392 2159 569 2190 tractandum
581 2167 691 2189 tantum
702 2159 849 2196 negotium
863 2159 896 2189 &
919 2158 1142 2196 complendum,
1160 2159 1307 2192 sentientes

245 2199 275 2228 in
291 2198 390 2236 nobis,
408 2197 499 2228 eidem
513 2198 626 2228 summo
641 2197 792 2235 Pontifici,
810 2206 858 2234 per
872 2197 973 2227 litteras
987 2196 1094 2227 nostras
1109 2198 1142 2229 &
1158 2198 1192 2228 N
1197 2201 1305 2237 uncios,

245 2236 376 2267 duximus
396 2236 625 2276 supplicandum,
645 2235 724 2274 quod
745 2236 853 2273 aliquos
874 2234 1024 2275 prudentes
1045 2237 1120 2266 viros
1134 2261 1143 2274 ,
1161 2237 1305 2278 diligentes

245 2276 389 2306 caritatem
409 2276 442 2306 &
464 2285 564 2313 pacem
579 2298 589 2312 ,
615 2275 648 2305 &
669 2274 814 2305 dictorum
835 2272 1119 2312 consanguineorum
1141 2275 1304 2307 nostrorum

246 2314 444 2383 liberatgongtm
463 2322 592 2351 optantes
606 2337 615 2351 ,
641 2312 861 2352 affeciantesque
879 2322 996 2351 quoque
1017 2311 1121 2344 statum
1142 2314 1305 2353 prosperum

244 2361 326 2384 teriae
360 2363 394 2382 aii
427 2363 451 2383 :e

283 2391 329 2421 Ad
343 2401 395 2421 nos
405 2416 414 2429 ,
431 2377 523 2423 versus
537 2399 625 2432 partes
640 2389 790 2421 Vasconiae
807 2390 879 2428 (quo
895 2398 1008 2428 propter
1021 2389 1094 2428 hoc,
1114 2390 1303 2423 dimiffisom-

244 2431 327 2461 nibus
349 2430 449 2460 nostris
469 2430 526 2460 aliis
547 2430 679 2469 negotiis,
697 2430 841 2469 dirigimus
862 2428 966 2467 greffus
987 2428 1111 2466 nostros)
1128 2429 1207 2467 super
1222 2431 1304 2468 ipsius

242 2469 308 2500 sano
326 2468 471 2508 Coniilio,
489 2469 522 2499 &
543 2468 598 2499 suae
617 2469 728 2501 SanCtae
750 2468 899 2499 voluntatis
921 2468 1079 2498 intentione
1092 2467 1200 2508 plenius
1213 2470 1303 2500 infor-

243 2517 334 2538 matos
368 2508 531 2538 tractaturos
553 2507 719 2538 Nobiscum
775 2515 840 2536 cem
861 2506 895 2536 &
909 2505 1097 2536 concordiam
1111 2508 1182 2537 inter
1197 2517 1304 2547 partes,

243 2547 277 2577 &
290 2571 298 2584 ,
317 2532 350 2577 ad
370 2547 515 2577 utilitatem
534 2547 618 2576 totius
641 2546 706 2576 fidei
724 2516 895 2576 &surianae
912 2568 922 2582 ,
940 2546 973 2575 ὃ(
994 2545 1139 2575 honorem
1160 2545 1304 2578 Romanae

243 2584 392 2622 Eccleliae‚
412 2584 511 2615 Matris
521 2584 642 2622 nostrae,
660 2583 744 2614 dante
757 2583 908 2621 Domino,
927 2583 1138 2622 completuros,
1155 2584 1304 2625 dignetur,

242 2624 346 2661 absque
359 2623 496 2654 dilationis
510 2622 717 2660 incommodo,
730 2622 881 2652 destinare:

283 2663 432 2700 Qiocirca
450 2672 504 2693 vos
526 2673 558 2692 ro
579 2670 656 2691 amus
678 2662 806 2699 quatinus
824 2660 914 2690 velitis
942 2658 1096 2690 efficaciter
1122 2661 1303 2699 interponere

243 2710 332 2741 partes
354 2700 472 2738 vestras,
490 2711 527 2739 qu
590 2709 686 2738 preces
704 2699 810 2729 nostrae
833 2697 992 2737 hujusmodi
1004 2697 1039 2728 ad
1054 2698 1235 2730 exauditionis
1248 2711 1303 2739 op-

241 2748 305 2779 tatae
321 2741 437 2779 gratiam
450 2739 640 2770 admittantur.

279 2814 346 2847 Dat.
362 2815 442 2846 Paris.
459 2825 496 2854 27
511 2815 557 2846 die
568 2815 653 2855 Julii,
670 2825 746 2846 anno
761 2816 855 2855 gratiae
873 2813 955 2845 1286.

264 2895 368 2926 Literae
383 2897 470 2941 Regis
490 2895 606 2942 Angliae
625 2895 695 2927 aliis
712 2894 859 2939 Epifiopis
877 2891 1090 2927 cardinalibus
1111 2892 1148 2927 de
1164 2893 1274 2940 eisdem

701 2946 824 2989 treugis.

243 3025 450 3095 COssigffiiles
472 3029 568 3059 littera:
582 3029 737 3097 dirssuntur
752 3027 946 3072 Cardinalibus
960 3027 1131 3073 subscriptis,
1149 3028 1300 3067 videlicet,

404 3077 454 3096 inis
474 3067 598 3105 Johanni
651 3068 782 3098 usculano
796 3091 805 3105 ,
821 3066 974 3110 Jeronimo
996 3066 1181 3105 Penestnno,
1198 3066 1299 3099 Bente-

240 3112 341 3143 nengae
358 3104 495 3136 Albanen.
513 3107 545 3137 ὃς
560 3106 702 3137 Bernardo
717 3105 850 3136 Portuen.
867 3104 1020 3143 Episcopis.

284 3184 391 3215 Literae
413 3185 497 3230 Regis
516 3181 690 3234 Presbyteris
709 3181 921 3217 Cardinalibus
939 3183 976 3216 de
992 3182 1099 3230 eisdem
1117 3188 1239 3232 treugis.

297 3267 450 3298 Onsimiles
462 3268 559 3299 litterae
569 3269 724 3305 diriguntur
735 3268 909 3308 Presbyteris
924 3267 1117 3299 Cardinalibus
1131 3268 1299 3309 subscriptiS,

314 3306 444 3337 videlicet
459 3307 594 3338 Dominis
605 3301 696 3338 Tom.
710 3308 801 3338 Tituli
815 3308 985 3339 Sanctorum
999 3307 1077 3338 Petri
1098 3308 1131 3338 δε
1155 3308 1298 3339 Marcelli-

236 3345 282 3382 ni,
302 3345 439 3375 Anchero
458 3345 550 3376 Tituli
569 3346 680 3376 Sandbe
701 3345 829 3376 praxedis
845 3370 854 3385 ,
873 3344 1016 3377 Giffridro
1031 3345 1122 3376 Tituli
1142 3347 1160 3365 *
1181 3347 1294 3378 Sanctae

239 3382 388 3422 Susannae,
408 3383 530 3420 Hugoni
544 3385 636 3415 Tituli
649 3385 743 3415 Sancti
763 3385 906 3416 Laurentii
919 3386 948 3415 in
960 3384 1089 3423 Lucina,
1108 3385 1142 3416 &
1157 3384 1296 3418 Gervasio

237 3420 329 3452 Tituli
340 3422 437 3453 Sanc‘ti
453 3420 589 3462 Martini,
608 3423 788 3462 Presbyteris.

239 3500 315 3530 Item
339 3500 426 3534 litere
450 3503 538 3548 Regis
560 3504 708 3536 Diaconis
725 3499 957 3544 Cmdinahbus,
976 3513 1032 3548 pro
1047 3499 1155 3546 eisdem
1172 3506 1294 3550 treugis.

240 3581 446 3642 consimiles
464 3586 564 3617 litterae
583 3587 738 3627 diriguntur
762 3586 899 3617 Diaconis
914 3586 1127 3624 cardinalibus,
1146 3586 1294 3625 videlicet,

253 3658 259 3663 ι
312 3621 449 3663 Dominis
465 3624 595 3656 Mathaeo
609 3626 720 3656 Sanctae
737 3625 836 3655 Mariae
850 3626 878 3655 in
893 3625 1027 3663 Porticu,
1044 3624 1200 3656 Benedieto
1208 3626 1296 3656 Sanc-

239 3665 262 3687 ti
274 3657 407 3689 Nicholai
420 3663 448 3691 in
464 3662 587 3694 Carcere
599 3663 870 3702 Tulliano,Jacobo
884 3664 995 3694 Sanetae
1009 3663 1114 3694 Mariae
1127 3665 1156 3694 in
1172 3665 1294 3702 vialata,

235 3694 363 3764 {3333
376 3698 469 3765 813)ηῶ
485 3701 628 3745 Eustachii
637 3727 647 3742 ,
665 3703 699 3735 δε
714 3701 880 3734 Gottefrido
893 3702 990 3734 Sancti
1003 3702 1126 3743 Georgii
1138 3701 1174 3733 ad
1188 3702 1295 3734 Velum

362 3758 372 3772 ‚
420 3747 531 3770 iaconis.

721 74 1529 128 CONVENTioNEs‚

1585 77 1973 128 LITERAE,

2443 188 2519 220 Ann.
2529 190 2570 222 D.-

2462 229 2548 260 1286.

1361 247 1411 278 De
1426 249 1632 280 Matrimonio
1650 252 1728 282 inter
1733 249 1838 293 filiam
1859 252 1957 283 Ducis
1973 245 2141 281 Brabantiae
2159 251 2196 286 ὠ·
2205 248 2309 292 filiam
2325 252 2422 297 Regis.
2438 271 2506 298 Ea'v.
2529 278 2555 297 h

1360 330 1577 391 UNiversis,
1595 333 1742 369 praesentes
1756 333 1857 364 litteras
1871 332 2033 371 inspecturis
2044 332 2190 372 johannes
2206 332 2373 373 Lotharing.
2388 334 2422 366 ὃς
2439 336 2490 361 An.
2509 343 2552 370 ¹4·

1449 368 1576 400 Brabant.
1594 370 1665 401 Dux
1677 372 1802 403 salutem.

1399 406 1519 438 Notum
1531 408 1649 439 facimus
1664 410 1758 448 quod,
1776 420 1845 440 cum
1859 409 2113 441 Excellentiffimus
2134 409 2269 448 Princeps
2304 408 2424 441 Edwar-

1359 443 1428 488 dus,
1447 445 1510 490 Dei
1517 447 1617 485 gratia,
1637 447 1702 478 Rex
1716 449 1845 488 Angliae,
1865 448 1934 479 Dux
1951 448 2047 486 Aquit.
2061 450 2095 480 δε
2111 448 2256 479 Dominus
2272 434 2421 479 Hiberniae

1359 492 1560 524 quinquaginta
1575 485 1636 515 mil.
1649 486 1712 516 libr.
1728 488 1842 518 Turon.
1854 488 2003 524 nigrorum
2038 488 2067 516 in
2082 486 2265 526 Maritagium
2279 486 2420 518 Dominae

1359 520 1426 550 Mar
1446 531 1528 553 aretae
1546 523 1570 552 F
1572 523 1625 553 iliae
1645 524 1701 555 suae
1725 535 1794 556 cum
1811 525 1943 563 Johanne
1956 535 1996 556 no
2025 535 2058 555 ro
2073 525 2162 564 Filio,
2180 525 2366 564 promisisset,
2384 527 2419 557 δε

1358 568 1411 602 nos
1457 561 1501 590 sta
1515 562 1715 602 quinquaginta
1727 564 1803 594 milia
1814 564 1877 593 libr.
1891 564 1926 593 ab
1940 562 2044 593 eodem
2058 563 2194 594 Domino
2208 562 2422 603 Edwardo,seu

1359 607 1416 635 ejus
1428 599 1578 639 mandato,
1596 600 1724 632 solvente
1738 603 1802 633 vice
1814 603 1848 633 &
1862 603 1981 633 nomine
1994 602 2092 641 ipsius,
2110 602 2301 632 habuimus&
2312 604 2422 641 recepi-

1359 645 1438 675 mus,

1357 712 1362 718 ,
1394 674 1464 706 Nos
1478 685 1510 705 ea
1521 676 1655 715 recepisse
1669 678 1702 709 &
1717 677 1842 708 habuisse
1861 677 2047 717 confitemur,
2064 680 2093 709 in
2116 678 2236 717 pecunia
2257 679 2422 719 numerata,

1352 721 1428 750 Juxta
1448 714 1572 745 formam
1595 718 1825 747 conventionum
1841 740 1850 754 ,
1873 717 1945 747 inter
1966 717 2055 755 ipsum
2075 719 2109 749 &
2131 728 2183 748 nos
2204 718 2336 748 initarum
2350 743 2360 757 ,
2387 720 2419 749 in

1358 752 1476 821 mffatg
1480 754 1680 796 matrimonii,
1697 757 1770 786 inter
1782 754 1855 793 ipsos
1868 756 1925 794 ejus
1937 754 2024 786 filiam
2039 756 2073 787 &
2085 755 2218 786 nostrum
2232 756 2336 787 Filium
2348 767 2421 788 con-

1358 797 1400 820 tra
1421 801 1456 820 en
1479 801 1504 829 i·,

1394 829 1544 868 Qitantes
1558 829 1680 860 eundem
1693 830 1857 862 Dominum
1871 831 1985 872 Regem
2001 831 2114 871 ejusque
2136 832 2273 864 Haeredes
2291 834 2325 865 ὃ(
2347 833 2421 865 Suc-

1356 868 1480 898 ceffores
1501 868 1698 907 quoscumque
1719 868 1756 900 de
1831 871 1895 901 unia
1915 870 2068 909 antedicta,
2085 872 2120 902 &
2133 873 2328 909 promittentes
2340 873 2418 904 bona

1356 905 1412 936 side
1431 907 1510 944 quod
1525 931 1534 944 ,
1552 914 1652 937 contra
1675 908 1762 938 conse
1785 918 1883 939 ionem
1903 909 1937 939 &
1960 910 2145 947 quitationem
2164 909 2347 949 hujusmodi,
2365 921 2417 948 per

1356 954 1426 988 nm,
1443 954 1490 976 aut
1501 945 1605 983 alium,
1622 945 1668 976 seu
1681 946 1767 985 alios,
1785 957 1846 977 non
1859 948 2005 978 veniemus
2022 957 2076 977 nec
2091 949 2188 979 venire
2202 949 2419 986 procurabimus

1354 993 1385 1013 in
1398 983 1543 1022 futurum,
1561 985 1654 1015 immo
1677 995 1741 1016 earn
1756 985 1814 1016 esse
1833 985 1953 1016 validam
2007 986 2170 1024 noscemuS,
2187 988 2220 1018 δε
2244 987 2331 1018 dietas
2343 998 2417 1019 con-

1354 1023 1503 1053 ventiones
1517 1023 1678 1053 curabimus
1693 1024 1727 1055 &
1740 1024 1953 1062 procurabimus
1965 1034 1979 1054 a
2001 1024 2123 1062 impleri-
2145 1025 2301 1064 obligantes
2321 1026 2418 1057 eidem

1354 1059 1490 1092 Domino
1503 1061 1598 1100 Regi,
1615 1061 1722 1100 suisque
1735 1061 1925 1100 Haeredibus‚
1944 1063 1978 1093 &
2001 1048 2214 1093 Successoribus
2236 1065 2417 1102 quibuscum-

1354 1109 1427 1137 que,
1445 1108 1582 1138 quantum
1603 1100 1636 1131 ad
1657 1101 1735 1139 hoc,
1749 1111 1803 1132 nos
1816 1124 1826 1140 ,
1844 1100 2035 1139 Haeredesque
2057 1100 2169 1131 nostros
2186 1125 2197 1139 ,
2212 1102 2246 1132 &
2265 1102 2417 1133 Successo-

1355 1147 1397 1207 }es
1411 1139 1495 1169 etiam
1508 1138 1704 1178 quoscumque
1717 1139 1848 1178 nostros,
1866 1149 1900 1170 ac
1914 1142 2010 1170 omnia
2024 1141 2101 1171 bona
2115 1138 2211 1170 nostra
2222 1140 2363 1178 praesentia
2381 1143 2417 1173 &

1369 1185 1454 1207 utura.

1390 1214 1424 1244 In
1447 1216 1526 1254 cujus
1544 1217 1584 1246 rei
1604 1215 1800 1247 testimonium
1815 1217 1848 1248 &
1861 1218 2073 1248 munimentum
2088 1215 2176 1256 Sigill.
2193 1215 2326 1249 nostrum
2340 1227 2415 1256 prae—

1352 1253 1474 1285 sentibus
1487 1254 1585 1285 litteris
1597 1254 1728 1285 duximus
1745 1255 1958 1294 apponendum.

1352 1331 1459 1400 dalDat.
1480 1341 1556 1363 anno
1576 1330 1700 1363 Domini
1725 1332 1809 1362 1286.
1830 1331 1877 1362 die
1897 1330 1990 1363 Lunae
2005 1331 2071 1371 post
2086 1331 2202 1364 Festum
2217 1333 2306 1365 beatae
2328 1331 2416 1373 Mag-

1349 1514 1400 1546 De
1429 1509 1678 1545 conventionibus
1705 1515 1783 1546 inter
1822 1515 1913 1560 Reges
1946 1513 2064 1560 Angliae
2089 1517 2126 1553 ξφ
2156 1516 2289 1548 Francia
2315 1514 2415 1558 refir-

1816 1561 1946 1595 mandis.

1555 1651 1660 1682 Tertia
1674 1652 1743 1683 Pax
1760 1651 1839 1682 inter
1856 1651 1948 1697 Reges
1958 1649 2050 1695 fasta
2063 1649 2208 1694 Parisius.

1498 1744 1544 1773 us,
1565 1734 1624 1765 Dei
1646 1735 1732 1774 gratia
1747 1759 1756 1772 ,
1777 1734 1954 1765 Francorum
1975 1734 2041 1765 Rex
2054 1759 2064 1773 ,
2082 1744 2186 1766 notum
2205 1735 2324 1766 facimus
2345 1735 2410 1765 uni-

2438 375 2467 398 Ε.
2492 381 2516 399 ι.

2439 413 2469 436 ι.
2477 413 2515 437 A.
2521 409 2551 448 f.

2442 456 2451 473 i
2459 456 2503 475 20.
2521 458 2550 477 a.

2439 488 2509 513 Penes
2517 491 2570 515 Ca-

2438 532 2536 552 merar.
2547 545 2549 548 .

2429 1731 2506 1763 Ann.
2514 1733 2556 1766 D.

1347 1731 1396 1792 P
1397 1732 1514 1810 tireiirpoe'
1532 1774 1592 1804 tam
1613 1773 1791 1811 praesentibus
1808 1798 1818 1812 ,
1838 1774 1924 1812 quam
1945 1773 2043 1804 futuris
2055 1798 2065 1811 ,
2086 1774 2164 1812 quod
2182 1775 2306 1814 egregius
2327 1773 2409 1804 Prin-
2447 1772 2532 1803 1286.

1346 1820 1412 1855 ceps
1419 1835 1428 1856 ,
1447 1810 1599 1842 carissimus
1621 1811 1854 1856 Consanguineus
1876 1813 1909 1843 &
1931 1811 2018 1856 fidelis
2039 1812 2134 1842 noster
2156 1812 2308 1856 Edwardus
2323 1836 2333 1849 ,
2349 1811 2407 1856 Dei
2426 1814 2478 1838 An.
2498 1821 2540 1847 ¹4.

1345 1859 1448 1889 gratia,
1466 1849 1531 1880 Rex
1548 1850 1677 1890 Anghae,
1696 1850 1842 1881 Dominus
1854 1850 2005 1882 Hibemiae
2016 1851 2050 1882 ὅ(
2066 1850 2133 1882 Dux
2145 1851 2303 1889 Aquitaniae
2323 1851 2408 1881 nobis
2422 1853 2451 1876 Ε-
2479 1859 2502 1877 1-

1346 1888 1488 1927 exposuit,

2426 1891 2466 1914 Ex
2484 1896 2557 1917 tran-

1384 1927 1494 1967 Qiod,
1510 1928 1592 1967 licet,
1611 1927 1693 1958 clarae
1708 1928 1874 1966 memoriae,
1893 1927 2076 1968 Ludovicus,
2092 1927 2172 1959 Avus
2186 1927 2283 1959 noster
2313 1928 2343 1958 in
2357 1937 2406 1966 pa·
2417 1925 2523 1965 sumpto

1345 1976 1397 2005 ce,
1415 1966 1504 1997 inhita
1519 1968 1590 1998 inter
1605 1967 1696 2005 ipsum
1710 1968 1743 1999 &
1759 1967 1922 1998 Henricum
1936 1967 2060 1998 condam
2082 1966 2111 1997 R
2148 1977 2196 1997 em
2218 1952 2346 2006 Angfiae,
2363 1976 2407 1997 re-
2424 1967 2543 2002 Autbenf

1344 2004 1514 2035 cordationis
1528 2005 1656 2045 inclytae,
1674 2005 1851 2036 concessisset
1865 2007 1898 2038 &
1911 2006 2028 2037 dedisset
2040 2006 2121 2037 dieto

1345 2053 1414 2074 nem
1434 2043 1596 2088 droyturam
1633 2055 1717 2083 quam
1737 2045 1858 2076 habebat
1877 2046 1907 2074 in
1930 2046 2017 2075 tribus
2034 2044 2214 2075 Dioecelibus
2229 2045 2262 2076 &
2277 2043 2409 2087 Civitati-

1345 2082 1412 2121 bus,
1430 2081 1578 2127 videlicet,
1598 2069 1786 2115 Lemovicen.
1801 2082 1952 2114 Caturcen.
1966 2084 1999 2115 &
2011 2083 2217 2123 Petragoricen.
2231 2092 2261 2113 in
2276 2081 2407 2113 feodis&

1364 2131 1501 2152 omanus·

1382 2159 1514 2198 Exceptis
1527 2159 1627 2191 Rebus
1641 2170 1705 2199 quae
1713 2184 1723 2199 ,
1742 2171 1792 2199 per
1806 2160 1894 2191 literas
1909 2160 1978 2191 dieti
1994 2161 2039 2191 avi
2053 2159 2160 2198 nostri,
2178 2160 2213 2192 &
2221 2159 2408 2198 praedecesso-

1344 2120 1363 2151 d
1494 2146 1504 2160 2

1346 2209 1410 2229 rum
1423 2198 1554 2238 suorum,
1574 2209 1634 2229 non
1646 2208 1774 2238 poterant
1788 2201 1856 2237 poni
1869 2208 1943 2230 extra
1964 2209 2082 2230 manum
2103 2199 2196 2237 suam,
2215 2201 2248 2230 &
2269 2199 2406 2235 homagio

1340 2237 1457 2306 {tanum
1477 2237 1606 2276 suorum,
1625 2237 1645 2268 fi
1666 2248 1721 2277 qua
1741 2238 1876 2269 tenebant
1896 2237 2005 2269 ibidem
2026 2239 2062 2268 ab
2083 2237 2143 2276 ipso
2157 2237 2225 2268 Avo
2242 2237 2341 2268 nostro
2355 2247 2406 2275 per

1362 2286 1382 2307 o
1450 2286 1527 2306 iurn-

1380 2285 1700 2352 ffinon’promififfet
1720 2315 1747 2346 se
1767 2315 1898 2346 daturum
1920 2315 1997 2354 Regi
2016 2314 2130 2352 Angli-,z
2144 2339 2154 2352 ,
2172 2313 2237 2352 post
2258 2314 2405 2345 decessum

1344 2353 1456 2383 Alfonsi
1476 2353 1602 2384 condam
1624 2353 1733 2384 illustris
1752 2353 1876 2385 Comitis
1897 2353 2067 2384 Pittaviensis
2100 2363 2203 2383 terram
2226 2363 2311 2391 quain
2325 2353 2402 2383 idem

1342 2390 1453 2422 Comes
1465 2416 1475 2430 ‚
1493 2400 1624 2430 tempore
1645 2391 1731 2423 dictae
1746 2392 1826 2423 Pacis
1841 2417 1851 2431 ,
1870 2393 1982 2423 tenebat
2004 2393 2034 2422 in
2053 2377 2182 2422 Xanton.
2206 2391 2276 2422 ultra
2298 2392 2408 2422 flumen

1341 2430 1530 2498 Carantonaej,
1547 2431 1577 2461 in
1597 2430 1688 2475 feodis
1706 2432 1740 2462 &
1760 2431 1912 2461 Domaniis
1927 2454 1937 2469 ‚
1954 2438 2039 2470 prout
2059 2431 2089 2460 in
2108 2430 2184 2461 litera
2202 2430 2287 2461 dictae
2305 2431 2406 2468 primae

1379 2479 1417 2500 cis
1464 2479 1542 2500 emus
1557 2478 1734 2500 continetur:

1380 2507 1475 2538 Multa
1495 2517 1592 2538 tamen
1612 2517 1689 2539 erant
1707 2510 1739 2538 in
1760 2507 1843 2538 dietis
1856 2507 1944 2539 tribus
1988 2507 2126 2539 ivitatibus
2139 2508 2173 2539 &
2188 2507 2303 2538 Dioces.
2319 2507 2352 2538 &
2375 2508 2406 2537 in

1342 2479 1377 2507 pa
1434 2480 1452 2507 P
1957 2506 1986 2538 C

1345 2544 1476 2590 Xanton.
1489 2547 1560 2577 ultra
1576 2547 1686 2578 flumen
1702 2546 1888 2591 praedictum,
1905 2557 1970 2585 quae
1982 2547 2061 2578 dieto
2081 2546 2159 2586 Regi
2178 2545 2308 2591 Angliae,
2323 2545 2407 2576 Con-

1341 2585 1492 2624 sanguineo
1513 2585 1613 2616 nostro
1657 2587 1690 2618 &
1711 2585 1784 2616 Patri
1804 2585 1872 2624 suo,
1891 2586 1937 2616 vel
1957 2595 2016 2616 non
2037 2585 2146 2616 fuerant
2163 2584 2314 2615 deliberata
2327 2608 2338 2623 ,
2356 2583 2402 2615 vel

1340 2623 1487 2654 deliberata
1502 2610 1690 2661 postmodum
1704 2634 1753 2662 per
1768 2633 1863 2663 gentes
1873 2624 1927 2654 Avi
1943 2623 2072 2655 &Patris
2086 2622 2174 2666 nostri
2189 2623 2403 2666 praedictorum,

1340 2661 1450 2707 fuerant
1468 2663 1488 2681 *
1501 2662 1682 2731 giffeffi’&
1693 2662 1785 2693 adhuc
1801 2662 2008 2701 quamplurima
2023 2662 2058 2692 de
2074 2663 2220 2700 praemissis
2234 2661 2335 2692 nostro
2348 2671 2402 2692 no-

1375 2710 1421 2730 me
1435 2710 1500 2731 tene
1558 2709 1610 2731 tur.

1377 2739 1434 2769 No
1446 2749 1502 2777 que
1515 2740 1595 2777 requi
1608 2740 1688 2769 iverit
1702 2749 1741 2777 qu
1790 2763 1799 2776 ,
1813 2739 1890 2776 jmita
1914 2747 2026 2768 ormam
2060 2739 2068 2767 i
2100 2747 2125 2767 ae
2162 2747 2234 2775 acis,
2311 2748 2398 2769 ecun-

1342 2711 1373 2731 m
1435 2738 1451 2769 s
1597 2738 1614 2768 s
1742 2738 1796 2782 od.
1901 2737 1918 2767 f
1930 2777 1934 2781 Ι
2038 2737 2057 2768 d
2070 2738 2099 2768 ἃ·
2136 2737 2161 2767 Ρ
2198 2738 2204 2744 “
2252 2738 2287 2769 &
2300 2737 2318 2768 s

1337 2776 1979 2860 ξὲῗςὲῗῗῇειῖἒῂῗξἙῖῗῗεῖιῗξὲεὲξὸἶὲἒᾱ
1989 2775 2209 2859 ηξῧῗζὲἒὲὲῗες
2214 2776 2400 2860 ῗξέξςηῖιῗιζ

1336 2865 1366 2885 in
1387 2855 1541 2898 homagiis,
1560 2853 1649 2898 feodis
1671 2855 1705 2885 &
1727 2853 1884 2897 domatum,
1902 2852 2103 2897 hobedientiis,
2117 2852 2400 2898 juridictionibus&

1337 2889 2270 3001 ἓῖἒᾷῗἛξ’,ἓῗέςέξῗιῗξξῖῐέῗςὲἐῗὲᾚῑεἰξέἓῖἓὲἡὲῗιξῗρξέ
2279 2892 2404 2968 εἰὲῗὲῖ

1358 2971 1418 3001 retis
1433 2970 1519 2999 tribus
1535 2969 1703 3001 Civitatibus
1718 2971 1751 3001 &
1766 2968 1881 2999 Dioces.
1902 2970 2036 3012 tenebant
2055 2979 2105 3008 per
2126 2968 2309 3009 homagium,
2326 2977 2400 3000 tem-

1337 3019 1407 3048 pore
1419 3007 1502 3038 dietae
1516 3009 1590 3046 pacis
1625 3008 1712 3039 nichil
1727 3009 1908 3051 retineremus
1923 3008 1953 3037 in
1967 3016 2045 3038 terris
2058 3007 2215 3046 praedietis:

1374 3047 1505 3078 Necnon
1527 3032 1607 3085 quod
1619 3072 1629 3086 ‚
1655 3047 1691 3077 de
1712 3046 1794 3077 dinis
1815 3047 1990 3085 privrlegiatis
2004 3071 2014 3085 ,
2032 3046 2082 3076 fibi
2101 3046 2319 3077 deliberaremus
2336 3046 2400 3077 mos

1337 3086 1541 3126 privilegiatos,
1558 3086 1607 3123 qui
1627 3084 1721 3116 eidem
1740 3085 1815 3124 Regi
1836 3084 1965 3124 Angliae,
1981 3085 2028 3116 vel
2042 3084 2117 3115 Patri
2130 3084 2180 3115 suo
2192 3084 2397 3116 hobediverant

1377 3125 1400 3155 st
1421 3124 1527 3155 diist-am
1547 3133 1648 3162 pacem
1662 3148 1671 3161 ,
1694 3131 1740 3154 aut
1759 3125 1991 3154 reformationem
2013 3124 2090 3164 pacis
2104 3146 2114 3161 ,
2138 3125 2209 3153 inter
2228 3122 2398 3161 praediOEtum

1333 3136 1499 3194 &ominum
1520 3161 1634 3193 Patrem
1656 3161 1838 3206 nostrumss&
1859 3162 1950 3200 ipsum
1971 3161 2085 3201 Regem
2107 3160 2240 3205 Angliae,
2259 3161 2395 3206 Ambian.

1336 3202 1456 3271 flectam,
1472 3201 1625 3270 siefctgidum
1640 3208 1770 3231 tenorem
1782 3201 1922 3232 literarum
1936 3200 2014 3241 super
2034 3199 2286 3231 Reformationem
2306 3200 2398 3239 hujus-

1337 3251 1368 3271 m
1432 3250 1488 3270 con
1502 3250 1518 3270 e
1548 3249 1636 3270 arum.

1371 3279 1465 3317 Item,
1491 3278 1570 3316 quod
1601 3278 1663 3308 hob
1701 3278 1811 3308 'entiam
1832 3287 1946 3316 tempor
1971 3278 2042 3308 itaus
2082 3278 2087 3282 '
2120 3287 2145 3308 ae
2165 3285 2248 3308 terrae
2300 3285 2396 3308 anton.

1664 3276 1707 3308 edi
1946 3277 1969 3308 al
2021 3277 2027 3283 ‘
2060 3276 2120 3307 dist
2267 3277 2300 3308 X

1335 3318 1405 3349 ultra
1420 3318 1530 3348 flumen
1545 3316 1700 3348 Caranton.
1716 3318 1745 3347 in
1761 3316 1882 3355 personis
1895 3317 1929 3348 &
1943 3317 2025 3346 rebus
2040 3314 2242 3347 Ecclesiasticis
2262 3317 2296 3347 &
2317 3316 2396 3347 secu-

1335 3357 1452 3394 laribus,
1470 3365 1585 3386 necnon
1607 3357 1640 3387 &
1660 3355 1710 3385 alia
1729 3355 1828 3393 feoda,
1847 3356 1880 3386 &
1894 3353 2071 3392 retrofeoda,
2088 3354 2191 3385 Terrae
2206 3354 2396 3385 Xantonensis

1335 3395 1494 3434 praedietae,
1514 3393 1562 3424 fibi
1578 3393 1794 3425 deliberaremus
1805 3393 1839 3424 ad
1854 3393 1972 3432 plenum
1983 3394 2018 3424 &
2030 3392 2067 3423 de
2077 3393 2197 3424 alienatis
2205 3403 2272 3431 ,per
2285 3392 2394 3423 diritum

1334 3434 1484 3465 Comitem
1505 3432 1657 3470 Pictaviae,
1675 3433 1711 3463 de
1733 3432 1808 3463 dista
1829 3440 1901 3462 terra
1924 3431 2053 3463 Xanton.
2073 3431 2139 3469 post
2158 3433 2280 3471 primam
2293 3439 2394 3469 pacem

1333 3472 1513 3515 praedi&ffl3‚
1534 3471 1583 3501 sibi
1597 3479 1765 3509 competens
1777 3471 1935 3515 scambium
1949 3471 2114 3514 faceremus.
2151 3508 2157 3514 .
2229 3508 2236 3514 ⁶
2344 3506 2349 3511 .

1372 3511 1441 3542 Nos
1459 3511 1558 3549 igitur,
1578 3509 1704 3540 volentes
1726 3509 1889 3554 praedidtam
1911 3518 2012 3547 pacem
2031 3518 2060 3537 in
2076 3508 2210 3552 omnibus
2227 3505 2395 3552 integraliter

1334 3550 1504 3616 observareb,
1518 3548 1652 3616 volumtas
1661 3548 1703 3616 {Sc
1725 3549 1910 3616 ctffcedimus
1926 3545 2349 3614 quodd(ketxcelptis'privsi3lregiatisi
2358 3554 2389 3575 in

1334 3599 1404 3656 ἓξὲξ
1417 3587 1619 3668 ’ὲὶῃέἓὲεὲῗὲ
1636 3596 1752 3669 ὲξρὲῗηι
1773 3585 2044 3669 Ξὲἇῗέζῖἕὲῗῆὲ)
2059 3592 2235 3666 Smiigfaffi',
2253 3592 2342 3664 ἐξὲξ
2364 3621 2386 3665 is

1332 3665 1366 3695 &
1390 3651 1558 3702 DomaniiS,
1577 3663 1711 3708 Allodiis,
1725 3663 1976 3707 Jundiffiombus,
1994 3659 2179 3705 hobedientus
2201 3660 2235 3690 &
2255 3658 2312 3702 aliis
2326 3669 2390 3697 qui-

1333 3703 1498 3739 buscunque
1510 3701 1703 3740 consistentia,
1743 3712 1786 3732 uae
1798 3702 1860 3732 sunt
1871 3711 1900 3731 in
1914 3701 2001 3731 tribus
2014 3698 2182 3742 Civitatibus
2196 3698 2230 3728 δε
2253 3695 2343 3742 Dioc.
2358 3698 2393 3729 δε

1332 3741 1485 3808 specialiter
1499 3740 1659 3785 obedientia
1668 3739 1708 3809 lde
1720 3713 1910 3809 gffnzlssmg’
1928 3738 2115 3805 delibereigttur
2127 3735 2207 3766 dicto
2229 3734 2306 3775 Regi
2328 3734 2393 3767 An-

1364 3789 1398 3808 iae
1455 3787 1668 3809 uantuminno
1689 3789 1741 3809 ise
1777 3803 1786 3816 ,
1851 3789 1866 3808 a
1900 3787 1953 3807 nos
2001 3785 2099 3812 rtm3

1371 3816 1443 3846 Hoc
1457 3817 1532 3847 salvo
1544 3817 1639 3856 quod,
1653 3818 1689 3855 fi,
1705 3817 1741 3847 de
1755 3816 1837 3847 dietis
1854 3815 2043 3854 privilegiatis,
2069 3851 2074 3856 Π
2089 3813 2145 3849 ‘qui
2194 3820 2211 3840 e
2229 3819 2394 3843 retornave-

1333 3788 1353 3818 g
1406 3802 1415 3816 a
1434 3789 1453 3817 <1
1965 3787 2000 3815 Pe
2062 3812 2095 3842 ah
2138 3810 2163 3840 ,ἀ
2184 3809 2201 3840 s

1331 3855 1432 3900 rint-ad
1450 3855 1480 3885 R
1515 3865 1564 3898 *em
1580 3856 1708 3900 Angliae,
1726 3855 1813 3899 usque
1824 3856 1858 3885 ad
1872 3863 1972 3897 pacem
1986 3851 2119 3893 Ambian.
2135 3848 2239 3879 saetam
2249 3872 2259 3888 ,
2275 3851 2322 3880 vel
2336 3850 2396 3881 ho-

1330 3864 1571 3938 bedierantegicto
1592 3894 1668 3934 Regi
1690 3894 1802 3933 Angliae
1821 3892 1866 3925 vel
1887 3891 1962 3922 Patri
1980 3890 2047 3926 suo,
2063 3886 2136 3925 ipsos
2157 3887 2191 3919 &
2211 3896 2338 3920 tenentes
2355 3889 2394 3920 ab

1330 3932 1393 3971 ipsis
1407 3932 1621 3964 deliberaremus
1635 3931 1744 3969 eidem3

1367 3970 1495 4003 Retento
1508 3979 1602 4003 tamen
1616 3971 1699 4004 nobis
1709 3970 1792 4002 omni
1806 3978 1845 4000 eo
1860 3965 1957 4006 quod,
1974 3963 2040 4005 post
2059 3965 2180 4006 primam
2200 3973 2323 4005 pacem,
2335 3972 2393 4035 1353

2166 2007 2210 2046 egi
2225 2005 2335 2044 Angliae
2340 2015 2407 2036 om-
2423 2004 2482 2034 tico.

2420 2687 2552 2725 *ΙΙ-3η·
