2570 4261
280 127 354 162 162

137 238 213 271 Ann.
223 237 265 268 D.

138 277 246 347 2¹29&
286 294 475 325 Renuntiatio
500 293 557 336 Epi
573 291 632 335 copi
661 287 842 335 Glasgueffs
867 287 902 319 de
929 285 1180 333 C⁰nfoed⁰⁴r²ti⁰n⁶
1197 313 1207 329 ²
1247 286 1338 331 fagia

160 330 204 345 au.
228 328 251 344 ι.
646 347 716 368 cnm
735 339 811 384 Rege
830 338 971 370 Franciae.

138 428 190 451 An.
209 433 252 457 ²4·
286 423 348 483 IN
363 422 496 452 Nomine
511 421 652 459 Domini,
669 420 772 451 Amen.
1186 458 1191 461 ι

140 468 169 490 E.
193 473 215 489 ι.
353 462 440 490 Anno
459 461 472 489 Ξι
492 459 645 490 Nativitate
663 459 787 497 ejusdem
806 458 955 489 millesimo
973 456 1167 499 ducentesimo
1191 456 1340 496 nonagesi-

140 505 180 527 ξπ
201 501 269 534 ovi‘g.
285 509 334 530 rno
352 499 444 536 sexto,
463 498 624 528 indictione
639 508 714 528 nona
727 522 737 536 ,
761 497 944 535 MensisJulii
957 497 1002 527 die
1018 498 1156 528 VlceilmO
1177 495 1270 532 seXto,
1288 504 1339 537 ye-

140 541 267 565 swen—
284 537 409 567 nerabil'is
424 538 453 566 in
470 535 589 567 Christo
606 535 687 567 Pater
702 536 848 566 Dominus
863 535 1022 573 Robe'rtus,
1042 533 1221 571 permissione
1235 532 1341 575 divina,

139 586 234 603 memr-
286 575 458 605 Giascuenlis
473 574 647 617 Episcopus,
665 574 700 605 ad
715 574 820 612 fidem,
838 574 1014 605 voluntatem
1031 575 1064 603 ὅ(
1080 582 1179 610 pacem
1202 571 1340 613 nobihssi-

286 615 326 643 ini
347 613 499 652 Principis,
519 612 643 643 Domini
666 612 817 650 Edwardi,
834 613 893 642 Dei
914 611 999 649 gratia
1014 633 1024 647 ,
1042 609 1149 641 illustris
1174 610 1262 646 Regis
1279 610 1341 640 An-

284 652 346 691 gli-„e
371 651 489 682 existens
503 674 513 690 ,
537 651 795 690 conitederationes
809 673 819 689 ,
843 650 1004 681 contianus
1018 671 1027 685 ‚
1053 650 1257 689 conventiones
1270 670 1280 685 ,
1306 649 1340 678 &

284 690 382 729 pafta,
400 699 584 728 quocumque
601 691 719 720 nomine
739 689 916 726 censeantur,
936 688 954 718 si
976 696 1041 725 quae
1061 697 1204 725 unquam,
1222 689 1271 729 luo
1287 695 1342 716 no-

284 730 365 758 mine
383 729 427 759 vel
449 728 602 765 consensu,
621 729 708 758 tacito
730 728 776 758 vel
791 727 938 765 expresso,
957 735 1025 756 cum
1041 723 1175 755 Domino
1190 725 1339 765 Philippo,

285 766 343 797 Dei
356 767 441 806 gratia
454 768 534 806 Rege
550 767 742 804 Francorum,
758 774 858 796 contra
871 765 982 796 dicium
1003 764 1118 801 Regem
1139 763 1250 803 Angli-re
1271 773 1339 806 qua-

284 805 462 843 litercunque
476 807 550 835 initae
565 804 730 842 extitiffent,
748 813 882 842 quatenus
897 805 925 833 in
939 802 964 832 se
979 802 1048 845 fuit,
1067 803 1101 833 ὃς
1116 802 1205 840 ipsum
1226 811 1339 843 contin-

285 846 404 882 ⁰ebant,
422 846 450 873 in
472 843 616 881 prresentizi
634 844 707 881 mei,
726 843 842 873 Notarii
864 842 1044 879 infrascripti,
1063 842 1097 872 &
1118 840 1252 871 Testium
1274 841 1339 871 iub-

285 868 453 919 scriptorum
462 904 470 919 ,
489 882 522 911 ad
537 882 594 912 hoc
607 891 776 912 vocatorum
789 881 939 919 specialiter
953 881 986 910 δε
999 888 1162 919 rogatorum
1171 902 1181 918 ,

324 920 484 951 Revocavit
499 921 607 958 penitus
621 921 655 951 ὃς
667 920 822 959 annulavit,
841 920 873 950 δε
888 918 1008 955 eisdem,
1025 919 1072 957 vi,
1089 918 1190 948 formae
1213 917 1247 948 δε
1269 916 1340 947 effe-

287 959 344 989 c'tui
358 958 519 989 earumdem
530 981 539 997 ,
559 968 692 996 quatenus
706 959 742 988 de
755 959 831 989 facto
845 957 1053 996 proceffiaerum,
1073 966 1140 987 curn
1153 957 1234 987 omni
1256 965 1342 985 com—-

287 997 378 1027 modo
400 997 477 1035 quod
497 997 600 1027 exinde
622 997 672 1027 libi
687 998 790 1035 poterit
805 996 1025 1034 quomodolibet
1039 996 1207 1033 provenire,
1225 994 1342 1034 sponte,

285 1037 355 1074 pure
369 1037 534 1067 renuntiavit
547 1037 580 1066 &
594 1036 716 1065 absolute
723 1058 733 1074 ,
750 1035 893 1073 expresse,
911 1043 1018 1073 organo
1034 1035 1112 1064 vocis
1126 1034 1196 1064 suae:

320 1074 357 1104 Et
380 1075 506 1112 inspeetis
527 1074 701 1104 sacrosanctis
725 1076 758 1104 &
779 1074 906 1104 osculatis
928 1073 986 1105 Dei
1008 1071 1186 1110 Evangeliis,
1204 1072 1233 1102 in
1246 1071 1342 1102 forma

284 1113 452 1152 subscripta,
470 1113 632 1144 fidelitatem
646 1113 713 1143 fecit
727 1112 861 1145 Domino
877 1113 953 1148 Regi
978 1110 1088 1151 Angliae
1112 1119 1288 1154 memorato,
1307 1111 1341 1141 &

287 1151 366 1189 super
379 1152 508 1182 fidelitate
519 1151 582 1189 sui,
601 1151 637 1182 sic
653 1150 781 1190 facta,&
794 1151 948 1189 corporalis
960 1150 1078 1181 vinculo
1085 1148 1240 1188 Juramenti
1253 1149 1343 1179 robo-

285 1189 362 1228 raca,
379 1189 436 1220 suas
450 1199 573 1231 patentes
586 1189 652 1220 fecit
665 1190 770 1228 literas,
788 1190 838 1221 sub
851 1190 970 1220 nomine
990 1187 1040 1220 suo
1060 1197 1229 1227 conceptaS,
1248 1188 1343 1226 suique

287 1229 362 1269 {igini
381 1229 556 1266 impiet'iione
570 1227 708 1267 pendente
723 1228 854 1268 signatas,

324 1268 457 1307 Qiarum
471 1269 500 1297 in
515 1268 646 1298 omnibus
655 1290 665 1306 ,
682 1267 714 1297 &e
726 1277 776 1305 per
789 1267 888 1298 omnia
902 1275 983 1296 tenor
999 1264 1039 1296 est
1052 1265 1121 1297 talis.

354 1344 445 1374 Touz
456 1353 527 1374 ceux
536 1344 600 1383 ,qui
615 1343 702 1374 cestes
716 1343 851 1382 presentes
863 1343 955 1377 lettres
966 1351 1082 1374 verront
1097 1353 1138 1375 ou
1150 1350 1250 1374 orront
1259 1342 1341 1381 ,Ro-

368 1383 500 1420 bert,par
514 1383 539 1412 la
553 1383 711 1413 souffrance
726 1383 801 1413 Dieu
906 1381 1015 1420 Evesqe
1030 1382 1065 1412 de
1079 1381 1203 1419 Glasgu,
1220 1381 1302 1411 saluz.

328 1419 383 1450 Pur
404 1431 438 1451 ce
460 1431 515 1460 que
536 1431 606 1451 nous
629 1422 716 1452 sumes
734 1430 831 1452 venuz
851 1421 904 1451 ala
919 1421 959 1451 foi
973 1422 1006 1452 δε
1020 1421 1045 1451 la
1055 1420 1173 1452 volume
1184 1424 1222 1451 du
1235 1420 1341 1450 tresno-

287 1457 334 1488 ble
491 1459 610 1497 Prince,
629 1460 724 1490 nostre
743 1461 819 1491 cheri
834 1459 970 1499 Seigneur
1014 1458 1154 1497 Edward,
1173 1469 1220 1497 par
1238 1459 1262 1488 la
1280 1468 1342 1498 gra-

289 1496 382 1540 ce'de
405 1497 500 1537 Dieu,
519 1498 580 1528 Roi
600 1498 805 1538 d'Engleterre,
823 1498 956 1538 Seigrieur
973 1483 1111 1536 d’irland,
1129 1500 1163 1529 &
1179 1497 1261 1528 Ducs
1270 1498 1343 1529 d'A-

289 1544 427 1574 quitaine,

325 1574 413 1605 Nous
435 1583 612 1612 promettons
630 1586 681 1614 pur
702 1586 790 1614 nouS,
803 1577 837 1606 &
854 1585 906 1613 pur
918 1585 970 1605 nos
986 1574 1184 1612 Successours,
1202 1574 1246 1605 sur
1260 1575 1342 1612 peine

285 1611 321 1642 de
332 1623 417 1681 corrps
431 1614 465 1654 (5(
481 1612 517 1644 (16
531 1614 638 1652 Avoir,
657 1626 672 1646 e
687 1615 728 1645 sur
741 1623 826 1653 quant
840 1624 895 1652 que
907 1624 978 1644 nous
992 1613 1115 1651 pniffons
1126 1623 1268 1652 encoure,
1287 1623 1343 1651 que

287 1661 358 1681 nous
391 1653 397 1681 i
424 1653 560 1682 (ervirons
581 1653 645 1683 bien
668 1654 701 1684 δε
721 1653 875 1683 loiaument
887 1661 988 1683 contre
1002 1662 1073 1682 tores
1088 1661 1193 1690 gentz,
1211 1653 1259 1690 qui
1274 1661 1342 1689 por-

289 1699 356 1720 ront
371 1692 450 1720 vivre
464 1691 498 1721 ὃ(
512 1692 618 1730 morir,
627 1700 698 1722 totes
711 1692 748 1722 les
764 1691 824 1722 foiz
838 1701 891 1729 quc
907 1700 978 1721 nous
986 1691 1092 1721 serrons
1101 1693 1208 1729 rcquis,
1227 1700 1266 1720 ou
1280 1699 1342 1730 gar-

290 1730 339 1797 fiir⁴
352 1729 388 1760 de
404 1739 452 1767 par
462 1729 559 1761 nostre
566 1729 701 1769 Seigneur
715 1731 741 1761 le
756 1730 816 1761 Roi
829 1729 1019 1768 d'Engleterre
1032 1729 1174 1767 avantdit,
1185 1739 1225 1760 ou
1238 1738 1286 1767 par
1293 1730 1342 1761 seis

312 1777 378 1797 eirs:

327 1805 363 1835 Et
379 1805 443 1836 lour
455 1806 570 1847 damage
583 1808 648 1837 nule
661 1815 721 1845 part
733 1817 770 1838 ne
782 1807 893 1838 saurons
901 1830 910 1844 ‚
929 1816 983 1844 que
998 1816 1069 1837 nous
1082 1805 1129 1838 vel
1142 1805 1342 1837 destorberons

286 1853 302 1873 a
316 1852 359 1874 tot
375 1844 471 1876 nostre
482 1855 568 1884 poer,
585 1848 616 1877 ὃ(
632 1847 724 1877 lelour
737 1846 851 1877 faceons
862 1846 989 1876 assavoir.

325 1881 362 1913 Et
383 1893 438 1921 que
458 1893 530 1915 nous
552 1895 590 1914 ne
611 1884 718 1915 ieri-ons
738 1895 773 1914 en
792 1884 870 1922 aide,
886 1894 922 1914 ne
943 1894 978 1913 en
1001 1882 1121 1922 consail,
1139 1893 1179 1914 ou
1193 1882 1279 1914 chose
1292 1882 1343 1914 soit

287 1921 379 1960 parlee
414 1922 548 1961 acor-dee,
566 1932 603 1952 ne
616 1923 795 1961 compaffee,
831 1924 859 1953 ui
870 1922 960 1961 puiss'e
975 1931 1071 1953 torner
1084 1931 1100 1951 a
1120 1921 1256 1960 damage,
1274 1931 1310 1953 ne
1328 1933 1343 1954 a

289 1959 357 2002 peril
373 1944 408 1990 ese
422 1970 507 1999 eaux,
523 1972 560 1992 ne
571 1961 610 1992 du
624 1961 767 1992 Roiaume
780 1962 806 1992 d’
835 1962 972 2001 ngleterre
983 1959 1115 1991 avantdit.

325 1997 380 2036 Lr,
398 2009 413 2028 a
434 1998 522 2031 cestes
542 2000 640 2037 choses
663 2002 734 2031 tenir
754 2002 788 2032 ὅ(
808 2000 905 2038 garder
920 2023 930 2038 ,
946 1999 1096 2036 obligeons
1115 2008 1188 2029 nous
1201 2021 1217 2040 ,ι
1229 1999 1263 2030 &
1285 2008 1345 2030 noz

288 2035 487 2077 siicceffours,
505 2039 538 2069 &
560 2046 631 2069 touz
650 2049 702 2070 nos
723 2040 819 2077 biens,
836 2048 873 2069 en
885 2046 973 2077 quant
988 2047 1044 2075 que
1055 2046 1126 2068 nous
1138 2038 1262 2076 puissons
1270 2039 1344 2077 jam-

291 2084 350 2105 mes
367 2076 486 2106 forfairc.
896 2098 899 2099 γ

329 2113 384 2152 Et,
401 2123 482 2145 outre
497 2125 545 2153 ce,
562 2126 649 2146 avons
658 2116 738 2154 jurez
753 2116 796 2146 sur
812 2115 908 2146 seintes
923 2114 1096 2154 Evangeiles.

327 2151 374 2181 En
388 2152 616 2196 Tesmoignance
630 2154 666 2184 de
678 2165 752 2192 queu
767 2155 853 2185 chose
867 2164 937 2185 nous
953 2163 1040 2184 avons
1056 2153 1103 2185 fait
1115 2152 1182 2184 faire
1193 2151 1282 2184 cestes
1295 2151 1347 2184 let-

289 2197 345 2221 tres
358 2200 486 2230 overtes,
504 2192 600 2222 iealees
610 2193 646 2223 de
660 2192 755 2224 nostre
768 2192 827 2223 sml.

331 2266 411 2297 Don.
431 2278 446 2298 a
465 2268 560 2307 Elgyn
575 2293 584 2307 ,
610 2280 646 2300 en
671 2268 808 2307 Morref,
832 2268 858 2299 le
883 2270 944 2299 vint
969 2269 1002 2300 &
1028 2267 1105 2300 sisme
1126 2270 1190 2308 jour
1208 2267 1244 2299 de
1255 2268 1322 2309 Juyl
1336 2293 1346 2308 ,

290 2304 521 2382 {anqdlssrssegne
540 2307 636 2338 nostre
651 2308 784 2347 Seigneur
801 2308 827 2338 le
842 2307 909 2348 Roy
922 2306 1111 2346 d'Engleterre
1129 2306 1266 2346 avantdit,
1285 2309 1346 2338 vint

315 2419 397 2463 ὁΑέὶ.
419 2422 492 2459 apud
514 2421 625 2463 Elgyn,
643 2423 671 2454 in
689 2422 838 2462 Moreina,
856 2422 962 2461 Anno,
981 2422 1155 2461 India-Ilione,
1174 2421 1294 2462 Mense,
1311 2422 1345 2454 &

293 2457 338 2489 die
351 2463 520 2497 praenotatis.

146 2556 163 2572 a
174 2557 277 2591 11422·
695 2539 714 2558 ³*
734 2537 918 2570 Praesentibus
925 2562 934 2576 ,

329 2612 486 2644 Venerabili
507 2614 535 2644 in
556 2613 675 2645 Christo
698 2614 779 2646 Patre
802 2614 936 2645 Domino
950 2616 1091 2654 Antonio,
1107 2614 1288 2654 permissione
1301 2613 1343 2645 di-

366 2652 432 2684 vinsl
440 2675 450 2692 ‚
469 2652 639 2693 Dunelmensz
654 2655 777 2695 Episfopo
785 2665 793 2681 .-

587 2728 633 2760 ΑΕ
645 2729 804 2760 Nobilibus
819 2728 893 2760 Viris
908 2729 1059 2769 Dominis,

290 2803 424 2880 {ohanne
436 2806 468 2835 de
479 2805 620 2845 Hastinges
627 2828 637 2844 ‚

318 2843 421 2872 ohanne
433 2845 518 2874 lVake
525 2868 534 2883 ‚

292 2883 374 2912 Petro
387 2883 482 2912 corbet
490 2906 500 2922 ,

836 2805 949 2834 Roberto
960 2805 991 2834 a'e
1003 2804 1116 2844 Hilton,
1134 2804 1172 2839 ὠ

838 2842 985 2873 Willielmo
999 2844 1138 2884 Sampfhn,
1157 2843 1325 2881 Barom'bus5

296 2957 462 3033 plffiiefflgus
480 2959 514 2990 ad
530 2959 593 2990 haec
613 2960 720 2991 vocatis
738 2959 887 2999 specialiter
910 2959 943 2991 ὃς
958 2960 1076 3000 rogatis,
1091 2969 1159 2990 cum
1173 2959 1229 2990 aliis
1244 2967 1344 2997 quam-

537 3124 610 3168 Regi
630 3124 850 3165 Romanorum,
877 3122 912 3155 de
933 3120 1102 3154 Credentia.

150 3221 215 3253 ΑἿΠ
238 3221 269 3252 D
296 3204 505 3264 MAgnifico
527 3205 667 3243 Principi,
685 3206 818 3237 Domino
839 3208 874 3237 A.
897 3207 954 3237 Dei
973 3206 1077 3247 gratit‘i,
1095 3204 1174 3243 Regi
1191 3205 1344 3237 Romano-

179 3244 184 3251 *
220 3247 244 3289 '6
273 3246 279 3252 '
390 3254 453 3274 rum
468 3244 577 3281 illustri,
597 3244 702 3281 semper
716 3245 862 3284 Augusto,
881 3247 974 3276 amico
989 3246 1038 3276 suo
1048 3244 1207 3283 karissimo,
1227 3244 1344 3277 Edwar-

162 3271 231 3327 41,292
249 3285 254 3290 '
294 3284 360 3320 dus,
379 3283 440 3312 &c.
456 3282 569 3312 salutem
584 3284 617 3312 ὃς
632 3283 738 3313 soelices
753 3284 785 3313 ad
801 3293 867 3314 vota
881 3283 1027 3315 successus.

149 3318 182 3364 Ξ
196 3321 211 3363 '¹
235 3310 261 3335 4'
332 3321 408 3360 Qua
421 3321 526 3351 dileetio
541 3321 574 3350 &
589 3319 662 3350 fideli
676 3321 774 3351 nostro
789 3323 891 3352 Ottoni
904 3323 939 3352 de
954 3321 1150 3359 Grandisono,
1169 3321 1250 3351 latori
1271 3332 1345 3359 prae-

150 3360 194 3401 R„
220 3359 278 3403 'Ale-
295 3359 430 3397 sentium,
448 3358 578 3397 quaedarn
596 3359 763 3397 injunximus
783 3362 883 3400 vobis,
901 3370 934 3391 ex
955 3370 1030 3398 parte
1043 3358 1156 3397 nostra,
1174 3362 1248 3391 vivae
1262 3362 1344 3391 vocis

199 3397 204 3402 '
295 3398 412 3428 oraculo
426 3397 578 3428 intimanda
586 3419 595 3434 ,

149 3423 218 3477 Ξ-Μηῐ
238 3423 282 3481 ²7ss
332 3436 533 3466 Excellentiam
545 3434 666 3466 vestram
678 3435 833 3465 affectuose
849 3438 1016 3474 requirimus
1029 3436 1062 3467 ὃ(
1083 3445 1230 3474 rogamus,
1248 3443 1343 3474 quate-

156 3489 197 3514 ,6¹
216 3489 241 3515 Α
275 3474 280 3479 “
295 3484 345 3504 nus
360 3474 452 3505 eidem
466 3474 569 3504 Ottoni
582 3475 611 3502 in
627 3474 692 3511 hiis,
710 3484 773 3512 quae
788 3476 869 3504 vobis
883 3485 917 3504 ex
932 3484 1007 3512 parte
1021 3474 1115 3505 nostra
1127 3474 1237 3505 duxerit
1255 3484 1342 3512 expo-

295 3512 400 3551 nenda,
418 3512 508 3543 velitis
525 3512 611 3541 fidem
624 3512 765 3542 credulam
779 3512 919 3543 adhibere.

332 3586 399 3618 Dat.
412 3587 485 3626 apud
498 3587 684 3627 Berewycum
697 3588 774 3626 super
787 3588 945 3627 Twedam,
964 3598 1010 3628 25.
1024 3589 1069 3620 die
1085 3587 1212 3627 Augusti.

153 3729 228 3759 Ann-
243 3728 284 3759 D.
299 3711 400 3744 Litora
418 3712 454 3745 cle
470 3711 850 3759 Fidelitate’Epis'coporum
865 3714 900 3747 de
922 3716 1032 3760 Glascu
1044 3742 1054 3758 ‚
1079 3714 1114 3749 de
1133 3711 1274 3748 Aberden
1302 3715 1339 3751 ὠ

176 3768 258 3805 1296.
665 3761 700 3794 de
719 3761 856 3795 candida
878 3764 965 3809 Caſsi.

152 3811 195 3870 ἔῃ
201 3815 236 3869 ¹1?
240 3816 267 3840 4·
357 3841 445 3886 Touz
458 3855 537 3883 ceus,
554 3855 589 3882 qe
605 3845 692 3876 cestes
706 3845 798 3876 lettres
811 3856 925 3891 ver-ront
939 3849 972 3879 ὅ(
985 3856 1100 3886 οιτοῃπ,
1222 3845 1343 3878 Roberd

373 3880 669 3952 egessisse
686 3921 755 3953 case
772 3884 967 3952 fig-’ime
981 3885 1155 3917 «ΑΜ
1257 3884 1344 3915 Μ

154 3929 224 3983 Pegnes
231 3960 281 3983 Ca-
333 3953 391 3984 Por
407 3965 441 3986 ce
455 3966 490 3994 qe
505 3968 576 3988 nous
588 3933 676 3990 sumgs
689 3945 782 3990 venu⁷z
796 3970 811 3991 a
823 3932 903 3991 izizsoi
917 3962 950 3994 ὃς
965 3973 980 3995 a
996 3963 1021 3994 la
1035 3962 1171 4000 voluntey
1184 3959 1223 3991 du
1239 3960 1346 3992 tresno-

154 4003 246 4021 efferar.
293 3991 338 4023 ble
353 3991 475 4031 Prince,
493 3995 585 4026 nostre
599 3997 665 4028 cher
679 3998 815 4038 Seignur‚
833 3999 902 4038 Syre
1032 3999 1173 4039 Edwatd,
1189 4008 1238 4040 par
1252 3998 1346 4038 lagra-

723 112 1523 165 CONVENTIONES,

1580 112 1977 159 LITERAE‚

1378 208 1412 229 ce
1421 197 1462 242 *de
1477 198 1562 243 Deu,
1579 198 1645 237 Rey
1659 197 1871 238 d’Engleterre‚
1889 197 2030 238 Seigneui’
2042 196 2219 237 d’Irlaunde,
2237 208 2255 229 e
2267 197 2340 231 Duk
2353 199 2438 231 deA-
2457 206 2570 241 Anam

1378 246 1708 316 fluffggsepromettoms
1723 285 1776 313 pur
1790 285 1878 314 nous,
1896 285 1913 304 e
1928 284 1980 312 pur
1997 284 2049 304 nos
2073 273 2272 314 Smeeffours,
2288 275 2333 306 sur
2353 278 2436 315 peine
2454 249 2570 318 133395]

1379 313 1414 343 de
1428 313 1519 352 Cors,
1537 324 1553 344 e
1563 314 1600 343 de
1615 313 1714 353 Avoyr
1722 335 1733 352 ,
1750 315 1783 344 &
1795 314 1838 344 sur
1853 323 1927 352 quan
1943 323 1979 352 qe
1993 323 2066 344 nous
2079 312 2197 351 poffuns
2221 324 2365 353 encoure,
2379 326 2436 353 que
2562 320 2565 321 ’

1379 361 1451 382 nous
1463 352 1483 382 li
1496 352 1651 389 servimus,
1669 353 1735 382 bien
1750 353 1783 382 ὃ(
1797 352 1956 390 lenument,
1971 360 2072 382 contre
2089 360 2161 382 totes
2177 361 2248 389 gens
2254 362 2309 391 ‚qe
2320 362 2437 391 portent

1380 391 1461 420 vivre
1482 392 1515 421 ὃ(
1538 392 1626 420 morir
1641 412 1650 428 ,
1669 399 1743 422 totes
1763 391 1802 420 les
1821 390 1884 429 foys
1905 400 1941 427 qe
1961 400 2032 420 nous
2050 390 2156 420 serrons
2174 393 2281 428 requis,
2301 401 2318 421 e
2336 400 2437 432 garnys

1379 428 1417 495 (ὲε
1438 438 1485 465 par
1506 428 1602 459 nostre
1616 428 1750 468 Seigneur
1767 429 1793 459 le
1813 428 1876 459 Roi
1899 428 2091 466 d’Engleterre
2109 429 2250 468 avantdit,
2268 440 2306 460 ou
2325 440 2373 467 par
2387 431 2438 461 seis

1419 476 1464 496 rs:

1407 476 1442 534 yE
1461 513 1496 543 qe
1509 515 1581 543 nous
1596 505 1660 535 lour
1674 504 1755 535 dama
1774 515 1791 536 e
1806 514 1844 535 ne
1859 505 2004 543 saverons,
2022 514 2078 543 que
2091 514 2165 536 nous
2178 505 2225 538 vel
2246 505 2437 539 destourbons

1380 553 1396 573 a
1411 551 1453 573 tut
1467 543 1564 573 nostre
1578 554 1665 581 poer,
1683 545 1716 574 &
1729 544 1756 574 16
1781 554 1816 585 uy
1832 544 1947 574 faceons
1961 543 2075 574 asavoir.
2126 549 2128 551 ’

1416 580 1460 620 E,
1478 592 1492 611 a
1515 581 1604 612 cestes
1628 581 1724 612 choses
1743 590 1823 622 tenyr
1835 591 1851 612 e
1864 582 1978 622 gardyr,
1995 591 2067 612 nous
2079 581 2212 621 obligons
2223 593 2314 624 nous,
2331 586 2365 618 ὃ(
2381 595 2438 617 nos

1379 618 1564 651 Successours
1572 643 1582 659 ,
1599 630 1615 650 e
1629 629 1679 651 tuz
1688 629 1739 650 nos
1754 621 1831 652 bens.

1418 657 1459 696 E,
1478 668 1559 689 outre
1572 669 1624 697 ce,
1642 667 1730 689 avons
1741 660 1820 699 jurey
1834 659 1878 689 sur
1890 658 2004 696 Seyntes
2019 657 2212 699 Ewangeyles.

1417 696 1498 727 Estre
1521 707 1574 728 ceo
1594 707 1667 728 nous
1679 706 1759 735 tous,
1776 700 1810 728 &
1824 698 1955 728 checoun
1971 696 2008 728 de
2024 708 2094 728 nous
2110 708 2183 736 pour
2196 697 2260 739 sey,
2273 709 2365 732 avons
2378 700 2439 742 feyt

1377 734 1488 774 feyaute
1500 745 1516 766 a
1532 735 1628 766 nostre
1642 736 1776 776 Seigneur
1789 736 1814 766 le
1828 735 1896 775 Roy
1908 736 2031 768 avantdit
2043 747 2080 766 en
2095 736 2183 767 cestes
2197 737 2315 775 paroles.

1413 811 1449 848 Je
1461 812 1533 850 seray
1547 811 1599 842 feal
1614 822 1630 842 e
1643 811 1709 850 leal,
1725 822 1742 842 e
1753 811 1803 851 foy
1813 822 1844 850 ‚e
1856 811 1925 842 lente
1941 820 2067 850 porteray
2081 823 2116 844 au
2130 813 2198 853 Roy
2213 814 2355 854 Edward,
2364 814 2435 856 Roy

1379 849 1593 889 d’Engleterre,
1617 861 1633 880 e
1644 861 1659 881 a
1672 851 1711 880 ses
1720 850 1813 889 Heyrs
1821 873 1832 890 ,
1851 850 1955 888 devie,
1970 860 1987 880 e
2000 850 2037 880 de
2053 853 2193 883 membres
2201 854 2248 891 ,ἃ
2264 853 2299 883 de
2312 855 2435 885 Terrein

1381 888 1513 927 honour,
1529 898 1629 919 contre
1642 897 1716 919 tores
1727 899 1794 928 gens
1809 899 1845 927 qe
1857 897 1976 927 porrunt
1991 889 2071 919 vivre
2085 900 2124 919 ou
2140 893 2238 921 morir:

1419 926 1444 956 E
1459 927 1564 967 jamays
1586 937 1639 965 pur
1660 928 1727 968 nuly
1747 937 1838 957 armes
1857 937 1893 957 ne
1913 936 2059 966 porteray,
2078 937 2115 957 ne
2134 929 2262 969 conseyl,
2279 940 2315 961 ne
2335 929 2434 973 Eyde,

1382 975 1419 996 ne
1431 965 1518 1010 serray
1535 975 1638 996 contre
1650 965 1714 1005 luy,
1731 975 1768 996 ne
1781 973 1881 997 contre
1895 965 1933 997 ses
1948 965 2060 1005 Heyrs,
2077 976 2114 996 en
2127 966 2178 997 nul
2191 977 2236 998 cas
2251 979 2305 1007 que
2317 980 2385 1008 peut
2405 982 2436 1001 a-

1378 1013 1478 1035 venir:

1419 1042 1444 1072 E
1460 1043 1600 1074 leaument
1615 1042 1832 1081 reconusteray,
1849 1053 1865 1072 c
1878 1042 2020 1073 leaument
2032 1042 2090 1082 fray
2104 1043 2142 1074 les
2152 1043 2288 1084 services,
2303 1056 2339 1085 qe
2358 1057 2437 1087 apar-

1382 1088 1479 1112 tenent
1491 1092 1518 1112 as
1530 1080 1678 1112 tenemens
1694 1091 1730 1119 qe
1738 1082 1766 1119 je
1780 1082 1872 1120 cleym
1888 1090 1968 1121 tenyr
1983 1080 2019 1111 de
2033 1082 2078 1122 ly,

1421 1120 1453 1151 Si
1467 1120 1535 1151 Deu
1550 1130 1597 1151 me
1611 1120 1681 1159 eyde
1692 1130 1710 1150 e
1724 1120 1763 1150 les
1778 1119 1863 1161 seyns.

1421 1196 1467 1227 En
1488 1197 1695 1237 tesmoignance
1713 1195 1750 1228 de
1767 1206 1855 1236 queus
1873 1195 1987 1235 choses,
2006 1206 2078 1227 nous
2090 1206 2190 1228 avoms
2204 1196 2243 1228 fet
2258 1197 2336 1238 feyre
2349 1199 2438 1232 ceste·

1384 1235 1478 1267 lettres
1491 1246 1620 1275 overtes,
1638 1236 1734 1266 sealms
1748 1235 1785 1266 de
1799 1245 1850 1266 nos
1863 1235 1946 1266 seaus.
2111 1239 2115 1243 ”

1421 1312 1560 1344 Donnees
1581 1323 1596 1343 a
1615 1312 1755 1354 Berewyk
1773 1312 1816 1343 sur
1836 1311 1949 1343 Twede
1968 1311 1995 1342 le
2016 1312 2077 1343 vint
2097 1312 2186 1343 utime
2203 1313 2268 1352 jour
2289 1313 2326 1344 de
2348 1315 2439 1354 Aust,

1382 1352 1435 1382 l’an
1447 1352 1486 1382 du
1500 1352 1603 1392 Regne
1615 1351 1713 1383 nostre
1724 1352 1859 1392 Scigneur
1873 1351 1899 1381 le
1915 1351 1979 1390 Rey
1994 1350 2185 1390 d’Engleterre
2198 1352 2336 1392 avantdit,
2353 1355 2439 1387 vinti-

1382 1400 1430 1421 me
1443 1399 1531 1430 quart.

1384 1496 1420 1543 ³*v
1435 1515 1581 1550 Fidelitas
1599 1519 1636 1554 &-
1657 1518 1891 1549 Sacramentum
1911 1513 2059 1562 Magistri
2074 1514 2234 1549 Willielmi
2247 1515 2439 1551 deLambre-
2459 1522 2473 1537 ⁸
2484 1523 2570 1561 11723

1615 1576 1664 1598 ton
1682 1565 1862 1598 Cancellarii
1885 1565 2012 1608 Ecclesia
2027 1564 2219 1612 Glaspuensts.
2290 1567 2294 1572 “

1442 1650 1533 1682 Touz
1552 1661 1650 1690 ceaus,
1667 1652 1714 1690 qui
1727 1650 1816 1681 cestes
1831 1651 1924 1682 lettres
1937 1658 2055 1682 verront
2067 1661 2107 1683 ou
2119 1658 2239 1691 orront,
2255 1650 2388 1683 william
2401 1652 2438 1684 de
2459 1642 2534 1674 Ann-
2543 1644 2570 1676 D

1463 1689 1640 1728 Lampreton
1654 1689 1831 1720 Chaunceler
1847 1689 1883 1719 de
1897 1689 2017 1729 Glasgu,
2034 1689 2114 1720 saluz.
2475 1685 2560 1721 1296-

1421 1726 1478 1758 Pur
1495 1737 1549 1758 ceo
1568 1739 1623 1767 que
1638 1729 1687 1767 jeo
1711 1729 1757 1768 suy
1772 1737 1866 1758 venuz
1878 1738 1893 1758 a
1906 1727 1930 1758 la
1943 1727 1984 1758 foi
2019 1738 2036 1758 e
2049 1737 2065 1758 a
2076 1728 2101 1758 la
2115 1728 2234 1759 volunte
2246 1728 2286 1760 du
2298 1728 2437 1760 tresnoble
2454 1725 2506 1749 Aa.
2524 1733 2570 1760 24.

1384 1765 1508 1811 Prince2
1521 1777 1537 1798 6
1557 1776 1627 1798 mon
1647 1767 1726 1797 chier
1748 1767 1884 1806 Seignor,
1901 1766 1961 1797 Sire
1980 1751 2121 1804 lidward,
2140 1776 2188 1804 par
2207 1766 2233 1797 la
2245 1775 2329 1806 grace
2341 1767 2438 1807 nien,
2452 1762 2481 1786 E.
2503 1771 2525 1789 ¹·

1383 1803 1443 1834 Roi
1457 1804 1665 1846 d'Engleterre,
1681 1805 1798 1842 Seignor
1811 1805 1949 1844 d'lrland,
1967 1805 1984 1835 ὲ
2001 1804 2084 1835 Ducs
2096 1805 2281 1843 d’Aquitane,
2456 1802 2495 1825 Ex
2510 1804 2568 1829 Au·

1417 1843 1473 1881 Jeo
1494 1854 1608 1882 promet
1628 1844 1672 1874 sur
1691 1845 1771 1881 peine
1791 1843 1827 1874 de
1848 1853 1930 1882 cors,
1947 1846 1964 1873 e
1978 1842 2016 1886 de
2027 1843 2138 1881 Avoir,
2155 1845 2173 1874 ὲ
2187 1844 2230 1874 sur
2244 1852 2330 1883 quant
2344 1854 2382 1884 qe
2390 1845 2439 1884 jeo
2455 1843 2519 1873 togr.

1384 1891 1454 1920 puys
1471 1891 1615 1922 encoure,
1635 1892 1671 1921 qe
1682 1885 1731 1921 jeo
1745 1883 1763 1913 li
1777 1882 1911 1921 serviroi,
1928 1882 1996 1913 bien
2012 1891 2029 1914 e
2051 1881 2205 1920 leaument,
2223 1881 2284 1918 ὠς.
2302 1889 2335 1911 ut
2352 1887 2382 1913 in
2389 1887 2442 1923 su·-
2455 1879 2570 1907 Penes&

1376 1924 1490 1958 periore.
2460 1924 2552 1944 ”²0⁴⁷-

1674 2058 1731 2094 Ad
1746 2057 1921 2093 Cardinales
1935 2058 1970 2092 de
1987 2058 2154 2093 Credeneia.

1387 2145 1644 2206 VEnerabilibus
1655 2147 1683 2175 in
1698 2144 1795 2176 Cristo
1808 2145 1951 2184 Patribus,
1968 2144 2105 2175 Dominis
2120 2144 2151 2175 B.
2173 2143 2338 2183 Albaneffi,
2353 2144 2388 2175 δε
2409 2143 2438 2175 S.
2459 2148 2570 2182 Ann‚E

1470 2184 1652 2223 Penestrino,
1670 2184 1830 2224 Episcopis,
1849 2184 2038 2215 SacrofiinCtae
2058 2183 2201 2214 Romanae
2222 2182 2356 2214 Ecclesiae
2370 2182 2441 2213 Car-
2459 2207 2463 2211 .
2482 2190 2565 2228 1295,

1386 2221 1539 2260 dinalibus,
1556 2223 1652 2253 amicis
1666 2223 1716 2253 suis
1729 2222 1887 2260 karissimis,
1906 2221 2078 2260 Edwardus,
2096 2223 2155 2254 δίς.
2178 2221 2308 2260 salutem,
2327 2221 2361 2251 &
2386 2221 2440 2251 sin-
2456 2231 2508 2255 Aa.
2525 2237 2570 2264 η..

1387 2269 1460 2290 cerie
1475 2261 1634 2291 dilectionis
1645 2263 1814 2291 continuum
1832 2263 2049 2291 incrementum.
2459 2270 2488 2293 Ε.
2509 2276 2532 2293 ι.

1424 2298 1481 2337 Ea,
1498 2309 1561 2337 quae
1576 2310 1624 2337 per
1635 2300 1771 2329 dilec‘rum
1783 2298 1932 2329 Clericum
1946 2298 2090 2336 nostrum,
2100 2297 2268 2337 Magistrum
2277 2297 2439 2335 Johannem
2456 2308 2511 2332 [m.
2524 2303 2570 2333 Ah

1385 2337 1420 2367 de
1440 2338 1611 2376 Selvesdon,
1626 2337 1704 2376 super
1723 2338 1883 2368 traetatibus
1903 2336 2070 2367 lufferenriae
2088 2338 2163 2374 pacis
2180 2338 2264 2366 etiam
2285 2337 2317 2367 δε
2331 2345 2440 2376 treuga-
2457 2352 2526 2370 man.
2540 2351 2570 2378 ²⁴

1384 2376 1572 2445 {umuvestra
1591 2377 1675 2406 nobis
1692 2376 1823 2407 discretio
1845 2377 2006 2413 nunciavit,
2021 2374 2196 2413 audivimus,
2210 2375 2244 2406 &
2257 2374 2441 2406 intelleximus
2460 2385 2488 2408 Ε.
2505 2390 2570 2409 Lm.

1394 2416 1443 2444 atis
1486 2417 1552 2445 ene:
2464 2421 2504 2447 16.
2519 2419 2548 2449 A„

1421 2425 1512 2521 8:15³&
1525 2454 1626 2492 quibus
1638 2451 1797 2491 responsum
1810 2451 1940 2483 nostrum
1953 2451 2100 2483 dilestioni
2114 2450 2216 2484 vestrae
2228 2450 2375 2483 referimus
2389 2461 2439 2491 per

1383 2502 1439 2522 eun
1461 2501 1517 2522 em.

1422 2530 1536 2570 Valeat,
1553 2530 1614 2563 &c.

1420 2607 1488 2638 Dat.
1497 2607 1572 2646 apud
1578 2606 1716 2647 Berewyk
1729 2607 1808 2645 super
1821 2606 1981 2645 Twedam,
2000 2616 2028 2636 2.
2044 2605 2089 2636 die
2102 2604 2282 2645 Septembris.

1370 2756 1444 2786 ‚Pro
1461 2749 1634 2786 Abbatibus
1644 2778 1654 2794 ‚
1679 2755 1716 2790 ὠ·
1737 2748 1891 2785 Prioribus
1901 2776 1911 2790 ‚
1934 2752 1970 2787 ω’·
1987 2749 2056 2780 aliis
2065 2747 2198 2792 Persbm's
2213 2746 2438 2792 Ecclfittsticis,

1677 2799 1713 2832 de
1727 2802 1815 2831 terris
1824 2795 1954 2844 ficissibi
1971 2794 2142 2829 liberandis.

1383 2886 1496 2946 REX
1515 2885 1689 2917 Vicecomiti
1700 2884 1736 2915 de
1751 2881 1927 2922 Edenburgh
1938 2881 2061 2912 salutem.
2458 2887 2534 2918 Ana
2543 2887 2570 2920 D

1477 2926 1555 2964 Qia
1575 2925 1692 2956 dilectus
1710 2923 1792 2953 nobis
1812 2922 1841 2951 in
1859 2919 1976 2950 Christo
1990 2943 2000 2959 ,
2016 2920 2098 2951 Prior
2119 2919 2215 2950 Sansti
2238 2918 2360 2950 Andreae
2374 2943 2384 2959 ,
2401 2919 2436 2951 ad
2478 2927 2562 2966 1296,

1384 2973 1485 3002 pacem
1498 2963 1622 2994 nostram
1637 2961 1770 3000 existens,
1788 2960 1870 2990 nobis
1883 2958 2020 2990 fidelitatis
2034 2958 2160 2998 praestitit
2173 2960 2370 2996 juramentum.
2452 2970 2504 2994 An.
2520 2975 2566 3002 24-

1419 3002 1492 3033 Tibi
1505 3002 1683 3040 praecipimus
1716 2999 1773 3030 uod
1785 3008 1886 3029 omnes
1901 3006 1984 3028 terras
1998 2999 2032 3029 &
2045 3005 2204 3028 tenementa
2219 2996 2300 3034 ipsius
2314 2996 2434 3035 Prior-is,
2455 3009 2484 3031 Ε,
2508 3015 2531 3032 ι,

1381 3042 1412 3071 in
1424 3050 1509 3071 manu
1521 3040 1617 3070 nostri
1650 3041 1679 3070 in
1716 3036 1796 3068 allivfi
1809 3036 1856 3067 tufi
1870 3035 2028 3074 existentia,
2047 3036 2103 3066 una
2116 3045 2184 3066 cum
2194 3034 2299 3073 Bladis,
2317 3036 2345 3065 in
2356 3037 2434 3066 terris
2450 3047 2504 3071 Rot.
2520 3049 2570 3072 Sc„

1383 3081 1418 3111 &
1434 3080 1601 3110 tenementis
1615 3063 1668 3108 iilis
1681 3075 1876 3119 existentibuS,
1893 3075 1986 3105 eidem
2000 3074 2108 3118 Priori,
2126 3073 2337 3112 sinedilatione,
2354 3073 2433 3104 reddi
2457 3091 2499 3117 24,
2512 3086 2542 3110 E.
2559 3091 2570 3110 ι

1384 3119 1418 3151 ὃς
1432 3117 1574 3148 deliberari
1588 3117 1685 3154 facias,
1698 3114 1735 3145 de
1748 3115 1833 3154 gratia
1846 3113 1943 3144 nostra
1956 3113 2073 3152 speciali.
2459 3129 2495 3147 m.
2518 3129 2527 3147 1
2537 3129 2560 3148 ι,

1383 3234 1404 3264 b
1420 3193 1509 3239 Teste
1523 3193 1608 3232 Rege
1624 3191 1697 3231 apud
1710 3191 1847 3230 Berewyk
1863 3191 1942 3229 super
1952 3188 2094 3221 Twedam
2109 3188 2234 3220 secundo
2246 3187 2293 3219 die
2305 3187 2438 3228 Septem·
2457 3166 2490 3191 0·
2511 3167 2553 3185 ω’

1405 3243 1449 3264 rls.

1421 3307 1592 3340 Consimiles
1610 3307 1710 3337 litteras
1732 3306 1815 3336 habet
1835 3305 1911 3336 idem
1927 3304 2008 3335 Prior
2023 3304 2250 3335 vicecomitibus
2265 3303 2437 3341 subscriptis,

1382 3347 1531 3385 videlicet,
1549 3345 1611 3385 Fif,
1631 3344 1736 3384 Perth,
1755 3344 1949 3384 Kingkerdin,
1969 3343 2117 3382 Aberden,
2136 3342 2263 3381 Forfare,
2280 3342 2314 3374 &
2329 3341 2390 3373 Ber.

1418 3422 1509 3454 Teste
1524 3431 1556 3453 ut
1571 3422 1656 3460 supra.

1420 3499 1589 3531 Consimiles
1597 3498 1705 3530 Literas
1719 3487 1824 3530 habent
1837 3497 1978 3567 sugsficriptti
1991 3496 2218 3528 Vicecomitibus
2227 3493 2395 3532 subscriptis,

1832 3548 1862 3568 vi
1883 3547 1898 3566 e
1937 3547 1952 3566 e
1971 3560 1981 3574 ,

1382 3614 1482 3646 Abbas
1498 3614 1528 3643 de
1544 3612 1636 3651 Infiala
1652 3615 1744 3643 Sanni
1759 3612 1894 3651 Columbi,
1913 3615 1940 3642 V
1942 3610 2113 3643 icecomitibus
2129 3612 2160 3641 de
2182 3608 2246 3650 Fff,
2264 3605 2431 3646 Rokesburg,

1380 3652 1529 3721 Alflreghd’e
1541 3652 1759 3728 {ffglzarcgfm'
1779 3693 1806 3720 V
1807 3689 1979 3720 icecomitibus
2003 3689 2033 3718 de
2054 3686 2212 3728 Strivelyn‚
2231 3681 2371 3722 Dumfrer,
2389 3686 2431 3714 E·-

1418 3728 1554 3766 Aenburgh
1564 3752 1573 3766 ,
1587 3729 1728 3763 Berewyk.

1381 3767 1482 3797 Abbas
1497 3769 1528 3796 de
1542 3771 1657 3806 Coupre,
1675 3765 1877 3797 'Vicecomitibus
1893 3764 2005 3804 Farfare
2014 3789 2024 3804 ‚
2043 3767 2119 3794 Pert.
2214 3801 2220 3806 .
2299 3801 2304 3805 .
2390 3801 2394 3806 η
2415 3800 2420 3806 ·

1382 3805 1508 3845 Prioriſja
1522 3807 1615 3835 sanai
1629 3806 1765 3835 Leonardi
1771 3805 1860 3844 juxta
1871 3803 1973 3833 Villam
1987 3804 2080 3833 Sanc‘li
2090 3799 2248 3840 Johanmr,
2267 3800 2295 3827 V
2293 3806 2432 3828 lcecomltl-

1418 3844 1465 3872 bus
1480 3843 1580 3882 Perrh,
1598 3840 1784 3882 Edenburgh,
1799 3843 2006 3880 Hadinggeton,
2021 3838 2074 3879 Fif.
2396 3878 2401 3883 ·

1383 3881 1509 3948 Priquffa
1529 3882 1560 3911 de
1575 3882 1739 3921 Manewill,
1756 3884 1785 3911 V
1783 3880 1957 3910 icc-comitibus
1969 3879 2002 3908 de
2016 3873 2335 3916 Berewyk,Edenbwgh
2343 3877 2434 3914 ‚Lm-

1384 3919 1806 4026 Priisrffz'dfixibrthbmwyk,
1825 3959 1853 3986 V
1853 3953 2026 3985 icecvmitibus
2037 3953 2068 3984 de
2089 3949 2155 3992 Fyf,
2171 3952 2375 3994 Haalmgtonn,
2391 3952 2434 3981 Ε-

1422 3997 1472 4027 den
1491 3997 1578 4036 urgh,
1595 3997 1743 4037 Berewyk,
1758 3992 1937 4032 Rokesburgb.
2359 4029 2437 4059 rm»
