2570 4261
54 603 86 632 F.
104 600 167 640 838.

792 170 942 216 AD
1039 165 1771 214 LECTOREM

252 262 405 302 Alber'tus
432 265 482 301 ille
510 265 593 300 Dux
621 261 660 297 de
687 259 859 295 Brunswic
877 285 887 301 ‚
913 260 973 306 qui
999 271 1014 292 a
1043 258 1136 292 rebus
1155 254 1248 298 gestis
1275 252 1393 299 Magni
1408 263 1562 300 agnomen
1579 253 1774 299 promeruit,
1801 250 1937 287 Henrici
1956 252 2094 287 Secundi
2112 251 2240 301 Angliae
2261 255 2362 304 Regis

205 315 360 362 Abnepos
373 342 382 358 ,
405 313 502 349 duxit
517 323 650 348 uxorem
671 309 816 343 Alexiam
834 308 910 348 (alii
928 306 1120 347 Alexinam)
1145 303 1244 337 filiam
1263 299 1500 335 Aldrovandini
1520 300 1722 335 Marchionis
1739 299 1891 335 Estenfis.
1929 300 1981 335 Sic
2003 301 2147 345 Bestius,
2173 302 2361 339 Rittershu·

204 360 289 406 sius,
319 362 522 402 Reusnerus,
551 357 744 400 Bucelinus,
773 356 913 403 Baptista
927 357 1039 403 Pigna.
1074 351 1245 399 Albizius‚
1273 351 1440 384 Morerus.

251 412 312 445 Sed
330 411 447 457 Magni
465 408 591 444 Alberti
608 405 780 452 conjugem
799 404 1027 445 Adelheidem‚
1052 401 1190 436 Ottonis
1212 395 1415 433 Marchionis
1439 396 1675 431 Montisferrati
1694 396 1792 431 filiam
1820 395 1914 432 fuiss‘e
1933 395 2074 431 scribunt
2101 397 2303 435 Meibomius
2329 402 2363 435 8<

206 459 514 498 Winckelmannus,
541 467 577 491 ut
596 469 635 490 ex
652 452 810 490 Imhoffio
831 452 943 487 didici.

253 510 292 540 In
310 506 399 541 bivio
416 505 532 544 haeres,
557 504 676 546 lector,
700 514 737 536 an
756 514 831 536 cum
849 502 959 548 paucis
975 497 1140 547 eundum,
1165 509 1202 530 an
1221 507 1298 530 curn
1323 493 1469 540 pluribus
1484 492 1680 528 deviandum
1696 492 1840 534 haesitas3
1869 491 1908 527 sit
1929 492 1989 527 tibi
2009 504 2068 541 pro
2097 495 2268 530 Mercurio
2286 497 2361 533 Rex

208 553 312 589 noster
329 554 493 588 Hem-icus
504 577 513 591 ‚
539 566 554 587 a
573 565 643 599 quo
655 578 666 594 ‚
691 561 766 585 cum
782 549 890 596 paucis
901 576 911 591 ,
938 547 1099 582 veritatem
1115 544 1222 578 discas.

253 602 388 637 henrici
418 603 518 650 Regis
537 601 609 635 sunt
639 599 730 635 verba
747 626 757 642 ‚
780 596 901 641 illustris
926 599 979 630 vir
999 593 1141 628 Albertus
1166 595 1245 626 Dux
1267 590 1475 640 Brmffwyk,
1498 592 1725 640 consanguineus
1749 589 1843 633 noster
1862 589 1985 624 dileffus
2002 613 2012 630 ,
2037 592 2185 636 Alaifiam
2201 593 2238 627 de
2253 596 2363 628 Monte

204 653 349 695 ferrato,
372 661 484 697 neptem
502 651 652 684 Alcanorae
670 651 780 694 Reginae
797 647 931 690 conftrtis
951 641 1044 686 nostrae
1058 665 1068 680 ‚
1092 641 1183 673 duxit
1195 644 1225 673 in
1241 651 1376 672 uxorem.
1422 641 1469 673 Et
1488 651 1526 673 ex
1548 640 1610 674 hoc
1627 639 1784 687 conjugio
1809 637 2014 674 sereniffimos
2034 640 2195 689 Principes
2215 641 2255 677 de
2273 643 2361 677 Bru-

204 698 341 741 neswic,
368 699 543 744 Luneburg
562 701 594 732 &
613 699 810 736 Hammver,
836 704 920 726 nunc
939 692 1081 726 viventes
1094 711 1103 726 ‚
1128 687 1312 735 progenitos
1330 685 1431 721 vides.

255 747 321 781 Hic
348 747 439 782 habes
465 746 620 794 praecipui
648 742 784 778 nominis
812 739 898 787 apud
924 740 1020 774 Italos
1040 764 1050 779 ,
1079 737 1225 784 Baglioni
1242 760 1254 776 ,
1278 735 1458 777 Visconte‚
1486 736 1644 772 Ubaldini
1664 763 1675 779 ‚
1703 734 1814 772 valoti
1832 762 1843 779 ,
1870 736 2078 772 Brancaleone
2095 760 2106 777 ,
2129 750 2215 784 quos
2234 739 2361 774 videm-11

208 795 438 842 stemmatologi
450 823 460 838 ,
485 799 517 829 &
535 793 573 827 ad
588 789 815 839 expiscandurn
834 788 861 823 se
879 789 1052 835 accingant.
1124 791 1126 794 ’
1978 798 1981 801 -

252 846 320 878 Hic
340 843 445 877 videas
464 844 650 883 Diaconos,
677 840 737 885 qui
756 836 862 885 postea
889 835 1069 870 Cardinales
1086 849 1095 876 ;
1124 838 1156 868 &
1177 833 1362 880 Capellanos
1382 856 1392 871 ‚
1417 845 1503 878 quos
1531 832 1638 881 postea
1659 833 1698 868 ad
1718 837 1870 881 Papaturn
1894 833 2010 877 elatos,
2037 833 2076 870 de
2093 834 2272 882 pontificali
2289 837 2359 871 cul-

205 892 288 927 mine
308 892 412 927 sentias
429 890 639 927 fulminantes.
686 890 718 922 A
736 886 863 920 minima
882 885 1011 919 scintilla
1028 894 1187 929 quantum
1204 881 1337 916 subinde
1358 882 1496 928 erumpit
1518 883 1624 917 lumen
1644 882 1651 917 !

253 941 430 975 Herculem
448 940 478 973 in
498 939 586 972 cunis
603 937 798 984 vagientem;
827 934 1038 968 maximorum
1057 931 1233 966 rudimenta
1253 941 1426 965 eventuum
1448 935 1481 964 δε
1499 931 1596 976 prima
1613 930 1725 966 semina
1743 928 1796 964 hic
1812 930 1926 976 saepius
1942 930 2089 966 adnotare
2106 932 2205 967 liceat.

248 989 387 1027 Quoties
414 987 540 1034 repetita
569 985 621 1020 hic
643 985 736 1020 habes
758 983 897 1019 Baliolos
917 1010 927 1027 ‚
955 984 1099 1017 Bruceos
1116 1003 1127 1020 ,
1152 979 1357 1018 Senestallos,
1381 977 1545 1014 Tuderios
1567 1008 1577 1024 ‚
1604 981 1642 1014 ad
1659 980 1817 1027 sceptrum
1833 977 2006 1022 destinata,
2033 983 2066 1014 δι
2082 981 2116 1015 in
2133 983 2264 1028 Regum
2287 983 2359 1018 albo

204 1036 407 1072 consecranda
424 1035 570 1070 nomina}

250 1089 324 1120 Nec
348 1096 464 1119 taceam
487 1083 650 1118 Domitios
679 1081 718 1117 de
742 1083 903 1116 Le-Breto
917 1108 926 1123 ‚
951 1081 1083 1127 Regum
1108 1076 1234 1125 Angliae
1257 1075 1425 1112 fidissimos
1442 1075 1562 1124 semper
1578 1075 1752 1119 Vaffallos,
1778 1075 1817 1111 de
1834 1087 1981 1122 quorum
1995 1068 2169 1125 sanguineJ
2184 1079 2338 1117 Navarrae

206 1135 304 1169 immo
323 1145 399 1167 mox
420 1133 512 1168 etiam
531 1136 562 1166 δε
581 1131 717 1165 Francia:
729 1157 739 1172 ‚
766 1132 870 1176 Reges
893 1127 1035 1163 vidimus
1053 1125 1252 1161 sublimatos!
2348 1107 2359 1124 ’

252 1182 386 1216 Plurima
407 1180 595 1225 hujusmodi
613 1179 746 1214 ubilibet
764 1176 950 1224 pullulantia
970 1176 1072 1211 videat
1088 1174 1233 1210 curiosus
1248 1173 1367 1216 leston
1393 1172 1443 1209 sed
1464 1187 1562 1221 quam
1581 1174 1716 1222 plurima
1735 1171 1925 1218 hujusmodi
1944 1196 1954 1213 ,
1980 1176 2013 1208 &
2034 1171 2098 1218 jam
2115 1187 2201 1209 nunc
2217 1175 2360 1213 debentia

206 1230 293 1276 dici,
317 1232 347 1265 in
364 1229 452 1264 aliud
466 1241 592 1275 ternpus
608 1225 802 1275 expectanda
818 1224 1009 1261 differimus.

245 1437 279 1464 In
293 1433 350 1475 ipfis
369 1430 553 1475 Autographis
571 1417 715 1470 aliquando
734 1428 875 1470 deficiunt,
893 1426 1039 1467 aliquando
1054 1425 1207 1455 redundant
1222 1423 1349 1454 nonnulla
1368 1423 1519 1465 vocabula,
1537 1424 1576 1462 ὠ
1589 1430 1672 1457 etiam
1683 1425 1847 1467 aliquando,
1861 1425 1913 1458 vel
1920 1425 1980 1465 ipsae
1993 1428 2241 1456 Grammaticorum
2254 1423 2356 1455 comul-

207 1480 304 1503 cantur
321 1475 405 1509 Leges
414 1483 422 1501 .·
431 1472 485 1511 sed
497 1471 552 1500 haec
564 1472 659 1510 quovis
672 1467 744 1497 modo
757 1475 885 1505 tangere,
897 1465 1064 1504 prophanum
1079 1464 1213 1494 duximus.

241 1554 271 1580 Si
291 1549 398 1594 ἤιιζιηιίο
416 1547 486 1586 legas
497 1549 663 1616 preminere,
686 1547 810 1581 iminere,
835 1542 1001 1585 confimaarg,
1020 1545 1049 1572 in
1061 1540 1218 1610 ἔοηιιῇιιιηι
1237 1538 1339 1569 litterix
1354 1549 1364 1575 ;
1395 1539 1445 1570 vel
1461 1541 1585 1581 orribile,
1603 1551 1695 1581 ortus,
1711 1542 1795 1581 erba,
1807 1541 1943 1582 fluiter,
1961 1539 2089 1579 anelare,
2106 1539 2154 1570 ubi
2175 1539 2240 1581 defit
2261 1539 2360 1569 littera

206 1596 259 1635 fut
279 1587 405 1655 αθιιᾶατῖο
416 1597 427 1625 ,-
460 1598 496 1617 ve
527 1586 631 1627 quando
652 1584 722 1622 lagas
743 1583 850 1614 hodium
865 1606 875 1621 ,
892 1582 989 1621 hirasci
1004 1605 1014 1621 ‚
1033 1591 1060 1611 co
1081 1587 1206 1620 operante
1221 1601 1231 1617 ,
1254 1577 1300 1609 ubi
1323 1578 1450 1618 aspiratio
1471 1579 1582 1612 additur
1597 1591 1608 1620 ‚·
1648 1581 1704 1613 haec
1719 1590 1769 1621 pro
1790 1592 1861 1611 more
1874 1579 1952 1623 fiunt
1967 1603 1978 1620 ,
2009 1577 2048 1615 ὀ·
2068 1581 2176 1610 minime
2196 1578 2363 1620 Upographa

207 1635 320 1666 imputat
347 1637 373 1655 a.

390 1851 482 1896 DE
520 1848 677 1895 1-1AC
713 1846 930 1897 NOVA
965 1842 1348 1908 EDITlONE
1385 1803 1778 1892 MONITUM
1813 1845 2180 1895 LECTORI.

279 1969 438 2027 Qlum
470 1962 586 2031 apud
621 1964 856 2021 Auitores,
903 1964 980 2031 qui
1013 1958 1109 2025 post
1142 1957 1299 2006 editam
1336 1955 1405 2006 Cl.
1443 1962 1620 2023 Rymeri
1655 1959 1881 2010 Foederum
1919 1958 2239 2009 Collectionem
2272 1954 2365 2004 scri-

210 2035 343 2104 psere,
378 2033 588 2102 permulta
621 2040 709 2099 jam
744 2038 855 2083 Asta
888 2029 1084 2099 publica,
1108 2033 1225 2092 juxta
1259 2025 1466 2075 Editionis
1502 2028 1776 2078 Londinenfis
1810 2033 2061 2100 paginarum
2096 2028 2240 2077 seriem
2275 2023 2364 2074 lau-

210 2106 306 2155 data
339 2109 618 2171 reperiantur3
666 2123 815 2152 ornnes
850 2115 1097 2151 memoratae
1131 2096 1337 2146 Editionis
1371 2095 1647 2146 voluminum
1681 2104 2021 2171 pacinarumque
2055 2117 2281 2158 numeros,
2321 2092 2381 2144 ἐπ’

209 2178 399 2244 margine
433 2173 556 2241 hujus
588 2192 711 2224 novae
746 2174 976 2231 Editionis‚
1008 2166 1197 2218 asterisco
1229 2166 1441 2217 notandos
1474 2173 1634 2218 cutavit
1667 2141 1917 2237 Bibliopola.

2142 4063 2396 4101 INDEX
