<?xml version="1.0" encoding="UTF-8"?>
<!DOCTYPE html PUBLIC "-//W3C//DTD XHTML 1.0 Transitional//EN"
    "http://www.w3.org/TR/xhtml1/DTD/xhtml1-transitional.dtd">
<html xmlns="http://www.w3.org/1999/xhtml" xml:lang="en" lang="en">
 <head>
  <title>
</title>
<meta http-equiv="Content-Type" content="text/html;charset=utf-8" />
  <meta name='ocr-system' content='tesseract 3.04.00' />
  <meta name='ocr-capabilities' content='ocr_page ocr_carea ocr_par ocr_line ocrx_word'/>
</head>
<body>
  <div class='ocr_page' id='page_1' title='image "./fderaconventione01ryme_0138.png"; bbox 0 0 2570 4261; ppageno 0'>
   <div class='ocr_carea' id='block_1_1' title="bbox 258 106 310 154">
    <p class='ocr_par' dir='ltr' id='par_1_1' title="bbox 258 106 310 154">
     <span class='ocr_line' id='line_1_1' title="bbox 258 106 310 154; baseline 0 -12"><span class='ocrx_word' id='word_1_1' title='bbox 258 106 310 154; x_wconf 89' lang='lat'>76</span> 
     </span>
    </p>
   </div>
   <div class='ocr_carea' id='block_1_2' title="bbox 251 181 1324 879">
    <p class='ocr_par' dir='ltr' id='par_1_2' title="bbox 258 181 1324 492">
     <span class='ocr_line' id='line_1_2' title="bbox 297 181 1322 224; baseline -0.005 -7"><span class='ocrx_word' id='word_1_2' title='bbox 297 186 331 217; x_wconf 92' lang='lat' dir='ltr'>ln</span> <span class='ocrx_word' id='word_1_3' title='bbox 346 185 473 218; x_wconf 87' lang='lat' dir='ltr'>custodia</span> <span class='ocrx_word' id='word_1_4' title='bbox 487 187 521 219; x_wconf 67' lang='grc' dir='ltr'>ὃς</span> <span class='ocrx_word' id='word_1_5' title='bbox 536 184 697 215; x_wconf 88' lang='lat' dir='ltr'>defensione</span> <span class='ocrx_word' id='word_1_6' title='bbox 712 191 804 214; x_wconf 87' lang='lat' dir='ltr'>totam</span> <span class='ocrx_word' id='word_1_7' title='bbox 817 191 922 214; x_wconf 87' lang='lat' dir='ltr'>terram</span> <span class='ocrx_word' id='word_1_8' title='bbox 937 208 948 223; x_wconf 89' lang='lat'>,</span> <span class='ocrx_word' id='word_1_9' title='bbox 966 181 1035 224; x_wconf 64' lang='lat' dir='ltr'>quae&#39;</span> <span class='ocrx_word' id='word_1_10' title='bbox 1046 185 1099 215; x_wconf 84' lang='lat' dir='ltr'>fuit</span> <span class='ocrx_word' id='word_1_11' title='bbox 1112 184 1322 215; x_wconf 87' lang='lat' dir='ltr'>Wenhunwen</span> 
     </span>
     <span class='ocr_line' id='line_1_3' title="bbox 259 222 1322 261; baseline -0.005 -5"><span class='ocrx_word' id='word_1_12' title='bbox 259 226 288 256; x_wconf 90' lang='lat' dir='ltr'>iri</span> <span class='ocrx_word' id='word_1_13' title='bbox 308 226 412 256; x_wconf 85' lang='lat' dir='ltr'>Wallia</span> <span class='ocrx_word' id='word_1_14' title='bbox 434 228 468 257; x_wconf 88' lang='lat'>&amp;</span> <span class='ocrx_word' id='word_1_15' title='bbox 487 227 517 254; x_wconf 89' lang='lat' dir='ltr'>in</span> <span class='ocrx_word' id='word_1_16' title='bbox 540 223 728 260; x_wconf 86' lang='lat' dir='ltr'>Mungumer.</span> <span class='ocrx_word' id='word_1_17' title='bbox 747 222 822 252; x_wconf 89' lang='lat' dir='ltr'>unde</span> <span class='ocrx_word' id='word_1_18' title='bbox 843 233 893 261; x_wconf 89' lang='lat' dir='ltr'>per</span> <span class='ocrx_word' id='word_1_19' title='bbox 914 233 967 254; x_wconf 90' lang='lat' dir='ltr'>nos</span> <span class='ocrx_word' id='word_1_20' title='bbox 987 226 1020 256; x_wconf 67' lang='grc' dir='ltr'>ὃς</span> <span class='ocrx_word' id='word_1_21' title='bbox 1041 224 1168 261; x_wconf 86' lang='lat' dir='ltr'>inprisios</span> <span class='ocrx_word' id='word_1_22' title='bbox 1187 223 1299 253; x_wconf 85' lang='lat' dir='ltr'>nostros</span> <span class='ocrx_word' id='word_1_23' title='bbox 1312 245 1322 259; x_wconf 85' lang='grc'><strong>,</strong></span> 
     </span>
     <span class='ocr_line' id='line_1_4' title="bbox 260 261 1323 302; baseline -0.006 -7"><span class='ocrx_word' id='word_1_24' title='bbox 260 265 342 295; x_wconf 64' lang='lat' dir='ltr'>causa</span> <span class='ocrx_word' id='word_1_25' title='bbox 362 274 471 302; x_wconf 80' lang='lat' dir='ltr'>guerrae</span> <span class='ocrx_word' id='word_1_26' title='bbox 491 265 562 292; x_wconf 89' lang='lat' dir='ltr'>inter</span> <span class='ocrx_word' id='word_1_27' title='bbox 582 263 668 292; x_wconf 85' lang='lat' dir='ltr'>bonae</span> <span class='ocrx_word' id='word_1_28' title='bbox 690 262 841 292; x_wconf 81' lang='lat' dir='ltr'>memoriae</span> <span class='ocrx_word' id='word_1_29' title='bbox 857 261 1022 299; x_wconf 79' lang='lat' dir='ltr'>johannem</span> <span class='ocrx_word' id='word_1_30' title='bbox 1048 261 1195 300; x_wconf 89' lang='lat' dir='ltr'>quondam</span> <span class='ocrx_word' id='word_1_31' title='bbox 1208 261 1323 300; x_wconf 85' lang='lat' dir='ltr'>Regem</span> 
     </span>
     <span class='ocr_line' id='line_1_5' title="bbox 261 297 1322 342; baseline -0.007 -8"><span class='ocrx_word' id='word_1_32' title='bbox 261 303 390 342; x_wconf 74' lang='lat' dir='ltr'>Angliae,</span> <span class='ocrx_word' id='word_1_33' title='bbox 406 304 439 333; x_wconf 90' lang='lat'>&amp;</span> <span class='ocrx_word' id='word_1_34' title='bbox 454 301 573 331; x_wconf 77' lang='lat' dir='ltr'>Barones</span> <span class='ocrx_word' id='word_1_35' title='bbox 588 300 650 330; x_wconf 84' lang='lat' dir='ltr'>suos</span> <span class='ocrx_word' id='word_1_36' title='bbox 664 308 736 330; x_wconf 80' lang='lat' dir='ltr'>ortae</span> <span class='ocrx_word' id='word_1_37' title='bbox 748 299 890 331; x_wconf 79' lang='lat' dir='ltr'>diffaisitus</span> <span class='ocrx_word' id='word_1_38' title='bbox 906 300 959 331; x_wconf 83' lang='lat' dir='ltr'>fuit</span> <span class='ocrx_word' id='word_1_39' title='bbox 973 325 983 339; x_wconf 82' lang='grc'><strong>,</strong></span> <span class='ocrx_word' id='word_1_40' title='bbox 1001 300 1172 331; x_wconf 86' lang='lat' dir='ltr'>Tenendam</span> <span class='ocrx_word' id='word_1_41' title='bbox 1186 299 1274 337; x_wconf 85' lang='lat' dir='ltr'>usque</span> <span class='ocrx_word' id='word_1_42' title='bbox 1288 297 1322 328; x_wconf 90' lang='lat' dir='ltr'>ad</span> 
     </span>
     <span class='ocr_line' id='line_1_6' title="bbox 260 336 1321 379; baseline -0.006 -7"><span class='ocrx_word' id='word_1_43' title='bbox 260 351 373 372; x_wconf 72' lang='lat' dir='ltr'>:etatem</span> <span class='ocrx_word' id='word_1_44' title='bbox 394 338 539 370; x_wconf 75' lang='lat' dir='ltr'>haeredurn</span> <span class='ocrx_word' id='word_1_45' title='bbox 582 338 690 371; x_wconf 68' lang='lat' dir='ltr'>[aedisti</span> <span class='ocrx_word' id='word_1_46' title='bbox 704 338 933 377; x_wconf 77' lang='lat' dir='ltr'>Wenhuiiwen3</span> <span class='ocrx_word' id='word_1_47' title='bbox 953 339 995 370; x_wconf 89' lang='lat' dir='ltr'>Ita</span> <span class='ocrx_word' id='word_1_48' title='bbox 1006 338 1084 379; x_wconf 88' lang='lat' dir='ltr'>quod</span> <span class='ocrx_word' id='word_1_49' title='bbox 1099 337 1223 368; x_wconf 84' lang='lat' dir='ltr'>haeredes</span> <span class='ocrx_word' id='word_1_50' title='bbox 1238 336 1321 375; x_wconf 85' lang='lat' dir='ltr'>ipsius</span> 
     </span>
     <span class='ocr_line' id='line_1_7' title="bbox 259 349 1322 419; baseline -0.005 -10"><span class='ocrx_word' id='word_1_51' title='bbox 259 380 465 409; x_wconf 52' lang='lat' dir='ltr'>WVenhunwen</span> <span class='ocrx_word' id='word_1_52' title='bbox 480 400 490 416; x_wconf 85' lang='grc'><strong>,</strong></span> <span class='ocrx_word' id='word_1_53' title='bbox 515 349 666 415; x_wconf 58' lang='grc'><strong>[1011003111</strong></span> <span class='ocrx_word' id='word_1_54' title='bbox 681 377 812 417; x_wconf 87' lang='lat' dir='ltr'>homagia</span> <span class='ocrx_word' id='word_1_55' title='bbox 824 378 870 408; x_wconf 91' lang='lat' dir='ltr'>sua</span> <span class='ocrx_word' id='word_1_56' title='bbox 884 377 1021 408; x_wconf 86' lang='lat' dir='ltr'>Domino</span> <span class='ocrx_word' id='word_1_57' title='bbox 1035 378 1111 416; x_wconf 85' lang='lat' dir='ltr'>Regi</span> <span class='ocrx_word' id='word_1_58' title='bbox 1125 376 1322 419; x_wconf 35' lang='grc'><strong>1666110516.-</strong></span> 
     </span>
     <span class='ocr_line' id='line_1_8' title="bbox 258 415 1324 461; baseline -0.004 -14"><span class='ocrx_word' id='word_1_59' title='bbox 258 419 363 455; x_wconf 87' lang='lat' dir='ltr'>cipient</span> <span class='ocrx_word' id='word_1_60' title='bbox 383 417 515 456; x_wconf 84' lang='lat' dir='ltr'>homagia</span> <span class='ocrx_word' id='word_1_61' title='bbox 535 415 571 446; x_wconf 90' lang='lat' dir='ltr'>de</span> <span class='ocrx_word' id='word_1_62' title='bbox 591 416 727 446; x_wconf 87' lang='lat' dir='ltr'>omnibus</span> <span class='ocrx_word' id='word_1_63' title='bbox 745 424 827 448; x_wconf 85' lang='lat' dir='ltr'>terrae</span> <span class='ocrx_word' id='word_1_64' title='bbox 848 415 976 454; x_wconf 67' lang='lat' dir='ltr'>praedicti</span> <span class='ocrx_word' id='word_1_65' title='bbox 995 416 1205 461; x_wconf 62' lang='lat' dir='ltr'>Wenhuiiwen·</span> <span class='ocrx_word' id='word_1_66' title='bbox 1223 423 1273 452; x_wconf 87' lang='lat' dir='ltr'>qu1</span> <span class='ocrx_word' id='word_1_67' title='bbox 1285 422 1324 443; x_wconf 86' lang='lat' dir='ltr'>eis</span> 
     </span>
     <span class='ocr_line' id='line_1_9' title="bbox 260 454 912 492; baseline -0.003 -6"><span class='ocrx_word' id='word_1_68' title='bbox 260 456 428 492; x_wconf 79' lang='lat' dir='ltr'>homagium</span> <span class='ocrx_word' id='word_1_69' title='bbox 443 454 535 485; x_wconf 86' lang='lat' dir='ltr'>facere</span> <span class='ocrx_word' id='word_1_70' title='bbox 550 454 693 485; x_wconf 88' lang='lat' dir='ltr'>voluerint</span> <span class='ocrx_word' id='word_1_71' title='bbox 707 456 742 486; x_wconf 63' lang='grc' dir='ltr'>ὃς</span> <span class='ocrx_word' id='word_1_72' title='bbox 754 455 912 485; x_wconf 82' lang='lat' dir='ltr'>debuerint.</span> 
     </span>
    </p>

    <p class='ocr_par' dir='ltr' id='par_1_3' title="bbox 253 490 1322 718">
     <span class='ocr_line' id='line_1_10' title="bbox 298 490 1320 533; baseline -0.004 -10"><span class='ocrx_word' id='word_1_73' title='bbox 298 494 479 524; x_wconf 85' lang='lat' dir='ltr'><strong>Inveniemus</strong></span> <span class='ocrx_word' id='word_1_74' title='bbox 498 500 593 524; x_wconf 88' lang='lat' dir='ltr'>autem</span> <span class='ocrx_word' id='word_1_75' title='bbox 614 492 754 532; x_wconf 59' lang='lat' dir='ltr'>praedietis</span> <span class='ocrx_word' id='word_1_76' title='bbox 776 492 934 524; x_wconf 81' lang='lat' dir='ltr'>haeredibus</span> <span class='ocrx_word' id='word_1_77' title='bbox 955 491 1082 530; x_wconf 68' lang='lat' dir='ltr'>praedieti</span> <span class='ocrx_word' id='word_1_78' title='bbox 1094 490 1320 533; x_wconf 31' lang='lat' dir='ltr'>Wenhunwen&#39;,</span> 
     </span>
     <span class='ocr_line' id='line_1_11' title="bbox 258 528 1322 571; baseline -0.005 -9"><span class='ocrx_word' id='word_1_79' title='bbox 258 532 315 562; x_wconf 87' lang='lat' dir='ltr'>five</span> <span class='ocrx_word' id='word_1_80' title='bbox 337 531 531 563; x_wconf 84' lang='lat' dir='ltr'>custodiantur</span> <span class='ocrx_word' id='word_1_81' title='bbox 549 533 584 563; x_wconf 87' lang='lat'>&amp;</span> <span class='ocrx_word' id='word_1_82' title='bbox 598 533 754 562; x_wconf 82' lang='lat' dir='ltr'>nutriantur</span> <span class='ocrx_word' id='word_1_83' title='bbox 772 533 801 562; x_wconf 90' lang='lat' dir='ltr'>in</span> <span class='ocrx_word' id='word_1_84' title='bbox 816 531 936 569; x_wconf 87' lang='lat' dir='ltr'>Wallia,</span> <span class='ocrx_word' id='word_1_85' title='bbox 955 531 1013 561; x_wconf 85' lang='lat' dir='ltr'>five</span> <span class='ocrx_word' id='word_1_86' title='bbox 1027 531 1056 560; x_wconf 91' lang='lat' dir='ltr'>in</span> <span class='ocrx_word' id='word_1_87' title='bbox 1072 529 1193 567; x_wconf 88' lang='lat' dir='ltr'>Anglia,</span> <span class='ocrx_word' id='word_1_88' title='bbox 1212 528 1248 558; x_wconf 90' lang='lat' dir='ltr'>de</span> <span class='ocrx_word' id='word_1_89' title='bbox 1263 538 1322 571; x_wconf 72' lang='lat' dir='ltr'>exi-</span> 
     </span>
     <span class='ocr_line' id='line_1_12' title="bbox 258 567 1322 609; baseline -0.003 -10"><span class='ocrx_word' id='word_1_90' title='bbox 258 571 331 600; x_wconf 90' lang='lat' dir='ltr'>tibus</span> <span class='ocrx_word' id='word_1_91' title='bbox 354 570 439 601; x_wconf 67' lang='lat' dir='ltr'>dieiae</span> <span class='ocrx_word' id='word_1_92' title='bbox 458 580 542 601; x_wconf 82' lang='lat' dir='ltr'>terrae</span> <span class='ocrx_word' id='word_1_93' title='bbox 555 595 565 609; x_wconf 78' lang='lat'>,</span> <span class='ocrx_word' id='word_1_94' title='bbox 590 570 787 601; x_wconf 83' lang='lat' dir='ltr'>rationabilem</span> <span class='ocrx_word' id='word_1_95' title='bbox 808 569 1039 600; x_wconf 86' lang='lat' dir='ltr'>sustentationem</span> <span class='ocrx_word' id='word_1_96' title='bbox 1050 567 1128 598; x_wconf 89' lang='lat' dir='ltr'>suam</span> <span class='ocrx_word' id='word_1_97' title='bbox 1162 577 1212 606; x_wconf 87' lang='lat' dir='ltr'>per</span> <span class='ocrx_word' id='word_1_98' title='bbox 1227 569 1322 597; x_wconf 78' lang='lat' dir='ltr'>conli-</span> 
     </span>
     <span class='ocr_line' id='line_1_13' title="bbox 256 592 1320 649; baseline -0.004 -11"><span class='ocrx_word' id='word_1_99' title='bbox 256 609 347 639; x_wconf 84' lang='lat' dir='ltr'>silium</span> <span class='ocrx_word' id='word_1_100' title='bbox 372 608 498 640; x_wconf 89' lang='lat' dir='ltr'>Domini</span> <span class='ocrx_word' id='word_1_101' title='bbox 520 609 618 649; x_wconf 85' lang='lat' dir='ltr'>Legati</span> <span class='ocrx_word' id='word_1_102' title='bbox 638 610 672 640; x_wconf 90' lang='lat'>&amp;</span> <span class='ocrx_word' id='word_1_103' title='bbox 692 616 842 647; x_wconf 88' lang='lat' dir='ltr'>parentum</span> <span class='ocrx_word' id='word_1_104' title='bbox 862 616 989 644; x_wconf 74' lang='lat' dir='ltr'>eorum,</span> <span class='ocrx_word' id='word_1_105' title='bbox 1014 606 1086 637; x_wconf 85' lang='lat' dir='ltr'>salva</span> <span class='ocrx_word' id='word_1_106' title='bbox 1107 592 1155 636; x_wconf 77' lang='lat' dir='ltr'>Ni.</span> <span class='ocrx_word' id='word_1_107' title='bbox 1173 605 1320 648; x_wconf 77' lang='lat' dir='ltr'>quondam</span> 
     </span>
     <span class='ocr_line' id='line_1_14' title="bbox 253 644 1320 717; baseline -0.005 -39"><span class='ocrx_word' id='word_1_108' title='bbox 253 647 352 717; x_wconf 68' lang='lat' dir='ltr'>leori</span> <span class='ocrx_word' id='word_1_109' title='bbox 373 648 454 687; x_wconf 72' lang='lat' dir='ltr'>ipsius</span> <span class='ocrx_word' id='word_1_110' title='bbox 473 647 711 679; x_wconf 85' lang='lat' dir='ltr'>Wenhunwenni</span> <span class='ocrx_word' id='word_1_111' title='bbox 725 670 736 685; x_wconf 83' lang='lat'>,</span> <span class='ocrx_word' id='word_1_112' title='bbox 762 645 919 678; x_wconf 82' lang='lat' dir='ltr'>rationabili</span> <span class='ocrx_word' id='word_1_113' title='bbox 941 645 1011 676; x_wconf 89' lang='lat' dir='ltr'>dote</span> <span class='ocrx_word' id='word_1_114' title='bbox 1031 645 1101 683; x_wconf 70' lang='lat' dir='ltr'>sua,</span> <span class='ocrx_word' id='word_1_115' title='bbox 1120 645 1154 675; x_wconf 89' lang='lat'>&amp;</span> <span class='ocrx_word' id='word_1_116' title='bbox 1168 644 1244 675; x_wconf 86' lang='lat' dir='ltr'>salvo</span> <span class='ocrx_word' id='word_1_117' title='bbox 1256 653 1320 682; x_wconf 84' lang='lat' dir='ltr'>Jure</span> 
     </span>
     <span class='ocr_line' id='line_1_15' title="bbox 253 688 379 718; baseline 0 -1"><span class='ocrx_word' id='word_1_118' title='bbox 253 688 301 718; x_wconf 89' lang='lat' dir='ltr'>cui</span> <span class='ocrx_word' id='word_1_119' title='bbox 312 688 379 718; x_wconf 87' lang='lat' dir='ltr'>ibet.</span> 
     </span>
    </p>

    <p class='ocr_par' dir='ltr' id='par_1_4' title="bbox 252 721 1321 802">
     <span class='ocr_line' id='line_1_16' title="bbox 289 721 1321 764; baseline -0.005 -8"><span class='ocrx_word' id='word_1_120' title='bbox 289 725 345 764; x_wconf 84' lang='lat' dir='ltr'>Et,</span> <span class='ocrx_word' id='word_1_121' title='bbox 364 725 445 756; x_wconf 74' lang='lat' dir='ltr'>causa</span> <span class='ocrx_word' id='word_1_122' title='bbox 464 725 545 763; x_wconf 87' lang='lat' dir='ltr'>hujus</span> <span class='ocrx_word' id='word_1_123' title='bbox 564 723 701 754; x_wconf 87' lang='lat' dir='ltr'>custodiae</span> <span class='ocrx_word' id='word_1_124' title='bbox 715 746 726 763; x_wconf 85' lang='lat'>,</span> <span class='ocrx_word' id='word_1_125' title='bbox 751 725 781 754; x_wconf 90' lang='lat' dir='ltr'>in</span> <span class='ocrx_word' id='word_1_126' title='bbox 801 723 883 754; x_wconf 77' lang='grc'><strong>1116113</strong></span> <span class='ocrx_word' id='word_1_127' title='bbox 897 724 976 753; x_wconf 88' lang='lat' dir='ltr'>terris</span> <span class='ocrx_word' id='word_1_128' title='bbox 990 722 1078 753; x_wconf 83' lang='lat' dir='ltr'>nichil</span> <span class='ocrx_word' id='word_1_129' title='bbox 1094 722 1178 752; x_wconf 88' lang='lat' dir='ltr'>nobis</span> <span class='ocrx_word' id='word_1_130' title='bbox 1187 721 1256 761; x_wconf 88' lang='lat' dir='ltr'>juris</span> <span class='ocrx_word' id='word_1_131' title='bbox 1272 730 1321 752; x_wconf 91' lang='lat' dir='ltr'>ac-</span> 
     </span>
     <span class='ocr_line' id='line_1_17' title="bbox 252 762 1056 802; baseline -0.005 -8"><span class='ocrx_word' id='word_1_132' title='bbox 252 764 375 801; x_wconf 84' lang='lat' dir='ltr'>crescet,</span> <span class='ocrx_word' id='word_1_133' title='bbox 395 773 448 793; x_wconf 89' lang='lat' dir='ltr'>nec</span> <span class='ocrx_word' id='word_1_134' title='bbox 464 765 492 793; x_wconf 89' lang='lat' dir='ltr'>in</span> <span class='ocrx_word' id='word_1_135' title='bbox 507 764 545 793; x_wconf 81' lang='lat' dir='ltr'>eis</span> <span class='ocrx_word' id='word_1_136' title='bbox 554 763 599 800; x_wconf 88' lang='lat' dir='ltr'>jus</span> <span class='ocrx_word' id='word_1_137' title='bbox 611 762 742 793; x_wconf 87' lang='lat' dir='ltr'>nostrum</span> <span class='ocrx_word' id='word_1_138' title='bbox 755 764 784 793; x_wconf 90' lang='lat' dir='ltr'>in</span> <span class='ocrx_word' id='word_1_139' title='bbox 797 762 888 802; x_wconf 78' lang='lat' dir='ltr'>aliquo</span> <span class='ocrx_word' id='word_1_140' title='bbox 902 763 1056 792; x_wconf 87' lang='lat' dir='ltr'>munietur.</span> 
     </span>
    </p>

    <p class='ocr_par' dir='ltr' id='par_1_5' title="bbox 251 798 1322 879">
     <span class='ocr_line' id='line_1_18' title="bbox 290 798 1322 838; baseline -0.003 -5"><span class='ocrx_word' id='word_1_141' title='bbox 290 802 338 833; x_wconf 90' lang='lat' dir='ltr'>Ut</span> <span class='ocrx_word' id='word_1_142' title='bbox 356 810 449 832; x_wconf 86' lang='lat' dir='ltr'>autem</span> <span class='ocrx_word' id='word_1_143' title='bbox 471 802 534 831; x_wconf 75' lang='lat' dir='ltr'>hcec</span> <span class='ocrx_word' id='word_1_144' title='bbox 557 802 655 832; x_wconf 87' lang='lat' dir='ltr'>omnia</span> <span class='ocrx_word' id='word_1_145' title='bbox 677 800 795 831; x_wconf 85' lang='lat' dir='ltr'>fideliter</span> <span class='ocrx_word' id='word_1_146' title='bbox 815 802 849 832; x_wconf 87' lang='lat'>&amp;</span> <span class='ocrx_word' id='word_1_147' title='bbox 869 800 987 832; x_wconf 88' lang='lat' dir='ltr'>firmiter</span> <span class='ocrx_word' id='word_1_148' title='bbox 1006 799 1193 830; x_wconf 85' lang='lat' dir='ltr'>observentur</span> <span class='ocrx_word' id='word_1_149' title='bbox 1210 823 1220 838; x_wconf 90' lang='lat'>,</span> <span class='ocrx_word' id='word_1_150' title='bbox 1237 798 1322 830; x_wconf 76' lang='grc'><strong>136113</strong></span> 
     </span>
     <span class='ocr_line' id='line_1_19' title="bbox 251 839 937 879; baseline -0.006 -7"><span class='ocrx_word' id='word_1_151' title='bbox 251 840 444 879; x_wconf 64' lang='grc'><strong>[36101306115,</strong></span> <span class='ocrx_word' id='word_1_152' title='bbox 463 850 563 872; x_wconf 87' lang='lat' dir='ltr'>coram</span> <span class='ocrx_word' id='word_1_153' title='bbox 579 839 762 879; x_wconf 81' lang='lat' dir='ltr'>Magnaubus</span> <span class='ocrx_word' id='word_1_154' title='bbox 771 840 937 879; x_wconf 86' lang='lat' dir='ltr'>juravimus.</span> 
     </span>
    </p>
   </div>
   <div class='ocr_carea' id='block_1_3' title="bbox 108 182 235 300">
    <p class='ocr_par' dir='ltr' id='par_1_6' title="bbox 108 182 235 300">
     <span class='ocr_line' id='line_1_20' title="bbox 112 182 235 215; baseline 0.008 -1"><span class='ocrx_word' id='word_1_155' title='bbox 112 182 188 214; x_wconf 79' lang='lat' dir='ltr'>Arm.</span> <span class='ocrx_word' id='word_1_156' title='bbox 195 183 235 215; x_wconf 81' lang='lat' dir='ltr'>D.</span> 
     </span>
     <span class='ocr_line' id='line_1_21' title="bbox 131 223 215 253; baseline 0 -1"><span class='ocrx_word' id='word_1_157' title='bbox 131 232 183 252; x_wconf 84' lang='lat'>121</span> <span class='ocrx_word' id='word_1_158' title='bbox 191 223 215 253; x_wconf 89' lang='lat'>8.</span> 
     </span>
     <span class='ocr_line' id='line_1_22' title="bbox 108 265 219 300; baseline 0.009 -10"><span class='ocrx_word' id='word_1_159' title='bbox 108 265 173 291; x_wconf 77' lang='lat' dir='ltr'>Hm.</span> <span class='ocrx_word' id='word_1_160' title='bbox 194 272 219 300; x_wconf 90' lang='lat'>3.</span> 
     </span>
    </p>
   </div>
   <div class='ocr_carea' id='block_1_4' title="bbox 251 914 1321 995">
    <p class='ocr_par' dir='ltr' id='par_1_7' title="bbox 251 914 1321 995">
     <span class='ocr_line' id='line_1_23' title="bbox 287 914 1321 987; baseline -0.001 -39"><span class='ocrx_word' id='word_1_161' title='bbox 287 916 327 949; x_wconf 86' lang='lat' dir='ltr'>Et</span> <span class='ocrx_word' id='word_1_162' title='bbox 347 919 384 987; x_wconf 84' lang='lat' dir='ltr'>inf</span> <span class='ocrx_word' id='word_1_163' title='bbox 397 918 478 962; x_wconf 83' lang='lat' dir='ltr'>hujus</span> <span class='ocrx_word' id='word_1_164' title='bbox 500 918 539 948; x_wconf 89' lang='lat' dir='ltr'>rei</span> <span class='ocrx_word' id='word_1_165' title='bbox 559 916 758 949; x_wconf 84' lang='lat' dir='ltr'>testimonium</span> <span class='ocrx_word' id='word_1_166' title='bbox 780 916 909 956; x_wconf 80' lang='lat' dir='ltr'>praesenti</span> <span class='ocrx_word' id='word_1_167' title='bbox 931 915 1174 957; x_wconf 76' lang='lat' dir='ltr'>scriptosigillum</span> <span class='ocrx_word' id='word_1_168' title='bbox 1188 914 1321 947; x_wconf 87' lang='lat' dir='ltr'>nostrum</span> 
     </span>
     <span class='ocr_line' id='line_1_24' title="bbox 251 965 497 995; baseline -0.004 -8"><span class='ocrx_word' id='word_1_169' title='bbox 251 965 356 995; x_wconf 83' lang='lat' dir='ltr'>apponi</span> <span class='ocrx_word' id='word_1_170' title='bbox 382 967 497 988; x_wconf 86' lang='lat' dir='ltr'>ecimus.</span> 
     </span>
    </p>
   </div>
   <div class='ocr_carea' id='block_1_5' title="bbox 271 1059 1294 1128">
    <p class='ocr_par' dir='ltr' id='par_1_8' title="bbox 271 1059 1294 1128">
     <span class='ocr_line' id='line_1_25' title="bbox 271 1059 1294 1128; baseline -0.003 -15"><span class='ocrx_word' id='word_1_171' title='bbox 271 1081 321 1113; x_wconf 83' lang='lat' dir='ltr'>De</span> <span class='ocrx_word' id='word_1_172' title='bbox 341 1078 497 1113; x_wconf 58' lang='lat' dir='ltr'>Candabia</span> <span class='ocrx_word' id='word_1_173' title='bbox 517 1082 712 1128; x_wconf 72' lang='lat' dir='ltr'>Magnarum</span> <span class='ocrx_word' id='word_1_174' title='bbox 732 1076 842 1112; x_wconf 67' lang='lat' dir='ltr'><em>Wzlh&#39;ae</em></span> <span class='ocrx_word' id='word_1_175' title='bbox 858 1059 1090 1123; x_wconf 75' lang='lat' dir='ltr'>adfidelitatem</span> <span class='ocrx_word' id='word_1_176' title='bbox 1100 1074 1294 1122; x_wconf 85' lang='lat' dir='ltr'>faciendam.</span> 
     </span>
    </p>
   </div>
   <div class='ocr_carea' id='block_1_6' title="bbox 95 1151 1319 1592">
    <p class='ocr_par' dir='ltr' id='par_1_9' title="bbox 95 1151 1319 1592">
     <span class='ocr_line' id='line_1_26' title="bbox 97 1151 1064 1224; baseline -0.004 -26"><span class='ocrx_word' id='word_1_177' title='bbox 97 1152 173 1185; x_wconf 67' lang='lat' dir='ltr'>Am·</span> <span class='ocrx_word' id='word_1_178' title='bbox 190 1151 231 1183; x_wconf 84' lang='lat' dir='ltr'>D·</span> <span class='ocrx_word' id='word_1_179' title='bbox 250 1165 380 1224; x_wconf 83' lang='lat' dir='ltr'>REX</span> <span class='ocrx_word' id='word_1_180' title='bbox 405 1165 542 1197; x_wconf 90' lang='lat' dir='ltr'>omnibus</span> <span class='ocrx_word' id='word_1_181' title='bbox 556 1165 667 1196; x_wconf 89' lang='lat' dir='ltr'>Ballivis</span> <span class='ocrx_word' id='word_1_182' title='bbox 679 1165 714 1196; x_wconf 86' lang='lat'>&amp;</span> <span class='ocrx_word' id='word_1_183' title='bbox 731 1163 859 1195; x_wconf 83' lang='lat' dir='ltr'>fidelibus</span> <span class='ocrx_word' id='word_1_184' title='bbox 875 1163 927 1194; x_wconf 83' lang='lat' dir='ltr'>suis</span> <span class='ocrx_word' id='word_1_185' title='bbox 939 1163 1064 1194; x_wconf 87' lang='lat' dir='ltr'>salutem.</span> 
     </span>
     <span class='ocr_line' id='line_1_27' title="bbox 117 1191 1319 1242; baseline -0.004 -6"><span class='ocrx_word' id='word_1_186' title='bbox 117 1191 203 1222; x_wconf 76' lang='lat'>¹2¹8‘</span> <span class='ocrx_word' id='word_1_187' title='bbox 343 1205 440 1236; x_wconf 84' lang='lat' dir='ltr'>Sciatis</span> <span class='ocrx_word' id='word_1_188' title='bbox 464 1204 543 1242; x_wconf 83' lang='lat' dir='ltr'>quod</span> <span class='ocrx_word' id='word_1_189' title='bbox 564 1204 694 1235; x_wconf 84' lang='lat' dir='ltr'>dedimus</span> <span class='ocrx_word' id='word_1_190' title='bbox 716 1203 822 1234; x_wconf 90' lang='lat' dir='ltr'>salvum</span> <span class='ocrx_word' id='word_1_191' title='bbox 845 1203 879 1234; x_wconf 89' lang='lat'>&amp;</span> <span class='ocrx_word' id='word_1_192' title='bbox 900 1203 1030 1233; x_wconf 74' lang='lat' dir='ltr'>secui-um</span> <span class='ocrx_word' id='word_1_193' title='bbox 1051 1200 1232 1232; x_wconf 61' lang='lat' dir='ltr'>conductum</span> <span class='ocrx_word' id='word_1_194' title='bbox 1252 1210 1319 1232; x_wconf 89' lang='lat' dir='ltr'>nos-</span> 
     </span>
     <span class='ocr_line' id='line_1_28' title="bbox 96 1233 1317 1286; baseline -0.003 -12"><span class='ocrx_word' id='word_1_195' title='bbox 96 1233 134 1259; x_wconf 69' lang='lat' dir='ltr'>A·</span> <span class='ocrx_word' id='word_1_196' title='bbox 154 1240 179 1258; x_wconf 86' lang='lat'>²·</span> <span class='ocrx_word' id='word_1_197' title='bbox 249 1251 326 1274; x_wconf 89' lang='lat' dir='ltr'>trum</span> <span class='ocrx_word' id='word_1_198' title='bbox 350 1244 532 1283; x_wconf 81' lang='lat' dir='ltr'>Magnaribus</span> <span class='ocrx_word' id='word_1_199' title='bbox 553 1244 615 1273; x_wconf 68' lang='lat' dir='ltr'>tam</span> <span class='ocrx_word' id='word_1_200' title='bbox 636 1242 673 1286; x_wconf 80' lang='lat' dir='ltr'>de</span> <span class='ocrx_word' id='word_1_201' title='bbox 693 1241 856 1273; x_wconf 87' lang='lat' dir='ltr'>Norwallia</span> <span class='ocrx_word' id='word_1_202' title='bbox 871 1265 881 1280; x_wconf 86' lang='lat'>,</span> <span class='ocrx_word' id='word_1_203' title='bbox 905 1241 994 1286; x_wconf 71' lang='lat' dir='ltr'>quam</span> <span class='ocrx_word' id='word_1_204' title='bbox 1007 1240 1044 1272; x_wconf 91' lang='lat' dir='ltr'>de</span> <span class='ocrx_word' id='word_1_205' title='bbox 1056 1240 1203 1285; x_wconf 72' lang='lat' dir='ltr'>Suvvallia,</span> <span class='ocrx_word' id='word_1_206' title='bbox 1221 1240 1270 1284; x_wconf 75' lang='lat' dir='ltr'>qui</span> <span class='ocrx_word' id='word_1_207' title='bbox 1282 1239 1317 1270; x_wconf 88' lang='lat' dir='ltr'>ad</span> 
     </span>
     <span class='ocr_line' id='line_1_29' title="bbox 96 1273 1317 1323; baseline -0.003 -10"><span class='ocrx_word' id='word_1_208' title='bbox 96 1273 131 1296; x_wconf 79' lang='lat' dir='ltr'>H.</span> <span class='ocrx_word' id='word_1_209' title='bbox 151 1278 175 1304; x_wconf 86' lang='lat'>3·</span> <span class='ocrx_word' id='word_1_210' title='bbox 250 1292 302 1313; x_wconf 92' lang='lat' dir='ltr'>nos</span> <span class='ocrx_word' id='word_1_211' title='bbox 314 1284 426 1313; x_wconf 81' lang='lat' dir='ltr'>venturi</span> <span class='ocrx_word' id='word_1_212' title='bbox 440 1282 501 1312; x_wconf 88' lang='lat' dir='ltr'>sunt</span> <span class='ocrx_word' id='word_1_213' title='bbox 517 1281 604 1320; x_wconf 81' lang='lat' dir='ltr'>usqne</span> <span class='ocrx_word' id='word_1_214' title='bbox 617 1281 801 1320; x_wconf 78' lang='lat' dir='ltr'>VVigorniarri</span> <span class='ocrx_word' id='word_1_215' title='bbox 817 1280 851 1310; x_wconf 88' lang='lat' dir='ltr'>ad</span> <span class='ocrx_word' id='word_1_216' title='bbox 869 1280 1035 1311; x_wconf 86' lang='lat' dir='ltr'>faciendum</span> <span class='ocrx_word' id='word_1_217' title='bbox 1048 1280 1132 1310; x_wconf 90' lang='lat' dir='ltr'>nobis</span> <span class='ocrx_word' id='word_1_218' title='bbox 1147 1279 1317 1323; x_wconf 78' lang='lat' dir='ltr'>homagium</span> 
     </span>
     <span class='ocr_line' id='line_1_30' title="bbox 95 1311 1317 1362; baseline -0.003 -10"><span class='ocrx_word' id='word_1_219' title='bbox 95 1311 154 1335; x_wconf 57' lang='grc' dir='ltr'>ΡΜ·</span> <span class='ocrx_word' id='word_1_220' title='bbox 176 1317 202 1335; x_wconf 80' lang='lat'>²·</span> <span class='ocrx_word' id='word_1_221' title='bbox 249 1320 331 1352; x_wconf 89' lang='lat' dir='ltr'>suurn</span> <span class='ocrx_word' id='word_1_222' title='bbox 346 1323 379 1353; x_wconf 86' lang='lat'>&amp;</span> <span class='ocrx_word' id='word_1_223' title='bbox 397 1320 578 1358; x_wconf 82' lang='lat' dir='ltr'>fidelitatem,</span> <span class='ocrx_word' id='word_1_224' title='bbox 596 1320 630 1350; x_wconf 90' lang='lat' dir='ltr'>ad</span> <span class='ocrx_word' id='word_1_225' title='bbox 652 1319 756 1350; x_wconf 88' lang='lat' dir='ltr'>instans</span> <span class='ocrx_word' id='word_1_226' title='bbox 775 1318 900 1350; x_wconf 84' lang='lat' dir='ltr'>clausum</span> <span class='ocrx_word' id='word_1_227' title='bbox 913 1318 1040 1362; x_wconf 71' lang='lat' dir='ltr'>paschae,</span> <span class='ocrx_word' id='word_1_228' title='bbox 1058 1328 1135 1348; x_wconf 91' lang='lat' dir='ltr'>anno</span> <span class='ocrx_word' id='word_1_229' title='bbox 1151 1317 1317 1362; x_wconf 35' lang='lat' dir='ltr'>Regni-no-</span> 
     </span>
     <span class='ocr_line' id='line_1_31' title="bbox 95 1350 1318 1411; baseline -0.002 -21"><span class='ocrx_word' id='word_1_230' title='bbox 95 1350 129 1411; x_wconf 57' lang='grc' dir='ltr'>ἔ·</span> <span class='ocrx_word' id='word_1_231' title='bbox 149 1355 174 1383; x_wconf 82' lang='grc'>3·</span> <span class='ocrx_word' id='word_1_232' title='bbox 190 1356 227 1375; x_wconf 70' lang='lat' dir='ltr'>m·</span> <span class='ocrx_word' id='word_1_233' title='bbox 249 1358 298 1390; x_wconf 86' lang='lat' dir='ltr'>stri</span> <span class='ocrx_word' id='word_1_234' title='bbox 311 1359 452 1397; x_wconf 79' lang='lat' dir='ltr'>secundo,</span> <span class='ocrx_word' id='word_1_235' title='bbox 471 1360 499 1389; x_wconf 87' lang='lat' dir='ltr'>in</span> <span class='ocrx_word' id='word_1_236' title='bbox 514 1358 658 1390; x_wconf 86' lang='lat' dir='ltr'>veniendo</span> <span class='ocrx_word' id='word_1_237' title='bbox 671 1358 705 1389; x_wconf 89' lang='lat' dir='ltr'>ad</span> <span class='ocrx_word' id='word_1_238' title='bbox 721 1369 790 1398; x_wconf 89' lang='lat' dir='ltr'>nos,</span> <span class='ocrx_word' id='word_1_239' title='bbox 809 1358 843 1389; x_wconf 92' lang='lat'>&amp;</span> <span class='ocrx_word' id='word_1_240' title='bbox 855 1357 1007 1388; x_wconf 89' lang='lat' dir='ltr'>nobiscum</span> <span class='ocrx_word' id='word_1_241' title='bbox 1022 1356 1184 1395; x_wconf 83' lang='lat' dir='ltr'>morando,</span> <span class='ocrx_word' id='word_1_242' title='bbox 1202 1357 1236 1388; x_wconf 89' lang='lat'>&amp;</span> <span class='ocrx_word' id='word_1_243' title='bbox 1251 1356 1318 1388; x_wconf 90' lang='lat' dir='ltr'>inde</span> 
     </span>
     <span class='ocr_line' id='line_1_32' title="bbox 246 1398 1315 1479; baseline -0.003 -12"><span class='ocrx_word' id='word_1_244' title='bbox 246 1398 331 1467; x_wconf 54' lang='grc' dir='ltr'>ταξῐυ</span> <span class='ocrx_word' id='word_1_245' title='bbox 333 1398 402 1468; x_wconf 44' lang='grc' dir='ltr'>Ι11611600·</span> <span class='ocrx_word' id='word_1_246' title='bbox 415 1437 500 1469; x_wconf 89' lang='lat' dir='ltr'>vobis</span> <span class='ocrx_word' id='word_1_247' title='bbox 519 1435 684 1467; x_wconf 84' lang='lat' dir='ltr'>mandamus</span> <span class='ocrx_word' id='word_1_248' title='bbox 700 1435 778 1474; x_wconf 84' lang='lat' dir='ltr'>quod</span> <span class='ocrx_word' id='word_1_249' title='bbox 801 1434 943 1479; x_wconf 64' lang='lat' dir='ltr'>praedidh&#39;s</span> <span class='ocrx_word' id='word_1_250' title='bbox 958 1434 1140 1479; x_wconf 31' lang='lat' dir='ltr'>,Magnatibus</span> <span class='ocrx_word' id='word_1_251' title='bbox 1160 1434 1271 1478; x_wconf 84' lang='lat' dir='ltr'>nullum</span> <span class='ocrx_word' id='word_1_252' title='bbox 1285 1435 1315 1479; x_wconf 82' lang='lat' dir='ltr'>in</span> 
     </span>
     <span class='ocr_line' id='line_1_33' title="bbox 247 1472 1316 1514; baseline -0.001 -8"><span class='ocrx_word' id='word_1_253' title='bbox 247 1476 390 1507; x_wconf 88' lang='lat' dir='ltr'>veniendo</span> <span class='ocrx_word' id='word_1_254' title='bbox 405 1500 414 1514; x_wconf 87' lang='lat'>‚</span> <span class='ocrx_word' id='word_1_255' title='bbox 439 1475 582 1506; x_wconf 89' lang='lat' dir='ltr'>morando</span> <span class='ocrx_word' id='word_1_256' title='bbox 597 1498 607 1514; x_wconf 87' lang='grc'><strong>,</strong></span> <span class='ocrx_word' id='word_1_257' title='bbox 633 1475 679 1505; x_wconf 83' lang='grc' dir='ltr'>ν61</span> <span class='ocrx_word' id='word_1_258' title='bbox 701 1473 848 1505; x_wconf 86' lang='lat' dir='ltr'>redeundo</span> <span class='ocrx_word' id='word_1_259' title='bbox 872 1473 995 1512; x_wconf 79' lang='lat' dir='ltr'>faciatis,</span> <span class='ocrx_word' id='word_1_260' title='bbox 1013 1473 1060 1505; x_wconf 92' lang='lat' dir='ltr'>vel</span> <span class='ocrx_word' id='word_1_261' title='bbox 1072 1472 1134 1504; x_wconf 85' lang='lat' dir='ltr'>fieri</span> <span class='ocrx_word' id='word_1_262' title='bbox 1148 1480 1316 1511; x_wconf 86' lang='lat' dir='ltr'>permittatis</span> 
     </span>
     <span class='ocr_line' id='line_1_34' title="bbox 247 1513 731 1557; baseline -0.002 -13"><span class='ocrx_word' id='word_1_263' title='bbox 247 1514 407 1553; x_wconf 87' lang='lat' dir='ltr'>dampnum</span> <span class='ocrx_word' id='word_1_264' title='bbox 421 1514 468 1557; x_wconf 81' lang='lat' dir='ltr'>vel</span> <span class='ocrx_word' id='word_1_265' title='bbox 482 1513 731 1551; x_wconf 78' lang='lat' dir='ltr'>impedimentum.</span> 
     </span>
     <span class='ocr_line' id='line_1_35' title="bbox 283 1552 559 1592; baseline -0.004 -8"><span class='ocrx_word' id='word_1_266' title='bbox 283 1552 322 1584; x_wconf 88' lang='lat' dir='ltr'>Et</span> <span class='ocrx_word' id='word_1_267' title='bbox 337 1555 366 1584; x_wconf 89' lang='lat' dir='ltr'>in</span> <span class='ocrx_word' id='word_1_268' title='bbox 381 1553 479 1592; x_wconf 76' lang='lat' dir='ltr'>hujus,</span> <span class='ocrx_word' id='word_1_269' title='bbox 498 1553 559 1584; x_wconf 89' lang='lat' dir='ltr'>&amp;c.</span> 
     </span>
    </p>
   </div>
   <div class='ocr_carea' id='block_1_7' title="bbox 242 1626 1313 1701">
    <p class='ocr_par' dir='ltr' id='par_1_10' title="bbox 242 1626 1313 1701">
     <span class='ocr_line' id='line_1_36' title="bbox 242 1626 1313 1701; baseline 0 -41"><span class='ocrx_word' id='word_1_270' title='bbox 242 1628 511 1701; x_wconf 41' lang='lat' dir='ltr'>tri-estedoomoe</span> <span class='ocrx_word' id='word_1_271' title='bbox 530 1628 604 1668; x_wconf 85' lang='lat' dir='ltr'>apud</span> <span class='ocrx_word' id='word_1_272' title='bbox 625 1628 762 1670; x_wconf 84' lang='lat' dir='ltr'>Wigorn.</span> <span class='ocrx_word' id='word_1_273' title='bbox 786 1637 821 1665; x_wconf 82' lang='lat'>15</span> <span class='ocrx_word' id='word_1_274' title='bbox 836 1627 883 1659; x_wconf 86' lang='lat' dir='ltr'>die</span> <span class='ocrx_word' id='word_1_275' title='bbox 898 1626 1006 1659; x_wconf 83' lang='lat' dir='ltr'>Martii.</span> <span class='ocrx_word' id='word_1_276' title='bbox 1025 1627 1115 1660; x_wconf 85' lang='lat' dir='ltr'>Anno</span> <span class='ocrx_word' id='word_1_277' title='bbox 1129 1627 1229 1667; x_wconf 83' lang='lat' dir='ltr'>Regni</span> <span class='ocrx_word' id='word_1_278' title='bbox 1244 1637 1313 1659; x_wconf 89' lang='lat' dir='ltr'>nos·</span> 
     </span>
     <span class='ocr_line' id='line_1_37' title="bbox 268 1678 424 1699; baseline -0.013 0"><span class='ocrx_word' id='word_1_279' title='bbox 268 1679 277 1699; x_wconf 81' lang='lat'>1</span> <span class='ocrx_word' id='word_1_280' title='bbox 301 1678 374 1699; x_wconf 77' lang='lat' dir='ltr'><strong>ecun</strong></span> <span class='ocrx_word' id='word_1_281' title='bbox 395 1678 424 1698; x_wconf 93' lang='lat'>0.</span> 
     </span>
    </p>
   </div>
   <div class='ocr_carea' id='block_1_8' title="bbox 299 1788 1250 1860">
    <p class='ocr_par' dir='ltr' id='par_1_11' title="bbox 299 1788 1250 1860">
     <span class='ocr_line' id='line_1_38' title="bbox 299 1788 1250 1836; baseline -0.002 -11"><span class='ocrx_word' id='word_1_282' title='bbox 299 1794 407 1825; x_wconf 83' lang='lat' dir='ltr'>Petrus</span> <span class='ocrx_word' id='word_1_283' title='bbox 427 1788 529 1826; x_wconf 82' lang='lat' dir='ltr'>Comes</span> <span class='ocrx_word' id='word_1_284' title='bbox 544 1793 705 1823; x_wconf 55' lang='lat' dir='ltr'>Britanniis</span> <span class='ocrx_word' id='word_1_285' title='bbox 723 1788 905 1836; x_wconf 72' lang='lat' dir='ltr'>quibusdam</span> <span class='ocrx_word' id='word_1_286' title='bbox 924 1791 1028 1823; x_wconf 87' lang='lat' dir='ltr'>Terris</span> <span class='ocrx_word' id='word_1_287' title='bbox 1045 1792 1250 1823; x_wconf 78' lang='lat' dir='ltr'>renunciavit.</span> 
     </span>
     <span class='ocr_line' id='line_1_39' title="bbox 453 1839 470 1860; baseline 0 0"><span class='ocrx_word' id='word_1_288' title='bbox 453 1839 470 1860; x_wconf 60' lang='grc' dir='ltr'>*ι</span> 
     </span>
    </p>
   </div>
   <div class='ocr_carea' id='block_1_9' title="bbox 93 1869 1313 1919">
    <p class='ocr_par' dir='ltr' id='par_1_12' title="bbox 93 1869 1313 1919">
     <span class='ocr_line' id='line_1_40' title="bbox 93 1869 1313 1919; baseline -0.001 -12"><span class='ocrx_word' id='word_1_289' title='bbox 93 1880 220 1911; x_wconf 72' lang='lat' dir='ltr'>Ann,D.</span> <span class='ocrx_word' id='word_1_290' title='bbox 317 1869 439 1907; x_wconf 55' lang='lat' dir='ltr'>Mnibuss.</span> <span class='ocrx_word' id='word_1_291' title='bbox 453 1899 462 1910; x_wconf 67' lang='lat'>,</span> <span class='ocrx_word' id='word_1_292' title='bbox 487 1875 524 1919; x_wconf 79' lang='lat' dir='ltr'>ad</span> <span class='ocrx_word' id='word_1_293' title='bbox 542 1885 616 1914; x_wconf 86' lang='lat' dir='ltr'>quos</span> <span class='ocrx_word' id='word_1_294' title='bbox 638 1874 785 1914; x_wconf 74' lang='lat' dir='ltr'>praesentes</span> <span class='ocrx_word' id='word_1_295' title='bbox 806 1875 907 1907; x_wconf 79' lang='lat' dir='ltr'>littcrae</span> <span class='ocrx_word' id='word_1_296' title='bbox 922 1875 1118 1914; x_wconf 83' lang='lat' dir='ltr'>pervenerint,</span> <span class='ocrx_word' id='word_1_297' title='bbox 1133 1873 1233 1905; x_wconf 87' lang='lat' dir='ltr'>Petrus</span> <span class='ocrx_word' id='word_1_298' title='bbox 1249 1873 1313 1906; x_wconf 90' lang='lat' dir='ltr'>Co-</span> 
     </span>
    </p>
   </div>
   <div class='ocr_carea' id='block_1_10' title="bbox 89 1914 1313 2033">
    <p class='ocr_par' dir='ltr' id='par_1_13' title="bbox 89 1914 1313 2033">
     <span class='ocr_line' id='line_1_41' title="bbox 89 1914 1310 1992; baseline -0.002 -6"><span class='ocrx_word' id='word_1_299' title='bbox 89 1920 197 1987; x_wconf 43' lang='lat' dir='ltr'>A¹.22„1.8‘</span> <span class='ocrx_word' id='word_1_300' title='bbox 281 1925 386 1985; x_wconf 48' lang='lat' dir='ltr'>Sciantitss</span> <span class='ocrx_word' id='word_1_301' title='bbox 392 1914 639 1991; x_wconf 36' lang='lat' dir='ltr'>nliengoaeggsfiffe,</span> <span class='ocrx_word' id='word_1_302' title='bbox 650 1953 683 1984; x_wconf 86' lang='lat'>&amp;</span> <span class='ocrx_word' id='word_1_303' title='bbox 696 1952 814 1984; x_wconf 83' lang='lat' dir='ltr'>fideliter</span> <span class='ocrx_word' id='word_1_304' title='bbox 827 1952 964 1991; x_wconf 88' lang='lat' dir='ltr'>pepigisse</span> <span class='ocrx_word' id='word_1_305' title='bbox 977 1951 1055 1990; x_wconf 87' lang='lat' dir='ltr'>quod</span> <span class='ocrx_word' id='word_1_306' title='bbox 1070 1961 1125 1992; x_wconf 87' lang='lat' dir='ltr'>ego</span> <span class='ocrx_word' id='word_1_307' title='bbox 1134 1975 1144 1990; x_wconf 88' lang='lat'>,</span> <span class='ocrx_word' id='word_1_308' title='bbox 1158 1952 1310 1984; x_wconf 79' lang='lat' dir='ltr'>occasione</span> 
     </span>
     <span class='ocr_line' id='line_1_42' title="bbox 89 1990 1313 2033; baseline 0 -11"><span class='ocrx_word' id='word_1_309' title='bbox 89 2001 126 2025; x_wconf 80' lang='grc' dir='ltr'>Η.</span> <span class='ocrx_word' id='word_1_310' title='bbox 144 2006 170 2033; x_wconf 73' lang='grc'><strong>3,</strong></span> <span class='ocrx_word' id='word_1_311' title='bbox 243 1991 329 2023; x_wconf 87' lang='lat' dir='ltr'>baillii</span> <span class='ocrx_word' id='word_1_312' title='bbox 342 2017 352 2032; x_wconf 86' lang='lat'>‚</span> <span class='ocrx_word' id='word_1_313' title='bbox 377 1991 457 2030; x_wconf 89' lang='lat' dir='ltr'>quod</span> <span class='ocrx_word' id='word_1_314' title='bbox 479 1991 640 2022; x_wconf 81' lang='lat' dir='ltr'>Consilium</span> <span class='ocrx_word' id='word_1_315' title='bbox 656 1991 782 2022; x_wconf 87' lang='lat' dir='ltr'>Domini</span> <span class='ocrx_word' id='word_1_316' title='bbox 796 1991 918 2022; x_wconf 89' lang='lat' dir='ltr'>Henrici</span> <span class='ocrx_word' id='word_1_317' title='bbox 934 1991 1026 2030; x_wconf 74' lang='lat' dir='ltr'>Hegis</span> <span class='ocrx_word' id='word_1_318' title='bbox 1039 1990 1149 2030; x_wconf 81' lang='lat' dir='ltr'>Angliae</span> <span class='ocrx_word' id='word_1_319' title='bbox 1161 1992 1233 2022; x_wconf 82' lang='lat' dir='ltr'>mihi</span> <span class='ocrx_word' id='word_1_320' title='bbox 1244 1991 1313 2023; x_wconf 85' lang='lat' dir='ltr'>fecit</span> 
     </span>
    </p>
   </div>
   <div class='ocr_carea' id='block_1_11' title="bbox 86 2028 1312 2420">
    <p class='ocr_par' dir='ltr' id='par_1_14' title="bbox 86 2028 1312 2420">
     <span class='ocr_line' id='line_1_43' title="bbox 86 2028 1311 2070; baseline -0.002 -7"><span class='ocrx_word' id='word_1_321' title='bbox 86 2039 149 2066; x_wconf 66' lang='lat' dir='ltr'>fat.</span> <span class='ocrx_word' id='word_1_322' title='bbox 172 2044 198 2063; x_wconf 71' lang='lat' dir='ltr'>a.</span> <span class='ocrx_word' id='word_1_323' title='bbox 242 2030 280 2062; x_wconf 91' lang='lat' dir='ltr'>de</span> <span class='ocrx_word' id='word_1_324' title='bbox 291 2033 372 2062; x_wconf 86' lang='lat' dir='ltr'>terris</span> <span class='ocrx_word' id='word_1_325' title='bbox 383 2033 417 2063; x_wconf 91' lang='lat'>&amp;</span> <span class='ocrx_word' id='word_1_326' title='bbox 433 2031 547 2062; x_wconf 87' lang='lat' dir='ltr'>servitiis</span> <span class='ocrx_word' id='word_1_327' title='bbox 561 2029 716 2061; x_wconf 88' lang='lat' dir='ltr'>feodorum</span> <span class='ocrx_word' id='word_1_328' title='bbox 729 2031 932 2070; x_wconf 88' lang='lat' dir='ltr'>pertinentium</span> <span class='ocrx_word' id='word_1_329' title='bbox 946 2029 981 2061; x_wconf 83' lang='lat' dir='ltr'>ad</span> <span class='ocrx_word' id='word_1_330' title='bbox 994 2030 1140 2060; x_wconf 88' lang='lat' dir='ltr'>honorem</span> <span class='ocrx_word' id='word_1_331' title='bbox 1161 2028 1311 2061; x_wconf 87' lang='lat' dir='ltr'>Britanniae</span> 
     </span>
     <span class='ocr_line' id='line_1_44' title="bbox 89 2070 1063 2112; baseline -0.003 -10"><span class='ocrx_word' id='word_1_332' title='bbox 89 2077 124 2102; x_wconf 80' lang='lat' dir='ltr'>H.</span> <span class='ocrx_word' id='word_1_333' title='bbox 143 2083 170 2110; x_wconf 84' lang='lat'>3.</span> <span class='ocrx_word' id='word_1_334' title='bbox 184 2084 221 2102; x_wconf 86' lang='lat' dir='ltr'>m.</span> <span class='ocrx_word' id='word_1_335' title='bbox 242 2071 312 2101; x_wconf 84' lang='lat' dir='ltr'>citra</span> <span class='ocrx_word' id='word_1_336' title='bbox 326 2070 497 2101; x_wconf 89' lang='lat' dir='ltr'>Humbrum</span> <span class='ocrx_word' id='word_1_337' title='bbox 1058 2106 1063 2112; x_wconf 39' lang='grc'><strong>.</strong></span> 
     </span>
     <span class='ocr_line' id='line_1_45' title="bbox 90 2105 1311 2147; baseline -0.001 -8"><span class='ocrx_word' id='word_1_338' title='bbox 90 2112 119 2140; x_wconf 85' lang='grc'>6.</span> <span class='ocrx_word' id='word_1_339' title='bbox 140 2113 166 2141; x_wconf 86' lang='lat' dir='ltr'>d.</span> <span class='ocrx_word' id='word_1_340' title='bbox 279 2109 315 2139; x_wconf 91' lang='lat' dir='ltr'>N</span> <span class='ocrx_word' id='word_1_341' title='bbox 318 2110 384 2140; x_wconf 89' lang='lat' dir='ltr'>ichil</span> <span class='ocrx_word' id='word_1_342' title='bbox 396 2109 548 2147; x_wconf 82' lang='lat' dir='ltr'>clamabo,</span> <span class='ocrx_word' id='word_1_343' title='bbox 566 2108 613 2140; x_wconf 93' lang='lat' dir='ltr'>vel</span> <span class='ocrx_word' id='word_1_344' title='bbox 627 2108 749 2139; x_wconf 91' lang='lat' dir='ltr'>clamare</span> <span class='ocrx_word' id='word_1_345' title='bbox 763 2116 867 2147; x_wconf 82' lang='lat' dir='ltr'>potero</span> <span class='ocrx_word' id='word_1_346' title='bbox 888 2108 918 2139; x_wconf 89' lang='lat' dir='ltr'>in</span> <span class='ocrx_word' id='word_1_347' title='bbox 938 2105 1077 2146; x_wconf 63' lang='lat' dir='ltr'>praedietis</span> <span class='ocrx_word' id='word_1_348' title='bbox 1097 2107 1176 2137; x_wconf 88' lang='lat' dir='ltr'>terris</span> <span class='ocrx_word' id='word_1_349' title='bbox 1190 2107 1237 2138; x_wconf 87' lang='lat' dir='ltr'>vel</span> <span class='ocrx_word' id='word_1_350' title='bbox 1256 2108 1311 2138; x_wconf 91' lang='lat' dir='ltr'>ser-</span> 
     </span>
     <span class='ocr_line' id='line_1_46' title="bbox 245 2145 1312 2188; baseline -0.002 -9"><span class='ocrx_word' id='word_1_351' title='bbox 245 2148 331 2187; x_wconf 78' lang='lat' dir='ltr'>vitiis,</span> <span class='ocrx_word' id='word_1_352' title='bbox 350 2148 399 2178; x_wconf 87' lang='lat' dir='ltr'>nisi</span> <span class='ocrx_word' id='word_1_353' title='bbox 413 2147 616 2179; x_wconf 87' lang='lat' dir='ltr'>tantummodo</span> <span class='ocrx_word' id='word_1_354' title='bbox 630 2156 738 2188; x_wconf 87' lang='lat' dir='ltr'>partem</span> <span class='ocrx_word' id='word_1_355' title='bbox 753 2148 846 2186; x_wconf 84' lang='lat' dir='ltr'>illam,</span> <span class='ocrx_word' id='word_1_356' title='bbox 864 2156 951 2186; x_wconf 89' lang='lat' dir='ltr'>quam</span> <span class='ocrx_word' id='word_1_357' title='bbox 965 2145 1128 2176; x_wconf 86' lang='lat' dir='ltr'>Consilium</span> <span class='ocrx_word' id='word_1_358' title='bbox 1140 2146 1312 2184; x_wconf 67' lang='lat' dir='ltr'>praedistum</span> 
     </span>
     <span class='ocr_line' id='line_1_47' title="bbox 243 2184 1310 2226; baseline 0 -10"><span class='ocrx_word' id='word_1_359' title='bbox 243 2187 313 2216; x_wconf 90' lang='lat' dir='ltr'>mihi</span> <span class='ocrx_word' id='word_1_360' title='bbox 329 2187 395 2217; x_wconf 88' lang='lat' dir='ltr'>inde</span> <span class='ocrx_word' id='word_1_361' title='bbox 408 2186 569 2226; x_wconf 70' lang='lat' dir='ltr'>assignabit,</span> <span class='ocrx_word' id='word_1_362' title='bbox 588 2187 617 2216; x_wconf 83' lang='lat' dir='ltr'>in</span> <span class='ocrx_word' id='word_1_363' title='bbox 633 2186 769 2224; x_wconf 60' lang='lat' dir='ltr'>praedicta</span> <span class='ocrx_word' id='word_1_364' title='bbox 784 2185 874 2217; x_wconf 68' lang='lat' dir='ltr'>Curia</span> <span class='ocrx_word' id='word_1_365' title='bbox 887 2185 1012 2216; x_wconf 86' lang='lat' dir='ltr'>Domini</span> <span class='ocrx_word' id='word_1_366' title='bbox 1027 2184 1135 2224; x_wconf 72' lang='lat' dir='ltr'>Regis,</span> <span class='ocrx_word' id='word_1_367' title='bbox 1153 2184 1310 2216; x_wconf 90' lang='lat' dir='ltr'>secundum</span> 
     </span>
     <span class='ocr_line' id='line_1_48' title="bbox 90 2219 1312 2265; baseline -0.002 -8"><span class='ocrx_word' id='word_1_368' title='bbox 90 2219 140 2250; x_wconf 64' lang='lat'>‘1-</span> <span class='ocrx_word' id='word_1_369' title='bbox 155 2228 221 2257; x_wconf 86' lang='lat'>227·</span> <span class='ocrx_word' id='word_1_370' title='bbox 239 2226 453 2263; x_wconf 85' lang='lat' dir='ltr'>inquisitionem</span> <span class='ocrx_word' id='word_1_371' title='bbox 468 2235 533 2264; x_wconf 80' lang='lat' dir='ltr'>quae</span> <span class='ocrx_word' id='word_1_372' title='bbox 546 2224 610 2262; x_wconf 83' lang='lat' dir='ltr'>fiet,</span> <span class='ocrx_word' id='word_1_373' title='bbox 628 2234 678 2262; x_wconf 89' lang='lat' dir='ltr'>per</span> <span class='ocrx_word' id='word_1_374' title='bbox 691 2234 869 2265; x_wconf 81' lang='lat' dir='ltr'>praeceptum</span> <span class='ocrx_word' id='word_1_375' title='bbox 885 2225 905 2244; x_wconf 82' lang='grc'>*</span> <span class='ocrx_word' id='word_1_376' title='bbox 922 2223 1049 2254; x_wconf 85' lang='lat' dir='ltr'>Domini</span> <span class='ocrx_word' id='word_1_377' title='bbox 1064 2223 1151 2263; x_wconf 87' lang='lat' dir='ltr'>Regis</span> <span class='ocrx_word' id='word_1_378' title='bbox 1164 2247 1174 2262; x_wconf 87' lang='lat'>,</span> <span class='ocrx_word' id='word_1_379' title='bbox 1193 2223 1230 2255; x_wconf 93' lang='lat' dir='ltr'>de</span> <span class='ocrx_word' id='word_1_380' title='bbox 1243 2223 1312 2255; x_wconf 89' lang='lat' dir='ltr'>Do-</span> 
     </span>
     <span class='ocr_line' id='line_1_49' title="bbox 237 2261 1311 2301; baseline 0 -7"><span class='ocrx_word' id='word_1_381' title='bbox 237 2265 350 2296; x_wconf 85' lang='lat' dir='ltr'>minicis</span> <span class='ocrx_word' id='word_1_382' title='bbox 372 2265 489 2296; x_wconf 87' lang='lat' dir='ltr'>honoris</span> <span class='ocrx_word' id='word_1_383' title='bbox 504 2263 654 2294; x_wconf 74' lang='lat' dir='ltr'>Britanniae</span> <span class='ocrx_word' id='word_1_384' title='bbox 677 2287 687 2301; x_wconf 83' lang='lat'>,</span> <span class='ocrx_word' id='word_1_385' title='bbox 712 2265 746 2295; x_wconf 89' lang='lat'>&amp;</span> <span class='ocrx_word' id='word_1_386' title='bbox 760 2263 875 2295; x_wconf 83' lang='lat' dir='ltr'>servitiis</span> <span class='ocrx_word' id='word_1_387' title='bbox 889 2261 1044 2293; x_wconf 88' lang='lat' dir='ltr'>feodorum</span> <span class='ocrx_word' id='word_1_388' title='bbox 1059 2263 1261 2300; x_wconf 86' lang='lat' dir='ltr'>pertinentium</span> <span class='ocrx_word' id='word_1_389' title='bbox 1275 2262 1311 2294; x_wconf 88' lang='lat' dir='ltr'>ad</span> 
     </span>
     <span class='ocr_line' id='line_1_50' title="bbox 237 2300 1310 2341; baseline -0.001 -7"><span class='ocrx_word' id='word_1_390' title='bbox 237 2303 408 2341; x_wconf 65' lang='lat' dir='ltr'>praedictum</span> <span class='ocrx_word' id='word_1_391' title='bbox 427 2304 597 2340; x_wconf 74' lang='lat' dir='ltr'>honorem,</span> <span class='ocrx_word' id='word_1_392' title='bbox 622 2302 659 2332; x_wconf 88' lang='lat' dir='ltr'>ita</span> <span class='ocrx_word' id='word_1_393' title='bbox 679 2302 758 2340; x_wconf 88' lang='lat' dir='ltr'>quod</span> <span class='ocrx_word' id='word_1_394' title='bbox 782 2302 860 2333; x_wconf 91' lang='lat' dir='ltr'>idern</span> <span class='ocrx_word' id='word_1_395' title='bbox 882 2301 1030 2332; x_wconf 85' lang='lat' dir='ltr'>Dominus</span> <span class='ocrx_word' id='word_1_396' title='bbox 1050 2301 1116 2331; x_wconf 87' lang='lat' dir='ltr'>Rex</span> <span class='ocrx_word' id='word_1_397' title='bbox 1129 2300 1310 2333; x_wconf 86' lang='lat' dir='ltr'>voluntatem</span> 
     </span>
     <span class='ocr_line' id='line_1_51' title="bbox 236 2338 1184 2379; baseline -0.004 -6"><span class='ocrx_word' id='word_1_398' title='bbox 236 2341 314 2374; x_wconf 81' lang='lat' dir='ltr'>suam</span> <span class='ocrx_word' id='word_1_399' title='bbox 329 2343 410 2373; x_wconf 85' lang='lat' dir='ltr'>faciat</span> <span class='ocrx_word' id='word_1_400' title='bbox 424 2342 461 2373; x_wconf 92' lang='lat' dir='ltr'>de</span> <span class='ocrx_word' id='word_1_401' title='bbox 473 2342 585 2373; x_wconf 84' lang='lat' dir='ltr'>residuo</span> <span class='ocrx_word' id='word_1_402' title='bbox 599 2349 736 2371; x_wconf 89' lang='lat' dir='ltr'>terrarum</span> <span class='ocrx_word' id='word_1_403' title='bbox 752 2342 786 2373; x_wconf 89' lang='lat'>&amp;</span> <span class='ocrx_word' id='word_1_404' title='bbox 799 2339 954 2371; x_wconf 86' lang='lat' dir='ltr'>feodorum</span> <span class='ocrx_word' id='word_1_405' title='bbox 969 2338 1184 2379; x_wconf 66' lang='lat' dir='ltr'>praedictorum.</span> 
     </span>
     <span class='ocr_line' id='line_1_52' title="bbox 275 2378 1310 2420; baseline -0.001 -8"><span class='ocrx_word' id='word_1_406' title='bbox 275 2380 315 2412; x_wconf 92' lang='lat' dir='ltr'>Et</span> <span class='ocrx_word' id='word_1_407' title='bbox 335 2382 364 2412; x_wconf 91' lang='lat' dir='ltr'>in</span> <span class='ocrx_word' id='word_1_408' title='bbox 386 2382 468 2420; x_wconf 89' lang='lat' dir='ltr'>hujus</span> <span class='ocrx_word' id='word_1_409' title='bbox 485 2382 525 2411; x_wconf 90' lang='lat' dir='ltr'>rei</span> <span class='ocrx_word' id='word_1_410' title='bbox 545 2378 745 2411; x_wconf 83' lang='lat' dir='ltr'>testimonium</span> <span class='ocrx_word' id='word_1_411' title='bbox 767 2380 816 2411; x_wconf 82' lang='lat' dir='ltr'>has</span> <span class='ocrx_word' id='word_1_412' title='bbox 836 2379 939 2411; x_wconf 78' lang='lat' dir='ltr'>litteras</span> <span class='ocrx_word' id='word_1_413' title='bbox 966 2387 1044 2409; x_wconf 66' lang='lat' dir='ltr'>mens</span> <span class='ocrx_word' id='word_1_414' title='bbox 1065 2386 1191 2419; x_wconf 78' lang='lat' dir='ltr'>patentes</span> <span class='ocrx_word' id='word_1_415' title='bbox 1214 2378 1310 2411; x_wconf 86' lang='lat' dir='ltr'>eidem</span> 
     </span>
    </p>
   </div>
   <div class='ocr_carea' id='block_1_12' title="bbox 236 2417 749 2459">
    <p class='ocr_par' dir='ltr' id='par_1_15' title="bbox 236 2417 749 2459">
     <span class='ocr_line' id='line_1_53' title="bbox 236 2417 749 2459; baseline -0.004 -9"><span class='ocrx_word' id='word_1_416' title='bbox 236 2417 374 2451; x_wconf 88' lang='lat' dir='ltr'>Domino</span> <span class='ocrx_word' id='word_1_417' title='bbox 387 2419 467 2459; x_wconf 86' lang='lat' dir='ltr'>Regi</span> <span class='ocrx_word' id='word_1_418' title='bbox 481 2419 542 2450; x_wconf 89' lang='lat' dir='ltr'>fieri</span> <span class='ocrx_word' id='word_1_419' title='bbox 555 2418 611 2449; x_wconf 85' lang='lat' dir='ltr'>feci</span> <span class='ocrx_word' id='word_1_420' title='bbox 620 2442 630 2457; x_wconf 87' lang='lat'>,</span> <span class='ocrx_word' id='word_1_421' title='bbox 648 2418 749 2450; x_wconf 76' lang='lat' dir='ltr'>valete.</span> 
     </span>
    </p>
   </div>
   <div class='ocr_carea' id='block_1_13' title="bbox 236 2493 1310 2574">
    <p class='ocr_par' dir='ltr' id='par_1_16' title="bbox 236 2493 1310 2574">
     <span class='ocr_line' id='line_1_54' title="bbox 275 2493 1310 2536; baseline 0 -10"><span class='ocrx_word' id='word_1_422' title='bbox 275 2495 386 2528; x_wconf 84' lang='grc' dir='ltr'><strong>Α6111111</strong></span> <span class='ocrx_word' id='word_1_423' title='bbox 395 2501 411 2536; x_wconf 79' lang='grc'><strong>“,</strong></span> <span class='ocrx_word' id='word_1_424' title='bbox 437 2497 511 2535; x_wconf 90' lang='lat' dir='ltr'>apud</span> <span class='ocrx_word' id='word_1_425' title='bbox 526 2494 838 2534; x_wconf 77' lang='lat' dir='ltr'>Westmonasterium‚</span> <span class='ocrx_word' id='word_1_426' title='bbox 855 2494 875 2524; x_wconf 90' lang='lat'>6</span> <span class='ocrx_word' id='word_1_427' title='bbox 889 2493 935 2525; x_wconf 89' lang='lat' dir='ltr'>die</span> <span class='ocrx_word' id='word_1_428' title='bbox 948 2493 1039 2533; x_wconf 84' lang='lat' dir='ltr'>Maii,</span> <span class='ocrx_word' id='word_1_429' title='bbox 1060 2504 1136 2525; x_wconf 86' lang='lat' dir='ltr'>anno</span> <span class='ocrx_word' id='word_1_430' title='bbox 1150 2496 1230 2536; x_wconf 84' lang='lat' dir='ltr'>regni</span> <span class='ocrx_word' id='word_1_431' title='bbox 1241 2494 1310 2526; x_wconf 95' lang='lat' dir='ltr'>Do-</span> 
     </span>
     <span class='ocr_line' id='line_1_55' title="bbox 236 2533 697 2574; baseline -0.002 -9"><span class='ocrx_word' id='word_1_432' title='bbox 236 2536 308 2566; x_wconf 86' lang='lat' dir='ltr'>mini</span> <span class='ocrx_word' id='word_1_433' title='bbox 324 2535 446 2568; x_wconf 87' lang='lat' dir='ltr'>Henrici</span> <span class='ocrx_word' id='word_1_434' title='bbox 459 2536 548 2574; x_wconf 86' lang='lat' dir='ltr'>Regis</span> <span class='ocrx_word' id='word_1_435' title='bbox 563 2533 697 2567; x_wconf 89' lang='lat' dir='ltr'>secundo.</span> 
     </span>
    </p>
   </div>
   <div class='ocr_carea' id='block_1_14' title="bbox 390 2656 1150 2703">
    <p class='ocr_par' dir='ltr' id='par_1_17' title="bbox 390 2656 1150 2703">
     <span class='ocr_line' id='line_1_56' title="bbox 390 2656 1150 2703; baseline -0.004 -10"><span class='ocrx_word' id='word_1_436' title='bbox 390 2661 440 2693; x_wconf 87' lang='lat' dir='ltr'>De</span> <span class='ocrx_word' id='word_1_437' title='bbox 456 2656 634 2702; x_wconf 60' lang='lat' dir='ltr'>Whlenfibus</span> <span class='ocrx_word' id='word_1_438' title='bbox 655 2660 686 2691; x_wconf 85' lang='lat' dir='ltr'>in</span> <span class='ocrx_word' id='word_1_439' title='bbox 697 2658 866 2703; x_wconf 66' lang='lat' dir='ltr'>sbrvicium</span> <span class='ocrx_word' id='word_1_440' title='bbox 880 2659 968 2703; x_wconf 85' lang='lat' dir='ltr'>Regis</span> <span class='ocrx_word' id='word_1_441' title='bbox 985 2656 1150 2690; x_wconf 76' lang='lat' dir='ltr'>veniendis.</span> 
     </span>
    </p>
   </div>
   <div class='ocr_carea' id='block_1_15' title="bbox 83 2741 1008 2802">
    <p class='ocr_par' dir='ltr' id='par_1_18' title="bbox 83 2741 1008 2802">
     <span class='ocr_line' id='line_1_57' title="bbox 83 2741 1008 2802; baseline -0.004 -26"><span class='ocrx_word' id='word_1_442' title='bbox 83 2748 160 2779; x_wconf 77' lang='lat' dir='ltr'>Arm,</span> <span class='ocrx_word' id='word_1_443' title='bbox 176 2749 215 2780; x_wconf 75' lang='lat' dir='ltr'>D,</span> <span class='ocrx_word' id='word_1_444' title='bbox 236 2742 366 2802; x_wconf 82' lang='lat' dir='ltr'>REX</span> <span class='ocrx_word' id='word_1_445' title='bbox 396 2742 548 2775; x_wconf 89' lang='lat' dir='ltr'>Lewelino</span> <span class='ocrx_word' id='word_1_446' title='bbox 561 2744 686 2785; x_wconf 88' lang='lat' dir='ltr'>Principi</span> <span class='ocrx_word' id='word_1_447' title='bbox 699 2742 869 2774; x_wconf 82' lang='lat' dir='ltr'>Norwalliae</span> <span class='ocrx_word' id='word_1_448' title='bbox 885 2741 1008 2772; x_wconf 80' lang='lat' dir='ltr'>salutem.</span> 
     </span>
    </p>
   </div>
   <div class='ocr_carea' id='block_1_16' title="bbox 83 2779 1308 3565">
    <p class='ocr_par' dir='ltr' id='par_1_19' title="bbox 83 2779 1308 3008">
     <span class='ocr_line' id='line_1_58' title="bbox 106 2779 1306 2821; baseline -0.002 -9"><span class='ocrx_word' id='word_1_449' title='bbox 106 2788 191 2818; x_wconf 53' lang='lat'>1218.</span> <span class='ocrx_word' id='word_1_450' title='bbox 330 2782 427 2813; x_wconf 87' lang='lat' dir='ltr'>Sciatis</span> <span class='ocrx_word' id='word_1_451' title='bbox 447 2782 525 2821; x_wconf 89' lang='lat' dir='ltr'>quod</span> <span class='ocrx_word' id='word_1_452' title='bbox 550 2781 688 2813; x_wconf 82' lang='lat' dir='ltr'>Maddoc.</span> <span class='ocrx_word' id='word_1_453' title='bbox 709 2780 780 2811; x_wconf 88' lang='lat' dir='ltr'>filius</span> <span class='ocrx_word' id='word_1_454' title='bbox 801 2779 919 2811; x_wconf 87' lang='lat' dir='ltr'>Griffini</span> <span class='ocrx_word' id='word_1_455' title='bbox 940 2779 1073 2812; x_wconf 87' lang='lat' dir='ltr'>Coswall.</span> <span class='ocrx_word' id='word_1_456' title='bbox 1093 2779 1172 2811; x_wconf 89' lang='lat' dir='ltr'>Oeni</span> <span class='ocrx_word' id='word_1_457' title='bbox 1201 2779 1306 2811; x_wconf 88' lang='lat' dir='ltr'>Botho.</span> 
     </span>
     <span class='ocr_line' id='line_1_59' title="bbox 83 2818 1308 2855; baseline -0.002 -4"><span class='ocrx_word' id='word_1_458' title='bbox 83 2830 139 2854; x_wconf 83' lang='lat' dir='ltr'>An.</span> <span class='ocrx_word' id='word_1_459' title='bbox 159 2837 185 2855; x_wconf 83' lang='lat'>2.</span> <span class='ocrx_word' id='word_1_460' title='bbox 237 2821 270 2850; x_wconf 89' lang='lat'>&amp;</span> <span class='ocrx_word' id='word_1_461' title='bbox 293 2820 391 2852; x_wconf 88' lang='lat' dir='ltr'>Bledh.</span> <span class='ocrx_word' id='word_1_462' title='bbox 412 2820 483 2852; x_wconf 87' lang='lat' dir='ltr'>filius</span> <span class='ocrx_word' id='word_1_463' title='bbox 505 2820 584 2851; x_wconf 88' lang='lat' dir='ltr'>Oeni</span> <span class='ocrx_word' id='word_1_464' title='bbox 605 2820 642 2851; x_wconf 89' lang='lat' dir='ltr'>de</span> <span class='ocrx_word' id='word_1_465' title='bbox 663 2819 832 2851; x_wconf 88' lang='lat' dir='ltr'>Porkintuii.</span> <span class='ocrx_word' id='word_1_466' title='bbox 849 2827 989 2850; x_wconf 88' lang='lat' dir='ltr'>venerunt</span> <span class='ocrx_word' id='word_1_467' title='bbox 1009 2818 1044 2849; x_wconf 90' lang='lat' dir='ltr'>ad</span> <span class='ocrx_word' id='word_1_468' title='bbox 1064 2818 1152 2850; x_wconf 89' lang='lat' dir='ltr'>fidem</span> <span class='ocrx_word' id='word_1_469' title='bbox 1173 2820 1207 2851; x_wconf 73' lang='grc' dir='ltr'>ὃς</span> <span class='ocrx_word' id='word_1_470' title='bbox 1221 2819 1308 2849; x_wconf 85' lang='lat' dir='ltr'>servi-</span> 
     </span>
     <span class='ocr_line' id='line_1_60' title="bbox 83 2859 1306 2942; baseline -0.003 -12"><span class='ocrx_word' id='word_1_471' title='bbox 83 2869 173 2942; x_wconf 53' lang='lat' dir='ltr'>gaiis.</span> <span class='ocrx_word' id='word_1_472' title='bbox 190 2912 217 2930; x_wconf 84' lang='lat'>2.</span> <span class='ocrx_word' id='word_1_473' title='bbox 238 2868 315 2927; x_wconf 58' lang='lat' dir='ltr'>miii</span> <span class='ocrx_word' id='word_1_474' title='bbox 326 2859 489 2942; x_wconf 42' lang='lat' dir='ltr'>iggriigiais</span> <span class='ocrx_word' id='word_1_475' title='bbox 503 2897 670 2928; x_wconf 79' lang='lat' dir='ltr'>mandamus</span> <span class='ocrx_word' id='word_1_476' title='bbox 686 2906 822 2942; x_wconf 79' lang='lat' dir='ltr'>quatenus</span> <span class='ocrx_word' id='word_1_477' title='bbox 836 2897 874 2926; x_wconf 88' lang='lat' dir='ltr'>eis</span> <span class='ocrx_word' id='word_1_478' title='bbox 888 2896 950 2935; x_wconf 89' lang='lat' dir='ltr'>jura</span> <span class='ocrx_word' id='word_1_479' title='bbox 965 2896 1000 2928; x_wconf 89' lang='lat'>&amp;</span> <span class='ocrx_word' id='word_1_480' title='bbox 1018 2896 1164 2927; x_wconf 69' lang='lat' dir='ltr'>Liberatae</span> <span class='ocrx_word' id='word_1_481' title='bbox 1186 2895 1306 2940; x_wconf 75' lang='grc'><strong>11133113-</strong></span> 
     </span>
     <span class='ocr_line' id='line_1_61' title="bbox 83 2934 1306 2978; baseline -0.002 -10"><span class='ocrx_word' id='word_1_482' title='bbox 83 2945 119 2970; x_wconf 80' lang='lat' dir='ltr'>H.</span> <span class='ocrx_word' id='word_1_483' title='bbox 138 2951 164 2978; x_wconf 87' lang='lat'>3.</span> <span class='ocrx_word' id='word_1_484' title='bbox 179 2951 216 2969; x_wconf 85' lang='lat' dir='ltr'>m.</span> <span class='ocrx_word' id='word_1_485' title='bbox 238 2935 306 2966; x_wconf 88' lang='lat' dir='ltr'>bere</span> <span class='ocrx_word' id='word_1_486' title='bbox 319 2936 439 2978; x_wconf 69' lang='lat' dir='ltr'>faciatis,</span> <span class='ocrx_word' id='word_1_487' title='bbox 462 2938 495 2968; x_wconf 75' lang='grc' dir='ltr'>δε</span> <span class='ocrx_word' id='word_1_488' title='bbox 511 2937 532 2967; x_wconf 88' lang='lat' dir='ltr'>si</span> <span class='ocrx_word' id='word_1_489' title='bbox 546 2947 614 2976; x_wconf 82' lang='grc' dir='ltr'>νο3,</span> <span class='ocrx_word' id='word_1_490' title='bbox 634 2935 680 2966; x_wconf 87' lang='grc' dir='ltr'>ν61</span> <span class='ocrx_word' id='word_1_491' title='bbox 694 2936 777 2975; x_wconf 86' lang='lat' dir='ltr'>aliqui</span> <span class='ocrx_word' id='word_1_492' title='bbox 792 2934 971 2966; x_wconf 75' lang='lat' dir='ltr'>walensium</span> <span class='ocrx_word' id='word_1_493' title='bbox 982 2945 1045 2974; x_wconf 79' lang='lat' dir='ltr'>jura</span> <span class='ocrx_word' id='word_1_494' title='bbox 1057 2945 1161 2966; x_wconf 84' lang='lat' dir='ltr'>eorum</span> <span class='ocrx_word' id='word_1_495' title='bbox 1174 2943 1306 2974; x_wconf 65' lang='lat' dir='ltr'>teneatis,</span> 
     </span>
     <span class='ocr_line' id='line_1_62' title="bbox 83 2974 761 3008; baseline -0.001 -3"><span class='ocrx_word' id='word_1_496' title='bbox 83 2980 113 3008; x_wconf 82' lang='lat'>6.</span> <span class='ocrx_word' id='word_1_497' title='bbox 238 2979 271 3005; x_wconf 83' lang='lat' dir='ltr'>ea</span> <span class='ocrx_word' id='word_1_498' title='bbox 284 2975 322 3003; x_wconf 87' lang='lat' dir='ltr'>eis</span> <span class='ocrx_word' id='word_1_499' title='bbox 338 2975 396 3004; x_wconf 79' lang='lat' dir='ltr'>iine</span> <span class='ocrx_word' id='word_1_500' title='bbox 409 2974 542 3005; x_wconf 72' lang='lat' dir='ltr'>dilatione</span> <span class='ocrx_word' id='word_1_501' title='bbox 556 2975 635 3006; x_wconf 88' lang='lat' dir='ltr'>reddi</span> <span class='ocrx_word' id='word_1_502' title='bbox 649 2974 761 3005; x_wconf 87' lang='lat' dir='ltr'>faciatis.</span> 
     </span>
    </p>

    <p class='ocr_par' dir='ltr' id='par_1_20' title="bbox 237 3011 1306 3159">
     <span class='ocr_line' id='line_1_63' title="bbox 276 3011 1306 3051; baseline 0.001 -9"><span class='ocrx_word' id='word_1_503' title='bbox 276 3011 342 3042; x_wconf 90' lang='lat' dir='ltr'>Illos</span> <span class='ocrx_word' id='word_1_504' title='bbox 356 3022 451 3042; x_wconf 85' lang='lat' dir='ltr'>autem</span> <span class='ocrx_word' id='word_1_505' title='bbox 465 3014 652 3044; x_wconf 76' lang='lat' dir='ltr'>wallensium</span> <span class='ocrx_word' id='word_1_506' title='bbox 661 3038 670 3051; x_wconf 86' lang='lat'>,</span> <span class='ocrx_word' id='word_1_507' title='bbox 689 3015 738 3051; x_wconf 89' lang='lat' dir='ltr'>qui</span> <span class='ocrx_word' id='word_1_508' title='bbox 755 3012 888 3043; x_wconf 89' lang='lat' dir='ltr'>nondum</span> <span class='ocrx_word' id='word_1_509' title='bbox 901 3020 1041 3044; x_wconf 85' lang='lat' dir='ltr'>venerunt</span> <span class='ocrx_word' id='word_1_510' title='bbox 1054 3011 1089 3043; x_wconf 88' lang='lat' dir='ltr'>ad</span> <span class='ocrx_word' id='word_1_511' title='bbox 1101 3012 1189 3044; x_wconf 87' lang='lat' dir='ltr'>fidem</span> <span class='ocrx_word' id='word_1_512' title='bbox 1203 3012 1237 3044; x_wconf 92' lang='lat'>&amp;</span> <span class='ocrx_word' id='word_1_513' title='bbox 1251 3011 1306 3043; x_wconf 90' lang='lat' dir='ltr'>ser-</span> 
     </span>
     <span class='ocr_line' id='line_1_64' title="bbox 237 3050 1304 3091; baseline 0.002 -11"><span class='ocrx_word' id='word_1_514' title='bbox 237 3052 341 3081; x_wconf 87' lang='lat' dir='ltr'>vitium</span> <span class='ocrx_word' id='word_1_515' title='bbox 362 3050 494 3081; x_wconf 88' lang='lat' dir='ltr'>nostrum</span> <span class='ocrx_word' id='word_1_516' title='bbox 511 3075 520 3089; x_wconf 85' lang='grc'><strong>,</strong></span> <span class='ocrx_word' id='word_1_517' title='bbox 544 3052 578 3082; x_wconf 86' lang='lat' dir='ltr'>ad</span> <span class='ocrx_word' id='word_1_518' title='bbox 601 3062 654 3082; x_wconf 88' lang='lat' dir='ltr'>nos</span> <span class='ocrx_word' id='word_1_519' title='bbox 677 3052 735 3082; x_wconf 87' lang='lat' dir='ltr'>fine</span> <span class='ocrx_word' id='word_1_520' title='bbox 750 3051 883 3082; x_wconf 86' lang='lat' dir='ltr'>dilatione</span> <span class='ocrx_word' id='word_1_521' title='bbox 897 3053 997 3082; x_wconf 91' lang='lat' dir='ltr'>venire</span> <span class='ocrx_word' id='word_1_522' title='bbox 1010 3052 1131 3091; x_wconf 80' lang='lat' dir='ltr'>faciatis,</span> <span class='ocrx_word' id='word_1_523' title='bbox 1149 3051 1184 3082; x_wconf 90' lang='lat' dir='ltr'>ad</span> <span class='ocrx_word' id='word_1_524' title='bbox 1198 3051 1304 3082; x_wconf 77' lang='lat' dir='ltr'>facien-</span> 
     </span>
     <span class='ocr_line' id='line_1_65' title="bbox 237 3089 1304 3130; baseline 0.003 -10"><span class='ocrx_word' id='word_1_525' title='bbox 237 3089 309 3120; x_wconf 88' lang='lat' dir='ltr'>durn</span> <span class='ocrx_word' id='word_1_526' title='bbox 331 3090 414 3120; x_wconf 86' lang='lat' dir='ltr'>nobis</span> <span class='ocrx_word' id='word_1_527' title='bbox 435 3090 463 3119; x_wconf 91' lang='lat' dir='ltr'>id</span> <span class='ocrx_word' id='word_1_528' title='bbox 480 3089 558 3127; x_wconf 83' lang='lat' dir='ltr'>quod</span> <span class='ocrx_word' id='word_1_529' title='bbox 573 3090 667 3120; x_wconf 81' lang='lat' dir='ltr'>facere</span> <span class='ocrx_word' id='word_1_530' title='bbox 679 3090 805 3130; x_wconf 86' lang='lat' dir='ltr'>debent,</span> <span class='ocrx_word' id='word_1_531' title='bbox 822 3090 980 3122; x_wconf 79' lang='lat' dir='ltr'>secundum</span> <span class='ocrx_word' id='word_1_532' title='bbox 993 3090 1074 3130; x_wconf 84' lang='lat' dir='ltr'>quod</span> <span class='ocrx_word' id='word_1_533' title='bbox 1088 3091 1246 3123; x_wconf 83' lang='lat' dir='ltr'>conventio</span> <span class='ocrx_word' id='word_1_534' title='bbox 1260 3091 1304 3122; x_wconf 89' lang='lat' dir='ltr'>in-</span> 
     </span>
     <span class='ocr_line' id='line_1_66' title="bbox 238 3128 590 3159; baseline -0.003 0"><span class='ocrx_word' id='word_1_535' title='bbox 238 3128 275 3159; x_wconf 92' lang='lat' dir='ltr'>de</span> <span class='ocrx_word' id='word_1_536' title='bbox 289 3129 362 3158; x_wconf 87' lang='lat' dir='ltr'>inter</span> <span class='ocrx_word' id='word_1_537' title='bbox 375 3138 428 3158; x_wconf 87' lang='lat' dir='ltr'>nos</span> <span class='ocrx_word' id='word_1_538' title='bbox 443 3128 516 3158; x_wconf 71' lang='lat' dir='ltr'>faeta</span> <span class='ocrx_word' id='word_1_539' title='bbox 530 3128 590 3158; x_wconf 83' lang='lat' dir='ltr'>fuit.</span> 
     </span>
    </p>

    <p class='ocr_par' dir='ltr' id='par_1_21' title="bbox 277 3167 453 3206">
     <span class='ocr_line' id='line_1_67' title="bbox 277 3167 453 3206; baseline 0 -10"><span class='ocrx_word' id='word_1_540' title='bbox 277 3167 373 3206; x_wconf 79' lang='lat' dir='ltr'>Qia,</span> <span class='ocrx_word' id='word_1_541' title='bbox 392 3167 453 3199; x_wconf 85' lang='lat' dir='ltr'>&amp;c.</span> 
     </span>
    </p>

    <p class='ocr_par' dir='ltr' id='par_1_22' title="bbox 272 3235 974 3278">
     <span class='ocr_line' id='line_1_68' title="bbox 272 3235 974 3278; baseline 0 -9"><span class='ocrx_word' id='word_1_542' title='bbox 272 3236 363 3269; x_wconf 84' lang='lat' dir='ltr'>Teste</span> <span class='ocrx_word' id='word_1_543' title='bbox 377 3235 498 3268; x_wconf 89' lang='lat' dir='ltr'>Comite</span> <span class='ocrx_word' id='word_1_544' title='bbox 511 3235 584 3278; x_wconf 84' lang='lat' dir='ltr'>apud</span> <span class='ocrx_word' id='word_1_545' title='bbox 600 3235 765 3268; x_wconf 89' lang='lat' dir='ltr'>Wudestok</span> <span class='ocrx_word' id='word_1_546' title='bbox 780 3246 814 3275; x_wconf 86' lang='lat'>25</span> <span class='ocrx_word' id='word_1_547' title='bbox 832 3237 878 3268; x_wconf 90' lang='lat' dir='ltr'>die</span> <span class='ocrx_word' id='word_1_548' title='bbox 894 3237 974 3269; x_wconf 86' lang='lat' dir='ltr'>Maii.</span> 
     </span>
    </p>

    <p class='ocr_par' dir='ltr' id='par_1_23' title="bbox 87 3360 1302 3506">
     <span class='ocr_line' id='line_1_69' title="bbox 509 3360 1024 3410; baseline -0.002 -14"><span class='ocrx_word' id='word_1_549' title='bbox 509 3365 570 3396; x_wconf 87' lang='lat' dir='ltr'>Pro</span> <span class='ocrx_word' id='word_1_550' title='bbox 588 3362 737 3397; x_wconf 78' lang='lat' dir='ltr'>Lewelino</span> <span class='ocrx_word' id='word_1_551' title='bbox 754 3365 888 3410; x_wconf 83' lang='lat' dir='ltr'>Principe</span> <span class='ocrx_word' id='word_1_552' title='bbox 903 3360 1024 3395; x_wconf 63' lang='lat' dir='ltr'>Williae.</span> 
     </span>
     <span class='ocr_line' id='line_1_70' title="bbox 87 3444 1302 3506; baseline 0.001 -27"><span class='ocrx_word' id='word_1_553' title='bbox 87 3444 216 3491; x_wconf 72' lang='lat' dir='ltr'>AnnD.</span> <span class='ocrx_word' id='word_1_554' title='bbox 239 3445 468 3506; x_wconf 75' lang='lat' dir='ltr'>MAndzituni</span> <span class='ocrx_word' id='word_1_555' title='bbox 482 3447 523 3478; x_wconf 92' lang='lat' dir='ltr'>est</span> <span class='ocrx_word' id='word_1_556' title='bbox 539 3444 714 3492; x_wconf 81' lang='lat' dir='ltr'>Vicecomiti</span> <span class='ocrx_word' id='word_1_557' title='bbox 729 3447 869 3493; x_wconf 64' lang='lat' dir='ltr'>Waryvic.</span> <span class='ocrx_word' id='word_1_558' title='bbox 888 3447 972 3492; x_wconf 31' lang='lat' dir='ltr'>quod,</span> <span class='ocrx_word' id='word_1_559' title='bbox 982 3447 1096 3488; x_wconf 85' lang='lat' dir='ltr'>plenam</span> <span class='ocrx_word' id='word_1_560' title='bbox 1110 3447 1236 3492; x_wconf 83' lang='lat' dir='ltr'>seisinam</span> <span class='ocrx_word' id='word_1_561' title='bbox 1249 3448 1302 3493; x_wconf 81' lang='lat' dir='ltr'>ha-</span> 
     </span>
    </p>

    <p class='ocr_par' dir='ltr' id='par_1_24' title="bbox 86 3485 1302 3565">
     <span class='ocr_line' id='line_1_71' title="bbox 107 3485 1302 3526; baseline 0.003 -11"><span class='ocrx_word' id='word_1_562' title='bbox 107 3485 193 3515; x_wconf 87' lang='lat'>1218.</span> <span class='ocrx_word' id='word_1_563' title='bbox 332 3487 398 3518; x_wconf 83' lang='lat' dir='ltr'>bere</span> <span class='ocrx_word' id='word_1_564' title='bbox 418 3488 498 3517; x_wconf 81' lang='lat' dir='ltr'>faciat</span> <span class='ocrx_word' id='word_1_565' title='bbox 519 3486 640 3518; x_wconf 88' lang='lat' dir='ltr'>Leulino</span> <span class='ocrx_word' id='word_1_566' title='bbox 655 3511 664 3526; x_wconf 94' lang='lat'>,</span> <span class='ocrx_word' id='word_1_567' title='bbox 689 3487 814 3526; x_wconf 87' lang='lat' dir='ltr'>Principi</span> <span class='ocrx_word' id='word_1_568' title='bbox 828 3486 1016 3524; x_wconf 78' lang='lat' dir='ltr'>Norwaniae,</span> <span class='ocrx_word' id='word_1_569' title='bbox 1034 3485 1072 3517; x_wconf 89' lang='lat' dir='ltr'>de</span> <span class='ocrx_word' id='word_1_570' title='bbox 1087 3486 1152 3518; x_wconf 82' lang='lat' dir='ltr'>vilia</span> <span class='ocrx_word' id='word_1_571' title='bbox 1164 3487 1200 3518; x_wconf 92' lang='lat' dir='ltr'>de</span> <span class='ocrx_word' id='word_1_572' title='bbox 1214 3487 1302 3519; x_wconf 72' lang='lat' dir='ltr'>Budi-</span> 
     </span>
     <span class='ocr_line' id='line_1_72' title="bbox 86 3522 655 3565; baseline 0.005 -12"><span class='ocrx_word' id='word_1_573' title='bbox 86 3528 139 3553; x_wconf 74' lang='lat' dir='ltr'>An.</span> <span class='ocrx_word' id='word_1_574' title='bbox 157 3533 183 3551; x_wconf 86' lang='lat'>2.</span> <span class='ocrx_word' id='word_1_575' title='bbox 239 3522 304 3553; x_wconf 86' lang='lat' dir='ltr'>ford</span> <span class='ocrx_word' id='word_1_576' title='bbox 318 3534 386 3555; x_wconf 87' lang='lat' dir='ltr'>cum</span> <span class='ocrx_word' id='word_1_577' title='bbox 400 3526 571 3562; x_wconf 85' lang='lat' dir='ltr'>pertinentiis</span> <span class='ocrx_word' id='word_1_578' title='bbox 585 3525 635 3556; x_wconf 85' lang='lat' dir='ltr'>suis</span> <span class='ocrx_word' id='word_1_579' title='bbox 646 3549 655 3565; x_wconf 85' lang='lat'>,</span> 
     </span>
    </p>
   </div>
   <div class='ocr_carea' id='block_1_17' title="bbox 86 3561 1300 3679">
    <p class='ocr_par' dir='ltr' id='par_1_25' title="bbox 86 3561 1300 3679">
     <span class='ocr_line' id='line_1_73' title="bbox 87 3561 1300 3604; baseline 0.005 -14"><span class='ocrx_word' id='word_1_580' title='bbox 87 3566 123 3590; x_wconf 81' lang='grc' dir='ltr'>Η.</span> <span class='ocrx_word' id='word_1_581' title='bbox 142 3572 168 3598; x_wconf 82' lang='lat'>3-</span> <span class='ocrx_word' id='word_1_582' title='bbox 277 3561 375 3600; x_wconf 78' lang='lat' dir='ltr'>Qiam</span> <span class='ocrx_word' id='word_1_583' title='bbox 388 3563 534 3594; x_wconf 81' lang='lat' dir='ltr'>Dominus</span> <span class='ocrx_word' id='word_1_584' title='bbox 543 3563 688 3602; x_wconf 79' lang='lat' dir='ltr'>johannes</span> <span class='ocrx_word' id='word_1_585' title='bbox 705 3563 773 3595; x_wconf 83' lang='lat' dir='ltr'>Rex</span> <span class='ocrx_word' id='word_1_586' title='bbox 793 3572 871 3604; x_wconf 82' lang='lat' dir='ltr'>pater</span> <span class='ocrx_word' id='word_1_587' title='bbox 887 3563 1013 3595; x_wconf 83' lang='lat' dir='ltr'>Domini</span> <span class='ocrx_word' id='word_1_588' title='bbox 1034 3561 1076 3593; x_wconf 92' lang='lat' dir='ltr'>H.</span> <span class='ocrx_word' id='word_1_589' title='bbox 1095 3562 1184 3603; x_wconf 82' lang='lat' dir='ltr'>Regis</span> <span class='ocrx_word' id='word_1_590' title='bbox 1197 3565 1227 3594; x_wconf 92' lang='lat' dir='ltr'>in</span> <span class='ocrx_word' id='word_1_591' title='bbox 1239 3564 1300 3596; x_wconf 90' lang='lat' dir='ltr'>hoc</span> 
     </span>
     <span class='ocr_line' id='line_1_74' title="bbox 86 3598 1299 3642; baseline 0.006 -15"><span class='ocrx_word' id='word_1_592' title='bbox 86 3599 176 3636; x_wconf 78' lang='lat' dir='ltr'>claus.</span> <span class='ocrx_word' id='word_1_593' title='bbox 197 3609 223 3628; x_wconf 92' lang='lat'>2.</span> <span class='ocrx_word' id='word_1_594' title='bbox 242 3598 347 3637; x_wconf 82' lang='lat' dir='ltr'>Regno</span> <span class='ocrx_word' id='word_1_595' title='bbox 363 3601 438 3632; x_wconf 87' lang='lat' dir='ltr'>dedit</span> <span class='ocrx_word' id='word_1_596' title='bbox 455 3604 479 3632; x_wconf 89' lang='lat' dir='ltr'>ei</span> <span class='ocrx_word' id='word_1_597' title='bbox 492 3603 520 3632; x_wconf 90' lang='lat' dir='ltr'>in</span> <span class='ocrx_word' id='word_1_598' title='bbox 534 3603 615 3632; x_wconf 88' lang='lat' dir='ltr'>marit</span> <span class='ocrx_word' id='word_1_599' title='bbox 653 3604 697 3641; x_wconf 84' lang='grc'>’0,</span> <span class='ocrx_word' id='word_1_600' title='bbox 715 3613 784 3634; x_wconf 85' lang='grc'><strong>611111</strong></span> <span class='ocrx_word' id='word_1_601' title='bbox 796 3602 948 3642; x_wconf 72' lang='lat' dir='ltr'>johanna,</span> <span class='ocrx_word' id='word_1_602' title='bbox 963 3602 1061 3633; x_wconf 88' lang='lat' dir='ltr'>sorore</span> <span class='ocrx_word' id='word_1_603' title='bbox 1075 3600 1200 3633; x_wconf 86' lang='lat' dir='ltr'>Domini</span> <span class='ocrx_word' id='word_1_604' title='bbox 1214 3602 1299 3634; x_wconf 87' lang='lat' dir='ltr'>Hen-</span> 
     </span>
     <span class='ocr_line' id='line_1_75' title="bbox 86 3638 766 3679; baseline 0.01 -14"><span class='ocrx_word' id='word_1_605' title='bbox 86 3642 122 3666; x_wconf 80' lang='grc' dir='ltr'>Η.</span> <span class='ocrx_word' id='word_1_606' title='bbox 145 3647 171 3675; x_wconf 90' lang='lat'>3.</span> <span class='ocrx_word' id='word_1_607' title='bbox 186 3647 223 3665; x_wconf 87' lang='lat' dir='ltr'>m.</span> <span class='ocrx_word' id='word_1_608' title='bbox 242 3639 292 3668; x_wconf 88' lang='lat' dir='ltr'>rici</span> <span class='ocrx_word' id='word_1_609' title='bbox 307 3638 412 3678; x_wconf 79' lang='lat' dir='ltr'>Regis,</span> <span class='ocrx_word' id='word_1_610' title='bbox 430 3649 517 3671; x_wconf 86' lang='lat' dir='ltr'>uxore</span> <span class='ocrx_word' id='word_1_611' title='bbox 531 3640 612 3679; x_wconf 88' lang='lat' dir='ltr'>ipsius</span> <span class='ocrx_word' id='word_1_612' title='bbox 657 3642 766 3673; x_wconf 82' lang='lat' dir='ltr'>ewelini</span> 
     </span>
    </p>
   </div>
   <div class='ocr_carea' id='block_1_18' title="bbox 89 3685 1000 3757">
    <p class='ocr_par' dir='ltr' id='par_1_26' title="bbox 89 3685 1000 3757">
     <span class='ocr_line' id='line_1_76' title="bbox 89 3685 1000 3757; baseline 0.003 -13"><span class='ocrx_word' id='word_1_613' title='bbox 89 3685 117 3705; x_wconf 44' lang='grc' dir='ltr'>ι’</span> <span class='ocrx_word' id='word_1_614' title='bbox 275 3714 365 3746; x_wconf 83' lang='grc' dir='ltr'><strong>Τ6116</strong></span> <span class='ocrx_word' id='word_1_615' title='bbox 378 3714 495 3748; x_wconf 90' lang='lat' dir='ltr'>Comite</span> <span class='ocrx_word' id='word_1_616' title='bbox 509 3718 581 3757; x_wconf 87' lang='lat' dir='ltr'>apud</span> <span class='ocrx_word' id='word_1_617' title='bbox 594 3717 722 3749; x_wconf 89' lang='lat' dir='ltr'>Westm.</span> <span class='ocrx_word' id='word_1_618' title='bbox 744 3728 780 3749; x_wconf 91' lang='lat'>10</span> <span class='ocrx_word' id='word_1_619' title='bbox 793 3718 841 3750; x_wconf 88' lang='lat' dir='ltr'>die</span> <span class='ocrx_word' id='word_1_620' title='bbox 851 3718 1000 3750; x_wconf 67' lang='grc'><strong>0610111113.</strong></span> 
     </span>
    </p>
   </div>
   <div class='ocr_carea' id='block_1_19' title="bbox 88 3835 1251 3888">
    <p class='ocr_par' dir='ltr' id='par_1_27' title="bbox 88 3835 1251 3888">
     <span class='ocr_line' id='line_1_77' title="bbox 88 3835 1251 3888; baseline 0 -15"><span class='ocrx_word' id='word_1_621' title='bbox 88 3849 165 3881; x_wconf 63' lang='lat' dir='ltr'>Arm,</span> <span class='ocrx_word' id='word_1_622' title='bbox 179 3848 221 3879; x_wconf 72' lang='lat' dir='ltr'>D,</span> <span class='ocrx_word' id='word_1_623' title='bbox 285 3838 414 3872; x_wconf 75' lang='lat' dir='ltr'>Collatia·</span> <span class='ocrx_word' id='word_1_624' title='bbox 427 3835 617 3872; x_wconf 74' lang='lat' dir='ltr'>Libertatum</span> <span class='ocrx_word' id='word_1_625' title='bbox 634 3843 722 3888; x_wconf 86' lang='lat' dir='ltr'>Regis</span> <span class='ocrx_word' id='word_1_626' title='bbox 741 3843 840 3873; x_wconf 84' lang='lat' dir='ltr'>Scotiae</span> <span class='ocrx_word' id='word_1_627' title='bbox 855 3851 909 3886; x_wconf 86' lang='lat' dir='ltr'>per</span> <span class='ocrx_word' id='word_1_628' title='bbox 929 3843 1103 3875; x_wconf 86' lang='lat' dir='ltr'>Honorium</span> <span class='ocrx_word' id='word_1_629' title='bbox 1120 3842 1251 3886; x_wconf 83' lang='lat' dir='ltr'>Papam.</span> 
     </span>
    </p>
   </div>
   <div class='ocr_carea' id='block_1_20' title="bbox 86 3887 549 4077">
    <p class='ocr_par' dir='ltr' id='par_1_28' title="bbox 86 3887 549 4077">
     <span class='ocr_line' id='line_1_78' title="bbox 115 3887 200 3918; baseline -0.024 0"><span class='ocrx_word' id='word_1_630' title='bbox 115 3887 200 3918; x_wconf 84' lang='lat'>1218.</span> 
     </span>
     <span class='ocr_line' id='line_1_79' title="bbox 87 3930 185 3955; baseline -0.01 0"><span class='ocrx_word' id='word_1_631' title='bbox 87 3930 141 3955; x_wconf 80' lang='lat' dir='ltr'>An.</span> <span class='ocrx_word' id='word_1_632' title='bbox 158 3936 185 3954; x_wconf 89' lang='lat'>2.</span> 
     </span>
     <span class='ocr_line' id='line_1_80' title="bbox 89 3969 172 4000; baseline 0 -8"><span class='ocrx_word' id='word_1_633' title='bbox 89 3969 124 3993; x_wconf 78' lang='grc' dir='ltr'>Η.</span> <span class='ocrx_word' id='word_1_634' title='bbox 147 3973 172 4000; x_wconf 89' lang='lat'>3.</span> 
     </span>
     <span class='ocr_line' id='line_1_81' title="bbox 88 4001 549 4038; baseline 0 -8"><span class='ocrx_word' id='word_1_635' title='bbox 88 4007 129 4030; x_wconf 72' lang='lat' dir='ltr'>Ex</span> <span class='ocrx_word' id='word_1_636' title='bbox 142 4005 201 4031; x_wconf 83' lang='lat' dir='ltr'>Au·</span> <span class='ocrx_word' id='word_1_637' title='bbox 235 4001 313 4032; x_wconf 83' lang='lat' dir='ltr'>ribus</span> <span class='ocrx_word' id='word_1_638' title='bbox 327 4001 357 4031; x_wconf 91' lang='lat' dir='ltr'>in</span> <span class='ocrx_word' id='word_1_639' title='bbox 371 4007 549 4038; x_wconf 85' lang='lat' dir='ltr'>perpetuum.</span> 
     </span>
     <span class='ocr_line' id='line_1_82' title="bbox 86 4048 151 4077; baseline 0 -8"><span class='ocrx_word' id='word_1_640' title='bbox 86 4048 151 4077; x_wconf 79' lang='lat' dir='ltr'>togr.</span> 
     </span>
    </p>
   </div>
   <div class='ocr_carea' id='block_1_21' title="bbox 317 3921 1296 3964">
    <p class='ocr_par' dir='ltr' id='par_1_29' title="bbox 317 3921 1296 3964">
     <span class='ocr_line' id='line_1_83' title="bbox 317 3921 1296 3964; baseline 0 -10"><span class='ocrx_word' id='word_1_641' title='bbox 317 3923 443 3954; x_wconf 87' lang='lat' dir='ltr'>Onorius</span> <span class='ocrx_word' id='word_1_642' title='bbox 454 3921 626 3962; x_wconf 84' lang='lat' dir='ltr'>Episcopus,</span> <span class='ocrx_word' id='word_1_643' title='bbox 642 3924 735 3956; x_wconf 84' lang='lat' dir='ltr'>servus</span> <span class='ocrx_word' id='word_1_644' title='bbox 748 3925 895 3956; x_wconf 88' lang='lat' dir='ltr'>servorum</span> <span class='ocrx_word' id='word_1_645' title='bbox 909 3925 984 3964; x_wconf 88' lang='lat' dir='ltr'>Dei,</span> <span class='ocrx_word' id='word_1_646' title='bbox 1002 3924 1144 3957; x_wconf 85' lang='lat' dir='ltr'>cariffimo</span> <span class='ocrx_word' id='word_1_647' title='bbox 1159 3926 1188 3955; x_wconf 89' lang='lat' dir='ltr'>in</span> <span class='ocrx_word' id='word_1_648' title='bbox 1196 3923 1296 3955; x_wconf 86' lang='lat' dir='ltr'>Chris-</span> 
     </span>
    </p>
   </div>
   <div class='ocr_carea' id='block_1_22' title="bbox 697 94 1497 144">
    <p class='ocr_par' dir='ltr' id='par_1_30' title="bbox 697 94 1497 144">
     <span class='ocr_line' id='line_1_84' title="bbox 697 94 1497 144; baseline -0.005 -4"><span class='ocrx_word' id='word_1_649' title='bbox 697 94 1497 144; x_wconf 84' lang='lat' dir='ltr'>CONVENTIONES,</span> 
     </span>
    </p>
   </div>
   <div class='ocr_carea' id='block_1_23' title="bbox 1334 3915 1940 3961">
    <p class='ocr_par' dir='ltr' id='par_1_31' title="bbox 1334 3915 1940 3961">
     <span class='ocr_line' id='line_1_85' title="bbox 1334 3915 1940 3961; baseline -0.012 -10"><span class='ocrx_word' id='word_1_650' title='bbox 1334 3921 1417 3961; x_wconf 84' lang='lat' dir='ltr'>gliae,</span> <span class='ocrx_word' id='word_1_651' title='bbox 1435 3921 1496 3951; x_wconf 89' lang='lat' dir='ltr'>&amp;c.</span> <span class='ocrx_word' id='word_1_652' title='bbox 1515 3920 1629 3950; x_wconf 85' lang='lat' dir='ltr'>salutem</span> <span class='ocrx_word' id='word_1_653' title='bbox 1644 3921 1674 3950; x_wconf 94' lang='lat' dir='ltr'>in</span> <span class='ocrx_word' id='word_1_654' title='bbox 1686 3919 1818 3950; x_wconf 85' lang='lat' dir='ltr'>Authore</span> <span class='ocrx_word' id='word_1_655' title='bbox 1832 3915 1940 3947; x_wconf 82' lang='lat' dir='ltr'>Salutis.</span> 
     </span>
    </p>
   </div>
   <div class='ocr_carea' id='block_1_24' title="bbox 329 3948 2515 4039">
    <p class='ocr_par' dir='ltr' id='par_1_32' title="bbox 329 3948 2515 4039">
     <span class='ocr_line' id='line_1_86' title="bbox 329 3948 2495 4004; baseline -0.006 -12"><span class='ocrx_word' id='word_1_656' title='bbox 329 3970 361 3992; x_wconf 87' lang='lat' dir='ltr'>to</span> <span class='ocrx_word' id='word_1_657' title='bbox 375 3961 434 3991; x_wconf 78' lang='lat' dir='ltr'>silio</span> <span class='ocrx_word' id='word_1_658' title='bbox 449 3961 609 3992; x_wconf 83' lang='lat' dir='ltr'>Alexandro</span> <span class='ocrx_word' id='word_1_659' title='bbox 621 3962 720 3994; x_wconf 78' lang='lat' dir='ltr'>illustri</span> <span class='ocrx_word' id='word_1_660' title='bbox 732 3963 888 3995; x_wconf 89' lang='lat' dir='ltr'>Scotorum</span> <span class='ocrx_word' id='word_1_661' title='bbox 902 3964 977 4004; x_wconf 70' lang='lat' dir='ltr'>Regi</span> <span class='ocrx_word' id='word_1_662' title='bbox 992 3988 1002 4003; x_wconf 89' lang='lat'>,</span> <span class='ocrx_word' id='word_1_663' title='bbox 1025 3964 1138 4004; x_wconf 87' lang='lat' dir='ltr'>ejusque</span> <span class='ocrx_word' id='word_1_664' title='bbox 1152 3963 1294 3996; x_wconf 83' lang='lat' dir='ltr'>successo-</span> <span class='ocrx_word' id='word_1_665' title='bbox 1319 3980 1337 3999; x_wconf 45' lang='lat' dir='ltr'>q</span> <span class='ocrx_word' id='word_1_666' title='bbox 1355 3959 1502 4004; x_wconf 39' lang='lat' dir='ltr'>&#39;Noverit</span> <span class='ocrx_word' id='word_1_667' title='bbox 1521 3960 1667 3996; x_wconf 82' lang='lat' dir='ltr'>paternitas</span> <span class='ocrx_word' id='word_1_668' title='bbox 1688 3956 1779 3988; x_wconf 90' lang='lat' dir='ltr'>vestra</span> <span class='ocrx_word' id='word_1_669' title='bbox 1798 3954 2090 3998; x_wconf 39' lang='lat' dir='ltr'>quod-procuratores</span> <span class='ocrx_word' id='word_1_670' title='bbox 2110 3949 2309 3995; x_wconf 85' lang='lat' dir='ltr'>constituimus</span> <span class='ocrx_word' id='word_1_671' title='bbox 2330 3948 2399 3994; x_wconf 84' lang='lat' dir='ltr'>Ma·</span> <span class='ocrx_word' id='word_1_672' title='bbox 2413 3956 2446 3979; x_wconf 82' lang='lat' dir='ltr'>H.</span> <span class='ocrx_word' id='word_1_673' title='bbox 2470 3961 2495 3988; x_wconf 89' lang='lat'>3.</span> 
     </span>
     <span class='ocr_line' id='line_1_87' title="bbox 1333 3988 2515 4039; baseline -0.011 -8"><span class='ocrx_word' id='word_1_674' title='bbox 1333 3998 1453 4039; x_wconf 87' lang='lat' dir='ltr'>gistrum</span> <span class='ocrx_word' id='word_1_675' title='bbox 1473 3995 1599 4029; x_wconf 75' lang='lat' dir='ltr'>Alanum</span> <span class='ocrx_word' id='word_1_676' title='bbox 1616 3997 1654 4030; x_wconf 86' lang='lat' dir='ltr'>de</span> <span class='ocrx_word' id='word_1_677' title='bbox 1671 3996 1757 4028; x_wconf 85' lang='lat' dir='ltr'>Lenn</span> <span class='ocrx_word' id='word_1_678' title='bbox 1770 3992 2014 4027; x_wconf 80' lang='lat' dir='ltr'>Archidiaconurn</span> <span class='ocrx_word' id='word_1_679' title='bbox 2027 3989 2270 4029; x_wconf 83' lang='lat' dir='ltr'>Northumbriae,</span> <span class='ocrx_word' id='word_1_680' title='bbox 2289 3988 2397 4028; x_wconf 85' lang='lat' dir='ltr'>Magis-</span> <span class='ocrx_word' id='word_1_681' title='bbox 2412 3993 2471 4025; x_wconf 61' lang='lat' dir='ltr'>Par.</span> <span class='ocrx_word' id='word_1_682' title='bbox 2489 3999 2515 4026; x_wconf 84' lang='lat'>3·</span> 
     </span>
    </p>
   </div>
   <div class='ocr_carea' id='block_1_25' title="bbox 1581 94 1983 154">
    <p class='ocr_par' dir='ltr' id='par_1_33' title="bbox 1581 94 1983 154">
     <span class='ocr_line' id='line_1_88' title="bbox 1581 94 1983 154; baseline 0.017 -16"><span class='ocrx_word' id='word_1_683' title='bbox 1581 94 1983 154; x_wconf 75' lang='lat' dir='ltr'>L1TERAE,</span> 
     </span>
    </p>
   </div>
   <div class='ocr_carea' id='block_1_26' title="bbox 1352 181 2570 1886">
    <p class='ocr_par' dir='ltr' id='par_1_34' title="bbox 1361 181 2570 445">
     <span class='ocr_line' id='line_1_89' title="bbox 1400 181 2570 227; baseline 0.008 -16"><span class='ocrx_word' id='word_1_684' title='bbox 1400 181 1481 225; x_wconf 80' lang='lat' dir='ltr'>Cum</span> <span class='ocrx_word' id='word_1_685' title='bbox 1503 183 1623 214; x_wconf 86' lang='lat' dir='ltr'>universi</span> <span class='ocrx_word' id='word_1_686' title='bbox 1644 183 1738 216; x_wconf 71' lang='lat' dir='ltr'>fideles</span> <span class='ocrx_word' id='word_1_687' title='bbox 1759 186 1834 227; x_wconf 86' lang='lat' dir='ltr'>apud</span> <span class='ocrx_word' id='word_1_688' title='bbox 1852 186 1947 217; x_wconf 78' lang='lat' dir='ltr'>sedem</span> <span class='ocrx_word' id='word_1_689' title='bbox 1968 185 2167 224; x_wconf 80' lang='lat' dir='ltr'>Apostolicam</span> <span class='ocrx_word' id='word_1_690' title='bbox 2181 188 2372 224; x_wconf 82' lang='lat' dir='ltr'>patrocinium</span> <span class='ocrx_word' id='word_1_691' title='bbox 2387 189 2433 220; x_wconf 83' lang='lat' dir='ltr'>in-</span> <span class='ocrx_word' id='word_1_692' title='bbox 2446 185 2570 225; x_wconf 54' lang='grc' dir='ltr'>ΛΜΗ)</span> 
     </span>
     <span class='ocr_line' id='line_1_90' title="bbox 1363 220 2555 267; baseline 0.009 -18"><span class='ocrx_word' id='word_1_693' title='bbox 1363 229 1463 251; x_wconf 89' lang='lat' dir='ltr'>venire</span> <span class='ocrx_word' id='word_1_694' title='bbox 1481 220 1604 265; x_wconf 76' lang='lat' dir='ltr'>debeant</span> <span class='ocrx_word' id='word_1_695' title='bbox 1623 223 1658 253; x_wconf 88' lang='lat'>&amp;</span> <span class='ocrx_word' id='word_1_696' title='bbox 1679 224 1809 255; x_wconf 86' lang='lat' dir='ltr'>favorem</span> <span class='ocrx_word' id='word_1_697' title='bbox 1822 248 1832 263; x_wconf 90' lang='lat'>,</span> <span class='ocrx_word' id='word_1_698' title='bbox 1858 226 1920 255; x_wconf 90' lang='lat' dir='ltr'>illos</span> <span class='ocrx_word' id='word_1_699' title='bbox 1940 233 2036 255; x_wconf 89' lang='lat' dir='ltr'>tamen</span> <span class='ocrx_word' id='word_1_700' title='bbox 2057 225 2200 263; x_wconf 75' lang='lat' dir='ltr'>specialius</span> <span class='ocrx_word' id='word_1_701' title='bbox 2222 229 2360 259; x_wconf 76' lang='lat' dir='ltr'>eonvenit</span> <span class='ocrx_word' id='word_1_702' title='bbox 2374 229 2432 267; x_wconf 83' lang='lat' dir='ltr'>ejus</span> <span class='ocrx_word' id='word_1_703' title='bbox 2467 227 2555 260; x_wconf 84' lang='lat'>1218.</span> 
     </span>
     <span class='ocr_line' id='line_1_91' title="bbox 1362 260 2563 306; baseline 0.009 -19"><span class='ocrx_word' id='word_1_704' title='bbox 1362 260 1550 303; x_wconf 35' lang='lat' dir='ltr'>protest-ionis</span> <span class='ocrx_word' id='word_1_705' title='bbox 1574 262 1734 294; x_wconf 87' lang='lat' dir='ltr'>munimine</span> <span class='ocrx_word' id='word_1_706' title='bbox 1759 265 1927 301; x_wconf 83' lang='lat' dir='ltr'>confoveri,</span> <span class='ocrx_word' id='word_1_707' title='bbox 1946 273 2072 302; x_wconf 89' lang='lat' dir='ltr'>quorum</span> <span class='ocrx_word' id='word_1_708' title='bbox 2087 264 2175 294; x_wconf 84' lang='lat' dir='ltr'>fidem</span> <span class='ocrx_word' id='word_1_709' title='bbox 2189 274 2222 294; x_wconf 88' lang='lat' dir='ltr'>ac</span> <span class='ocrx_word' id='word_1_710' title='bbox 2234 264 2429 298; x_wconf 86' lang='lat' dir='ltr'>devotionern</span> <span class='ocrx_word' id='word_1_711' title='bbox 2445 270 2510 295; x_wconf 81' lang='lat' dir='ltr'>Hm.</span> <span class='ocrx_word' id='word_1_712' title='bbox 2528 276 2563 306; x_wconf 68' lang='lat'>3,-</span> 
     </span>
     <span class='ocr_line' id='line_1_92' title="bbox 1361 297 2431 343; baseline 0.008 -17"><span class='ocrx_word' id='word_1_713' title='bbox 1361 297 1530 343; x_wconf 77' lang='lat' dir='ltr'>inpluribus</span> <span class='ocrx_word' id='word_1_714' title='bbox 1545 299 1587 329; x_wconf 88' lang='lat' dir='ltr'>est</span> <span class='ocrx_word' id='word_1_715' title='bbox 1600 309 1730 339; x_wconf 80' lang='lat' dir='ltr'>experta,</span> <span class='ocrx_word' id='word_1_716' title='bbox 1748 310 1780 332; x_wconf 88' lang='lat' dir='ltr'>ut</span> <span class='ocrx_word' id='word_1_717' title='bbox 1795 302 1829 332; x_wconf 87' lang='lat' dir='ltr'>ad</span> <span class='ocrx_word' id='word_1_718' title='bbox 1843 303 1924 339; x_wconf 63' lang='lat' dir='ltr'>ipsius</span> <span class='ocrx_word' id='word_1_719' title='bbox 1937 302 2095 333; x_wconf 75' lang='grc'><strong>(111661101113</strong></span> <span class='ocrx_word' id='word_1_720' title='bbox 2108 302 2254 333; x_wconf 83' lang='lat' dir='ltr'>fervorem</span> <span class='ocrx_word' id='word_1_721' title='bbox 2274 312 2355 335; x_wconf 82' lang='lat' dir='ltr'>tanto</span> <span class='ocrx_word' id='word_1_722' title='bbox 2368 315 2431 335; x_wconf 90' lang='lat' dir='ltr'>am-</span> 
     </span>
     <span class='ocr_line' id='line_1_93' title="bbox 1362 335 2429 378; baseline 0.009 -14"><span class='ocrx_word' id='word_1_723' title='bbox 1362 335 1434 372; x_wconf 88' lang='lat' dir='ltr'>plius</span> <span class='ocrx_word' id='word_1_724' title='bbox 1457 347 1652 374; x_wconf 84' lang='lat' dir='ltr'>provocentur</span> <span class='ocrx_word' id='word_1_725' title='bbox 1664 364 1675 378; x_wconf 83' lang='lat'>,</span> <span class='ocrx_word' id='word_1_726' title='bbox 1700 340 1734 371; x_wconf 86' lang='lat'>&amp;</span> <span class='ocrx_word' id='word_1_727' title='bbox 1756 341 1813 378; x_wconf 90' lang='lat' dir='ltr'>ejus</span> <span class='ocrx_word' id='word_1_728' title='bbox 1830 341 1995 372; x_wconf 83' lang='lat' dir='ltr'>reverentiae</span> <span class='ocrx_word' id='word_1_729' title='bbox 2011 340 2162 372; x_wconf 87' lang='lat' dir='ltr'>devotiore</span> <span class='ocrx_word' id='word_1_730' title='bbox 2186 341 2342 373; x_wconf 72' lang='lat' dir='ltr'>affeffione</span> <span class='ocrx_word' id='word_1_731' title='bbox 2363 343 2429 374; x_wconf 85' lang='lat' dir='ltr'>sub-</span> 
     </span>
     <span class='ocr_line' id='line_1_94' title="bbox 1361 373 2436 420; baseline 0.012 -18"><span class='ocrx_word' id='word_1_732' title='bbox 1361 373 1463 418; x_wconf 79' lang='lat' dir='ltr'>dantur</span> <span class='ocrx_word' id='word_1_733' title='bbox 1477 399 1487 413; x_wconf 85' lang='lat'>‚</span> <span class='ocrx_word' id='word_1_734' title='bbox 1514 385 1622 414; x_wconf 86' lang='lat' dir='ltr'>quanto</span> <span class='ocrx_word' id='word_1_735' title='bbox 1645 377 1855 410; x_wconf 79' lang='lat' dir='ltr'>benevolentiae</span> <span class='ocrx_word' id='word_1_736' title='bbox 1872 379 1953 418; x_wconf 76' lang='lat' dir='ltr'>ipsius</span> <span class='ocrx_word' id='word_1_737' title='bbox 1974 381 2009 411; x_wconf 65' lang='grc' dir='ltr'>ὃ(</span> <span class='ocrx_word' id='word_1_738' title='bbox 2028 381 2123 420; x_wconf 83' lang='lat' dir='ltr'>gratiae</span> <span class='ocrx_word' id='word_1_739' title='bbox 2142 381 2244 419; x_wconf 88' lang='lat' dir='ltr'>pignus</span> <span class='ocrx_word' id='word_1_740' title='bbox 2259 381 2286 412; x_wconf 92' lang='lat' dir='ltr'>se</span> <span class='ocrx_word' id='word_1_741' title='bbox 2298 383 2436 415; x_wconf 82' lang='lat' dir='ltr'>noverint</span> 
     </span>
     <span class='ocr_line' id='line_1_95' title="bbox 1361 414 2361 445; baseline 0.009 -3"><span class='ocrx_word' id='word_1_742' title='bbox 1361 420 1464 443; x_wconf 89' lang='lat' dir='ltr'>certius</span> <span class='ocrx_word' id='word_1_743' title='bbox 1479 414 1625 445; x_wconf 87' lang='lat' dir='ltr'>assecutos.</span> <span class='ocrx_word' id='word_1_744' title='bbox 2358 425 2361 428; x_wconf 86' lang='grc'><strong>“</strong></span> 
     </span>
    </p>

    <p class='ocr_par' dir='ltr' id='par_1_35' title="bbox 1360 450 2432 959">
     <span class='ocr_line' id='line_1_96' title="bbox 1398 450 2431 495; baseline 0.008 -13"><span class='ocrx_word' id='word_1_745' title='bbox 1398 450 1441 482; x_wconf 82' lang='grc' dir='ltr'>Ε3</span> <span class='ocrx_word' id='word_1_746' title='bbox 1457 461 1591 492; x_wconf 79' lang='lat' dir='ltr'>propter,</span> <span class='ocrx_word' id='word_1_747' title='bbox 1609 454 1747 486; x_wconf 87' lang='lat' dir='ltr'>cariffime</span> <span class='ocrx_word' id='word_1_748' title='bbox 1771 457 1800 486; x_wconf 88' lang='lat' dir='ltr'>in</span> <span class='ocrx_word' id='word_1_749' title='bbox 1823 454 1943 487; x_wconf 82' lang='lat' dir='ltr'>Christo</span> <span class='ocrx_word' id='word_1_750' title='bbox 1956 455 1995 486; x_wconf 68' lang='lat' dir='ltr'>fili</span> <span class='ocrx_word' id='word_1_751' title='bbox 2011 479 2022 495; x_wconf 85' lang='lat'>‚</span> <span class='ocrx_word' id='word_1_752' title='bbox 2046 458 2234 489; x_wconf 85' lang='lat' dir='ltr'>reverentiam</span> <span class='ocrx_word' id='word_1_753' title='bbox 2247 468 2281 489; x_wconf 88' lang='lat' dir='ltr'>ac</span> <span class='ocrx_word' id='word_1_754' title='bbox 2297 458 2431 491; x_wconf 81' lang='lat' dir='ltr'>devotio-</span> 
     </span>
     <span class='ocr_line' id='line_1_97' title="bbox 1361 492 2432 538; baseline 0.008 -19"><span class='ocrx_word' id='word_1_755' title='bbox 1361 498 1430 519; x_wconf 90' lang='lat' dir='ltr'>nern</span> <span class='ocrx_word' id='word_1_756' title='bbox 1439 513 1449 529; x_wconf 85' lang='lat'>‚</span> <span class='ocrx_word' id='word_1_757' title='bbox 1465 501 1552 529; x_wconf 84' lang='lat' dir='ltr'>quam</span> <span class='ocrx_word' id='word_1_758' title='bbox 1574 492 1609 522; x_wconf 88' lang='lat' dir='ltr'>ad</span> <span class='ocrx_word' id='word_1_759' title='bbox 1631 493 1798 524; x_wconf 88' lang='lat' dir='ltr'>Romanam</span> <span class='ocrx_word' id='word_1_760' title='bbox 1819 494 1994 534; x_wconf 78' lang='lat' dir='ltr'>Eccleliam,</span> <span class='ocrx_word' id='word_1_761' title='bbox 2009 505 2025 524; x_wconf 89' lang='lat' dir='ltr'>a</span> <span class='ocrx_word' id='word_1_762' title='bbox 2037 495 2130 532; x_wconf 85' lang='lat' dir='ltr'>longis</span> <span class='ocrx_word' id='word_1_763' title='bbox 2144 504 2223 527; x_wconf 89' lang='lat' dir='ltr'>retro</span> <span class='ocrx_word' id='word_1_764' title='bbox 2236 497 2432 538; x_wconf 81' lang='lat' dir='ltr'>temporibus,</span> 
     </span>
     <span class='ocr_line' id='line_1_98' title="bbox 1361 529 2431 578; baseline 0.011 -21"><span class='ocrx_word' id='word_1_765' title='bbox 1361 535 1390 556; x_wconf 88' lang='lat' dir='ltr'>te</span> <span class='ocrx_word' id='word_1_766' title='bbox 1411 538 1444 572; x_wconf 80' lang='lat' dir='ltr'>ac</span> <span class='ocrx_word' id='word_1_767' title='bbox 1464 529 1682 574; x_wconf 70' lang='lat' dir='ltr'>praedecessores</span> <span class='ocrx_word' id='word_1_768' title='bbox 1694 541 1759 564; x_wconf 90' lang='lat' dir='ltr'>tuos</span> <span class='ocrx_word' id='word_1_769' title='bbox 1773 533 1900 564; x_wconf 72' lang='lat' dir='ltr'>habuisse</span> <span class='ocrx_word' id='word_1_770' title='bbox 1914 535 2105 578; x_wconf 80' lang='lat' dir='ltr'>cognovimus</span> <span class='ocrx_word' id='word_1_771' title='bbox 2119 558 2129 571; x_wconf 83' lang='lat'>,</span> <span class='ocrx_word' id='word_1_772' title='bbox 2147 534 2319 567; x_wconf 85' lang='lat' dir='ltr'>attendentes</span> <span class='ocrx_word' id='word_1_773' title='bbox 2354 546 2431 574; x_wconf 85' lang='lat' dir='ltr'>prae-</span> 
     </span>
     <span class='ocr_line' id='line_1_99' title="bbox 1361 560 2428 612; baseline 0.011 -17"><span class='ocrx_word' id='word_1_774' title='bbox 1361 564 1443 596; x_wconf 87' lang='lat' dir='ltr'>sentis</span> <span class='ocrx_word' id='word_1_775' title='bbox 1461 568 1555 612; x_wconf 78' lang='lat' dir='ltr'>scripti</span> <span class='ocrx_word' id='word_1_776' title='bbox 1573 571 1671 610; x_wconf 81' lang='lat' dir='ltr'>pagina</span> <span class='ocrx_word' id='word_1_777' title='bbox 1686 593 1696 610; x_wconf 85' lang='grc'><strong>,</strong></span> <span class='ocrx_word' id='word_1_778' title='bbox 1713 571 1748 601; x_wconf 89' lang='lat' dir='ltr'>ad</span> <span class='ocrx_word' id='word_1_779' title='bbox 1763 572 1906 609; x_wconf 80' lang='lat' dir='ltr'>exemplar</span> <span class='ocrx_word' id='word_1_780' title='bbox 1921 571 2009 603; x_wconf 89' lang='lat' dir='ltr'>felicis</span> <span class='ocrx_word' id='word_1_781' title='bbox 2024 572 2226 603; x_wconf 84' lang='lat' dir='ltr'>recordationis</span> <span class='ocrx_word' id='word_1_782' title='bbox 2240 560 2346 605; x_wconf 66' lang='grc'><strong>(361611</strong></span> <span class='ocrx_word' id='word_1_783' title='bbox 2370 576 2428 607; x_wconf 79' lang='lat' dir='ltr'>i&amp;</span> 
     </span>
     <span class='ocr_line' id='line_1_100' title="bbox 1361 602 2430 653; baseline 0.008 -19"><span class='ocrx_word' id='word_1_784' title='bbox 1361 602 1524 649; x_wconf 78' lang='lat' dir='ltr'>Innocentu</span> <span class='ocrx_word' id='word_1_785' title='bbox 1536 631 1548 651; x_wconf 70' lang='lat'>,³</span> <span class='ocrx_word' id='word_1_786' title='bbox 1573 608 1811 645; x_wconf 82' lang='lat' dir='ltr'>praedecefforum</span> <span class='ocrx_word' id='word_1_787' title='bbox 1832 610 1998 641; x_wconf 84' lang='lat' dir='ltr'>nostrorum</span> <span class='ocrx_word' id='word_1_788' title='bbox 2012 610 2220 641; x_wconf 85' lang='lat' dir='ltr'>Romanorum</span> <span class='ocrx_word' id='word_1_789' title='bbox 2232 610 2430 653; x_wconf 81' lang='lat' dir='ltr'>Pontificum,</span> 
     </span>
     <span class='ocr_line' id='line_1_101' title="bbox 1361 640 2429 692; baseline 0.01 -21"><span class='ocrx_word' id='word_1_790' title='bbox 1361 640 1518 687; x_wconf 72' lang='grc'><strong>(116111611113</strong></span> <span class='ocrx_word' id='word_1_791' title='bbox 1533 646 1695 678; x_wconf 85' lang='lat' dir='ltr'>inhibemus</span> <span class='ocrx_word' id='word_1_792' title='bbox 1708 657 1740 679; x_wconf 91' lang='lat' dir='ltr'>ut</span> <span class='ocrx_word' id='word_1_793' title='bbox 1750 672 1761 688; x_wconf 89' lang='lat'>,</span> <span class='ocrx_word' id='word_1_794' title='bbox 1774 658 1843 679; x_wconf 90' lang='lat' dir='ltr'>curn</span> <span class='ocrx_word' id='word_1_795' title='bbox 1857 649 2008 680; x_wconf 80' lang='lat' dir='ltr'>Scoticana</span> <span class='ocrx_word' id='word_1_796' title='bbox 2022 649 2148 680; x_wconf 81' lang='lat' dir='ltr'>Ecclesia</span> <span class='ocrx_word' id='word_1_797' title='bbox 2159 649 2215 680; x_wconf 82' lang='lat' dir='ltr'>sedi</span> <span class='ocrx_word' id='word_1_798' title='bbox 2229 650 2429 692; x_wconf 63' lang='lat' dir='ltr'>Apostolime,</span> 
     </span>
     <span class='ocr_line' id='line_1_102' title="bbox 1362 681 2428 728; baseline 0.01 -19"><span class='ocrx_word' id='word_1_799' title='bbox 1362 682 1433 711; x_wconf 86' lang='grc'><strong>116111</strong></span> <span class='ocrx_word' id='word_1_800' title='bbox 1447 681 1502 712; x_wconf 83' lang='lat' dir='ltr'>filia</span> <span class='ocrx_word' id='word_1_801' title='bbox 1513 683 1651 726; x_wconf 83' lang='lat' dir='ltr'>specialis,</span> <span class='ocrx_word' id='word_1_802' title='bbox 1669 686 1749 717; x_wconf 91' lang='lat' dir='ltr'>nullo</span> <span class='ocrx_word' id='word_1_803' title='bbox 1762 687 1860 717; x_wconf 89' lang='lat' dir='ltr'>medio</span> <span class='ocrx_word' id='word_1_804' title='bbox 1874 688 1908 718; x_wconf 79' lang='grc'>111</span> <span class='ocrx_word' id='word_1_805' title='bbox 1920 687 2059 727; x_wconf 67' lang='lat' dir='ltr'>subjecta,</span> <span class='ocrx_word' id='word_1_806' title='bbox 2076 689 2106 718; x_wconf 89' lang='lat' dir='ltr'>in</span> <span class='ocrx_word' id='word_1_807' title='bbox 2122 687 2177 726; x_wconf 66' lang='lat' dir='ltr'>qua</span> <span class='ocrx_word' id='word_1_808' title='bbox 2189 688 2236 718; x_wconf 89' lang='lat' dir='ltr'>hae</span> <span class='ocrx_word' id='word_1_809' title='bbox 2249 687 2325 720; x_wconf 64' lang='lat' dir='ltr'>sedes</span> <span class='ocrx_word' id='word_1_810' title='bbox 2343 688 2428 728; x_wconf 82' lang='lat' dir='ltr'>Epis·-</span> 
     </span>
     <span class='ocr_line' id='line_1_103' title="bbox 1362 719 2431 765; baseline 0.01 -16"><span class='ocrx_word' id='word_1_811' title='bbox 1362 719 1475 757; x_wconf 86' lang='lat' dir='ltr'>copales</span> <span class='ocrx_word' id='word_1_812' title='bbox 1490 721 1548 751; x_wconf 86' lang='lat' dir='ltr'>esse</span> <span class='ocrx_word' id='word_1_813' title='bbox 1560 723 1733 764; x_wconf 80' lang='lat' dir='ltr'>noscuntur3</span> <span class='ocrx_word' id='word_1_814' title='bbox 1751 725 1830 755; x_wconf 81' lang='lat' dir='ltr'>Eccle</span> <span class='ocrx_word' id='word_1_815' title='bbox 1841 736 1869 755; x_wconf 76' lang='lat' dir='ltr'>za</span> <span class='ocrx_word' id='word_1_816' title='bbox 1883 726 2014 757; x_wconf 82' lang='lat' dir='ltr'>videlicet</span> <span class='ocrx_word' id='word_1_817' title='bbox 2026 727 2120 756; x_wconf 70' lang='lat' dir='ltr'>Sam‘ii</span> <span class='ocrx_word' id='word_1_818' title='bbox 2133 728 2276 765; x_wconf 80' lang='lat' dir='ltr'>Andreae,</span> <span class='ocrx_word' id='word_1_819' title='bbox 2296 728 2431 760; x_wconf 65' lang='lat' dir='ltr'>Dumble-</span> 
     </span>
     <span class='ocr_line' id='line_1_104' title="bbox 1361 759 2430 807; baseline 0.009 -20"><span class='ocrx_word' id='word_1_820' title='bbox 1361 769 1430 795; x_wconf 84' lang='lat' dir='ltr'>nen,</span> <span class='ocrx_word' id='word_1_821' title='bbox 1448 759 1567 801; x_wconf 75' lang='lat' dir='ltr'>Ecclcfia</span> <span class='ocrx_word' id='word_1_822' title='bbox 1581 761 1728 801; x_wconf 70' lang='lat' dir='ltr'>Glascuen,</span> <span class='ocrx_word' id='word_1_823' title='bbox 1747 766 1823 793; x_wconf 84' lang='lat' dir='ltr'>Dum</span> <span class='ocrx_word' id='word_1_824' title='bbox 1840 763 1918 794; x_wconf 80' lang='lat' dir='ltr'>elden</span> <span class='ocrx_word' id='word_1_825' title='bbox 1930 789 1940 803; x_wconf 78' lang='lat'>‚</span> <span class='ocrx_word' id='word_1_826' title='bbox 1959 765 2097 794; x_wconf 74' lang='lat' dir='ltr'>Brachien</span> <span class='ocrx_word' id='word_1_827' title='bbox 2110 788 2119 803; x_wconf 83' lang='lat'>‚</span> <span class='ocrx_word' id='word_1_828' title='bbox 2143 764 2262 806; x_wconf 79' lang='lat' dir='ltr'>Ecclesta</span> <span class='ocrx_word' id='word_1_829' title='bbox 2277 765 2430 807; x_wconf 73' lang='lat' dir='ltr'>Aberden,</span> 
     </span>
     <span class='ocr_line' id='line_1_105' title="bbox 1361 797 2430 848; baseline 0.011 -22"><span class='ocrx_word' id='word_1_830' title='bbox 1361 797 1485 842; x_wconf 33' lang='lat' dir='ltr'><em>Ecclejfia.</em></span> <span class='ocrx_word' id='word_1_831' title='bbox 1503 802 1643 829; x_wconf 76' lang='lat' dir='ltr'>Mureven</span> <span class='ocrx_word' id='word_1_832' title='bbox 1657 825 1667 839; x_wconf 74' lang='lat'>.‚</span> <span class='ocrx_word' id='word_1_833' title='bbox 1692 801 1810 841; x_wconf 63' lang='lat' dir='ltr'>Ecclafia</span> <span class='ocrx_word' id='word_1_834' title='bbox 1828 803 1912 842; x_wconf 65' lang='lat' dir='ltr'>Rasbn</span> <span class='ocrx_word' id='word_1_835' title='bbox 1926 828 1936 842; x_wconf 81' lang='lat'>‚</span> <span class='ocrx_word' id='word_1_836' title='bbox 1962 803 2001 838; x_wconf 60' lang='grc' dir='ltr'><strong><em>ὠ</em></strong></span> <span class='ocrx_word' id='word_1_837' title='bbox 2013 803 2131 848; x_wconf 61' lang='lat' dir='ltr'>Ecclejlia</span> <span class='ocrx_word' id='word_1_838' title='bbox 2143 806 2254 843; x_wconf 74' lang='lat' dir='ltr'>Kalen,</span> <span class='ocrx_word' id='word_1_839' title='bbox 2271 806 2380 837; x_wconf 84' lang='lat' dir='ltr'>nemini</span> <span class='ocrx_word' id='word_1_840' title='bbox 2393 806 2430 837; x_wconf 80' lang='lat' dir='ltr'>li-</span> 
     </span>
     <span class='ocr_line' id='line_1_106' title="bbox 1362 837 2427 885; baseline 0.009 -20"><span class='ocrx_word' id='word_1_841' title='bbox 1362 845 1439 880; x_wconf 77' lang='lat' dir='ltr'>ceat,</span> <span class='ocrx_word' id='word_1_842' title='bbox 1458 837 1507 867; x_wconf 87' lang='lat' dir='ltr'>nisi</span> <span class='ocrx_word' id='word_1_843' title='bbox 1522 837 1662 885; x_wconf 76' lang='lat' dir='ltr'>Romano</span> <span class='ocrx_word' id='word_1_844' title='bbox 1676 838 1809 884; x_wconf 67' lang='lat' dir='ltr'>Pontifici</span> <span class='ocrx_word' id='word_1_845' title='bbox 1818 863 1828 879; x_wconf 85' lang='lat'>,</span> <span class='ocrx_word' id='word_1_846' title='bbox 1846 841 1892 873; x_wconf 87' lang='lat' dir='ltr'>vel</span> <span class='ocrx_word' id='word_1_847' title='bbox 1908 842 2017 882; x_wconf 85' lang='lat' dir='ltr'>Legato</span> <span class='ocrx_word' id='word_1_848' title='bbox 2031 842 2068 872; x_wconf 87' lang='lat' dir='ltr'>ab</span> <span class='ocrx_word' id='word_1_849' title='bbox 2080 843 2161 880; x_wconf 71' lang='lat' dir='ltr'>ipiius</span> <span class='ocrx_word' id='word_1_850' title='bbox 2173 842 2258 874; x_wconf 88' lang='lat' dir='ltr'>latere</span> <span class='ocrx_word' id='word_1_851' title='bbox 2268 843 2427 883; x_wconf 84' lang='lat' dir='ltr'>destinato,</span> 
     </span>
     <span class='ocr_line' id='line_1_107' title="bbox 1361 874 2427 914; baseline 0.009 -10"><span class='ocrx_word' id='word_1_852' title='bbox 1361 884 1392 905; x_wconf 85' lang='lat' dir='ltr'>in</span> <span class='ocrx_word' id='word_1_853' title='bbox 1413 874 1553 913; x_wconf 86' lang='lat' dir='ltr'>Regnum</span> <span class='ocrx_word' id='word_1_854' title='bbox 1571 878 1678 908; x_wconf 74' lang='lat' dir='ltr'>beotiae</span> <span class='ocrx_word' id='word_1_855' title='bbox 1698 879 1841 910; x_wconf 62' lang='lat' dir='ltr'>interdicti</span> <span class='ocrx_word' id='word_1_856' title='bbox 1862 881 1910 910; x_wconf 89' lang='lat' dir='ltr'>vel</span> <span class='ocrx_word' id='word_1_857' title='bbox 1933 882 2240 913; x_wconf 79' lang='lat' dir='ltr'>excommunicationis</span> <span class='ocrx_word' id='word_1_858' title='bbox 2261 882 2427 914; x_wconf 85' lang='lat' dir='ltr'>sententiam</span> 
     </span>
     <span class='ocr_line' id='line_1_108' title="bbox 1360 916 2351 959; baseline 0.008 -16"><span class='ocrx_word' id='word_1_859' title='bbox 1360 916 1556 959; x_wconf 74' lang='lat' dir='ltr'>promulgare3</span> <span class='ocrx_word' id='word_1_860' title='bbox 1574 916 1624 955; x_wconf 87' lang='lat'>&amp;,</span> <span class='ocrx_word' id='word_1_861' title='bbox 1642 917 1662 947; x_wconf 83' lang='lat' dir='ltr'>fi</span> <span class='ocrx_word' id='word_1_862' title='bbox 1676 918 1854 958; x_wconf 76' lang='lat' dir='ltr'>promulgata</span> <span class='ocrx_word' id='word_1_863' title='bbox 1864 919 1965 958; x_wconf 84' lang='lat' dir='ltr'>fuerit,</span> <span class='ocrx_word' id='word_1_864' title='bbox 1983 919 2163 950; x_wconf 77' lang='lat' dir='ltr'>decernimus</span> <span class='ocrx_word' id='word_1_865' title='bbox 2175 930 2236 951; x_wconf 89' lang='lat' dir='ltr'>non</span> <span class='ocrx_word' id='word_1_866' title='bbox 2250 921 2351 952; x_wconf 88' lang='lat' dir='ltr'>valere.</span> 
     </span>
    </p>

    <p class='ocr_par' dir='ltr' id='par_1_36' title="bbox 1359 952 2430 1101">
     <span class='ocr_line' id='line_1_109' title="bbox 1400 952 2430 1000; baseline 0.009 -17"><span class='ocrx_word' id='word_1_867' title='bbox 1400 952 1549 997; x_wconf 75' lang='lat' dir='ltr'>Adicimus</span> <span class='ocrx_word' id='word_1_868' title='bbox 1567 956 1652 985; x_wconf 88' lang='lat' dir='ltr'>etiam</span> <span class='ocrx_word' id='word_1_869' title='bbox 1674 964 1706 986; x_wconf 89' lang='lat' dir='ltr'>ut</span> <span class='ocrx_word' id='word_1_870' title='bbox 1725 956 1794 986; x_wconf 88' lang='lat' dir='ltr'>nulli</span> <span class='ocrx_word' id='word_1_871' title='bbox 1816 956 1853 986; x_wconf 88' lang='lat' dir='ltr'>de</span> <span class='ocrx_word' id='word_1_872' title='bbox 1874 966 1998 997; x_wconf 75' lang='lat' dir='ltr'>caetero,</span> <span class='ocrx_word' id='word_1_873' title='bbox 2019 959 2069 996; x_wconf 90' lang='lat' dir='ltr'>qui</span> <span class='ocrx_word' id='word_1_874' title='bbox 2081 958 2117 988; x_wconf 91' lang='lat' dir='ltr'>de</span> <span class='ocrx_word' id='word_1_875' title='bbox 2132 959 2238 990; x_wconf 79' lang='lat' dir='ltr'>Scotiae</span> <span class='ocrx_word' id='word_1_876' title='bbox 2251 959 2358 1000; x_wconf 77' lang='lat' dir='ltr'>Regno</span> <span class='ocrx_word' id='word_1_877' title='bbox 2367 969 2430 992; x_wconf 85' lang='lat' dir='ltr'>non</span> 
     </span>
     <span class='ocr_line' id='line_1_110' title="bbox 1361 990 2427 1037; baseline 0.008 -15"><span class='ocrx_word' id='word_1_878' title='bbox 1361 990 1467 1031; x_wconf 82' lang='lat' dir='ltr'>fuerit,</span> <span class='ocrx_word' id='word_1_879' title='bbox 1492 995 1542 1024; x_wconf 89' lang='grc'><strong>11111</strong></span> <span class='ocrx_word' id='word_1_880' title='bbox 1584 1004 1650 1024; x_wconf 84' lang='grc'><strong>116111</strong></span> <span class='ocrx_word' id='word_1_881' title='bbox 1670 993 1839 1033; x_wconf 87' lang='lat' dir='ltr'>Apostolica</span> <span class='ocrx_word' id='word_1_882' title='bbox 1857 995 1932 1025; x_wconf 86' lang='lat' dir='ltr'>sedes</span> <span class='ocrx_word' id='word_1_883' title='bbox 1959 1006 2075 1035; x_wconf 83' lang='lat' dir='ltr'>propter</span> <span class='ocrx_word' id='word_1_884' title='bbox 2100 997 2158 1028; x_wconf 93' lang='lat' dir='ltr'>hoc</span> <span class='ocrx_word' id='word_1_885' title='bbox 2177 997 2214 1028; x_wconf 91' lang='lat' dir='ltr'>de</span> <span class='ocrx_word' id='word_1_886' title='bbox 2235 1009 2357 1037; x_wconf 88' lang='lat' dir='ltr'>corpore</span> <span class='ocrx_word' id='word_1_887' title='bbox 2376 999 2427 1030; x_wconf 89' lang='lat' dir='ltr'>suo</span> 
     </span>
     <span class='ocr_line' id='line_1_111' title="bbox 1361 1004 2429 1075; baseline 0.008 -15"><span class='ocrx_word' id='word_1_888' title='bbox 1361 1029 1513 1068; x_wconf 88' lang='lat' dir='ltr'>specialiter</span> <span class='ocrx_word' id='word_1_889' title='bbox 1533 1004 1713 1065; x_wconf 59' lang='lat' dir='ltr'>deihnaverit</span> <span class='ocrx_word' id='word_1_890' title='bbox 1727 1057 1737 1072; x_wconf 85' lang='lat'>,</span> <span class='ocrx_word' id='word_1_891' title='bbox 1762 1033 1874 1065; x_wconf 79' lang='lat' dir='ltr'>licitum</span> <span class='ocrx_word' id='word_1_892' title='bbox 1894 1034 1927 1065; x_wconf 79' lang='lat' dir='ltr'>sit</span> <span class='ocrx_word' id='word_1_893' title='bbox 1944 1036 1975 1065; x_wconf 84' lang='lat' dir='ltr'>iii</span> <span class='ocrx_word' id='word_1_894' title='bbox 1990 1046 2026 1066; x_wconf 93' lang='lat' dir='ltr'>eo</span> <span class='ocrx_word' id='word_1_895' title='bbox 2041 1036 2186 1075; x_wconf 83' lang='lat' dir='ltr'>legationis</span> <span class='ocrx_word' id='word_1_896' title='bbox 2200 1036 2333 1069; x_wconf 87' lang='lat' dir='ltr'>officium</span> <span class='ocrx_word' id='word_1_897' title='bbox 2348 1046 2429 1069; x_wconf 79' lang='lat' dir='ltr'>exer·</span> 
     </span>
     <span class='ocr_line' id='line_1_112' title="bbox 1359 1078 1434 1101; baseline -0.013 -1"><span class='ocrx_word' id='word_1_898' title='bbox 1359 1078 1434 1101; x_wconf 89' lang='lat' dir='ltr'>cere.</span> 
     </span>
    </p>

    <p class='ocr_par' dir='ltr' id='par_1_37' title="bbox 1355 1108 2428 1256">
     <span class='ocr_line' id='line_1_113' title="bbox 1398 1108 2427 1154; baseline 0.007 -15"><span class='ocrx_word' id='word_1_899' title='bbox 1398 1108 1589 1141; x_wconf 88' lang='lat' dir='ltr'>Prohibemus</span> <span class='ocrx_word' id='word_1_900' title='bbox 1603 1119 1698 1142; x_wconf 88' lang='lat' dir='ltr'>autem</span> <span class='ocrx_word' id='word_1_901' title='bbox 1713 1118 1744 1142; x_wconf 90' lang='lat' dir='ltr'>ut</span> <span class='ocrx_word' id='word_1_902' title='bbox 1760 1111 1979 1150; x_wconf 75' lang='lat' dir='ltr'>controversiae,</span> <span class='ocrx_word' id='word_1_903' title='bbox 1997 1122 2062 1150; x_wconf 84' lang='lat' dir='ltr'>quae</span> <span class='ocrx_word' id='word_1_904' title='bbox 2079 1113 2183 1144; x_wconf 83' lang='lat' dir='ltr'>fuerint</span> <span class='ocrx_word' id='word_1_905' title='bbox 2194 1114 2223 1144; x_wconf 89' lang='lat' dir='ltr'>in</span> <span class='ocrx_word' id='word_1_906' title='bbox 2239 1113 2348 1152; x_wconf 87' lang='lat' dir='ltr'>Regno</span> <span class='ocrx_word' id='word_1_907' title='bbox 2366 1114 2427 1154; x_wconf 77' lang='lat' dir='ltr'>ipso</span> 
     </span>
     <span class='ocr_line' id='line_1_114' title="bbox 1359 1145 2428 1193; baseline 0.005 -14"><span class='ocrx_word' id='word_1_908' title='bbox 1359 1145 1396 1191; x_wconf 68' lang='lat' dir='ltr'>de</span> <span class='ocrx_word' id='word_1_909' title='bbox 1411 1149 1628 1186; x_wconf 74' lang='lat' dir='ltr'>possessionibus</span> <span class='ocrx_word' id='word_1_910' title='bbox 1642 1151 1699 1189; x_wconf 87' lang='lat' dir='ltr'>ejus</span> <span class='ocrx_word' id='word_1_911' title='bbox 1715 1159 1821 1181; x_wconf 64' lang='lat' dir='ltr'>exortae</span> <span class='ocrx_word' id='word_1_912' title='bbox 1830 1150 1881 1189; x_wconf 87' lang='lat' dir='ltr'>,ad</span> <span class='ocrx_word' id='word_1_913' title='bbox 1896 1159 2015 1181; x_wconf 76' lang='lat' dir='ltr'>examen</span> <span class='ocrx_word' id='word_1_914' title='bbox 2029 1159 2105 1182; x_wconf 62' lang='lat' dir='ltr'>&lt;nitra</span> <span class='ocrx_word' id='word_1_915' title='bbox 2117 1152 2257 1188; x_wconf 58' lang='lat' dir='ltr'>Regnum</span> <span class='ocrx_word' id='word_1_916' title='bbox 2268 1155 2428 1193; x_wconf 82' lang='lat' dir='ltr'>politorum</span> 
     </span>
     <span class='ocr_line' id='line_1_115' title="bbox 1355 1183 2428 1230; baseline 0.007 -14"><span class='ocrx_word' id='word_1_917' title='bbox 1355 1185 1487 1223; x_wconf 72' lang='lat' dir='ltr'>judicum</span> <span class='ocrx_word' id='word_1_918' title='bbox 1505 1198 1567 1220; x_wconf 91' lang='lat' dir='ltr'>non</span> <span class='ocrx_word' id='word_1_919' title='bbox 1587 1188 1750 1228; x_wconf 72' lang='lat' dir='ltr'>trahantur,</span> <span class='ocrx_word' id='word_1_920' title='bbox 1764 1189 1815 1220; x_wconf 87' lang='lat' dir='ltr'>nisi</span> <span class='ocrx_word' id='word_1_921' title='bbox 1830 1189 1866 1220; x_wconf 88' lang='lat' dir='ltr'>ad</span> <span class='ocrx_word' id='word_1_922' title='bbox 1879 1189 2046 1220; x_wconf 87' lang='lat' dir='ltr'>Romanam</span> <span class='ocrx_word' id='word_1_923' title='bbox 2058 1189 2141 1221; x_wconf 86' lang='lat' dir='ltr'>fuerit</span> <span class='ocrx_word' id='word_1_924' title='bbox 2159 1183 2317 1221; x_wconf 84' lang='lat' dir='ltr'>Ecclesiam</span> <span class='ocrx_word' id='word_1_925' title='bbox 2330 1192 2428 1230; x_wconf 86' lang='lat' dir='ltr'>appel-</span> 
     </span>
     <span class='ocr_line' id='line_1_116' title="bbox 1358 1224 1454 1256; baseline 0.01 -1"><span class='ocrx_word' id='word_1_926' title='bbox 1358 1224 1454 1256; x_wconf 83' lang='lat' dir='ltr'>latum.</span> 
     </span>
    </p>

    <p class='ocr_par' dir='ltr' id='par_1_38' title="bbox 1358 1256 2570 1450">
     <span class='ocr_line' id='line_1_117' title="bbox 1374 1256 2570 1309; baseline 0.003 -13"><span class='ocrx_word' id='word_1_927' title='bbox 1374 1302 1379 1308; x_wconf 44' lang='grc'><strong>,</strong></span> <span class='ocrx_word' id='word_1_928' title='bbox 1397 1264 1417 1284; x_wconf 67' lang='lat'>³*</span> <span class='ocrx_word' id='word_1_929' title='bbox 1437 1264 1524 1309; x_wconf 66' lang='lat' dir='ltr'>Siqua</span> <span class='ocrx_word' id='word_1_930' title='bbox 1538 1268 1610 1298; x_wconf 80' lang='lat' dir='ltr'>vero</span> <span class='ocrx_word' id='word_1_931' title='bbox 1625 1266 1744 1306; x_wconf 84' lang='lat' dir='ltr'>scripta,</span> <span class='ocrx_word' id='word_1_932' title='bbox 1761 1275 1861 1298; x_wconf 87' lang='lat' dir='ltr'>contra</span> <span class='ocrx_word' id='word_1_933' title='bbox 1872 1266 1954 1305; x_wconf 86' lang='lat' dir='ltr'>hujus</span> <span class='ocrx_word' id='word_1_934' title='bbox 1965 1265 2097 1298; x_wconf 83' lang='lat' dir='ltr'>libertatis</span> <span class='ocrx_word' id='word_1_935' title='bbox 2119 1267 2275 1307; x_wconf 70' lang='lat' dir='ltr'>stanuum,</span> <span class='ocrx_word' id='word_1_936' title='bbox 2292 1278 2428 1308; x_wconf 70' lang='lat' dir='ltr'>appar-ue·</span> <span class='ocrx_word' id='word_1_937' title='bbox 2442 1256 2460 1277; x_wconf 71' lang='lat'>¹⁸</span> <span class='ocrx_word' id='word_1_938' title='bbox 2474 1258 2570 1295; x_wconf 54' lang='lat'><strong>1⁴23·-</strong></span> 
     </span>
     <span class='ocr_line' id='line_1_118' title="bbox 1358 1305 2427 1344; baseline 0.007 -12"><span class='ocrx_word' id='word_1_939' title='bbox 1358 1311 1414 1334; x_wconf 89' lang='lat' dir='ltr'>rint</span> <span class='ocrx_word' id='word_1_940' title='bbox 1435 1313 1580 1342; x_wconf 86' lang='lat' dir='ltr'>impetrata</span> <span class='ocrx_word' id='word_1_941' title='bbox 1594 1317 1604 1344; x_wconf 74' lang='lat'>3</span> <span class='ocrx_word' id='word_1_942' title='bbox 1622 1306 1668 1337; x_wconf 90' lang='lat' dir='ltr'>vel</span> <span class='ocrx_word' id='word_1_943' title='bbox 1683 1307 1713 1336; x_wconf 89' lang='lat' dir='ltr'>in</span> <span class='ocrx_word' id='word_1_944' title='bbox 1727 1305 1892 1344; x_wconf 81' lang='lat' dir='ltr'>posterum,</span> <span class='ocrx_word' id='word_1_945' title='bbox 1910 1305 1987 1336; x_wconf 89' lang='lat' dir='ltr'>istius</span> <span class='ocrx_word' id='word_1_946' title='bbox 1999 1305 2189 1336; x_wconf 82' lang='lat' dir='ltr'>conceffionis</span> <span class='ocrx_word' id='word_1_947' title='bbox 2206 1309 2354 1339; x_wconf 86' lang='lat' dir='ltr'>mentione</span> <span class='ocrx_word' id='word_1_948' title='bbox 2365 1318 2427 1340; x_wconf 86' lang='lat' dir='ltr'>non</span> 
     </span>
     <span class='ocr_line' id='line_1_119' title="bbox 1358 1341 2428 1387; baseline 0.009 -17"><span class='ocrx_word' id='word_1_949' title='bbox 1358 1341 1468 1384; x_wconf 74' lang='lat' dir='ltr'>habita,</span> <span class='ocrx_word' id='word_1_950' title='bbox 1484 1345 1636 1383; x_wconf 87' lang='lat' dir='ltr'>contigerit</span> <span class='ocrx_word' id='word_1_951' title='bbox 1648 1345 1809 1383; x_wconf 88' lang='lat' dir='ltr'>impetrari,</span> <span class='ocrx_word' id='word_1_952' title='bbox 1827 1344 1939 1374; x_wconf 90' lang='lat' dir='ltr'>nullum</span> <span class='ocrx_word' id='word_1_953' title='bbox 1954 1344 2023 1383; x_wconf 86' lang='lat' dir='ltr'>tibi,</span> <span class='ocrx_word' id='word_1_954' title='bbox 2040 1344 2129 1374; x_wconf 87' lang='lat' dir='ltr'>tuisve</span> <span class='ocrx_word' id='word_1_955' title='bbox 2141 1345 2361 1387; x_wconf 75' lang='lat' dir='ltr'>successoribus,</span> <span class='ocrx_word' id='word_1_956' title='bbox 2380 1347 2428 1380; x_wconf 86' lang='lat' dir='ltr'>vel</span> 
     </span>
     <span class='ocr_line' id='line_1_120' title="bbox 1358 1380 2426 1427; baseline 0.008 -17"><span class='ocrx_word' id='word_1_957' title='bbox 1358 1381 1409 1418; x_wconf 81' lang='lat' dir='ltr'>ipii</span> <span class='ocrx_word' id='word_1_958' title='bbox 1418 1380 1524 1421; x_wconf 80' lang='lat' dir='ltr'>Regno</span> <span class='ocrx_word' id='word_1_959' title='bbox 1539 1383 1615 1414; x_wconf 88' lang='lat' dir='ltr'>circa</span> <span class='ocrx_word' id='word_1_960' title='bbox 1628 1382 1709 1422; x_wconf 87' lang='lat' dir='ltr'>hujus</span> <span class='ocrx_word' id='word_1_961' title='bbox 1724 1384 1920 1423; x_wconf 72' lang='lat' dir='ltr'>piaerogativae</span> <span class='ocrx_word' id='word_1_962' title='bbox 1935 1382 2150 1414; x_wconf 78' lang='lat' dir='ltr'>concessionem</span> <span class='ocrx_word' id='word_1_963' title='bbox 2166 1385 2362 1423; x_wconf 71' lang='lat' dir='ltr'>praejudicium</span> <span class='ocrx_word' id='word_1_964' title='bbox 2375 1395 2426 1427; x_wconf 86' lang='lat' dir='ltr'>ge-</span> 
     </span>
     <span class='ocr_line' id='line_1_121' title="bbox 1358 1427 1481 1450; baseline 0 -1"><span class='ocrx_word' id='word_1_965' title='bbox 1358 1427 1481 1450; x_wconf 89' lang='lat' dir='ltr'>neretur.</span> 
     </span>
    </p>

    <p class='ocr_par' dir='ltr' id='par_1_39' title="bbox 1354 1457 2425 1645">
     <span class='ocr_line' id='line_1_122' title="bbox 1392 1457 2425 1502; baseline 0.007 -14"><span class='ocrx_word' id='word_1_966' title='bbox 1392 1457 1532 1489; x_wconf 80' lang='lat' dir='ltr'>Praeterea</span> <span class='ocrx_word' id='word_1_967' title='bbox 1553 1460 1694 1491; x_wconf 82' lang='lat' dir='ltr'>libertates</span> <span class='ocrx_word' id='word_1_968' title='bbox 1712 1461 1746 1492; x_wconf 83' lang='lat'>&amp;</span> <span class='ocrx_word' id='word_1_969' title='bbox 1762 1461 1971 1499; x_wconf 58' lang='lat' dir='ltr'>immunitates,</span> <span class='ocrx_word' id='word_1_970' title='bbox 1990 1461 2050 1491; x_wconf 69' lang='lat' dir='ltr'>tarn</span> <span class='ocrx_word' id='word_1_971' title='bbox 2064 1459 2116 1491; x_wconf 89' lang='lat' dir='ltr'>tibi</span> <span class='ocrx_word' id='word_1_972' title='bbox 2129 1461 2216 1498; x_wconf 67' lang='lat' dir='ltr'>quarn</span> <span class='ocrx_word' id='word_1_973' title='bbox 2231 1461 2338 1501; x_wconf 85' lang='lat' dir='ltr'>Regno</span> <span class='ocrx_word' id='word_1_974' title='bbox 2353 1471 2425 1502; x_wconf 78' lang='lat' dir='ltr'>tuo,</span> 
     </span>
     <span class='ocr_line' id='line_1_123' title="bbox 1356 1496 2425 1538; baseline 0.007 -11"><span class='ocrx_word' id='word_1_975' title='bbox 1356 1496 1391 1528; x_wconf 91' lang='lat'>&amp;</span> <span class='ocrx_word' id='word_1_976' title='bbox 1411 1496 1544 1529; x_wconf 86' lang='lat' dir='ltr'>Eccleliis</span> <span class='ocrx_word' id='word_1_977' title='bbox 1566 1500 1596 1529; x_wconf 88' lang='grc'>111</span> <span class='ocrx_word' id='word_1_978' title='bbox 1615 1499 1721 1530; x_wconf 88' lang='lat' dir='ltr'>eodem</span> <span class='ocrx_word' id='word_1_979' title='bbox 1742 1499 1850 1538; x_wconf 87' lang='lat' dir='ltr'>Regno</span> <span class='ocrx_word' id='word_1_980' title='bbox 1870 1499 2027 1529; x_wconf 86' lang='lat' dir='ltr'>constitutis</span> <span class='ocrx_word' id='word_1_981' title='bbox 2039 1523 2050 1537; x_wconf 88' lang='lat'>,</span> <span class='ocrx_word' id='word_1_982' title='bbox 2082 1499 2118 1528; x_wconf 89' lang='lat' dir='ltr'>ab</span> <span class='ocrx_word' id='word_1_983' title='bbox 2140 1499 2269 1531; x_wconf 76' lang='lat' dir='ltr'>Ecclesia</span> <span class='ocrx_word' id='word_1_984' title='bbox 2290 1502 2425 1533; x_wconf 66' lang='lat' dir='ltr'>Romana</span> 
     </span>
     <span class='ocr_line' id='line_1_124' title="bbox 1355 1536 2424 1577; baseline 0.005 -11"><span class='ocrx_word' id='word_1_985' title='bbox 1355 1536 1502 1567; x_wconf 74' lang='lat' dir='ltr'>concessas</span> <span class='ocrx_word' id='word_1_986' title='bbox 1513 1560 1523 1576; x_wconf 85' lang='lat'>,</span> <span class='ocrx_word' id='word_1_987' title='bbox 1547 1537 1581 1568; x_wconf 93' lang='lat'>&amp;</span> <span class='ocrx_word' id='word_1_988' title='bbox 1602 1537 1737 1568; x_wconf 82' lang='grc'><strong>11361611113</strong></span> <span class='ocrx_word' id='word_1_989' title='bbox 1758 1537 1916 1568; x_wconf 85' lang='lat' dir='ltr'>observatas</span> <span class='ocrx_word' id='word_1_990' title='bbox 1931 1559 1942 1576; x_wconf 87' lang='lat'>,</span> <span class='ocrx_word' id='word_1_991' title='bbox 1965 1546 2034 1567; x_wconf 87' lang='lat' dir='ltr'>ratas</span> <span class='ocrx_word' id='word_1_992' title='bbox 2049 1537 2202 1577; x_wconf 83' lang='lat' dir='ltr'>habemus,</span> <span class='ocrx_word' id='word_1_993' title='bbox 2219 1540 2253 1570; x_wconf 94' lang='lat'>&amp;</span> <span class='ocrx_word' id='word_1_994' title='bbox 2267 1549 2309 1570; x_wconf 82' lang='lat' dir='ltr'>eas</span> <span class='ocrx_word' id='word_1_995' title='bbox 2322 1540 2424 1571; x_wconf 80' lang='lat' dir='ltr'>futuris</span> 
     </span>
     <span class='ocr_line' id='line_1_125' title="bbox 1355 1575 2425 1644; baseline 0.006 -39"><span class='ocrx_word' id='word_1_996' title='bbox 1355 1576 1530 1644; x_wconf 50' lang='lat' dir='ltr'>tergitporibus</span> <span class='ocrx_word' id='word_1_997' title='bbox 1545 1576 1659 1608; x_wconf 79' lang='lat' dir='ltr'>illibatas</span> <span class='ocrx_word' id='word_1_998' title='bbox 1673 1586 1788 1607; x_wconf 84' lang='lat' dir='ltr'>manere</span> <span class='ocrx_word' id='word_1_999' title='bbox 1800 1575 1955 1614; x_wconf 77' lang='lat' dir='ltr'>sancimus,</span> <span class='ocrx_word' id='word_1_1000' title='bbox 1973 1575 2044 1607; x_wconf 85' lang='lat' dir='ltr'>salva</span> <span class='ocrx_word' id='word_1_1001' title='bbox 2057 1584 2154 1608; x_wconf 78' lang='lat' dir='ltr'>tamen</span> <span class='ocrx_word' id='word_1_1002' title='bbox 2167 1575 2236 1607; x_wconf 83' lang='lat' dir='ltr'>sedis</span> <span class='ocrx_word' id='word_1_1003' title='bbox 2245 1577 2425 1616; x_wconf 76' lang='lat' dir='ltr'>Apostolicae</span> 
     </span>
     <span class='ocr_line' id='line_1_126' title="bbox 1354 1622 1530 1645; baseline 0.011 -2"><span class='ocrx_word' id='word_1_1004' title='bbox 1354 1622 1390 1644; x_wconf 87' lang='lat' dir='ltr'>au</span> <span class='ocrx_word' id='word_1_1005' title='bbox 1423 1623 1530 1645; x_wconf 78' lang='lat' dir='ltr'>oritate.</span> 
     </span>
    </p>

    <p class='ocr_par' dir='ltr' id='par_1_40' title="bbox 1352 1651 2427 1762">
     <span class='ocr_line' id='line_1_127' title="bbox 1393 1651 2427 1693; baseline 0.004 -10"><span class='ocrx_word' id='word_1_1006' title='bbox 1393 1651 1479 1683; x_wconf 84' lang='lat' dir='ltr'>Nulli</span> <span class='ocrx_word' id='word_1_1007' title='bbox 1498 1663 1571 1692; x_wconf 84' lang='lat' dir='ltr'>ergo</span> <span class='ocrx_word' id='word_1_1008' title='bbox 1593 1655 1717 1684; x_wconf 89' lang='lat' dir='ltr'>omnino</span> <span class='ocrx_word' id='word_1_1009' title='bbox 1735 1653 1888 1684; x_wconf 87' lang='lat' dir='ltr'>hominum</span> <span class='ocrx_word' id='word_1_1010' title='bbox 1908 1653 1990 1684; x_wconf 84' lang='lat' dir='ltr'>liceat</span> <span class='ocrx_word' id='word_1_1011' title='bbox 2003 1653 2078 1684; x_wconf 87' lang='lat' dir='ltr'>hanc</span> <span class='ocrx_word' id='word_1_1012' title='bbox 2093 1654 2224 1693; x_wconf 79' lang='lat' dir='ltr'>paginam</span> <span class='ocrx_word' id='word_1_1013' title='bbox 2234 1653 2339 1686; x_wconf 87' lang='lat' dir='ltr'>nostrae</span> <span class='ocrx_word' id='word_1_1014' title='bbox 2353 1665 2427 1687; x_wconf 79' lang='lat' dir='ltr'>con-</span> 
     </span>
     <span class='ocr_line' id='line_1_128' title="bbox 1354 1689 2426 1736; baseline 0.005 -15"><span class='ocrx_word' id='word_1_1015' title='bbox 1354 1689 1509 1736; x_wconf 75' lang='lat' dir='ltr'>cessionis,</span> <span class='ocrx_word' id='word_1_1016' title='bbox 1534 1693 1732 1736; x_wconf 84' lang='lat' dir='ltr'>prohibitionis</span> <span class='ocrx_word' id='word_1_1017' title='bbox 1755 1693 1790 1724; x_wconf 88' lang='lat'>&amp;</span> <span class='ocrx_word' id='word_1_1018' title='bbox 1809 1692 2033 1724; x_wconf 84' lang='lat' dir='ltr'>confirmationis</span> <span class='ocrx_word' id='word_1_1019' title='bbox 2056 1692 2209 1732; x_wconf 86' lang='lat' dir='ltr'>infringere</span> <span class='ocrx_word' id='word_1_1020' title='bbox 2222 1717 2233 1732; x_wconf 90' lang='lat'>,</span> <span class='ocrx_word' id='word_1_1021' title='bbox 2256 1693 2304 1726; x_wconf 90' lang='lat' dir='ltr'>vel</span> <span class='ocrx_word' id='word_1_1022' title='bbox 2319 1695 2346 1725; x_wconf 91' lang='lat' dir='ltr'>ei</span> <span class='ocrx_word' id='word_1_1023' title='bbox 2359 1695 2426 1726; x_wconf 79' lang='lat' dir='ltr'>ausu</span> 
     </span>
     <span class='ocr_line' id='line_1_129' title="bbox 1352 1737 1668 1762; baseline 0.006 -3"><span class='ocrx_word' id='word_1_1024' title='bbox 1352 1737 1504 1761; x_wconf 85' lang='lat' dir='ltr'>temerario</span> <span class='ocrx_word' id='word_1_1025' title='bbox 1520 1740 1668 1762; x_wconf 74' lang='lat' dir='ltr'>contraire.</span> 
     </span>
    </p>

    <p class='ocr_par' dir='ltr' id='par_1_41' title="bbox 1352 1767 2425 1886">
     <span class='ocr_line' id='line_1_130' title="bbox 1375 1767 2424 1811; baseline 0.004 -13"><span class='ocrx_word' id='word_1_1026' title='bbox 1375 1767 1485 1811; x_wconf 36' lang='lat' dir='ltr'>,Siquis</span> <span class='ocrx_word' id='word_1_1027' title='bbox 1503 1779 1599 1800; x_wconf 86' lang='lat' dir='ltr'>aurem</span> <span class='ocrx_word' id='word_1_1028' title='bbox 1622 1770 1680 1801; x_wconf 89' lang='lat' dir='ltr'>hoc</span> <span class='ocrx_word' id='word_1_1029' title='bbox 1701 1778 1866 1808; x_wconf 85' lang='lat' dir='ltr'>attemptare</span> <span class='ocrx_word' id='word_1_1030' title='bbox 1878 1769 2096 1808; x_wconf 84' lang='lat' dir='ltr'>praesumpserit,</span> <span class='ocrx_word' id='word_1_1031' title='bbox 2116 1768 2342 1810; x_wconf 80' lang='lat' dir='ltr'>indignationem</span> <span class='ocrx_word' id='word_1_1032' title='bbox 2356 1781 2424 1802; x_wconf 91' lang='lat' dir='ltr'>om-</span> 
     </span>
     <span class='ocr_line' id='line_1_131' title="bbox 1352 1808 2425 1850; baseline 0.006 -15"><span class='ocrx_word' id='word_1_1033' title='bbox 1352 1808 1507 1844; x_wconf 85' lang='lat' dir='ltr'>nipoteiitis</span> <span class='ocrx_word' id='word_1_1034' title='bbox 1523 1808 1604 1848; x_wconf 84' lang='lat' dir='ltr'>Dei,</span> <span class='ocrx_word' id='word_1_1035' title='bbox 1629 1811 1663 1841; x_wconf 89' lang='lat'>&amp;</span> <span class='ocrx_word' id='word_1_1036' title='bbox 1684 1810 1836 1840; x_wconf 86' lang='lat' dir='ltr'>beatorum</span> <span class='ocrx_word' id='word_1_1037' title='bbox 1857 1809 1934 1840; x_wconf 88' lang='lat' dir='ltr'>Petri</span> <span class='ocrx_word' id='word_1_1038' title='bbox 1954 1810 1988 1841; x_wconf 88' lang='lat'>&amp;</span> <span class='ocrx_word' id='word_1_1039' title='bbox 2009 1808 2105 1846; x_wconf 81' lang='lat' dir='ltr'>Pauli,</span> <span class='ocrx_word' id='word_1_1040' title='bbox 2124 1808 2335 1846; x_wconf 82' lang='lat' dir='ltr'>Apostolorum</span> <span class='ocrx_word' id='word_1_1041' title='bbox 2348 1811 2425 1850; x_wconf 79' lang='lat' dir='ltr'>ejus,</span> 
     </span>
     <span class='ocr_line' id='line_1_132' title="bbox 1354 1845 2187 1886; baseline 0 -10"><span class='ocrx_word' id='word_1_1042' title='bbox 1354 1845 1382 1876; x_wconf 87' lang='lat' dir='ltr'>se</span> <span class='ocrx_word' id='word_1_1043' title='bbox 1396 1848 1510 1878; x_wconf 87' lang='lat' dir='ltr'>noverit</span> <span class='ocrx_word' id='word_1_1044' title='bbox 1523 1847 1708 1881; x_wconf 88' lang='lat' dir='ltr'>incursurum.</span> <span class='ocrx_word' id='word_1_1045' title='bbox 1727 1846 1843 1886; x_wconf 87' lang='lat' dir='ltr'>Amen,</span> <span class='ocrx_word' id='word_1_1046' title='bbox 1858 1847 1974 1886; x_wconf 88' lang='lat' dir='ltr'>Amen,</span> <span class='ocrx_word' id='word_1_1047' title='bbox 1992 1846 2106 1886; x_wconf 83' lang='lat' dir='ltr'>Amen,</span> <span class='ocrx_word' id='word_1_1048' title='bbox 2125 1847 2187 1879; x_wconf 87' lang='lat' dir='ltr'>&amp;c.</span> 
     </span>
    </p>
   </div>
   <div class='ocr_carea' id='block_1_27' title="bbox 1662 1972 2112 2023">
    <p class='ocr_par' dir='ltr' id='par_1_42' title="bbox 1662 1972 2112 2023">
     <span class='ocr_line' id='line_1_133' title="bbox 1662 1972 2112 2023; baseline -0.004 -14"><span class='ocrx_word' id='word_1_1049' title='bbox 1662 1975 1713 2009; x_wconf 90' lang='lat' dir='ltr'>De</span> <span class='ocrx_word' id='word_1_1050' title='bbox 1725 1972 1847 2020; x_wconf 80' lang='lat' dir='ltr'>judicio</span> <span class='ocrx_word' id='word_1_1051' title='bbox 1867 1976 1943 2023; x_wconf 60' lang='lat' dir='ltr'>{gnis</span> <span class='ocrx_word' id='word_1_1052' title='bbox 1962 1975 1999 2012; x_wconf 58' lang='grc' dir='ltr'>ὠ*</span> <span class='ocrx_word' id='word_1_1053' title='bbox 2019 1984 2112 2020; x_wconf 78' lang='lat' dir='ltr'>aquae.</span> 
     </span>
    </p>
   </div>
   <div class='ocr_carea' id='block_1_28' title="bbox 1339 2051 2570 3301">
    <p class='ocr_par' dir='ltr' id='par_1_43' title="bbox 1339 2051 2570 3301">
     <span class='ocr_line' id='line_1_134' title="bbox 1424 2051 2570 2102; baseline 0.003 -14"><span class='ocrx_word' id='word_1_1054' title='bbox 1424 2056 1490 2089; x_wconf 90' lang='lat' dir='ltr'>EX</span> <span class='ocrx_word' id='word_1_1055' title='bbox 1515 2057 1623 2090; x_wconf 74' lang='grc'><strong>(11166113</strong></span> <span class='ocrx_word' id='word_1_1056' title='bbox 1642 2058 1676 2091; x_wconf 90' lang='lat'>&amp;</span> <span class='ocrx_word' id='word_1_1057' title='bbox 1696 2058 1824 2090; x_wconf 88' lang='lat' dir='ltr'>fidelibus</span> <span class='ocrx_word' id='word_1_1058' title='bbox 1844 2058 1896 2090; x_wconf 85' lang='lat' dir='ltr'>suis</span> <span class='ocrx_word' id='word_1_1059' title='bbox 1918 2058 2053 2097; x_wconf 89' lang='lat' dir='ltr'>Philippo</span> <span class='ocrx_word' id='word_1_1060' title='bbox 2072 2057 2109 2102; x_wconf 80' lang='lat' dir='ltr'>de</span> <span class='ocrx_word' id='word_1_1061' title='bbox 2128 2057 2247 2091; x_wconf 87' lang='lat' dir='ltr'>Ulletot</span> <span class='ocrx_word' id='word_1_1062' title='bbox 2259 2083 2271 2098; x_wconf 87' lang='lat'>,</span> <span class='ocrx_word' id='word_1_1063' title='bbox 2288 2059 2323 2091; x_wconf 91' lang='lat'>&amp;</span> <span class='ocrx_word' id='word_1_1064' title='bbox 2341 2059 2423 2092; x_wconf 86' lang='lat' dir='ltr'>sociis</span> <span class='ocrx_word' id='word_1_1065' title='bbox 2437 2051 2570 2087; x_wconf 67' lang='lat' dir='ltr'>Arm-st</span> 
     </span>
     <span class='ocr_line' id='line_1_135' title="bbox 1433 2097 2548 2137; baseline 0.004 -9"><span class='ocrx_word' id='word_1_1066' title='bbox 1433 2097 1484 2128; x_wconf 84' lang='lat' dir='ltr'>suis</span> <span class='ocrx_word' id='word_1_1067' title='bbox 1509 2098 1672 2136; x_wconf 85' lang='lat' dir='ltr'>Justiciariis</span> <span class='ocrx_word' id='word_1_1068' title='bbox 1687 2122 1696 2137; x_wconf 85' lang='grc'><strong>,</strong></span> <span class='ocrx_word' id='word_1_1069' title='bbox 1731 2100 1922 2130; x_wconf 85' lang='lat' dir='ltr'>itinerantibus</span> <span class='ocrx_word' id='word_1_1070' title='bbox 1948 2099 1980 2128; x_wconf 88' lang='lat' dir='ltr'>in</span> <span class='ocrx_word' id='word_1_1071' title='bbox 2001 2098 2194 2128; x_wconf 75' lang='lat' dir='ltr'>Conutatibus</span> <span class='ocrx_word' id='word_1_1072' title='bbox 2213 2097 2421 2131; x_wconf 84' lang='lat' dir='ltr'>Cumberland.</span> <span class='ocrx_word' id='word_1_1073' title='bbox 2460 2102 2548 2132; x_wconf 78' lang='lat'>1219·</span> 
     </span>
     <span class='ocr_line' id='line_1_136' title="bbox 1352 2134 2533 2176; baseline 0.004 -10"><span class='ocrx_word' id='word_1_1074' title='bbox 1352 2135 1574 2167; x_wconf 87' lang='lat' dir='ltr'>Westmerland.</span> <span class='ocrx_word' id='word_1_1075' title='bbox 1595 2138 1628 2168; x_wconf 75' lang='grc' dir='ltr'>δε</span> <span class='ocrx_word' id='word_1_1076' title='bbox 1642 2136 1831 2176; x_wconf 83' lang='lat' dir='ltr'>Lancastriae,</span> <span class='ocrx_word' id='word_1_1077' title='bbox 1848 2137 1973 2168; x_wconf 73' lang='lat' dir='ltr'>salutem.</span> <span class='ocrx_word' id='word_1_1078' title='bbox 2116 2173 2119 2175; x_wconf 51' lang='grc'><strong>,</strong></span> <span class='ocrx_word' id='word_1_1079' title='bbox 2434 2134 2489 2160; x_wconf 64' lang='lat'>²¹²¹·</span> <span class='ocrx_word' id='word_1_1080' title='bbox 2504 2142 2533 2171; x_wconf 82' lang='lat'>3·</span> 
     </span>
     <span class='ocr_line' id='line_1_137' title="bbox 1391 2174 2518 2215; baseline 0.003 -10"><span class='ocrx_word' id='word_1_1081' title='bbox 1391 2175 1470 2215; x_wconf 84' lang='lat' dir='ltr'>Qia</span> <span class='ocrx_word' id='word_1_1082' title='bbox 1490 2174 1649 2206; x_wconf 86' lang='lat' dir='ltr'>dubitatum</span> <span class='ocrx_word' id='word_1_1083' title='bbox 1669 2175 1723 2206; x_wconf 89' lang='lat' dir='ltr'>fuit</span> <span class='ocrx_word' id='word_1_1084' title='bbox 1743 2177 1776 2207; x_wconf 90' lang='lat'>&amp;</span> <span class='ocrx_word' id='word_1_1085' title='bbox 1799 2186 1860 2207; x_wconf 90' lang='lat' dir='ltr'>non</span> <span class='ocrx_word' id='word_1_1086' title='bbox 1882 2176 2101 2207; x_wconf 88' lang='lat' dir='ltr'>determinatum</span> <span class='ocrx_word' id='word_1_1087' title='bbox 2114 2199 2125 2214; x_wconf 86' lang='lat'>,</span> <span class='ocrx_word' id='word_1_1088' title='bbox 2146 2182 2213 2206; x_wconf 86' lang='lat' dir='ltr'>ante</span> <span class='ocrx_word' id='word_1_1089' title='bbox 2226 2175 2421 2215; x_wconf 81' lang='lat' dir='ltr'>inceptionem</span> <span class='ocrx_word' id='word_1_1090' title='bbox 2432 2174 2468 2198; x_wconf 81' lang='lat' dir='ltr'>H.</span> <span class='ocrx_word' id='word_1_1091' title='bbox 2490 2180 2518 2208; x_wconf 87' lang='lat'>3·</span> 
     </span>
     <span class='ocr_line' id='line_1_138' title="bbox 1352 2212 2569 2261; baseline 0.003 -19"><span class='ocrx_word' id='word_1_1092' title='bbox 1352 2213 1455 2244; x_wconf 90' lang='lat' dir='ltr'>itineris</span> <span class='ocrx_word' id='word_1_1093' title='bbox 1476 2214 1561 2245; x_wconf 87' lang='lat' dir='ltr'>vestri</span> <span class='ocrx_word' id='word_1_1094' title='bbox 1575 2238 1586 2254; x_wconf 88' lang='lat'>,</span> <span class='ocrx_word' id='word_1_1095' title='bbox 1609 2225 1669 2253; x_wconf 86' lang='lat' dir='ltr'>quo</span> <span class='ocrx_word' id='word_1_1096' title='bbox 1687 2214 1797 2253; x_wconf 89' lang='lat' dir='ltr'>judicio</span> <span class='ocrx_word' id='word_1_1097' title='bbox 1818 2214 1978 2246; x_wconf 86' lang='lat' dir='ltr'>deducendi</span> <span class='ocrx_word' id='word_1_1098' title='bbox 1998 2214 2060 2245; x_wconf 89' lang='lat' dir='ltr'>sunt</span> <span class='ocrx_word' id='word_1_1099' title='bbox 2074 2215 2113 2245; x_wconf 87' lang='lat' dir='ltr'>illi</span> <span class='ocrx_word' id='word_1_1100' title='bbox 2127 2216 2177 2254; x_wconf 87' lang='lat' dir='ltr'>qui</span> <span class='ocrx_word' id='word_1_1101' title='bbox 2191 2215 2292 2247; x_wconf 82' lang='grc'><strong>1661311</strong></span> <span class='ocrx_word' id='word_1_1102' title='bbox 2307 2217 2368 2247; x_wconf 90' lang='lat' dir='ltr'>sunt</span> <span class='ocrx_word' id='word_1_1103' title='bbox 2382 2216 2420 2248; x_wconf 88' lang='lat' dir='ltr'>de</span> <span class='ocrx_word' id='word_1_1104' title='bbox 2432 2212 2492 2238; x_wconf 60' lang='grc' dir='ltr'>ΡΗ·</span> <span class='ocrx_word' id='word_1_1105' title='bbox 2509 2218 2537 2246; x_wconf 86' lang='lat'>3-</span> <span class='ocrx_word' id='word_1_1106' title='bbox 2559 2247 2569 2261; x_wconf 35' lang='lat' dir='ltr'>v</span> 
     </span>
     <span class='ocr_line' id='line_1_139' title="bbox 1350 2251 2569 2295; baseline 0.002 -13"><span class='ocrx_word' id='word_1_1107' title='bbox 1350 2251 1500 2295; x_wconf 78' lang='lat' dir='ltr'>latrocinio</span> <span class='ocrx_word' id='word_1_1108' title='bbox 1512 2277 1521 2292; x_wconf 87' lang='lat'>‚</span> <span class='ocrx_word' id='word_1_1109' title='bbox 1544 2255 1680 2292; x_wconf 85' lang='lat' dir='ltr'>murdro,</span> <span class='ocrx_word' id='word_1_1110' title='bbox 1697 2253 1832 2285; x_wconf 87' lang='lat' dir='ltr'>incendio</span> <span class='ocrx_word' id='word_1_1111' title='bbox 1856 2255 1891 2285; x_wconf 67' lang='grc' dir='ltr'>ὃς</span> <span class='ocrx_word' id='word_1_1112' title='bbox 1911 2254 1962 2284; x_wconf 89' lang='lat' dir='ltr'>hiis</span> <span class='ocrx_word' id='word_1_1113' title='bbox 1982 2252 2116 2284; x_wconf 86' lang='lat' dir='ltr'>similibus</span> <span class='ocrx_word' id='word_1_1114' title='bbox 2129 2278 2139 2291; x_wconf 86' lang='grc'><strong>,</strong></span> <span class='ocrx_word' id='word_1_1115' title='bbox 2158 2262 2227 2284; x_wconf 90' lang='lat' dir='ltr'>cum</span> <span class='ocrx_word' id='word_1_1116' title='bbox 2241 2254 2419 2292; x_wconf 84' lang='lat' dir='ltr'>prohibitum</span> <span class='ocrx_word' id='word_1_1117' title='bbox 2433 2251 2469 2277; x_wconf 75' lang='grc' dir='ltr'>Η·</span> <span class='ocrx_word' id='word_1_1118' title='bbox 2485 2257 2515 2287; x_wconf 79' lang='lat'>3·</span> <span class='ocrx_word' id='word_1_1119' title='bbox 2527 2255 2569 2284; x_wconf 64' lang='lat' dir='ltr'>”a</span> 
     </span>
     <span class='ocr_line' id='line_1_140' title="bbox 1351 2291 2462 2331; baseline 0.003 -10"><span class='ocrx_word' id='word_1_1120' title='bbox 1351 2293 1384 2322; x_wconf 89' lang='grc'>111</span> <span class='ocrx_word' id='word_1_1121' title='bbox 1396 2301 1446 2330; x_wconf 87' lang='lat' dir='ltr'>per</span> <span class='ocrx_word' id='word_1_1122' title='bbox 1461 2291 1618 2322; x_wconf 86' lang='lat' dir='ltr'>Ecclesiam</span> <span class='ocrx_word' id='word_1_1123' title='bbox 1633 2292 1801 2323; x_wconf 75' lang='lat' dir='ltr'>Romanam</span> <span class='ocrx_word' id='word_1_1124' title='bbox 1813 2292 1953 2331; x_wconf 86' lang='lat' dir='ltr'>judicium</span> <span class='ocrx_word' id='word_1_1125' title='bbox 1965 2293 2037 2330; x_wconf 90' lang='lat' dir='ltr'>ignis</span> <span class='ocrx_word' id='word_1_1126' title='bbox 2050 2293 2084 2324; x_wconf 85' lang='lat'>&amp;</span> <span class='ocrx_word' id='word_1_1127' title='bbox 2096 2301 2195 2330; x_wconf 85' lang='lat' dir='ltr'>aquae,</span> <span class='ocrx_word' id='word_1_1128' title='bbox 2213 2293 2359 2330; x_wconf 73' lang='lat' dir='ltr'>provisum</span> <span class='ocrx_word' id='word_1_1129' title='bbox 2374 2293 2418 2324; x_wconf 89' lang='lat' dir='ltr'>est</span> <span class='ocrx_word' id='word_1_1130' title='bbox 2434 2295 2452 2323; x_wconf 89' lang='lat'><em>5</em></span> <span class='ocrx_word' id='word_1_1131' title='bbox 2454 2308 2462 2315; x_wconf 86' lang='lat'><strong>·</strong></span> 
     </span>
     <span class='ocr_line' id='line_1_141' title="bbox 1349 2330 2418 2371; baseline 0.006 -12"><span class='ocrx_word' id='word_1_1132' title='bbox 1349 2339 1365 2359; x_wconf 90' lang='lat' dir='ltr'>a</span> <span class='ocrx_word' id='word_1_1133' title='bbox 1385 2331 1510 2362; x_wconf 89' lang='lat' dir='ltr'>concilio</span> <span class='ocrx_word' id='word_1_1134' title='bbox 1532 2331 1632 2362; x_wconf 84' lang='lat' dir='ltr'>nostro</span> <span class='ocrx_word' id='word_1_1135' title='bbox 1648 2355 1657 2369; x_wconf 88' lang='lat'>‚</span> <span class='ocrx_word' id='word_1_1136' title='bbox 1681 2330 1715 2361; x_wconf 85' lang='lat' dir='ltr'>ad</span> <span class='ocrx_word' id='word_1_1137' title='bbox 1734 2331 1869 2370; x_wconf 79' lang='lat' dir='ltr'>praesens,</span> <span class='ocrx_word' id='word_1_1138' title='bbox 1886 2339 1935 2370; x_wconf 83' lang='lat' dir='ltr'>ut,</span> <span class='ocrx_word' id='word_1_1139' title='bbox 1952 2332 1982 2362; x_wconf 91' lang='lat' dir='ltr'>in</span> <span class='ocrx_word' id='word_1_1140' title='bbox 1996 2331 2055 2362; x_wconf 89' lang='lat' dir='ltr'>hoc</span> <span class='ocrx_word' id='word_1_1141' title='bbox 2068 2331 2167 2362; x_wconf 83' lang='lat' dir='ltr'>itinere</span> <span class='ocrx_word' id='word_1_1142' title='bbox 2182 2330 2297 2371; x_wconf 81' lang='lat' dir='ltr'>vestro,</span> <span class='ocrx_word' id='word_1_1143' title='bbox 2314 2332 2353 2363; x_wconf 86' lang='lat' dir='ltr'>fic</span> <span class='ocrx_word' id='word_1_1144' title='bbox 2368 2333 2418 2365; x_wconf 82' lang='lat' dir='ltr'>fiet</span> 
     </span>
     <span class='ocr_line' id='line_1_142' title="bbox 1348 2367 1911 2408; baseline 0.004 -10"><span class='ocrx_word' id='word_1_1145' title='bbox 1348 2367 1386 2399; x_wconf 93' lang='lat' dir='ltr'>de</span> <span class='ocrx_word' id='word_1_1146' title='bbox 1400 2370 1509 2400; x_wconf 76' lang='grc'><strong>16613115</strong></span> <span class='ocrx_word' id='word_1_1147' title='bbox 1524 2369 1560 2400; x_wconf 81' lang='lat' dir='ltr'>de</span> <span class='ocrx_word' id='word_1_1148' title='bbox 1574 2368 1735 2408; x_wconf 72' lang='lat' dir='ltr'>hujusmodi</span> <span class='ocrx_word' id='word_1_1149' title='bbox 1747 2370 1911 2401; x_wconf 78' lang='lat' dir='ltr'>excessibus.</span> 
     </span>
     <span class='ocr_line' id='line_1_143' title="bbox 1388 2407 2418 2448; baseline 0.004 -11"><span class='ocrx_word' id='word_1_1150' title='bbox 1388 2407 1529 2439; x_wconf 86' lang='lat' dir='ltr'>Videlicet</span> <span class='ocrx_word' id='word_1_1151' title='bbox 1543 2433 1553 2447; x_wconf 79' lang='lat'>‚</span> <span class='ocrx_word' id='word_1_1152' title='bbox 1576 2407 1656 2447; x_wconf 88' lang='lat' dir='ltr'>quod</span> <span class='ocrx_word' id='word_1_1153' title='bbox 1679 2408 1716 2439; x_wconf 85' lang='grc'><strong>1111</strong></span> <span class='ocrx_word' id='word_1_1154' title='bbox 1731 2432 1741 2446; x_wconf 91' lang='grc'><strong>,</strong></span> <span class='ocrx_word' id='word_1_1155' title='bbox 1765 2409 1814 2447; x_wconf 88' lang='lat' dir='ltr'>qui</span> <span class='ocrx_word' id='word_1_1156' title='bbox 1833 2409 1934 2440; x_wconf 79' lang='grc'><strong>1661311</strong></span> <span class='ocrx_word' id='word_1_1157' title='bbox 1952 2407 2016 2440; x_wconf 88' lang='lat' dir='ltr'>sunt</span> <span class='ocrx_word' id='word_1_1158' title='bbox 2034 2407 2071 2439; x_wconf 87' lang='lat' dir='ltr'>de</span> <span class='ocrx_word' id='word_1_1159' title='bbox 2092 2408 2259 2440; x_wconf 84' lang='lat' dir='ltr'>criminibus</span> <span class='ocrx_word' id='word_1_1160' title='bbox 2272 2409 2418 2448; x_wconf 62' lang='lat' dir='ltr'>praedietis</span> 
     </span>
     <span class='ocr_line' id='line_1_144' title="bbox 1349 2446 2420 2486; baseline 0.004 -9"><span class='ocrx_word' id='word_1_1161' title='bbox 1349 2446 1522 2485; x_wconf 81' lang='lat' dir='ltr'>majoribus,</span> <span class='ocrx_word' id='word_1_1162' title='bbox 1539 2449 1573 2480; x_wconf 87' lang='lat'>&amp;</span> <span class='ocrx_word' id='word_1_1163' title='bbox 1594 2446 1629 2477; x_wconf 91' lang='lat' dir='ltr'>de</span> <span class='ocrx_word' id='word_1_1164' title='bbox 1651 2448 1689 2478; x_wconf 82' lang='lat' dir='ltr'>cis</span> <span class='ocrx_word' id='word_1_1165' title='bbox 1710 2446 1844 2478; x_wconf 66' lang='lat' dir='ltr'>habeatur</span> <span class='ocrx_word' id='word_1_1166' title='bbox 1865 2447 1982 2486; x_wconf 88' lang='lat' dir='ltr'>suspicio</span> <span class='ocrx_word' id='word_1_1167' title='bbox 2005 2446 2084 2486; x_wconf 89' lang='lat' dir='ltr'>quod</span> <span class='ocrx_word' id='word_1_1168' title='bbox 2097 2447 2249 2485; x_wconf 68' lang='lat' dir='ltr'>culpabiles</span> <span class='ocrx_word' id='word_1_1169' title='bbox 2264 2451 2317 2479; x_wconf 82' lang='grc'><strong>11111</strong></span> <span class='ocrx_word' id='word_1_1170' title='bbox 2330 2449 2367 2479; x_wconf 90' lang='lat' dir='ltr'>de</span> <span class='ocrx_word' id='word_1_1171' title='bbox 2382 2459 2420 2481; x_wconf 85' lang='lat' dir='ltr'>eo</span> 
     </span>
     <span class='ocr_line' id='line_1_145' title="bbox 1348 2485 2418 2527; baseline 0.002 -11"><span class='ocrx_word' id='word_1_1172' title='bbox 1348 2485 1426 2516; x_wconf 89' lang='lat' dir='ltr'>unde</span> <span class='ocrx_word' id='word_1_1173' title='bbox 1446 2487 1544 2517; x_wconf 81' lang='grc'><strong>1661311</strong></span> <span class='ocrx_word' id='word_1_1174' title='bbox 1564 2486 1626 2517; x_wconf 90' lang='lat' dir='ltr'>sunt</span> <span class='ocrx_word' id='word_1_1175' title='bbox 1639 2510 1649 2524; x_wconf 83' lang='lat'>,</span> <span class='ocrx_word' id='word_1_1176' title='bbox 1674 2485 1710 2516; x_wconf 91' lang='lat' dir='ltr'>de</span> <span class='ocrx_word' id='word_1_1177' title='bbox 1726 2486 1827 2524; x_wconf 87' lang='lat' dir='ltr'>quibus</span> <span class='ocrx_word' id='word_1_1178' title='bbox 1840 2487 1941 2524; x_wconf 84' lang='lat' dir='ltr'>etiam,</span> <span class='ocrx_word' id='word_1_1179' title='bbox 1959 2486 2026 2517; x_wconf 88' lang='lat' dir='ltr'>licet</span> <span class='ocrx_word' id='word_1_1180' title='bbox 2040 2486 2180 2526; x_wconf 87' lang='lat' dir='ltr'>Regnum</span> <span class='ocrx_word' id='word_1_1181' title='bbox 2192 2486 2324 2516; x_wconf 87' lang='lat' dir='ltr'>nostrum</span> <span class='ocrx_word' id='word_1_1182' title='bbox 2338 2488 2418 2527; x_wconf 80' lang='lat' dir='ltr'>abju-</span> 
     </span>
     <span class='ocr_line' id='line_1_146' title="bbox 1348 2524 2418 2564; baseline 0.003 -10"><span class='ocrx_word' id='word_1_1183' title='bbox 1348 2533 1457 2564; x_wconf 83' lang='lat' dir='ltr'>rarent,</span> <span class='ocrx_word' id='word_1_1184' title='bbox 1476 2525 1569 2555; x_wconf 87' lang='lat' dir='ltr'>adhuc</span> <span class='ocrx_word' id='word_1_1185' title='bbox 1589 2524 1707 2563; x_wconf 89' lang='lat' dir='ltr'>suspicio</span> <span class='ocrx_word' id='word_1_1186' title='bbox 1729 2525 1798 2555; x_wconf 86' lang='lat' dir='ltr'>efl&#39;et</span> <span class='ocrx_word' id='word_1_1187' title='bbox 1822 2524 1902 2563; x_wconf 81' lang='lat' dir='ltr'>quod</span> <span class='ocrx_word' id='word_1_1188' title='bbox 1922 2524 2022 2562; x_wconf 76' lang='lat' dir='ltr'>postea</span> <span class='ocrx_word' id='word_1_1189' title='bbox 2035 2524 2252 2564; x_wconf 82' lang='lat' dir='ltr'>malefacerent,</span> <span class='ocrx_word' id='word_1_1190' title='bbox 2270 2533 2418 2557; x_wconf 71' lang='lat' dir='ltr'>tenmntur</span> 
     </span>
     <span class='ocr_line' id='line_1_147' title="bbox 1348 2562 2421 2602; baseline 0.004 -9"><span class='ocrx_word' id='word_1_1191' title='bbox 1348 2563 1378 2594; x_wconf 90' lang='lat' dir='ltr'>in</span> <span class='ocrx_word' id='word_1_1192' title='bbox 1398 2563 1508 2602; x_wconf 69' lang='lat' dir='ltr'>prisona</span> <span class='ocrx_word' id='word_1_1193' title='bbox 1530 2562 1627 2594; x_wconf 75' lang='lat' dir='ltr'>nostra</span> <span class='ocrx_word' id='word_1_1194' title='bbox 1647 2565 1681 2595; x_wconf 90' lang='lat'>&amp;</span> <span class='ocrx_word' id='word_1_1195' title='bbox 1702 2563 1780 2594; x_wconf 78' lang='lat' dir='ltr'>salvo</span> <span class='ocrx_word' id='word_1_1196' title='bbox 1803 2562 2021 2602; x_wconf 69' lang='lat' dir='ltr'>custodianmr3</span> <span class='ocrx_word' id='word_1_1197' title='bbox 2043 2565 2082 2594; x_wconf 89' lang='lat' dir='ltr'>ita</span> <span class='ocrx_word' id='word_1_1198' title='bbox 2105 2564 2185 2602; x_wconf 88' lang='lat' dir='ltr'>quod</span> <span class='ocrx_word' id='word_1_1199' title='bbox 2200 2573 2261 2594; x_wconf 90' lang='lat' dir='ltr'>non</span> <span class='ocrx_word' id='word_1_1200' title='bbox 2275 2564 2421 2597; x_wconf 83' lang='lat' dir='ltr'>incurrant</span> 
     </span>
     <span class='ocr_line' id='line_1_148' title="bbox 1348 2601 2298 2641; baseline 0 -9"><span class='ocrx_word' id='word_1_1201' title='bbox 1348 2603 1508 2641; x_wconf 88' lang='lat' dir='ltr'>periculum</span> <span class='ocrx_word' id='word_1_1202' title='bbox 1522 2604 1590 2634; x_wconf 77' lang='lat' dir='ltr'>vitae</span> <span class='ocrx_word' id='word_1_1203' title='bbox 1602 2602 1649 2634; x_wconf 88' lang='lat' dir='ltr'>vel</span> <span class='ocrx_word' id='word_1_1204' title='bbox 1664 2603 1864 2633; x_wconf 89' lang='lat' dir='ltr'>membrorum</span> <span class='ocrx_word' id='word_1_1205' title='bbox 1875 2603 2029 2633; x_wconf 81' lang='lat' dir='ltr'>occasione</span> <span class='ocrx_word' id='word_1_1206' title='bbox 2043 2602 2170 2640; x_wconf 88' lang='lat' dir='ltr'>personae</span> <span class='ocrx_word' id='word_1_1207' title='bbox 2186 2601 2298 2632; x_wconf 86' lang='lat' dir='ltr'>nostrae.</span> 
     </span>
     <span class='ocr_line' id='line_1_149' title="bbox 1387 2641 2419 2679; baseline 0.001 -7"><span class='ocrx_word' id='word_1_1208' title='bbox 1387 2641 1431 2671; x_wconf 90' lang='lat' dir='ltr'>Illi</span> <span class='ocrx_word' id='word_1_1209' title='bbox 1444 2651 1531 2679; x_wconf 81' lang='lat' dir='ltr'>vero,</span> <span class='ocrx_word' id='word_1_1210' title='bbox 1550 2642 1600 2679; x_wconf 88' lang='lat' dir='ltr'>qui</span> <span class='ocrx_word' id='word_1_1211' title='bbox 1614 2641 1714 2671; x_wconf 87' lang='lat' dir='ltr'>mediis</span> <span class='ocrx_word' id='word_1_1212' title='bbox 1731 2641 1897 2671; x_wconf 88' lang='lat' dir='ltr'>criminibus</span> <span class='ocrx_word' id='word_1_1213' title='bbox 1911 2642 2009 2671; x_wconf 78' lang='grc'><strong>1661311</strong></span> <span class='ocrx_word' id='word_1_1214' title='bbox 2020 2641 2124 2671; x_wconf 88' lang='lat' dir='ltr'>fuerint</span> <span class='ocrx_word' id='word_1_1215' title='bbox 2136 2665 2146 2679; x_wconf 92' lang='lat'>,</span> <span class='ocrx_word' id='word_1_1216' title='bbox 2172 2642 2205 2673; x_wconf 88' lang='lat'>&amp;</span> <span class='ocrx_word' id='word_1_1217' title='bbox 2220 2641 2322 2679; x_wconf 89' lang='lat' dir='ltr'>quibus</span> <span class='ocrx_word' id='word_1_1218' title='bbox 2331 2651 2419 2673; x_wconf 88' lang='lat' dir='ltr'>com-</span> 
     </span>
     <span class='ocr_line' id='line_1_150' title="bbox 1348 2679 2418 2718; baseline 0.001 -9"><span class='ocrx_word' id='word_1_1219' title='bbox 1348 2688 1456 2717; x_wconf 85' lang='lat' dir='ltr'>peteret</span> <span class='ocrx_word' id='word_1_1220' title='bbox 1469 2679 1611 2718; x_wconf 80' lang='lat' dir='ltr'>judicium</span> <span class='ocrx_word' id='word_1_1221' title='bbox 1632 2680 1703 2718; x_wconf 83' lang='lat' dir='ltr'>ignis</span> <span class='ocrx_word' id='word_1_1222' title='bbox 1724 2679 1771 2710; x_wconf 83' lang='lat' dir='ltr'>vel</span> <span class='ocrx_word' id='word_1_1223' title='bbox 1793 2689 1873 2718; x_wconf 82' lang='lat' dir='ltr'>aquae</span> <span class='ocrx_word' id='word_1_1224' title='bbox 1887 2702 1898 2717; x_wconf 85' lang='grc'><strong>,</strong></span> <span class='ocrx_word' id='word_1_1225' title='bbox 1923 2679 1944 2709; x_wconf 92' lang='lat' dir='ltr'>si</span> <span class='ocrx_word' id='word_1_1226' title='bbox 1958 2689 2019 2709; x_wconf 92' lang='lat' dir='ltr'>non</span> <span class='ocrx_word' id='word_1_1227' title='bbox 2034 2679 2103 2709; x_wconf 77' lang='lat' dir='ltr'>esset</span> <span class='ocrx_word' id='word_1_1228' title='bbox 2116 2679 2312 2718; x_wconf 58' lang='lat' dir='ltr'>prohibitum,</span> <span class='ocrx_word' id='word_1_1229' title='bbox 2331 2681 2365 2711; x_wconf 82' lang='lat'>&amp;</span> <span class='ocrx_word' id='word_1_1230' title='bbox 2379 2682 2418 2713; x_wconf 92' lang='lat' dir='ltr'>de</span> 
     </span>
     <span class='ocr_line' id='line_1_151' title="bbox 1347 2716 2416 2756; baseline 0.003 -9"><span class='ocrx_word' id='word_1_1231' title='bbox 1347 2718 1466 2756; x_wconf 85' lang='lat' dir='ltr'>quibus,</span> <span class='ocrx_word' id='word_1_1232' title='bbox 1486 2719 1505 2748; x_wconf 90' lang='lat' dir='ltr'>si</span> <span class='ocrx_word' id='word_1_1233' title='bbox 1520 2717 1659 2756; x_wconf 84' lang='lat' dir='ltr'>Regnum</span> <span class='ocrx_word' id='word_1_1234' title='bbox 1673 2716 1806 2747; x_wconf 88' lang='lat' dir='ltr'>nostrum</span> <span class='ocrx_word' id='word_1_1235' title='bbox 1820 2718 1965 2756; x_wconf 87' lang='lat' dir='ltr'>abjurent,</span> <span class='ocrx_word' id='word_1_1236' title='bbox 1980 2717 2057 2748; x_wconf 90' lang='lat' dir='ltr'>nulla</span> <span class='ocrx_word' id='word_1_1237' title='bbox 2071 2717 2153 2748; x_wconf 84' lang='lat' dir='ltr'>fuerit</span> <span class='ocrx_word' id='word_1_1238' title='bbox 2165 2717 2263 2756; x_wconf 84' lang='lat' dir='ltr'>postea</span> <span class='ocrx_word' id='word_1_1239' title='bbox 2278 2728 2307 2748; x_wconf 88' lang='lat' dir='ltr'>m</span> <span class='ocrx_word' id='word_1_1240' title='bbox 2346 2731 2351 2749; x_wconf 72' lang='lat'><em>5</em></span> <span class='ocrx_word' id='word_1_1241' title='bbox 2373 2720 2416 2751; x_wconf 80' lang='lat' dir='ltr'>fa-</span> 
     </span>
     <span class='ocr_line' id='line_1_152' title="bbox 1347 2755 2043 2796; baseline -0.001 -10"><span class='ocrx_word' id='word_1_1242' title='bbox 1347 2756 1441 2787; x_wconf 88' lang='lat' dir='ltr'>ciendi</span> <span class='ocrx_word' id='word_1_1243' title='bbox 1452 2756 1569 2795; x_wconf 89' lang='lat' dir='ltr'>suspicio</span> <span class='ocrx_word' id='word_1_1244' title='bbox 1579 2780 1589 2794; x_wconf 83' lang='grc'><strong>,</strong></span> <span class='ocrx_word' id='word_1_1245' title='bbox 1609 2755 1747 2796; x_wconf 85' lang='lat' dir='ltr'>Regnum</span> <span class='ocrx_word' id='word_1_1246' title='bbox 1761 2755 1893 2786; x_wconf 88' lang='lat' dir='ltr'>nostruin</span> <span class='ocrx_word' id='word_1_1247' title='bbox 1905 2756 2043 2795; x_wconf 89' lang='lat' dir='ltr'>abjurent.</span> 
     </span>
     <span class='ocr_line' id='line_1_153' title="bbox 1384 2794 2418 2834; baseline 0.002 -9"><span class='ocrx_word' id='word_1_1248' title='bbox 1384 2794 1428 2825; x_wconf 89' lang='lat' dir='ltr'>Illi</span> <span class='ocrx_word' id='word_1_1249' title='bbox 1451 2805 1522 2826; x_wconf 89' lang='lat' dir='ltr'>vero</span> <span class='ocrx_word' id='word_1_1250' title='bbox 1536 2820 1546 2834; x_wconf 85' lang='lat'>,</span> <span class='ocrx_word' id='word_1_1251' title='bbox 1571 2796 1620 2833; x_wconf 89' lang='lat' dir='ltr'>qui</span> <span class='ocrx_word' id='word_1_1252' title='bbox 1640 2795 1800 2825; x_wconf 88' lang='lat' dir='ltr'>minoribus</span> <span class='ocrx_word' id='word_1_1253' title='bbox 1819 2795 1919 2825; x_wconf 84' lang='grc'><strong>1661311</strong></span> <span class='ocrx_word' id='word_1_1254' title='bbox 1937 2795 2043 2826; x_wconf 83' lang='lat' dir='ltr'>fuerint</span> <span class='ocrx_word' id='word_1_1255' title='bbox 2057 2794 2241 2833; x_wconf 82' lang='lat' dir='ltr'>criminibus,</span> <span class='ocrx_word' id='word_1_1256' title='bbox 2257 2805 2312 2826; x_wconf 91' lang='lat' dir='ltr'>nec</span> <span class='ocrx_word' id='word_1_1257' title='bbox 2327 2795 2364 2827; x_wconf 93' lang='lat' dir='ltr'>de</span> <span class='ocrx_word' id='word_1_1258' title='bbox 2376 2797 2418 2827; x_wconf 78' lang='lat' dir='ltr'>eis</span> 
     </span>
     <span class='ocr_line' id='line_1_154' title="bbox 1346 2833 2414 2874; baseline 0.003 -10"><span class='ocrx_word' id='word_1_1259' title='bbox 1346 2833 1430 2865; x_wconf 89' lang='lat' dir='ltr'>fuerit</span> <span class='ocrx_word' id='word_1_1260' title='bbox 1446 2835 1510 2864; x_wconf 89' lang='lat' dir='ltr'>mali</span> <span class='ocrx_word' id='word_1_1261' title='bbox 1523 2833 1658 2872; x_wconf 87' lang='lat' dir='ltr'>suspicio,</span> <span class='ocrx_word' id='word_1_1262' title='bbox 1673 2833 1763 2865; x_wconf 89' lang='lat' dir='ltr'>salvos</span> <span class='ocrx_word' id='word_1_1263' title='bbox 1777 2835 1812 2866; x_wconf 90' lang='lat'>&amp;</span> <span class='ocrx_word' id='word_1_1264' title='bbox 1823 2833 1934 2865; x_wconf 89' lang='lat' dir='ltr'>securos</span> <span class='ocrx_word' id='word_1_1265' title='bbox 1949 2834 2056 2874; x_wconf 90' lang='lat' dir='ltr'>plegios</span> <span class='ocrx_word' id='word_1_1266' title='bbox 2070 2834 2215 2865; x_wconf 88' lang='lat' dir='ltr'>inveniant</span> <span class='ocrx_word' id='word_1_1267' title='bbox 2228 2833 2265 2864; x_wconf 91' lang='lat' dir='ltr'>de</span> <span class='ocrx_word' id='word_1_1268' title='bbox 2279 2833 2414 2867; x_wconf 87' lang='lat' dir='ltr'>fidelitate</span> 
     </span>
     <span class='ocr_line' id='line_1_155' title="bbox 1347 2872 2337 2911; baseline -0.001 -7"><span class='ocrx_word' id='word_1_1269' title='bbox 1347 2873 1381 2903; x_wconf 85' lang='lat'>&amp;</span> <span class='ocrx_word' id='word_1_1270' title='bbox 1415 2882 1465 2904; x_wconf 89' lang='lat' dir='ltr'>ace</span> <span class='ocrx_word' id='word_1_1271' title='bbox 1480 2873 1575 2904; x_wconf 89' lang='lat' dir='ltr'>nostra</span> <span class='ocrx_word' id='word_1_1272' title='bbox 1590 2873 1796 2911; x_wconf 88' lang='lat' dir='ltr'>conservanda,</span> <span class='ocrx_word' id='word_1_1273' title='bbox 1813 2873 1848 2904; x_wconf 91' lang='lat'>&amp;</span> <span class='ocrx_word' id='word_1_1274' title='bbox 1864 2872 1902 2903; x_wconf 85' lang='lat' dir='ltr'>fic</span> <span class='ocrx_word' id='word_1_1275' title='bbox 1916 2872 2092 2904; x_wconf 87' lang='lat' dir='ltr'>dimittantur</span> <span class='ocrx_word' id='word_1_1276' title='bbox 2103 2873 2133 2902; x_wconf 91' lang='lat' dir='ltr'>in</span> <span class='ocrx_word' id='word_1_1277' title='bbox 2145 2881 2218 2903; x_wconf 89' lang='lat' dir='ltr'>terra</span> <span class='ocrx_word' id='word_1_1278' title='bbox 2230 2872 2337 2903; x_wconf 86' lang='lat' dir='ltr'>nostra.</span> 
     </span>
     <span class='ocr_line' id='line_1_156' title="bbox 1413 2910 2414 2952; baseline 0 -10"><span class='ocrx_word' id='word_1_1279' title='bbox 1413 2921 1463 2942; x_wconf 89' lang='lat' dir='ltr'>um</span> <span class='ocrx_word' id='word_1_1280' title='bbox 1477 2913 1560 2952; x_wconf 86' lang='lat' dir='ltr'>igitur</span> <span class='ocrx_word' id='word_1_1281' title='bbox 1575 2911 1660 2942; x_wconf 89' lang='lat' dir='ltr'>nichil</span> <span class='ocrx_word' id='word_1_1282' title='bbox 1672 2912 1774 2942; x_wconf 89' lang='lat' dir='ltr'>certius</span> <span class='ocrx_word' id='word_1_1283' title='bbox 1788 2910 1943 2952; x_wconf 87' lang='lat' dir='ltr'>providerit</span> <span class='ocrx_word' id='word_1_1284' title='bbox 1957 2912 1987 2941; x_wconf 89' lang='lat' dir='ltr'>in</span> <span class='ocrx_word' id='word_1_1285' title='bbox 2008 2911 2062 2941; x_wconf 91' lang='lat' dir='ltr'>hac</span> <span class='ocrx_word' id='word_1_1286' title='bbox 2082 2918 2159 2950; x_wconf 84' lang='lat' dir='ltr'>parte</span> <span class='ocrx_word' id='word_1_1287' title='bbox 2172 2911 2332 2942; x_wconf 89' lang='lat' dir='ltr'>concilium</span> <span class='ocrx_word' id='word_1_1288' title='bbox 2345 2921 2414 2943; x_wconf 85' lang='lat' dir='ltr'>nos-</span> 
     </span>
     <span class='ocr_line' id='line_1_157' title="bbox 1345 2949 2412 2989; baseline 0 -8"><span class='ocrx_word' id='word_1_1289' title='bbox 1345 2957 1422 2981; x_wconf 87' lang='lat' dir='ltr'>trum</span> <span class='ocrx_word' id='word_1_1290' title='bbox 1435 2950 1470 2981; x_wconf 87' lang='lat' dir='ltr'>ad</span> <span class='ocrx_word' id='word_1_1291' title='bbox 1483 2951 1807 2989; x_wconf 74' lang='lat' dir='ltr'>praesens,relinquimus</span> <span class='ocrx_word' id='word_1_1292' title='bbox 1819 2949 1979 2980; x_wconf 89' lang='lat' dir='ltr'>discretioni</span> <span class='ocrx_word' id='word_1_1293' title='bbox 1993 2949 2094 2980; x_wconf 84' lang='lat' dir='ltr'>vestrae</span> <span class='ocrx_word' id='word_1_1294' title='bbox 2106 2950 2186 2981; x_wconf 85' lang='lat' dir='ltr'>hunc</span> <span class='ocrx_word' id='word_1_1295' title='bbox 2200 2949 2332 2981; x_wconf 88' lang='lat' dir='ltr'>ordinem</span> <span class='ocrx_word' id='word_1_1296' title='bbox 2339 2961 2412 2989; x_wconf 84' lang='lat' dir='ltr'>prae-</span> 
     </span>
     <span class='ocr_line' id='line_1_158' title="bbox 1344 2987 2416 3028; baseline 0 -8"><span class='ocrx_word' id='word_1_1297' title='bbox 1344 2989 1457 3021; x_wconf 81' lang='grc'><strong>(116111111</strong></span> <span class='ocrx_word' id='word_1_1298' title='bbox 1479 2989 1688 3021; x_wconf 88' lang='lat' dir='ltr'>observandum</span> <span class='ocrx_word' id='word_1_1299' title='bbox 1708 2991 1738 3019; x_wconf 91' lang='lat' dir='ltr'>in</span> <span class='ocrx_word' id='word_1_1300' title='bbox 1758 2988 1816 3020; x_wconf 94' lang='lat' dir='ltr'>hoc</span> <span class='ocrx_word' id='word_1_1301' title='bbox 1835 2989 1934 3019; x_wconf 82' lang='lat' dir='ltr'>itinere</span> <span class='ocrx_word' id='word_1_1302' title='bbox 1951 2987 2067 3028; x_wconf 85' lang='lat' dir='ltr'>vestro,</span> <span class='ocrx_word' id='word_1_1303' title='bbox 2085 2996 2133 3027; x_wconf 83' lang='lat' dir='ltr'>ut,</span> <span class='ocrx_word' id='word_1_1304' title='bbox 2152 2989 2202 3028; x_wconf 91' lang='lat' dir='ltr'>qui</span> <span class='ocrx_word' id='word_1_1305' title='bbox 2215 2988 2346 3028; x_wconf 88' lang='lat' dir='ltr'>personas</span> <span class='ocrx_word' id='word_1_1306' title='bbox 2360 2989 2416 3020; x_wconf 89' lang='lat' dir='ltr'>ho-</span> 
     </span>
     <span class='ocr_line' id='line_1_159' title="bbox 1345 3027 2415 3068; baseline 0 -9"><span class='ocrx_word' id='word_1_1307' title='bbox 1345 3029 1474 3068; x_wconf 85' lang='lat' dir='ltr'>minum,</span> <span class='ocrx_word' id='word_1_1308' title='bbox 1493 3029 1617 3061; x_wconf 88' lang='lat' dir='ltr'>formam</span> <span class='ocrx_word' id='word_1_1309' title='bbox 1630 3027 1744 3066; x_wconf 79' lang='grc'><strong>(1611611,</strong></span> <span class='ocrx_word' id='word_1_1310' title='bbox 1762 3028 1796 3059; x_wconf 91' lang='lat'>&amp;</span> <span class='ocrx_word' id='word_1_1311' title='bbox 1809 3027 1929 3065; x_wconf 86' lang='lat' dir='ltr'>ipsarum</span> <span class='ocrx_word' id='word_1_1312' title='bbox 1943 3037 2039 3058; x_wconf 86' lang='lat' dir='ltr'>rerum</span> <span class='ocrx_word' id='word_1_1313' title='bbox 2053 3028 2204 3058; x_wconf 84' lang='lat' dir='ltr'>veritatem</span> <span class='ocrx_word' id='word_1_1314' title='bbox 2229 3027 2330 3059; x_wconf 77' lang='lat' dir='ltr'>melitis</span> <span class='ocrx_word' id='word_1_1315' title='bbox 2343 3037 2415 3068; x_wconf 84' lang='lat' dir='ltr'>cog-</span> 
     </span>
     <span class='ocr_line' id='line_1_160' title="bbox 1343 3065 2414 3106; baseline -0.001 -8"><span class='ocrx_word' id='word_1_1316' title='bbox 1343 3068 1461 3099; x_wconf 88' lang='lat' dir='ltr'>noscere</span> <span class='ocrx_word' id='word_1_1317' title='bbox 1475 3069 1618 3106; x_wconf 83' lang='lat' dir='ltr'>poteritis,</span> <span class='ocrx_word' id='word_1_1318' title='bbox 1636 3067 1694 3098; x_wconf 92' lang='lat' dir='ltr'>hoc</span> <span class='ocrx_word' id='word_1_1319' title='bbox 1708 3066 1824 3105; x_wconf 86' lang='lat' dir='ltr'>ordine,</span> <span class='ocrx_word' id='word_1_1320' title='bbox 1842 3066 1998 3098; x_wconf 88' lang='lat' dir='ltr'>secundum</span> <span class='ocrx_word' id='word_1_1321' title='bbox 2019 3065 2202 3099; x_wconf 84' lang='lat' dir='ltr'>discretiones</span> <span class='ocrx_word' id='word_1_1322' title='bbox 2215 3066 2249 3098; x_wconf 68' lang='grc' dir='ltr'>ὃς</span> <span class='ocrx_word' id='word_1_1323' title='bbox 2265 3066 2414 3098; x_wconf 88' lang='lat' dir='ltr'>conscien-</span> 
     </span>
     <span class='ocr_line' id='line_1_161' title="bbox 1344 3104 1933 3145; baseline -0.005 -7"><span class='ocrx_word' id='word_1_1324' title='bbox 1344 3108 1394 3138; x_wconf 84' lang='lat' dir='ltr'>tias</span> <span class='ocrx_word' id='word_1_1325' title='bbox 1407 3106 1511 3139; x_wconf 88' lang='lat' dir='ltr'>vestras</span> <span class='ocrx_word' id='word_1_1326' title='bbox 1519 3131 1529 3145; x_wconf 87' lang='lat'>,</span> <span class='ocrx_word' id='word_1_1327' title='bbox 1548 3109 1577 3137; x_wconf 86' lang='lat' dir='ltr'>in</span> <span class='ocrx_word' id='word_1_1328' title='bbox 1591 3105 1752 3145; x_wconf 88' lang='lat' dir='ltr'>hujusmodi</span> <span class='ocrx_word' id='word_1_1329' title='bbox 1764 3104 1933 3143; x_wconf 88' lang='lat' dir='ltr'>procedatis.</span> 
     </span>
     <span class='ocr_line' id='line_1_162' title="bbox 1381 3144 1922 3183; baseline -0.004 -7"><span class='ocrx_word' id='word_1_1330' title='bbox 1381 3144 1421 3176; x_wconf 93' lang='lat' dir='ltr'>Et</span> <span class='ocrx_word' id='word_1_1331' title='bbox 1434 3147 1465 3176; x_wconf 90' lang='lat' dir='ltr'>in</span> <span class='ocrx_word' id='word_1_1332' title='bbox 1479 3147 1560 3183; x_wconf 73' lang='lat' dir='ltr'>hujus</span> <span class='ocrx_word' id='word_1_1333' title='bbox 1575 3146 1615 3175; x_wconf 90' lang='lat' dir='ltr'>rei</span> <span class='ocrx_word' id='word_1_1334' title='bbox 1628 3144 1826 3175; x_wconf 88' lang='lat' dir='ltr'>testimonium</span> <span class='ocrx_word' id='word_1_1335' title='bbox 1836 3166 1846 3183; x_wconf 87' lang='lat'>‚</span> <span class='ocrx_word' id='word_1_1336' title='bbox 1861 3144 1922 3176; x_wconf 90' lang='lat' dir='ltr'>&amp;c.</span> 
     </span>
     <span class='ocr_line' id='line_1_163' title="bbox 1381 3178 2412 3221; baseline -0.001 -6"><span class='ocrx_word' id='word_1_1337' title='bbox 1381 3184 1476 3215; x_wconf 87' lang='lat' dir='ltr'>Teste</span> <span class='ocrx_word' id='word_1_1338' title='bbox 1499 3184 1634 3215; x_wconf 90' lang='lat' dir='ltr'>Domino</span> <span class='ocrx_word' id='word_1_1339' title='bbox 1657 3182 1689 3213; x_wconf 96' lang='lat' dir='ltr'>P.</span> <span class='ocrx_word' id='word_1_1340' title='bbox 1710 3182 1847 3214; x_wconf 88' lang='lat' dir='ltr'>Winton.</span> <span class='ocrx_word' id='word_1_1341' title='bbox 1866 3181 1939 3221; x_wconf 85' lang='lat' dir='ltr'>apud</span> <span class='ocrx_word' id='word_1_1342' title='bbox 1958 3180 2086 3214; x_wconf 88' lang='lat' dir='ltr'>Westm.</span> <span class='ocrx_word' id='word_1_1343' title='bbox 2105 3178 2244 3214; x_wconf 82' lang='lat' dir='ltr'>vicesimo</span> <span class='ocrx_word' id='word_1_1344' title='bbox 2263 3181 2343 3215; x_wconf 81' lang='lat' dir='ltr'>sexto</span> <span class='ocrx_word' id='word_1_1345' title='bbox 2364 3181 2412 3214; x_wconf 84' lang='lat' dir='ltr'>die</span> 
     </span>
     <span class='ocr_line' id='line_1_164' title="bbox 1339 3220 1891 3262; baseline -0.002 -9"><span class='ocrx_word' id='word_1_1346' title='bbox 1339 3222 1481 3262; x_wconf 79' lang='lat' dir='ltr'>Januan‘i,</span> <span class='ocrx_word' id='word_1_1347' title='bbox 1501 3233 1576 3253; x_wconf 89' lang='lat' dir='ltr'>anno</span> <span class='ocrx_word' id='word_1_1348' title='bbox 1590 3222 1686 3260; x_wconf 86' lang='lat' dir='ltr'>Regni</span> <span class='ocrx_word' id='word_1_1349' title='bbox 1697 3220 1785 3252; x_wconf 89' lang='lat' dir='ltr'>nostri</span> <span class='ocrx_word' id='word_1_1350' title='bbox 1798 3222 1891 3252; x_wconf 91' lang='lat' dir='ltr'>tertio.</span> 
     </span>
     <span class='ocr_line' id='line_1_165' title="bbox 1381 3259 2053 3301; baseline -0.004 -8"><span class='ocrx_word' id='word_1_1351' title='bbox 1381 3261 1437 3293; x_wconf 90' lang='lat' dir='ltr'>Per</span> <span class='ocrx_word' id='word_1_1352' title='bbox 1449 3262 1573 3293; x_wconf 84' lang='lat' dir='ltr'>eundem</span> <span class='ocrx_word' id='word_1_1353' title='bbox 1587 3261 1620 3292; x_wconf 70' lang='grc' dir='ltr'>ὃς</span> <span class='ocrx_word' id='word_1_1354' title='bbox 1635 3260 1677 3290; x_wconf 83' lang='lat' dir='ltr'>H.</span> <span class='ocrx_word' id='word_1_1355' title='bbox 1694 3260 1732 3290; x_wconf 89' lang='lat' dir='ltr'>de</span> <span class='ocrx_word' id='word_1_1356' title='bbox 1743 3260 1838 3301; x_wconf 85' lang='lat' dir='ltr'>Burgo</span> <span class='ocrx_word' id='word_1_1357' title='bbox 1849 3259 2053 3300; x_wconf 81' lang='lat' dir='ltr'>Justiciarium.</span> 
     </span>
    </p>
   </div>
   <div class='ocr_carea' id='block_1_29' title="bbox 1339 3334 2452 3651">
    <p class='ocr_par' dir='ltr' id='par_1_44' title="bbox 1339 3334 2452 3651">
     <span class='ocr_line' id='line_1_166' title="bbox 1380 3334 2408 3380; baseline -0.002 -11"><span class='ocrx_word' id='word_1_1358' title='bbox 1380 3339 1482 3369; x_wconf 80' lang='lat' dir='ltr'>Eodem</span> <span class='ocrx_word' id='word_1_1359' title='bbox 1495 3339 1569 3369; x_wconf 87' lang='lat' dir='ltr'>modo</span> <span class='ocrx_word' id='word_1_1360' title='bbox 1595 3338 1707 3368; x_wconf 84' lang='lat' dir='ltr'>cribitur</span> <span class='ocrx_word' id='word_1_1361' title='bbox 1720 3341 1838 3368; x_wconf 86' lang='lat' dir='ltr'>Domino</span> <span class='ocrx_word' id='word_1_1362' title='bbox 1853 3337 2009 3380; x_wconf 83' lang='lat' dir='ltr'>Batonienfi</span> <span class='ocrx_word' id='word_1_1363' title='bbox 2025 3335 2063 3373; x_wconf 57' lang='grc' dir='ltr'>(θ’</span> <span class='ocrx_word' id='word_1_1364' title='bbox 2077 3334 2255 3378; x_wconf 78' lang='lat' dir='ltr'>Glastonienfi</span> <span class='ocrx_word' id='word_1_1365' title='bbox 2265 3335 2408 3377; x_wconf 71' lang='lat' dir='ltr'>Episc’opo,</span> 
     </span>
     <span class='ocr_line' id='line_1_167' title="bbox 1342 3374 2408 3418; baseline -0.001 -11"><span class='ocrx_word' id='word_1_1366' title='bbox 1342 3375 1382 3414; x_wconf 58' lang='grc' dir='ltr'>ὦ·</span> <span class='ocrx_word' id='word_1_1367' title='bbox 1397 3377 1477 3418; x_wconf 75' lang='lat' dir='ltr'>ficiis</span> <span class='ocrx_word' id='word_1_1368' title='bbox 1494 3377 1552 3418; x_wconf 77' lang='lat' dir='ltr'>ficis</span> <span class='ocrx_word' id='word_1_1369' title='bbox 1576 3380 1581 3387; x_wconf 84' lang='lat'>&#39;</span> <span class='ocrx_word' id='word_1_1370' title='bbox 1600 3377 1741 3417; x_wconf 79' lang='lat' dir='ltr'>usticiariis</span> <span class='ocrx_word' id='word_1_1371' title='bbox 1755 3400 1766 3416; x_wconf 59' lang='lat'>2</span> <span class='ocrx_word' id='word_1_1372' title='bbox 1781 3377 1978 3407; x_wconf 78' lang='lat' dir='ltr'>itinerantibus</span> <span class='ocrx_word' id='word_1_1373' title='bbox 1989 3382 2018 3407; x_wconf 83' lang='lat' dir='ltr'>in</span> <span class='ocrx_word' id='word_1_1374' title='bbox 2033 3374 2212 3407; x_wconf 78' lang='lat' dir='ltr'>comitatibus</span> <span class='ocrx_word' id='word_1_1375' title='bbox 2224 3376 2408 3415; x_wconf 56' lang='lat' dir='ltr'>Smnerfihae,</span> 
     </span>
     <span class='ocr_line' id='line_1_168' title="bbox 1341 3414 2406 3456; baseline -0.004 -9"><span class='ocrx_word' id='word_1_1376' title='bbox 1341 3415 1381 3452; x_wconf 55' lang='grc' dir='ltr'>(γ’</span> <span class='ocrx_word' id='word_1_1377' title='bbox 1395 3416 1545 3456; x_wconf 75' lang='lat' dir='ltr'>Dorst’tiae5</span> <span class='ocrx_word' id='word_1_1378' title='bbox 1563 3415 1601 3452; x_wconf 54' lang='grc' dir='ltr'><strong><em>ὠ</em></strong></span> <span class='ocrx_word' id='word_1_1379' title='bbox 1618 3415 1788 3456; x_wconf 81' lang='lat' dir='ltr'>Justiciariis</span> <span class='ocrx_word' id='word_1_1380' title='bbox 1809 3416 2001 3446; x_wconf 77' lang='lat' dir='ltr'>itinerantibus</span> <span class='ocrx_word' id='word_1_1381' title='bbox 2021 3419 2051 3446; x_wconf 87' lang='lat' dir='ltr'>in</span> <span class='ocrx_word' id='word_1_1382' title='bbox 2067 3417 2205 3445; x_wconf 83' lang='lat' dir='ltr'>comitatu</span> <span class='ocrx_word' id='word_1_1383' title='bbox 2226 3415 2346 3450; x_wconf 76' lang='lat' dir='ltr'>Oxonii3</span> <span class='ocrx_word' id='word_1_1384' title='bbox 2366 3414 2406 3450; x_wconf 62' lang='grc' dir='ltr'>όν</span> 
     </span>
     <span class='ocr_line' id='line_1_169' title="bbox 1341 3450 2408 3496; baseline -0.003 -11"><span class='ocrx_word' id='word_1_1385' title='bbox 1341 3455 1512 3496; x_wconf 80' lang='lat' dir='ltr'>Justiciariis</span> <span class='ocrx_word' id='word_1_1386' title='bbox 1532 3455 1723 3485; x_wconf 80' lang='lat' dir='ltr'>itinerantibus</span> <span class='ocrx_word' id='word_1_1387' title='bbox 1743 3458 1772 3484; x_wconf 86' lang='lat' dir='ltr'>in</span> <span class='ocrx_word' id='word_1_1388' title='bbox 1793 3458 1932 3485; x_wconf 80' lang='lat' dir='ltr'>comitatu</span> <span class='ocrx_word' id='word_1_1389' title='bbox 1944 3457 2047 3485; x_wconf 85' lang='lat' dir='ltr'>Kantii</span> <span class='ocrx_word' id='word_1_1390' title='bbox 2060 3463 2072 3490; x_wconf 89' lang='grc'>,·</span> <span class='ocrx_word' id='word_1_1391' title='bbox 2092 3450 2131 3487; x_wconf 71' lang='lat'>&amp;⁶</span> <span class='ocrx_word' id='word_1_1392' title='bbox 2142 3450 2312 3490; x_wconf 83' lang='lat' dir='ltr'>Justiciariis</span> <span class='ocrx_word' id='word_1_1393' title='bbox 2322 3455 2408 3483; x_wconf 83' lang='lat' dir='ltr'>itine-</span> 
     </span>
     <span class='ocr_line' id='line_1_170' title="bbox 1341 3487 2406 3533; baseline -0.007 -9"><span class='ocrx_word' id='word_1_1394' title='bbox 1341 3493 1468 3524; x_wconf 83' lang='lat' dir='ltr'>rantibus</span> <span class='ocrx_word' id='word_1_1395' title='bbox 1482 3497 1511 3524; x_wconf 87' lang='lat' dir='ltr'>in</span> <span class='ocrx_word' id='word_1_1396' title='bbox 1529 3494 1709 3523; x_wconf 84' lang='lat' dir='ltr'>Comitatihus</span> <span class='ocrx_word' id='word_1_1397' title='bbox 1723 3496 1750 3522; x_wconf 86' lang='lat' dir='ltr'><em>E</em></span> <span class='ocrx_word' id='word_1_1398' title='bbox 1747 3493 1842 3533; x_wconf 71' lang='lat' dir='ltr'>ffi‘xiae</span> <span class='ocrx_word' id='word_1_1399' title='bbox 1856 3492 1894 3529; x_wconf 59' lang='grc' dir='ltr'>ὠ</span> <span class='ocrx_word' id='word_1_1400' title='bbox 1909 3496 1982 3524; x_wconf 84' lang='lat' dir='ltr'>Hert</span> <span class='ocrx_word' id='word_1_1401' title='bbox 1997 3493 2095 3527; x_wconf 78' lang='lat' dir='ltr'>ordiae;</span> <span class='ocrx_word' id='word_1_1402' title='bbox 2116 3487 2154 3524; x_wconf 57' lang='grc' dir='ltr'><strong><em>ὠ</em></strong></span> <span class='ocrx_word' id='word_1_1403' title='bbox 2169 3488 2342 3529; x_wconf 80' lang='lat' dir='ltr'>Justiciariis</span> <span class='ocrx_word' id='word_1_1404' title='bbox 2354 3494 2406 3520; x_wconf 79' lang='lat' dir='ltr'>iti-</span> 
     </span>
     <span class='ocr_line' id='line_1_171' title="bbox 1340 3527 2452 3571; baseline -0.004 -8"><span class='ocrx_word' id='word_1_1405' title='bbox 1340 3532 1500 3563; x_wconf 84' lang='lat' dir='ltr'>nerantibus</span> <span class='ocrx_word' id='word_1_1406' title='bbox 1513 3534 1543 3562; x_wconf 89' lang='lat' dir='ltr'>in</span> <span class='ocrx_word' id='word_1_1407' title='bbox 1556 3535 1692 3562; x_wconf 83' lang='lat' dir='ltr'>Comitatu</span> <span class='ocrx_word' id='word_1_1408' title='bbox 1706 3534 1733 3562; x_wconf 90' lang='lat' dir='ltr'><em>E</em></span> <span class='ocrx_word' id='word_1_1409' title='bbox 1737 3533 1845 3569; x_wconf 74' lang='lat' dir='ltr'>borum5</span> <span class='ocrx_word' id='word_1_1410' title='bbox 1864 3530 1902 3567; x_wconf 65' lang='grc' dir='ltr'>ὠ·</span> <span class='ocrx_word' id='word_1_1411' title='bbox 1916 3531 1963 3571; x_wconf 84' lang='lat' dir='ltr'>Ju</span> <span class='ocrx_word' id='word_1_1412' title='bbox 1973 3532 2086 3562; x_wconf 74' lang='lat' dir='ltr'>ticiarz’is</span> <span class='ocrx_word' id='word_1_1413' title='bbox 2098 3527 2295 3557; x_wconf 79' lang='lat' dir='ltr'>itinerantibus</span> <span class='ocrx_word' id='word_1_1414' title='bbox 2312 3531 2342 3558; x_wconf 86' lang='lat' dir='ltr'>in</span> <span class='ocrx_word' id='word_1_1415' title='bbox 2355 3533 2407 3559; x_wconf 84' lang='lat' dir='ltr'>Co·</span> <span class='ocrx_word' id='word_1_1416' title='bbox 2448 3545 2452 3549; x_wconf 83' lang='lat'><strong>·</strong></span> 
     </span>
     <span class='ocr_line' id='line_1_172' title="bbox 1339 3565 2405 3611; baseline -0.003 -9"><span class='ocrx_word' id='word_1_1417' title='bbox 1339 3570 1483 3602; x_wconf 82' lang='lat' dir='ltr'>mitatibus</span> <span class='ocrx_word' id='word_1_1418' title='bbox 1499 3570 1655 3611; x_wconf 64' lang='lat' dir='ltr'>Betffordiae</span> <span class='ocrx_word' id='word_1_1419' title='bbox 1667 3595 1678 3610; x_wconf 79' lang='grc'><strong>,</strong></span> <span class='ocrx_word' id='word_1_1420' title='bbox 1703 3569 1741 3606; x_wconf 79' lang='lat'><em>&amp;</em></span> <span class='ocrx_word' id='word_1_1421' title='bbox 1760 3571 1982 3609; x_wconf 78' lang='lat' dir='ltr'>Buckinghamiae</span> <span class='ocrx_word' id='word_1_1422' title='bbox 1995 3579 2008 3607; x_wconf 76' lang='lat'>3</span> <span class='ocrx_word' id='word_1_1423' title='bbox 2031 3565 2070 3603; x_wconf 69' lang='lat'>&amp;²</span> <span class='ocrx_word' id='word_1_1424' title='bbox 2084 3569 2202 3597; x_wconf 72' lang='lat' dir='ltr'>Domino</span> <span class='ocrx_word' id='word_1_1425' title='bbox 2216 3568 2256 3596; x_wconf 83' lang='grc' dir='ltr'>Η·</span> <span class='ocrx_word' id='word_1_1426' title='bbox 2277 3567 2405 3598; x_wconf 81' lang='lat' dir='ltr'>Lincoln.</span> 
     </span>
     <span class='ocr_line' id='line_1_173' title="bbox 1340 3608 1931 3651; baseline -0.002 -11"><span class='ocrx_word' id='word_1_1427' title='bbox 1340 3609 1380 3646; x_wconf 65' lang='grc' dir='ltr'>ὀ·</span> <span class='ocrx_word' id='word_1_1428' title='bbox 1395 3610 1473 3651; x_wconf 74' lang='lat' dir='ltr'>ficiis</span> <span class='ocrx_word' id='word_1_1429' title='bbox 1479 3608 1537 3649; x_wconf 68' lang='lat' dir='ltr'>fitis</span> <span class='ocrx_word' id='word_1_1430' title='bbox 1551 3609 1717 3651; x_wconf 75' lang='lat' dir='ltr'>Justiciariis</span> <span class='ocrx_word' id='word_1_1431' title='bbox 1730 3609 1931 3642; x_wconf 79' lang='lat' dir='ltr'>itinerantibus.</span> 
     </span>
    </p>
   </div>
   <div class='ocr_carea' id='block_1_30' title="bbox 1480 3749 2267 3800">
    <p class='ocr_par' dir='ltr' id='par_1_45' title="bbox 1480 3749 2267 3800">
     <span class='ocr_line' id='line_1_174' title="bbox 1480 3749 2267 3800; baseline -0.011 -9"><span class='ocrx_word' id='word_1_1432' title='bbox 1480 3757 1531 3791; x_wconf 90' lang='lat' dir='ltr'>De</span> <span class='ocrx_word' id='word_1_1433' title='bbox 1547 3756 1756 3800; x_wconf 76' lang='lat' dir='ltr'>Controverfiis</span> <span class='ocrx_word' id='word_1_1434' title='bbox 1776 3767 1846 3789; x_wconf 84' lang='lat' dir='ltr'>cum</span> <span class='ocrx_word' id='word_1_1435' title='bbox 1865 3749 2046 3787; x_wconf 76' lang='lat' dir='ltr'>Alexandro</span> <span class='ocrx_word' id='word_1_1436' title='bbox 2062 3752 2139 3796; x_wconf 82' lang='lat' dir='ltr'>Rege</span> <span class='ocrx_word' id='word_1_1437' title='bbox 2156 3750 2267 3782; x_wconf 84' lang='lat' dir='ltr'>Scotiae.</span> 
     </span>
    </p>
   </div>
   <div class='ocr_carea' id='block_1_31' title="bbox 1337 3833 2570 3950">
    <p class='ocr_par' dir='ltr' id='par_1_46' title="bbox 1337 3833 2570 3950">
     <span class='ocr_line' id='line_1_175' title="bbox 1337 3833 2570 3904; baseline -0.006 -30"><span class='ocrx_word' id='word_1_1438' title='bbox 1337 3841 1401 3904; x_wconf 86' lang='lat' dir='ltr'>&#39;V</span> <span class='ocrx_word' id='word_1_1439' title='bbox 1411 3841 1553 3874; x_wconf 85' lang='lat' dir='ltr'>Enerabili</span> <span class='ocrx_word' id='word_1_1440' title='bbox 1568 3842 1648 3887; x_wconf 29' lang='lat' dir='ltr'>Patri·</span> <span class='ocrx_word' id='word_1_1441' title='bbox 1655 3843 1685 3873; x_wconf 89' lang='lat' dir='ltr'>in</span> <span class='ocrx_word' id='word_1_1442' title='bbox 1701 3841 1819 3873; x_wconf 89' lang='lat' dir='ltr'>Christo</span> <span class='ocrx_word' id='word_1_1443' title='bbox 1831 3837 2000 3882; x_wconf 81' lang='lat' dir='ltr'>Pandulpho</span> <span class='ocrx_word' id='word_1_1444' title='bbox 2010 3859 2021 3875; x_wconf 89' lang='lat'>,</span> <span class='ocrx_word' id='word_1_1445' title='bbox 2039 3834 2098 3865; x_wconf 90' lang='lat' dir='ltr'>Dei</span> <span class='ocrx_word' id='word_1_1446' title='bbox 2113 3835 2200 3872; x_wconf 84' lang='lat' dir='ltr'>gratia</span> <span class='ocrx_word' id='word_1_1447' title='bbox 2210 3833 2403 3878; x_wconf 38' lang='lat' dir='ltr'>&#39;Norwiceiifi</span> <span class='ocrx_word' id='word_1_1448' title='bbox 2414 3834 2490 3883; x_wconf 74' lang='lat' dir='ltr'>Anii.</span> <span class='ocrx_word' id='word_1_1449' title='bbox 2501 3835 2542 3867; x_wconf 66' lang='lat' dir='ltr'>D‘.</span> <span class='ocrx_word' id='word_1_1450' title='bbox 2568 3840 2570 3881; x_wconf 67' lang='lat'>¹,</span> 
     </span>
     <span class='ocr_line' id='line_1_176' title="bbox 1421 3872 2570 3950; baseline -0.007 -38"><span class='ocrx_word' id='word_1_1451' title='bbox 1421 3881 1515 3912; x_wconf 83' lang='grc'><strong>616610</strong></span> <span class='ocrx_word' id='word_1_1452' title='bbox 1527 3880 1652 3912; x_wconf 89' lang='lat' dir='ltr'>Domini</span> <span class='ocrx_word' id='word_1_1453' title='bbox 1663 3881 1767 3920; x_wconf 63' lang='lat' dir='ltr'>Papae,</span> <span class='ocrx_word' id='word_1_1454' title='bbox 1778 3881 1838 3910; x_wconf 91' lang='lat' dir='ltr'>&amp;c.</span> <span class='ocrx_word' id='word_1_1455' title='bbox 1854 3876 2017 3913; x_wconf 77' lang='lat' dir='ltr'>Henricus,</span> <span class='ocrx_word' id='word_1_1456' title='bbox 2030 3873 2130 3905; x_wconf 65' lang='lat' dir='ltr'>eadem</span> <span class='ocrx_word' id='word_1_1457' title='bbox 2143 3882 2249 3911; x_wconf 82' lang='lat' dir='ltr'>gratia,</span> <span class='ocrx_word' id='word_1_1458' title='bbox 2258 3872 2323 3904; x_wconf 81' lang='lat' dir='ltr'>Rex</span> <span class='ocrx_word' id='word_1_1459' title='bbox 2337 3874 2399 3905; x_wconf 88' lang='lat' dir='ltr'>An-</span> <span class='ocrx_word' id='word_1_1460' title='bbox 2410 3884 2497 3950; x_wconf 42' lang='lat' dir='ltr'>Aila}</span> <span class='ocrx_word' id='word_1_1461' title='bbox 2496 3885 2524 3914; x_wconf 93' lang='lat'>9</span> <span class='ocrx_word' id='word_1_1462' title='bbox 2568 3910 2570 3915; x_wconf 91' lang='lat'>.</span> 
     </span>
    </p>
   </div>
   <div class='ocr_carea' id='block_1_32' title="bbox 2321 4027 2546 4065">
    <p class='ocr_par' dir='ltr' id='par_1_47' title="bbox 2321 4027 2546 4065">
     <span class='ocr_line' id='line_1_177' title="bbox 2321 4027 2546 4065; baseline -0.013 -5"><span class='ocrx_word' id='word_1_1463' title='bbox 2321 4034 2398 4060; x_wconf 85' lang='lat' dir='ltr'>trum</span> <span class='ocrx_word' id='word_1_1464' title='bbox 2411 4027 2546 4065; x_wconf 68' lang='lat' dir='ltr'>H-3aen.3-&#39;</span> 
     </span>
    </p>
   </div>
  </div>
 </body>
</html>
