2570 4261
684 154 796 201 ET
878 159 1144 202 ACTA
1226 159 1704 209 PUBLICA‚
2209 185 2281 210 23⁷<

0 239 64 270 Rim-
78 235 118 267 D·
176 242 266 283 Item,
285 244 376 283 quieta
389 244 523 275 clamatio
537 251 673 276 terrarum
691 245 854 276 bondorum
875 245 1020 277 Catanniae
1034 255 1086 285 pro
1106 247 1191 276 inter-
2305 256 2365 285 yffi„
2389 256 2430 285 ῖ»

10 277 94 307 1282.
133 281 258 313 feffione
269 282 421 325 Episcopi.¹
2368 299 2369 302 =

0 317 54 345 31¹⁹·
76 324 99 343 ¹·
171 320 262 359 Item,
280 322 443 359 Resignatio
457 320 583 350 Baroniae
597 321 633 351 de
648 320 809 352 Menenvir.

170 358 259 397 Item,
280 359 365 390 Carta
379 359 414 388 de
426 358 558 399 Gorgyn.

169 396 261 436 Item,
280 397 444 434 Resignatio
456 397 555 426 Terrae
568 396 604 426 de
618 397 762 428 Pentland.

169 434 261 473 Item,
279 435 363 465 Carta
378 434 594 477 NValteriByset.
611 436 646 465 (16
657 436 825 467 Stratharkk.

170 473 263 512 Item,
282 472 365 503 Carta
378 471 413 502 de
428 471 527 507 Cultir.
551 505 553 507 ¹

174 511 266 548 Item,
288 509 371 541 Carta
384 510 420 540 de
435 509 577 541 Glenhelk
591 521 656 551 quae
671 512 723 542 fuit
740 512 817 550 Reg.
831 511 967 543 Mannia'e.

173 549 264 587 Item,
283 548 367 584 Carta
379 549 414 578 de
429 548 503 578 Cull.

173 587 264 626 Item,
283 586 368 618 Carta
383 586 419 616 de
432 585 577 624 Kynmuc.
592 587 668 626 quod
682 597 804 620 teneatur
817 590 846 620 in
861 587 982 620 Foresta.

173 625 264 664 Item,
282 626 368 656 Carta
383 625 418 655 de
430 625 463 655 N
468 634 561 655 eutun.

173 663 248 693 Item
256 687 266 702 ,
284 664 369 694 Carta
381 663 416 693 de
430 662 669 694 Porthebrochec.

175 701 266 740 Item,
285 701 370 733 Carta
385 700 424 731 R.
437 701 587 731 Willielmi
603 701 638 731 de
652 702 765 733 Nutun.

175 739 264 777 Item,
290 740 373 770 Carta
384 739 420 769 de
431 739 600 770 Balernauth.

177 777 268 817 Item,
287 779 370 809 Carta
384 778 419 807 de
434 777 549 817 Obeyn.

175 815 265 855 Item,
284 815 367 846 Carta
380 815 418 845 R.
432 816 511 846 Alex.
526 816 562 846 de
579 815 720 855 Kynmuc.
736 816 840 848 reddita
853 817 939 856 Regi.

173 853 247 884 Item
257 878 266 892 ,
285 853 369 884 Carta
384 854 419 884 de
435 854 579 885 Murtheld
593 855 699 886 reddita
712 855 798 893 Regi.

175 891 264 931 Item,
282 892 366 924 Carta
380 891 416 922 de
430 892 534 933 Retliy.

1260 338 1288 365 *fi
1305 341 1410 373 Lirem
1427 339 1466 372 ab
1486 343 1634 376 Alianora
1652 348 1762 379 Matre
1780 350 1884 395 Regis,
1905 359 1958 394 pro
1977 346 2139 395 Johanne,
2164 350 2253 381 Dim

1421 391 1596 434 Britanniae‚
1624 396 1654 424 in
1672 405 1784 426 remota
1801 400 1909 430 Patria
1922 407 2088 443 peragente.

1232 473 1409 531 ALianor,
1425 487 1472 520 par
1484 477 1507 507 la
1519 487 1601 517 grace
1612 479 1646 509 de
1655 480 1748 520 Dieu,
1766 482 1863 514 Roine
1875 484 2082 523 d'Engleterre,
2096 495 2130 515 au
2144 484 2205 515 Roi
2219 490 2284 515 003-
2302 499 2333 518 „11
2377 502 2380 503 ⁷
2397 494 2416 508 <

1296 524 1336 545 tre
1348 515 1411 553 filz,
1427 516 1498 546 ialuz
1511 519 1545 547 &
1558 517 1654 548 nostre
1669 520 1823 551 bonoizon.
2303 535 2329 557 E.

1268 552 1326 584 Por
1339 564 1372 584 ce
1387 564 1441 592 que
1449 554 1539 592 Jehan
1553 556 1588 585 de
1602 556 1752 596 Bretagne,
1769 560 1862 589 nostre
1880 559 1941 597 filz,
1959 560 2000 590 est
2014 571 2049 591 eri
2063 560 2200 601 Estrange
2212 561 2283 599 pais,
2300 573 2328 596 In
2352 569 2433 595 2

1232 593 1266 622 ὃς
1279 602 1294 621 3
1306 603 1374 630 nos,
1389 603 1457 622 com
1469 603 1483 622 a
1501 603 1594 631 mere,
1610 596 1642 625 &
1656 606 1670 625 a
1683 606 1769 633 vous,
1784 607 1854 627 corn
1868 598 2025 644 aSeignur,
2043 601 2080 630 ait
2093 600 2130 629 ses
2144 600 2285 638 besoignes

1234 632 1474 668 recommande23
1498 632 1531 662 &
1550 632 1585 662 de
1603 641 1661 664 tant
1681 634 1741 673 plus
1758 635 1792 665 ke
1812 635 1908 666 nostre
1927 637 1987 666 5116
2003 637 2091 674 Jehan
2104 638 2139 667 de
2153 637 2286 675 Maurre,

1232 667 1283 711 son
1297 668 1457 699 Seneschall.
1472 679 1508 699 en
1523 668 1683 709 Engleterre
1697 695 1707 710 ,
1732 673 1792 704 doit
1811 673 1995 704 hastivement
2008 674 2063 705 aler
2077 675 2101 704 la
2116 675 2218 706 Doure
2234 685 2287 714 por

1232 715 1276 736 oir
1290 709 1406 737 certains
1419 708 1532 738 noveles
1542 708 1578 738 de
1592 709 1640 738 son
1654 710 1789 749 Seignur3

1257 745 1338 786 4Voz
1352 747 1473 783 prioms,
1492 746 1525 776 &
1541 757 1702 785 requeroms
1718 758 1772 787 que
1790 759 1849 780 voz
1868 750 1971 781 voillez
1987 759 2094 790 granter
2110 774 2120 789 ,
2143 760 2198 790 que
2215 760 2287 781 mon

1233 781 1292 811 Sire
1311 783 1342 812 N
1348 784 1424 814 ichol
1446 784 1482 813 de
1499 785 1641 822 Stapleton
1660 788 1753 823 peuss'e
1774 788 1907 819 entendre
1920 800 1936 819 a
1955 790 1993 819 ses
2010 790 2155 828 bosoignes
2174 799 2210 819 eri
2229 788 2288 818 cest

1234 830 1314 863 payS,
1332 822 1365 851 &
1380 822 1484 852 voillez
1495 825 1629 854 maunder
1644 824 1688 854 311
1704 836 1751 864 par
1764 827 1855 856 vestre
1869 827 1950 857 lettre
1962 838 2016 867 que
2029 828 2048 856 il
2064 829 2073 857 i
2088 828 2224 863 enrende3
2241 827 2289 856 kar

1233 858 1251 886 11
1265 868 1301 887 ne
1314 860 1339 888 le
1351 860 1425 890 f'rait
1438 870 1485 898 pas
1498 860 1583 891 saunz
1603 862 1691 892 vestre
1710 866 1960 896 commandement
1979 866 2094 905 especial
2110 877 2120 903 ,
2142 867 2173 895 &
2189 875 2240 902 por
2256 873 2290 895 ce

1234 906 1306 926 vous
1321 907 1356 927 en
1369 900 1490 937 prioms,
1506 909 1560 938 que
1574 899 1592 929 il
1608 909 1688 938 porra
1702 901 1767 932 bien
1777 926 1786 941 ,
1804 914 1916 941 oveque
1930 905 1967 933 les
1981 913 2054 942 voa,
2072 905 2139 933 feire
2152 904 2188 933 les
2202 903 2290 932 sones.

1270 933 1325 972 Et,
1344 937 1363 966 si
1379 947 1428 966 vos
1443 937 1529 974 plest,
1546 937 1663 968 (1006311
1678 942 1772 979 poair,
1789 951 1835 980 par
1850 942 1939 971 vestre
1953 942 2048 980 lettre,
2064 943 2099 971 de
2116 941 2186 971 estre
2203 942 2292 971 Ator-

1235 982 1287 1010 ne,
1308 974 1341 1004 &
1354 974 1389 1004 de
1400 975 1458 1004 fere
1466 974 1575 1004 Atorne
1607 986 1647 1007 ou
1663 986 1713 1008 toz
1726 979 1816 1018 plaiz,
1831 991 1866 1010 en
1879 981 1903 1010 la
1914 990 2026 1010 menere
2041 990 2095 1019 que
2110 990 2160 1010 vos
2173 979 2197 1009 le
2211 988 2290 1017 gran-

1234 1011 1314 1041 tastes
1330 1022 1344 1042 a
1357 1012 1415 1042 Sire
1430 1012 1511 1042 Dreu
1525 1013 1560 1042 de
1583 1023 1644 1051 616,

1271 1048 1308 1079 Et
1320 1051 1380 1080 aiez
1394 1051 1491 1081 excuse
1504 1050 1661 1088 SireJohan
1676 1053 1712 1083 de
1727 1054 1842 1085 Maurre
1854 1056 1889 1084 de
1902 1065 1935 1085 ce
1950 1065 2003 1093 que
2019 1055 2037 1085 il
2052 1065 2087 1085 ne
2101 1063 2181 1093 prent
2196 1063 2291 1093 conge

178 971 253 1002 Aiiae
267 973 363 1003 multae
380 973 484 1004 Literae
499 974 601 1005 suntin
619 974 796 1004 Thesauraria
812 974 935 1005 Domini
949 973 995 1004 Re
1019 974 1040 1003 is
1054 996 1063 1010 ,
1088 980 1145 1015 tam
1164 974 1193 1002 in

140 1010 241 1047 pixidis
254 1012 400 1051 cophinis,
414 1014 496 1052 quam
511 1015 539 1043 in
549 1013 660 1051 faculis,
678 1013 713 1043 de
727 1013 826 1050 quibus
844 1012 932 1043 nichil
944 1011 984 1042 est
1018 1012 1194 1051 1610661063-

142 1057 205 1078 tum
220 1072 230 1087 ,
255 1060 320 1090 quas
333 1059 430 1081 tamen
447 1061 549 1081 omnes
566 1051 704 1089 vidimus,
721 1053 754 1082 &
774 1061 838 1089 quae
857 1051 906 1081 sub
924 1050 1016 1088 sigillis
1034 1058 1195 1090 ponuntur,

0 1267 121 1295 ι11110.

140 1086 258 1126 scilicet,
278 1088 326 1118 sub
339 1089 408 1125 sigili
435 1089 640 1127 Magistrorum
655 1090 782 1119 Thomae
797 1090 832 1119 de
840 1089 985 1127 Carnoto,
1004 1087 1147 1127 Radulphi
1158 1087 1193 1117 de

139 1123 246 1164 Bosco,
265 1127 298 1157 &
311 1127 460 1158 Willielmi
473 1128 508 1159 de
523 1128 628 1159 Dunfr.
641 1128 821 1158 Clericorum
838 1127 962 1175 Domini
976 1126 1076 1164 Regis.

140 1254 167 1282 ’k
196 1260 246 1291 De
266 1268 369 1290 mutuo
386 1257 430 1291 aa'
449 1269 517 1304 opus
541 1260 627 1304 Regis
639 1284 648 1299 ‚
673 1267 774 1337 czntra
793 1258 968 1302 Wllenfts,
998 1261 1028 1289 in
1048 1254 1197 1290 Hibernia

584 1306 689 1350 facien
713 1318 737 1338 o.

1234 1087 1270 1117 de
1285 1098 1355 1119 vous
1368 1100 1383 1119 a
1397 1089 1445 1119 son
1459 1090 1557 1129 parur,
1574 1089 1620 1118 kar
1633 1090 1652 1120 11
1668 1101 1704 1120 06
1717 1092 1742 1121 16
1757 1094 1834 1131 poait
1848 1093 1915 1123 faire
1929 1103 1981 1132 por
1994 1094 2018 1124 la
2033 1093 2110 1123 haste
2122 1104 2175 1132 que
2188 1094 2206 1123 il
2221 1093 2271 1123 fut.

1274 1126 1301 1156 A
1316 1126 1391 1158 Dieu
1404 1138 1475 1159 vous
1488 1128 1713 1159 commandoms.

1272 1205 1388 1237 Donees
1399 1218 1415 1238 a
1430 1207 1587 1247 Letergetse
1604 1208 1630 1239 le
1646 1209 1661 1239 8
1673 1210 1719 1248 jor
1733 1209 1886 1242 d’Oistobr.

1239 1340 1346 1372 Litera
1372 1351 1393 1373 a
1418 1342 1521 1373 Priore
1549 1342 1688 1374 Generali
1711 1344 1860 1375 Fratrum
1882 1342 1918 1376 de
1940 1344 2050 1376 alonte
2077 1345 2208 1377 Carmeli
2225 1355 2292 1391 pre-

0 1396 64 1427 Ann.
81 1395 122 1426 D.
144 1394 230 1450 RE
240 1394 271 1425 X
288 1394 394 1425 (1116610
405 1395 439 1426 &
455 1393 527 1424 fideli
539 1393 588 1424 suo
599 1395 725 1425 Thornae
739 1393 775 1425 de
790 1394 888 1432 Clare,
905 1388 1026 1425 salutem.
1706 1395 1832 1424 cararia.

15 1435 98 1465 1282.
236 1433 314 1463 Cum
329 1434 447 1463 universi
461 1434 494 1464 &
508 1433 607 1470 singuli
621 1433 713 1464 fideles
726 1433 828 1471 nostri,
847 1433 916 1462 infra
932 1433 1069 1469 Regnum
1084 1433 1129 1463 seu
1145 1442 1197 1471 po-
1854 1438 1860 1441 ⁴

0 1477 42 1501 dn.
60 1483 100 1500 ιο.
142 1471 270 1501 testatem
283 1471 408 1501 ssOstl'am
426 1471 570 1502 constituti
583 1495 593 1509 ,
618 1482 686 1502 cum
705 1471 829 1508 iPsOl‘um
842 1471 961 1502 subsidio
977 1472 1197 1509 indiguerimus,
1237 1476 1460 1537 ILlustriffime
1469 1478 1614 1518 Domine,
1630 1478 1697 1510 Rex
1709 1480 1815 1521 pietatis
1826 1482 1860 1513 &
1873 1482 2085 1522 rm‘sericordiae²
2103 1482 2173 1514 solus
2187 1484 2216 1513 in
2230 1485 2292 1514 uni-
2308 1480 2385 1515 Αῃῃ,
2400 1484 2441 1515 D„

0 1517 21 1539 Ε.
34 1521 56 1539 ι.
141 1510 240 1552 nobis,
254 1519 323 1540 curn
337 1511 408 1552 Opus
420 1510 517 1551 fuerit,
535 1509 682 1541 subvenire
694 1519 851 1540 teneantur:
873 1510 987 1548 &nOS,
1006 1520 1118 1554 profiter
1135 1520 1199 1540 mo·
1275 1516 1353 1546 verso
1366 1518 1480 1548 climate
1492 1519 1686 1558 oppressorum
1705 1521 1843 1559 refugium
1862 1521 1894 1551 &
1917 1531 2068 1558 pauperum
2081 1546 2091 1560 ,
2117 1532 2231 1561 regnans
2245 1533 2291 1553 au·
2328 1524 2413 1554 1282.

0 1555 34 1579 sot
141 1555 249 1578 tionem
265 1547 553 1591 Waleniiumcontra
568 1558 635 1587 003,
652 1549 686 1580 3(1
708 1558 808 1579 601010
827 1549 962 1579 malitiam
975 1548 1198 1587 reprimendam,
1237 1554 1431 1585 thonomatice
1444 1557 1476 1587 &
1491 1557 1629 1595 imperans
1646 1558 1676 1587 in
1691 1558 1783 1597 quiete
1799 1581 1809 1596 ,
1825 1560 1901 1597 cujus
1914 1560 2067 1590 Thronum
2080 1561 2212 1591 formidat
2228 1561 2289 1591 uni·
2305 1566 2359 1590 An.
2381 1572 2422 1589 ιο.

0 1588 120 1616 Wall.io.
140 1587 261 1624 pecunia
274 1586 426 1625 plurimum
440 1586 639 1631 indigeamus,
774 1625 778 1630 ⁵
942 1626 947 1630 ,
1238 1594 1313 1624 versa
1324 1595 1417 1632 natio,
1435 1594 1506 1624 colla
1521 1596 1570 1625 sibi
1583 1595 1699 1625 subdens
1717 1596 1879 1635 humiliter,
1906 1599 1950 1628 vel
1965 1599 2116 1630 defiderans
2130 1600 2290 1639 complace-
2307 1605 2327 1627 Ε
2358 1610 2381 1627 ¹-

0 1629 21 1653 ε.
38 1636 62 1654 1.
162 1621 263 1668 .Νο3,
280 1624 316 1654 (16
335 1624 465 1655 fidelitate
478 1648 486 1662 ,
511 1624 656 1662 diligentia
671 1648 680 1664 ,
705 1626 740 1656 &
753 1624 1006 1669 circumsped‘tione
1023 1623 1196 1669 vestrafidu-
1237 1641 1266 1661 re
1279 1655 1288 1669 ‚
1312 1632 1406 1662 audire
1423 1631 1578 1672 dignemini
1600 1635 1633 1665 &
1649 1635 1777 1665 exaudire
1797 1636 1894 1675 pariter
1914 1645 2007 1675 preces
2027 1637 2192 1668 humillimas
2205 1639 2291 1669 fratris
2307 1637 2418 1665 Bundela

0 1672 26 1692 n.
43 1672 68 1701 3.
141 1672 217 1693 ciam
235 1670 364 1700 gerentes
381 1663 528 1700 specialem
541 1686 550 1702 ‚
573 1665 654 1694 vobis
676 1664 840 1693 mandamus
857 1673 886 1693 in
907 1663 962 1694 fide
983 1664 1016 1695 &
1031 1663 1198 1701 dilectione,
1238 1669 1329 1708 Petri,
1347 1670 1462 1701 fratrum
1474 1671 1580 1702 ordinis
1594 1673 1683 1702 beatae
1699 1672 1802 1704 Mariae
1817 1696 1826 1712 ,
1851 1675 1886 1704 de
1899 1674 2003 1705 Monte
2019 1674 2142 1706 Carmeli
2157 1699 2166 1715 ,
2190 1676 2292 1707 Prioris
2309 1678 2407 1704 Litern-

137 1701 239 1740 quibus
252 1702 335 1731 110013
347 1703 499 1739 tenemini,
519 1701 634 1732 firmiter
649 1703 825 1739 injungentes
838 1725 847 1739 ,
870 1702 946 1741 quod
992 1702 1132 1770 affumcpto
1146 1711 1199 1731 vo·-

138 1739 246 1769 biscum
260 1739 364 1770 (1116610
378 1739 494 1770 Clerico
506 1739 605 1770 nostro
615 1740 755 1778 Magistro
762 1739 893 1778 Johanne
905 1741 940 1770 de
948 1725 1067 1771 S³aunfor
1100 1739 1198 1770 Escae-

138 1785 217 1845 torsi}cr
213 1777 311 1808 nostro
329 1776 495 1817 Hiberniae,
513 1778 687 1819 colloquium
707 1779 740 1809 δε
759 1779 910 1809 transsatum
926 1779 1064 1818 habeatis,
1081 1779 1199 1809 nomine

138 1825 178 1845 no
218 1826 238 1846 o

175 1839 255 1884 Curr'i
273 1854 447 1894 Amathus,
465 1855 624 1895 Prioribus,
642 1857 675 1887 sc
689 1856 744 1887 aitis
756 1856 822 1886 viris
836 1855 984 1892 religiofis3
1017 1892 1023 1898 ,
1178 1894 1183 1899 ι

173 1892 295 1924 Civibus
342 1894 545 1933 BurgensibuS,
565 1894 791 1932 Mercatoribus,
814 1904 847 1923 ac
864 1894 1126 1923 Communitatibus
1146 1892 1198 1923 Ci-

141 1931 276 1970 vitatum,
295 1917 472 1972 B'urgorum,
491 1934 525 1964 &
541 1933 676 1964 Villarum
692 1933 927 1963 Mercatoriarum
941 1931 1106 1970 1-110610136,

177 1969 302 2008 Aliisque
315 1972 435 2010 personis
449 1995 458 2010 ,
484 1972 520 2002 de
540 1972 639 2011 quibus
654 1973 683 2001 in
699 1972 794 2002 litteris
814 1971 913 2001 nostris
929 1970 1086 2009 patentibus
1099 1993 1109 2009 ,
1134 1980 1200 2009 quas

138 2009 220 2040 vobis
232 2010 266 2040 &
282 2010 398 2048 praefato
409 2010 534 2048 Johanni
549 2010 773 2048 transmittimus,
789 2010 897 2039 mentio
908 2008 984 2052 faeta
998 2007 1046 2038 est.
1081 2047 1087 2052 Ι
1162 2047 1167 2052 ’

174 2046 264 2086 Super
279 2057 380 2078 mutuo
393 2051 538 2087 pecuniae,
553 2048 586 2078 ad
600 2059 670 2088 opus
683 2047 811 2078 nostrum
820 2071 829 2086 ,
842 2047 950 2077 divisim
963 2047 1007 2076 seu
1022 2046 1200 2089 601ηο061110

136 2085 284 2123 faciendo,
300 2087 372 2123 juxta
387 2088 557 2123 lingularum
572 2087 730 2125 hujusmodi
748 2087 943 2125 personarum,
962 2085 1006 2115 seu
1024 2083 1201 2115 Communi-

136 2131 227 2153 tatum
241 2124 398 2161 facultates5
417 2127 451 2156 &
467 2126 537 2165 ipsos
552 2126 724 2162 diligentiori
738 2125 770 2155 &
790 2125 905 2155 cautiori
921 2123 1029 2160 modo,
1046 2133 1104 2161 quo
1118 2132 1200 2167 pote-

136 2162 211 2200 11113,
230 2162 332 2193 adhoc
349 2165 486 2194 moneatis
502 2165 536 2194 &
552 2164 704 2202 inducatis,
723 2172 807 2204 prout
824 2162 859 2193 ad
877 2171 947 2202 opus
965 2161 1093 2192 nostrum
1109 2171 1200 2199 magis

135 2199 258 2230 videritis
273 2202 409 2240 expedire.

174 2237 211 2268 Et
226 2235 260 2269 ad
276 2240 413 2278 praemissa
430 2240 574 2280 facienda,
590 2240 727 2271 omnibus
741 2239 799 2271 aliis
812 2240 930 2278 negotiis
942 2237 1144 2279 praetermissis,
1158 2237 1201 2268 di-

133 2275 250 2315 ligenter
264 2277 416 2308 intendatis.

173 2314 375 2346 Mandavimus
395 2317 472 2347 enim
489 2316 647 2348 Abbatibus
661 2341 670 2357 ,
696 2317 857 2354 Prioribus,
874 2317 906 2347 ὃς
923 2315 982 2346 31113
997 2314 1116 2360 personis
1131 2325 1202 2353 prae-

133 2353 229 2393 dietis,
247 2362 331 2392 prout
346 2356 376 2385 in
391 2356 472 2386 (116113
489 2356 583 2386 litteris
598 2356 699 2386 nostris
732 2356 869 2386 atentibus
889 2355 985 2384 videre
1005 2362 1127 2393 poteritis
1139 2353 1201 2397 'ple-

134 2393 197 2422 nius
212 2393 368 2431 contineri,
387 2394 464 2432 quod
484 2395 581 2433 vobis,
599 2395 632 2425 &
646 2365 764 2434 praefgto
776 2393 901 2431 Johanni
915 2393 943 2421 in
958 2392 1025 2429 hiis,
1036 2402 1106 2434 'quae
1120 2401 1147 2435 ei
1158 2391 1202 2421 di·

133 2431 206 2459 cetis
219 2430 254 2461 de
270 2432 431 2470 praemiffis,
451 2431 560 2462 firmam
572 2432 657 2462 fidem
671 2431 819 2461 adhibeant
831 2443 841 2468 ·,
866 2431 899 2461 &
919 2440 950 2460 ea
964 2430 1055 2460 modis
1069 2430 1201 2460 omnibus

135 2477 169 2498 ex
189 2468 262 2499 leant
278 2480 342 2506 quae
359 2469 424 2499 inde
438 2471 476 2500 eis
490 2470 587 2501 dicetis
600 2480 632 2500 ex
647 2478 724 2507 parte
738 2469 839 2499 nostra.
1185 2507 1189 2512 .

214 2507 374 2537 andavimus
395 2509 480 2538 etiam
500 2508 661 2546 Justiciario
680 2507 778 2537 nostro
800 2506 947 2536 Hiberniae
961 2529 970 2544 ,
997 2505 1072 2544 quod
1094 2505 1203 2545 fingulis

134 2543 294 2583 hujusmodi
309 2554 440 2576 mutuum
454 2547 534 2576 nobis
549 2547 656 2577 ibidem
672 2546 853 2583 facientibus,
873 2545 972 2574 litteras
984 2544 1090 2588 nostras
1106 2554 1203 2588 paten—

139 2590 181 2612 tes
194 2606 204 2620 ,
229 2583 277 2613 sub
296 2584 382 2622 sigillo
397 2584 517 2622 nostro,
543 2595 601 2623 quo
623 2586 653 2614 in
674 2584 812 2614 Hibernia
834 2584 954 2625 utimur,
973 2592 1011 2612 eis
1025 2581 1085 2626 fieri
1104 2586 1202 2620 faeiat,

138 2621 251 2651 (11610111
267 2631 399 2652 10010010
415 2622 604 2661 testificantes,
623 2624 655 2654 &
669 2631 778 2653 certum
791 2622 932 2652 solutionis
951 2630 1125 2659 terminum,
1140 2623 1203 2659 jux-

138 2667 167 2690 ta
181 2659 378 2691 discretionem
393 2661 513 2700 ejusdem
521 2661 687 2701 Justiciarii,
704 2660 895 2700 assignandum
910 2660 1096 2690 continentes.

178 2739 269 2771 Teste
283 2741 364 2780 Rege
379 2742 451 2781 apud
463 2742 686 2782 Thlangernon,
704 2740 828 2773 secundo
840 2740 887 2770 die
900 2739 1046 2771 06100113.

175 2820 344 2852 Consimiles
359 2822 463 2861 literae,
479 2822 514 2853 de
528 2822 620 2852 verbo
633 2823 666 2853 ad
682 2821 820 2860 verbum,
835 2821 992 2860 diriguntur
1000 2820 1142 2862 Magistro
1152 2822 1205 2861 Jo-

139 2859 225 2890 hanni
241 2860 277 2891 de
291 2860 429 2891 Saunford
440 2884 450 2899 ,
466 2861 561 2899 quod,
580 2861 636 2891 una
649 2870 717 2891 cum
735 2860 850 2900 praefato
864 2859 998 2900 Thoma,
1016 2860 1049 2891 ad
1063 2862 1204 2899 praemi'ffa

136 2898 265 2930 facienda
281 2899 426 2939 diligenter
442 2900 584 2939 intendat,
604 2900 634 2929 in
650 2900 742 2930 forma
753 2898 895 2937 praedidta.

173 2978 262 3011 Teste
277 2987 307 3010 ut
319 2979 408 3021 supra.

179 3057 216 3089 Et
230 3058 392 3090 mandatum
408 3059 449 3089 est
462 3059 490 3089 S.
504 3059 714 3092 waterforden.
728 3060 870 3099 Episcopo
880 3060 1041 3099 Justiciario
1052 3061 1139 3103 Regis
1147 3062 1202 3093 Hi-

142 3098 248 3128 berniae
281 3098 358 3136 quod
372 3108 441 3132 cum
456 3098 521 3128 Rex
536 3098 708 3138 assignaverit
726 3099 876 3137 praedictos
894 3099 1041 3130 Thomam
1058 3103 1091 3131 &
1108 3101 1203 3141 Magi-

142 3134 230 3166 strum
240 3120 402 3174 J'ohannem
419 3137 454 3167 ad
468 3144 598 3167 mutuum
609 3160 618 3175 ,
635 3138 670 3168 ad
685 3147 754 3176 opus
769 3138 874 3177 Revis,
892 3139 921 3167 in
934 3137 1023 3168 Terra
1037 3138 1202 3178 Hiberniae,

140 3175 259 3204 nomine
274 3174 378 3213 Regis,
393 3174 616 3205 contrahendum
626 3198 635 3213 ,
654 3175 730 3213 quod
744 3177 819 3216 singu
832 3178 869 3215 13,
887 3177 935 3215 qui
943 3176 1017 3215 Regi
1030 3176 1135 3209 ibidem
1150 3180 1202 3209 hu-

137 3212 261 3250 jusmodi
275 3221 406 3243 mutuum
420 3213 554 3251 fecerint,
570 3214 603 3243 &
619 3214 668 3244 sibi
685 3224 732 3251 per
748 3216 874 3251 praefatos
889 3215 1038 3245 Thomarn
1051 3217 1084 3246 ὃ(
1095 3218 1203 3256 Johan-

140 3260 208 3280 ncm
222 3251 259 3281 de
276 3251 384 3281 summa
399 3253 490 3281 mutui
507 3251 574 3280 illius
588 3251 713 3289 constet,
732 3251 789 3282 fieri
803 3254 885 3284 faciat
897 3254 998 3284 litteras
1011 3254 1058 3284 Re
1080 3257 1098 3285 is
1112 3265 1205 3294 paten-

142 3298 198 3327 tes,
217 3289 265 3319 sub
281 3289 383 3328 sigillo,
403 3300 461 3327 quo
477 3289 540 3319 Rex
554 3290 637 3320 utitur
649 3291 678 3320 in
691 3289 847 3330 Hibernia,
862 3292 1002 3322 summam
1021 3292 1068 3323 dic
1084 3295 1092 3323 i
1114 3296 1204 3324 mutui

142 3326 336 3365 testificantes,
354 3328 387 3358 &
402 3336 511 3358 certum
528 3327 670 3357 solutionis
691 3329 842 3359 terminum
859 3353 868 3369 ,
888 3332 964 3369 juxta
985 3331 1105 3368 eiusdem
1117 3332 1206 3371 Justi-

143 3366 218 3396 ciarii
231 3365 446 3405 discretionem,
463 3365 622 3396 faciendum
636 3367 820 3398 continentes.

176 3444 266 3476 Teste
281 3454 310 3477 ut
324 3446 411 3485 supra.

180 3525 218 3556 Et
232 3526 395 3556 mandatum
411 3526 452 3557 est
462 3527 634 3565 Abbatibus,
652 3527 812 3568 Prioribus,
827 3529 861 3560 &
877 3531 1010 3561 omnibus
1023 3532 1086 3561 viris
1099 3532 1206 3570 religio-

142 3563 192 3603 113,
212 3564 457 3601 Vicecomitibus,
477 3565 613 3604 Civibus,
631 3565 827 3605 Burgensibus,
846 3567 1070 3608 Mercatoribus,
1088 3570 1207 3607 Maiori-

143 3602 212 3642 bus,
227 3603 335 3634 Ballivis
347 3626 357 3641 ,
383 3604 417 3634 &
434 3603 698 3635 Communitatibus
721 3604 879 3636 Civitatum
890 3630 900 3644 ,
927 3607 1102 3646 Burgorum,
1121 3608 1206 3638 Villa-

145 3650 209 3671 rum
225 3641 460 3672 Mercatoriarum
495 3643 528 3674 &
542 3643 676 3673 omnibus
697 3642 754 3672 aliis
773 3642 896 3675 fidelibus
909 3644 998 3684 Regis
1005 3643 1047 3677 ’(16
1064 3656 1132 3676 terra
1150 3647 1207 3677 Hi-

144 3677 262 3718 bemiae,
281 3679 356 3719 quod
373 3681 453 3718 (cum
467 3665 531 3711 ilex
547 3681 721 3711 mandaverit
735 3681 1005 3725 praedietisThomae
1021 3686 1053 3715 &
1063 3684 1206 3722 Magistro

140 3715 284 3755 Johanni,
301 3718 377 3758 quod
392 3718 522 3758 quaedam
537 3720 619 3750 ardua
634 3720 667 3751 &
680 3718 804 3756 specialia
820 3723 930 3759 negotia
940 3720 1043 3761 Regis,
1061 3733 1124 3762 quae
1140 3723 1206 3753 Rex

143 3755 183 3784 eis
196 3765 245 3795 per
262 3757 362 3787 litteras
382 3757 471 3797 Regis
490 3758 632 3796 iniunxit,
652 3757 757 3788 eisdem
778 3757 948 3797 Abbarstms,
965 3759 1124 3801 Prioribus,
1144 3763 1204 3793 &c.

141 3801 177 3821 ex
189 3803 264 3833 parte
278 3794 381 3835 Regis,
399 3796 432 3827 δε
444 3797 563 3826 nomine
578 3795 625 3825 Re
645 3797 684 3834 is,
702 3806 752 3825 ore
766 3802 844 3826 tenus
863 3805 1003 3834 exponant
1017 3822 1027 3837 ,
1045 3801 1078 3830 ὃς
1094 3801 1206 3840 expedi-

143 3831 254 3861 tionem
269 3834 435 3864 eorumdem
448 3844 511 3874 erga
527 3834 613 3872 praedi
646 3844 678 3864 os
693 3833 817 3864 Abbates
852 3833 976 3873 Priores,
991 3838 1052 3868 &c.
1068 3846 1098 3868 ut
1113 3839 1206 3879 supra,

142 3868 287 3908 diligenter
300 3872 509 3912 prosequantur)
527 3872 629 3903 eisdem
637 3873 764 3916 Thomae
777 3872 810 3902 &
819 3857 945 3911 johanni
960 3875 990 3904 in
1004 3877 1148 3916 praemiffis
1161 3877 1208 3907 fir-

143 3915 220 3936 mam
235 3907 320 3952 fidern
333 3910 496 3951 adhibeant,
514 3912 547 3942 &
563 3921 594 3941 ea
610 3911 703 3942 modis
721 3910 855 3942 omnibus
872 3911 1016 3952 expleant,
1035 3923 1101 3954 quae
1116 3916 1156 3946 eis
1174 3925 1208 3948 ex

146 3953 224 3984 parte
241 3945 329 3984 Regis
340 3948 436 3982 dicent
448 3949 484 3981 de
498 3949 649 3990 praemiffisi

176 4023 269 4056 Teste
282 4033 312 4057 ut
327 4027 414 4066 supra.

198 4076 271 4105 Tam.
287 4078 313 4106 Ι.
332 4078 366 4108 P.
385 4077 427 4107 ΙῙ.

1237 1707 1400 1748 Generalis,
1417 1709 1515 1740 devoti
1527 1711 1596 1741 servi
1610 1711 1710 1748 vestri,
1725 1712 1790 1743 licet
1804 1713 1938 1744 immeriti
1952 1714 1985 1744 &
1998 1715 2123 1754 indigni,
2160 1725 2222 1753 uas,
2240 1725 2292 1756 pro
2308 1724 2383 1746 rum,
2407 1712 2442 1746 ὁὶ

1237 1747 1264 1777 se
1278 1748 1311 1777 ὃς
1324 1756 1388 1778 1010
1401 1747 1517 1787 ordine,
1534 1748 1634 1779 vestrae
1648 1749 1745 1780 illustri
1761 1750 1859 1790 Regiae
1877 1751 2015 1790 Majestati
2036 1753 2136 1792 offert,
2172 1755 2226 1783 exis
2244 1763 2292 1793 ge·
2308 1754 2432 1818 &ravim-⁷»

2309 1801 2334 1819 m
2364 1799 2429 1818 κΥΥΙὸ

1237 1786 1337 1825 nibus,
1356 1788 1385 1816 in
1400 1786 1476 1817 hunc
1490 1787 1627 1817 modum·

1276 1824 1417 1863 Significat
1431 1824 1524 1855 illustri
1538 1825 1637 1856 vestrae
1652 1826 1752 1866 Regiae
1761 1826 1902 1866 Majestati
1916 1828 1996 1859 frater
2009 1829 2125 1868 Petrus,
2143 1830 2223 1861 Prior
2232 1831 2296 1862 Ge-

1239 1864 1335 1893 neralis
1350 1863 1515 1902 praedithus,
1534 1864 1611 1901 quod
1624 1874 1691 1894 cum
1711 1865 1855 1896 Dominus
1869 1867 2024 1906 Gregorius
2039 1868 2112 1907 Papa
2128 1869 2253 1900 decimus
2267 1871 2296 1899 10

1239 1900 1376 1932 Concilio
1390 1901 1567 1940 Lugdunenfi
1582 1902 1616 1932 de
1627 1903 1726 1934 ordine
1740 1904 1798 1941 ipso
1818 1905 1925 1936 duxerit
1938 1905 2142 1945 ordinandum,
2159 1908 2236 1947 quod
2254 1909 2298 1945 ip-

1239 1940 1299 1970 sum
1314 1941 1343 1970 in
1358 1940 1428 1971 statu
1444 1940 1494 1970 suo
1507 1950 1621 1982 manere
1633 1943 1822 1981 concedebat,
1836 1943 1928 1973 donec
1940 1944 1974 1973 de
1986 1945 2043 1983 ipso
2055 1946 2129 1975 aliter
2141 1946 2299 1984 ordinaret,

1239 1979 1386 2008 intendens
1399 1987 1459 2009 tam
1470 1979 1505 2009 de
1521 1981 1578 2018 ipio
1592 1979 1691 2009 ordine
1705 2003 1714 2018 ,
1740 1981 1826 2018 quarn
1839 1981 1874 2011 de
1889 1982 1945 2011 aliis
1961 1992 1981 2012 ο
2015 1983 2123 2021 inibus,
2141 1986 2224 2014 etiam
2239 1994 2299 2014 non

1239 2016 1460 2047 mendicantibus
1474 2040 1484 2056 ,
1509 2018 1636 2048 ordinare
1649 2027 1731 2057 prout
1749 2019 1827 2050 saluti
1844 2021 1999 2051 animarum
2020 2022 2143 2059 ipsorum
2165 2024 2197 2053 &
2217 2022 2298 2053 statui

1238 2065 1260 2086 6.
1292 2055 1368 2085 edire
1382 2056 1504 2086 videret:

1313 2093 1494 2124 ichilominus
1507 2102 1600 2125 tamen
1621 2095 1752 2126 nonnulli
1772 2096 2005 2128 constitutionem
2026 2097 2190 2135 praedidiam
2211 2099 2300 2129 inter-

1240 2134 1341 2170 pretari
1354 2134 1473 2172 satagunt
1487 2134 1606 2171 graviter
1621 2135 1653 2164 δε
1668 2142 1793 2173 extorte,
1806 2135 1911 2166 sensum
1924 2137 2004 2174 ipsius
2019 2137 2146 2166 debitum
2160 2137 2193 2167 &
2207 2138 2300 2167 imen-

1241 2179 1302 2201 10111
1312 2195 1321 2208 ,
1341 2171 1397 2201 Dei
1413 2172 1517 2202 timore
1532 2172 1688 2211 postposito
1703 2196 1713 2211 ,
1736 2182 1940 2213 pervertentes,
1958 2176 1989 2204 in
2003 2175 2203 2212 praedielorum
2218 2175 2301 2205 Prio-

1241 2210 1277 2239 ris
1291 2220 1323 2240 ac
1338 2211 1421 2240 totius
1435 2209 1541 2240 ordinis
1555 2210 1698 2241 laeiionem
1708 2235 1717 2249 ,
1731 2221 1882 2250 gravamen
1896 2213 1928 2243 &
1942 2212 2153 2250 praeiudicium,
2168 2223 2199 2243 ac
2214 2216 2299 2244 etiam

1242 2249 1397 2278 maximum
1414 2258 1622 2279 nocumentum
1636 2272 1646 2287 ,
1668 2251 1755 2280 corda
1770 2249 1893 2281 fidelium
1908 2260 1956 2291 per
1978 2252 2036 2281 hoc
2050 2261 2064 2282 3
2079 2251 2233 2282 devotione
2246 2252 2300 2283 fra-

1241 2295 1317 2317 trum
1331 2288 1365 2318 &
1381 2287 1487 2317 ordinis
1501 2287 1677 2319 retrahentes.

1278 2325 1401 2364 Verum,
1420 2335 1488 2356 cum
1504 2326 1534 2355 in
1549 2328 1626 2357 terris
1641 2326 1730 2357 nullus
1742 2327 1773 2357 fit
1787 2326 1921 2368 Princeps
1934 2327 1981 2358 vel
1994 2327 2157 2367 Dominus,
2173 2329 2207 2359 ad
2223 2329 2302 2367 cujus

1241 2364 1382 2394 res-‘uorum
1396 2366 1430 2395 &
1443 2365 1577 2396 auxilium
1589 2365 1707 2395 audeant
1722 2365 1766 2396 vel
1778 2366 1885 2396 valeant
1897 2375 2037 2396 recurrere
2049 2367 2240 2406 confidenter,
2259 2369 2302 2398 ni-

1243 2403 1262 2432 si
1278 2389 1322 2433 ad⁷
1327 2402 1448 2433 vestram
1464 2402 1676 2433 illustrissimam
1690 2404 1723 2434 &
1738 2403 1889 2442 piissiniam
1898 2403 2018 2443 Regiam
2027 2404 2224 2444 Majestatern,
2239 2405 2301 2444 sup-

1241 2440 1327 2478 plicat
1360 2443 1484 2478 uarinus,
1504 2443 1624 2472 obtentu
1639 2442 1695 2472 Dei
1709 2442 1741 2472 ὃς
1756 2442 1883 2480 gloriofae
1892 2442 2030 2481 Virginis,
2048 2442 2226 2474 sacrosanctae
2236 2443 2302 2475 Ro-

1243 2488 1335 2508 manae
1379 2480 1485 2510 eclesiae
1505 2479 1638 2510 Domino
1654 2479 1728 2510 Patri
1749 2480 1847 2510 nostro
1865 2481 1974 2511 summo
1989 2480 2123 2512 Pontifici
2145 2492 2240 2520 preces
2252 2492 2303 2513 ve-

1241 2516 1307 2546 stras
1325 2517 1444 2556 dirigere
1465 2517 1622 2556 dignemini
1643 2528 1710 2548 6010
1727 2517 1830 2548 6116610
1846 2542 1855 2556 ,
1879 2518 1956 2557 quod
1978 2518 2212 2551 constitutionem
2230 2531 2302 2561 prae-

1242 2554 1347 2585 dietam
1361 2556 1398 2585 sic
1411 2555 1548 2586 declarare
1560 2557 1592 2587 &
1611 2557 1783 2596 interpretari
1798 2557 1946 2596 dignetur,
1967 2558 2062 2597 quod,
2080 2568 2150 2589 nota
2168 2557 2302 2590 vaccilla-

1242 2594 1343 2629 tionis,
1361 2604 1424 2633 quae
1438 2594 1563 2624 adversus
1577 2595 1707 2625 ordinem
1730 2596 1870 2634 consurgit
1883 2618 1892 2633 ,
1919 2604 1952 2625 ex
1966 2596 2026 2633 ipso
2046 2598 2167 2627 omnino
2181 2597 2303 2637 sublata,

1245 2632 1319 2662 ordo
1333 2634 1388 2672 ipse
1402 2633 1486 2663 robur
1500 2633 1628 2663 obtineat
1641 2634 1764 2671 pristinae
1780 2633 1932 2672 firmitatis,
1949 2635 1988 2664 ita
2000 2635 2078 2673 quod
2093 2645 2194 2666 omnes
2207 2636 2304 2667 fratres

1245 2671 1326 2708 ipsius
1338 2671 1444 2702 ordinis
1454 2695 1463 2710 ,
1487 2672 1522 2701 de
1536 2673 1727 2710 captivatione
1743 2672 1788 2703 sua
1805 2682 1855 2716 per
1868 2682 1919 2703 vos
1934 2671 2159 2711 redemptionem
2174 2674 2307 2706 habentes

1247 2711 1290 2746 (ut
1300 2709 1391 2747 Judaei
1406 2720 1455 2747 per
1471 2709 1609 2748 Moysen,
1627 2712 1660 2741 ὅ(
1676 2721 1724 2748 per
1740 2710 1888 2741 Christum
1902 2711 2021 2748 populus
2034 2711 2208 2743 Christianus
2221 2714 2306 2753 longe

1246 2748 1393 2778 meliorem
1411 2750 1445 2779 ὃς
1466 2750 1552 2778 etiam
1574 2748 1740 2787 pleniorem)
1763 2759 1816 2789 pro
1833 2749 1920 2779 vestra
1934 2772 1943 2786 ,
1967 2759 1999 2780 ac
2022 2749 2177 2781 liberorum
2198 2751 2306 2782 vestro-

1245 2796 1327 2825 rum,
1345 2788 1378 2817 &
1394 2788 1478 2817 totius
1489 2786 1586 2826 Regni
1601 2787 1685 2818 vestri
1703 2787 1797 2826 optata
1812 2787 1988 2828 prosperitate
2008 2788 2134 2819 habenda
2149 2799 2304 2829 perpetum

1245 2834 1360 2856 necnon
1374 2835 1426 2863 pro
1442 2826 1597 2856 animarum
1611 2826 1848 2863 praedecefforum
1861 2825 2017 2857 vestrorum
2031 2829 2229 2865 propitiatione
2243 2829 2304 2859 cui-·

1245 2873 1343 2903 parurn
1357 2864 1403 2894 vel
1416 2865 1651 2903 conregnantium
1664 2865 1784 2904 praemiis
1796 2863 1986 2904 cumulandis,
2001 2865 2072 2905 apud
2082 2866 2179 2896 Deum
2194 2866 2303 2897 &Vir-

1244 2903 1340 2941 ginem
1352 2902 1501 2942 gloriosam
1517 2902 1683 2941 praedictam
1704 2902 1751 2939 (ad
1765 2904 1842 2941 cujus
1856 2903 1966 2933 laudem
1987 2904 2021 2935 &
2034 2905 2150 2943 gloriam
2162 2905 2235 2935 ordo
2246 2904 2303 2944 ipse

1244 2941 1430 2971 transmarinis
1442 2941 1566 2978 partibus
1579 2942 1670 2971 exritit
1686 2941 1838 2979 specialiter
1850 2940 2000 2980 institutus)
2014 2942 2113 2973 diebus
2125 2952 2157 2974 ac
2172 2943 2303 2975 00611003

1244 2978 1364 3009 habeatis
1377 2980 1483 3010 sedulos
1497 2980 1530 3010 &
1544 2979 1677 3020 supplices
1691 2988 1823 3010 oratores.

1283 3017 1470 3048 *Deferentes
1483 3017 1664 3049 nihilominus
1676 3017 1774 3048 illustri
1788 3018 1886 3049 vestrae
1902 3018 2002 3058 Regiae
2011 3018 2150 3050 Ma'estati
2157 3021 2304 3060 gratiarum

1245 3055 1360 3086 devotas
1373 3079 1382 3094 ,
1407 3067 1472 3097 quas
1492 3056 1656 3096 possumus,
1677 3056 1802 3086 36110063
1830 3056 1866 3086 (16
1895 3057 2034 3097 praedicto
2086 3060 2188 3089 omino
2208 3059 2304 3090 130610

1244 3095 1358 3125 summo
1380 3094 1537 3132 pontifice,
1556 3095 1604 3133 qui
1626 3105 1721 3135 preces
1742 3095 1842 3125 vestras
1858 3095 1977 3135 Regias,
1996 3105 2048 3135 pro
2064 3097 2191 3129 nobis&
2205 3098 2304 3128 ordine

1245 3134 1293 3163 sibi
1317 3133 1416 3171 136133,
1434 3134 1555 3172 benigne
1578 3134 1700 3171 recepit,
1720 3134 1753 3163 &
1773 3134 1960 3164 favorabiliter
1980 3136 2151 3175 acceptavit,
2164 3136 2243 3173 jUXta
2256 3146 2306 3168 ve-

1242 3171 1358 3201 strarum
1373 3173 1576 3202 continentiam
1589 3171 1743 3209 literarum,

1283 3209 1321 3239 Et
1341 3209 1443 3240 eodem
1465 3209 1570 3247 modo,
1587 3210 1621 3239 &
1640 3219 1684 3239 am
1707 3210 1755 3239 lius
1775 3209 1810 3240 de
1831 3211 1985 3241 venerabili
2005 3210 2088 3242 Patre
2104 3212 2220 3249 nostro,
2240 3212 2305 3243 Do-

1246 3250 1328 3279 mino
1346 3247 1473 3287 Ugone,
1492 3248 1547 3278 Dei
1567 3247 1667 3287 gratia,
1711 3250 1851 3288 resbytero
1864 3248 2007 3280 Cardinali
2024 3251 2111 3287 (cujus
2124 3251 2179 3280 laus
2194 3251 2227 3281 ὃς
2241 3251 2304 3289 glo-

1247 3289 1286 3316 ria
1308 3287 1384 3316 suani
1403 3287 1516 3317 decorat
1535 3288 1568 3317 &
1592 3287 1720 3317 nobilitat
1739 3289 1895 3323 nationem)
1909 3289 1957 3327 qui
1972 3297 2031 3317 non
2046 3288 2134 3319 solum
2148 3299 2243 3328 preces
2256 3298 2304 3318 ve-

1248 3325 1328 3362 stras,
1347 3335 1399 3364 pro
1420 3326 1503 3355 nobis
1525 3326 1557 3356 δε
1577 3325 1634 3354 31113
1649 3325 1698 3354 fibi
1711 3325 1812 3364 fac‘tas,
1830 3326 1932 3356 devote
1948 3327 2072 3364 respicit,
2089 3326 2133 3356 sed
2148 3335 2228 3356 nutus
2242 3336 2305 3356 exe-

1246 3365 1338 3402 quitur
1352 3363 1445 3393 sedulo
1460 3364 1492 3394 &
1507 3365 1629 3400 intente,
1650 3373 1707 3401 quo
1720 3364 1856 3394 referente
1869 3364 2034 3403 didicimus,
2054 3365 2129 3402 quod
2143 3366 2306 3395 intendeba-

1248 3412 1310 3431 mus
1330 3402 1477 3441 specialitei·
1498 3410 1580 3440 atque
1601 3402 1804 3440 principaliter,
1821 3403 1840 3432 si
1863 3402 2016 3442 praedicffto,
2035 3404 2068 3433 &
2095 3413 2147 3442 pro
2168 3403 2306 3439 praedid’to

1244 3441 1363 3509 lnegotio
1385 3450 1479 3478 preces
1495 3439 1654 3470 direxissetis
1671 3440 1806 3471 Domino
1819 3441 1915 3472 sancto
1927 3441 2038 3471 summo
2052 3440 2185 3471 Pontifici
2203 3441 2305 3481 specia-

1254 3489 1290 3509 es-

1285 3518 1382 3556 Qare
1401 3517 1434 3548 &
1455 3516 1507 3546 hac
1530 3517 1593 3547 vice
1614 3515 1757 3552 (Domine
1778 3516 1843 3547 Rex
1863 3517 1991 3558 piissime)
2012 3516 2150 3555 praedic'to
2171 3516 2305 3551 Domino

1247 3556 1358 3586 summo
1380 3555 1511 3585 Pontifici
1534 3556 1569 3585 sic
1583 3553 1733 3586 efficaciter
1747 3565 1798 3593 pro
1811 3556 1948 3594 proedidto
1961 3555 2065 3586 ordinis
2078 3555 2194 3594 negotio
2204 3555 2305 3596 specia-

1248 3595 1309 3625 liter
1330 3594 1434 3632 placeat
1458 3594 1589 3632 scribere,
1605 3593 1682 3632 quod
1704 3594 1834 3625 relevatio
1854 3594 1947 3624 nostra
1963 3595 2045 3624 vobis
2063 3593 2137 3631 apud
2157 3593 2255 3626 Deum
2270 3595 2305 3626 &

1248 3633 1377 3662 homines
1400 3632 1571 3669 ascribatur·⁷
1595 3632 1629 3662 &
1649 3633 1750 3661 animae
1770 3631 1868 3662 vestrae
1891 3632 2089 3670 nihilominus,
2106 3641 2159 3672 pro
2178 3641 2235 3663 tarn
2255 3635 2307 3673 pio

1247 3681 1350 3711 opere,
1375 3680 1497 3708 corona,
1511 3671 1570 3708 jam
1593 3671 1622 3700 in
1644 3669 1798 3700 caelestibus
1820 3670 1924 3700 sedibus
1942 3671 2088 3708 fabricata,
2102 3671 2306 3708 pretiolissima’-

1248 3720 1310 3740 rum
1336 3718 1510 3748 gemmarum
1525 3708 1648 3746 suscipiat
1663 3709 1851 3738 incrementa:
1887 3707 1945 3738 Cui
1958 3708 2050 3738 130613
2063 3709 2096 3738 &
2107 3709 2222 3748 gloriosa
2236 3711 2305 3741 Tri-

1248 3751 1316 3778 nitas
1336 3747 1470 3777 successus
1484 3747 1584 3776 tribuat
1597 3747 1742 3786 prosperos
1755 3748 1788 3777 &
1804 3753 1931 3784 optatOS,
1950 3756 2017 3776 6010
2032 3746 2107 3777 felici
2119 3747 2229 3778 dierum
2243 3749 2306 3779 lon*-

1248 3786 1388 3825 girudine,
1405 3786 1439 3815 86
1461 3786 1643 3815 inimicorum
1665 3785 1891 3815 reconciliatione
1915 3784 2079 3824 gratiffunii,
2093 3793 2175 3824 atque
2188 3787 2304 3825 pacifica

1246 3827 1279 3857 &
1295 3823 1465 3857 inenarrabili
1477 3823 1570 3855 laetitia
1581 3824 1748 3854 amicorum.

1769 4079 1826 4112 Dd
1844 4090 1862 4112 2
2261 4082 2305 4110 De

2324 3027 2456 3063 *112223
