2570 4261
690 152 801 194 ET
886 153 1152 196 ACTA

0 248 40 269 nn.
53 236 96 267 D.-
144 238 212 270 Dit.
231 239 281 270 sub
300 240 411 277 privato
429 237 516 275 sigillo
538 237 638 268 nostro
662 237 755 276 Aquis.
775 236 951 270 duodecimo
973 239 1019 270 die
1039 237 1174 277 Septem-

4 277 70 312 287-
114 278 190 317 bris,
208 289 283 309 anno
300 278 398 316 Regni
410 277 499 308 nostri
514 278 614 316 quinto
624 274 749 307 decimo.

0 319 32 343 lv.
56 323 80 344 1.

154 353 262 385 Dorso.

150 391 298 423 Edmond.
318 391 429 422 Comte
442 390 478 421 de
493 390 681 429 Cornewaill,
701 391 718 421 a
732 390 794 421 Sire
807 391 939 423 William
959 391 996 423 de
1018 391 1180 423 Hamelton

115 432 198 462 saluz.

154 470 244 500 Nous
258 477 330 497 vous
345 468 453 504 prioms
468 476 524 504 que
537 477 607 496 vous
623 466 745 497 furnisez
755 467 782 498 le
802 468 985 500 mandement
998 467 1096 500 nostre
1109 466 1180 505 Sey-

115 518 205 549 gneur
218 508 243 537 16
258 506 326 543 Roy
339 505 437 535 solone
452 505 477 535 la
490 513 591 535 tenure
602 506 638 535 de
653 505 745 535 cestre
759 506 847 536 lettre.

154 546 179 576 Ε
188 570 198 584 ,
216 554 268 582 pur
285 553 340 573 ceo
363 553 419 581 que
432 552 504 573 nous
517 543 629 573 suismes
643 553 677 574 au
691 543 763 574 Pari<
778 545 815 575 de
826 545 1042 585 Wyndespuer,
1059 554 1113 575 ave
1127 553 1179 574 nus

116 583 236 617 Cosines
252 606 261 620 ‚
288 582 404 612 l’avoms
424 581 531 611 enselee
553 581 591 612 du
608 582 660 611 seel
682 581 778 613 nostre
801 583 896 614 chiere
916 584 1041 623 Cosine,
1059 582 1181 613 Madam

117 622 260 659 Alyanor,
279 619 351 650 fielle
365 630 400 650 au
413 619 500 658 Roy,
518 620 552 650 &
566 620 689 659 garden,
709 621 798 652 cestre
812 622 900 653 lettre.

330 746 380 777 De
397 742 563 777 Rebellione
581 746 766 789 Wllenstum
783 746 982 793 reprimenda.

2 845 51 866 ῃῃ,
63 833 104 864 D,
123 827 259 890 REX
282 829 435 868 omnibus,
453 829 488 860 ad
524 840 575 861 uos
588 830 733 871 praesentes
768 831 828 862 &c.
848 831 971 864 salutern.

2 874 87 911 1287.
222 867 320 898 Sciatis
334 867 412 905 quod
427 878 494 899 cum
539 869 612 908 esus,
630 869 701 900 1111115
715 855 867 900 Mereduci
880 895 889 909 ,
907 873 940 903 ὃ(
961 870 1116 909 complices
1129 869 1185 908 sui,

0 925 29 941 n.
46 923 55 940 ι
61 922 88 948 5.
122 906 232 936 inimici
245 905 351 944 nostri,
369 907 560 938 turbationem
575 916 673 938 contra
682 918 734 938 nos
748 909 776 937 in
790 909 912 946 partibus
928 910 1058 947 Walliae,
1076 910 1106 939 in
1118 919 1185 939 nos-

0 974 4 979 ,
25 961 49 978 1.
122 943 376 1012 trisspraejudicium
394 946 428 976 ὃ(
450 955 651 985 contemptum
675 947 872 986 manifestum,
891 949 1036 979 temerarie
1046 950 1107 986 jam
1121 957 1188 978 mo-

0 997 33 1018 rt.
64 998 96 1015 i·
122 994 151 1014 vi
177 992 242 1020 ent,

0 1050 5 1055 .
31 1038 54 1055 1.
69 1003 108 1055 731.
139 1036 142 1039 ·
159 1021 204 1051 Ac
224 1031 277 1051 nos
284 1044 294 1060 ,
313 1030 516 1060 contemptum
538 1023 571 1053 &
592 1023 670 1053 trans
683 1023 835 1054 1611100610
855 1023 1187 1063 praedietamvindicare

122 1059 303 1098 affeerantes,
322 1059 440 1090 (11166105
453 1062 487 1092 ὅ(
502 1060 596 1092 fideles
613 1032 744 1100 0011105,
764 1063 917 1100 Rogerum
933 1064 959 1095 16
974 1063 1067 1103 Bygot
1081 1062 1188 1093 Comi-

123 1108 183 1130 tem
197 1098 288 1128 Norf.
307 1099 341 1129 86
363 1098 560 1130 Marescallum
575 1100 703 1140 Angliae,
726 1101 760 1131 &
778 1102 844 1132 alios
861 1101 1032 1139 Magnam,
1057 1099 1190 1132 Comites

122 1140 158 1169 ὅ(
183 1137 307 1167 Β3101165
328 1137 364 1167 (16
384 1147 474 1177 regno
489 1137 604 1176 nostro,
623 1141 816 1178 rogaverimus
831 1140 863 1170 ad
879 1148 968 1178 partes
982 1139 1037 1170 illas
1051 1138 1190 1169 acceden-

122 1176 170 1214 di,
188 1176 222 1206 ad
237 1175 383 1206 dictorum
395 1177 580 1207 inimicorum
594 1177 628 1208 &
651 1177 799 1208 rebellium
814 1179 948 1209 malitiam
964 1177 1191 1215 reprimendam,

123 1217 173 1252 qui
194 1213 311 1252 quidem
327 1214 475 1254 Magnates
496 1225 548 1253 pro
569 1215 731 1246 commodo
750 1217 784 1247 &
799 1216 910 1247 honore
924 1216 1042 1254 nostro,
1059 1215 1093 1246 ea
1105 1225 1191 1246 occa-

124 1254 217 1290 sione,
235 1252 270 1282 ad
285 1261 372 1290 partes
388 1253 443 1283 illas
458 1263 543 1283 manu
559 1254 665 1284 armata
681 1253 795 1284 viriliter
809 1255 1002 1292 accesserunt;

162 1291 232 1322 Nos
260 1291 355 1321 eidem
381 1290 494 1322 Comiti
512 1290 614 1321 Norffi
634 1292 825 1329 promittimus
846 1303 896 1330 per
914 1293 1063 1330 praesentes
1077 1316 1087 1330 ‚
1112 1291 1192 1330 quod

124 1330 236 1360 nullum
251 1329 377 1367 fastum,
397 1329 475 1368 quod
488 1328 563 1396 ciipse,
581 1337 628 1359 aut
637 1330 692 1368 sui,
710 1329 744 1359 ad
757 1339 887 1369 rogatum
907 1331 1004 1361 dilecti
1025 1329 1192 1371 consangui-

125 1370 173 1399 nei
188 1370 222 1399 &
236 1367 322 1398 fidelis
337 1367 442 1405 nostr-i,
460 1366 486 1397 E
506 1368 607 1398 mundi
619 1367 744 1398 Comitis
758 1367 934 1405 Cornubiae,
947 1369 1048 1399 locum
1061 1369 1191 1400 nostrum

126 1408 157 1437 in
180 1406 283 1444 Anglia
301 1407 419 1436 tenentis
432 1430 442 1444 ,
466 1406 596 1436 fecerunt
617 1408 647 1437 in
670 1405 849 1444 expeditione
869 1407 966 1438 nostra
979 1431 988 1445 ,
1006 1416 1059 1446 pro
1075 1409 1193 1447 negotio

126 1445 266 1484 praedicto
282 1468 293 1482 ,
316 1445 346 1474 in
367 1445 489 1482 partibus
500 1443 615 1474 Walliae
633 1445 793 1483 supradiftis
809 1469 819 1485 ,
841 1445 953 1476 (11610111
976 1454 1194 1486 contemptum,

127 1493 159 1521 ut
175 1482 345 1523 praediffum
357 1483 415 1520 est,
433 1482 621 1521 vindicando,
639 1492 762 1514 vertatur
783 1485 811 1513 in
826 1484 1023 1522 praejudicium
1037 1484 1082 1514 seu
1099 1486 1194 1515 611136-

126 1521 303 1553 redarionem
317 1521 385 1552 (11611
400 1520 526 1552 Comitis
540 1521 574 1552 N
577 1520 644 1552 orff.
663 1522 743 1560 super
758 1521 941 1561 Marscalcia,
957 1532 1042 1561 quam
1060 1522 1097 1552 de
1112 1525 1194 1553 nobis

128 1569 205 1592 tenet
217 1562 246 1590 in
262 1561 368 1598 capite,
385 1569 432 1591 aut
446 1559 526 1591 cedat
540 1560 634 1591 eidem
647 1562 677 1591 in
691 1561 851 1593 servitutem
866 1561 1025 1601 SerJantiae,
1043 1570 1093 1599 per
1109 1572 1195 1600 quam

128 1609 207 1631 tenet
222 1597 419 1629 Marscalciam
433 1597 627 1637 supradietam.

166 1637 203 1673 ln
213 1638 308 1676 cujus²
327 1638 389 1669 &c.

161 1713 259 1746 Teste
269 1712 442 1754 Edmundo,
459 1713 582 1746 Comite
595 1713 771 1755 Cornubiae,
788 1715 999 1756 consanguineo
1014 1715 1104 1756 Regis
1119 1715 1194 1755 apud

126 1750 255 1783 §vestm
277 1760 312 1790 17
329 1752 376 1783 die
391 1752 574 1792 Septembris.

129 1877 238 1911 Lirem
265 1875 479 1911 Cardinalium
496 1903 507 1920 ,
524 1877 596 1924 sede
613 1890 763 1922 vacante,
783 1889 841 1926 pro
859 1876 1031 1911 liberatione
1051 1882 1199 1927 Princip&

572 1927 770 1962 Salernitam‘.

0 2020 55 2059 ω
74 2024 108 2058 D
134 2011 370 2074 Miseratione
381 2012 476 2045 divina
490 2012 640 2052 Episcopi,
654 2012 820 2052 Presbiteri,
839 2012 1008 2045 &Diaconi
1021 2012 1201 2045 sacrosanctae

0 2051 69 2098 mg',
108 2051 115 2058 ‘
184 2054 189 2058 “
235 2051 380 2084 Romanae
400 2051 535 2083 Ecclesiae
553 2051 716 2083 Cardinales
728 2075 738 2091 ,
753 2050 895 2083 carissimo
909 2051 1045 2085 Ecclesiae
1059 2052 1119 2083 filio
1134 2051 1202 2082 Do-

0 2109 27 2134 in
57 2074 91 2141 175'
131 2090 215 2120 mino
236 2089 380 2122 Edwardo
393 2114 403 2130 ,
429 2090 489 2122 Dei
510 2093 614 2131 gratia,
633 2090 710 2129 Regi
725 2091 839 2131 Angliae
853 2090 970 2129 illustri,
985 2090 1103 2122 salutem
1117 2092 1147 2122 in
1163 2101 1200 2122 60

0 2149 10 2165 =
31 2126 49 2171 ”¹
93 2125 101 2133 '
134 2129 183 2167 qui
197 2128 327 2169 Regibus
338 2129 386 2160 dat
395 2129 519 2160 salutern.

0 2165 17 2192 7‘
34 2166 62 2211 3¹
72 2181 96 2220 f
171 2167 196 2187 *⁶
211 2165 314 2207 Regiae
334 2167 514 2201 Celfitudinis
533 2168 628 2200 litteris
646 2167 757 2207 pridem
779 2166 863 2198 nobis
876 2177 926 2206 per
938 2166 1049 2199 vestros
1063 2167 1202 2199 Nuncios

0 2203 42 2248 “3
57 2205 81 2249 'b
92 2204 99 2211 ⁶
132 2204 291 2245 destinatis,
307 2208 380 2238 inter
403 2208 454 2237 alia
476 2206 677 2245 referentibus,
696 2206 842 2238 intelleeco
856 2205 935 2244 quod
950 2206 1080 2237 liberatio
1095 2205 1200 2237 cariffi-

0 2232 118 2288 fni-lefa—
133 2245 175 2274 mi
195 2243 332 2276 Ecclesiae
351 2245 402 2275 filii
422 2244 520 2276 Caroli
540 2246 748 2285 primogeniti,
770 2245 854 2276 clarae
869 2246 1037 2284 memoriae,
1056 2244 1093 2276 C.
1113 2245 1203 2285 Regis

0 2308 74 2327 mm,
131 2282 236 2314 Siciliae
249 2283 300 2315 sub
314 2285 397 2315 certis
408 2284 637 2322 conditionibus,
655 2294 777 2323 quarum
792 2284 876 2314 nobis
891 2291 961 2314 nota
977 2283 1119 2315 certitudo
1143 2294 1204 2315 non

0 2338 42 2365 ,Π
72 2321 109 2374 §.⁶4
131 2321 241 2361 aderat,
258 2323 416 2361 sperabatur
430 2324 459 2353 in
475 2324 608 2362 proximo
621 2331 817 2361 proventura,
836 2332 888 2353 nos
901 2346 911 2362 ,
929 2322 1050 2360 proinde
1064 2331 1205 2361 concepta

45 2346 68 2375 '3
113 2359 227 2392 'laetitia
271 2361 463 2393 sollicitudinis
482 2362 586 2393 vestrae
607 2361 737 2392 laborem
756 2362 790 2393 ὃ(
803 2370 952 2392 rumorem
966 2361 1138 2393 liberationis
1152 2362 1206 2393 hu-

129 2383 256 2439 jusmodi
271 2408 363 2440 gratos
376 2400 526 2431 habuimus
539 2399 698 2431 admodum
714 2401 749 2431 &
763 2406 908 2437 acceptos.

170 2437 226 2476 Et,
245 2440 308 2478 quia
320 2439 516 2469 liberationem
529 2439 714 2470 vehementer
727 2438 927 2476 appetebamus
941 2437 1083 2482 eandam,
1099 2437 1204 2468 Excel-

136 2475 254 2507 lentiam
274 2477 321 2508 Re
341 2479 396 2507 iam
415 2478 536 2508 excitare
555 2478 716 2508 curavimus
731 2501 742 2514 ,
767 2485 798 2506 ut
819 2475 857 2506 116
870 2475 977 2506 vestros
990 2485 1159 2507 continuare
1170 2477 1209 2506 la-

138 2516 240 2554 bores,
257 2517 291 2547 &
313 2486 404 2546 1ξο(113
422 2517 569 2554 curaretis,
586 2523 618 2546 ut
635 2515 717 2553 ipsius
737 2515 909 2545 liberationis
931 2514 1052 2546 effeetus
1067 2515 1097 2545 in
1110 2515 1208 2554 brevi,

138 2554 255 2585 31161016
271 2554 406 2584 Domino
415 2578 424 2592 ,
440 2554 518 2593 sequi
531 2554 641 2593 posset,

178 2592 310 2631 Revera,
328 2593 399 2623 sicut
409 2592 471 2622 alias
487 2603 536 2631 per
551 2591 658 2623 nostras
671 2591 774 2622 litteras
788 2590 937 2630 didicistis,
952 2592 1070 2623 habetur
1084 2602 1133 2630 per
1148 2591 1207 2623 hoc

139 2630 169 2661 in
185 2631 268 2662 vobis
283 2630 320 2661 de
334 2641 394 2669 quo
408 2630 504 2661 Mater
516 2632 620 2662 exultet
632 2630 773 2669 Ecclesia,
788 2630 910 2661 mundus
923 2630 1039 2670 gaudeat
1048 2654 1056 2669 ,
1065 2632 1098 2662 &
1112 2640 1209 2661 exem-

139 2669 185 2707 pla
206 2669 436 2700 commendanda
455 2670 601 2708 suscipiant
620 2669 765 2707 Principes
787 2668 958 2707 Christiani,
976 2669 1047 2700 dum
1061 2680 1130 2708 VOS,
1149 2679 1211 2700 tan-

140 2717 230 2746 quam
250 2707 321 2738 filius
337 2707 543 2738 benedictionis
561 2710 595 2740 86
617 2709 729 2747 gratiae,
749 2706 850 2738 Matris
862 2707 963 2739 vestrae
977 2708 1100 2739 zelantes
1114 2709 1211 2739 hono-

142 2755 223 2790 rem,
240 2755 343 2785 pacem
363 2746 459 2777 seculo
479 2748 513 2778 &
533 2748 658 2786 quietem
676 2747 754 2776 orbis
775 2754 855 2777 terrae
871 2745 1054 2787 Magnatibus
1076 2757 1211 2785 procura-

142 2793 186 2816 ns,

184 2823 263 2863 Qia
284 2824 370 2864 igitur
391 2823 587 2854 liberationem
606 2823 792 2863 primogeniti
806 2822 955 2861 firpradidti
967 2832 1048 2855 tanto
1061 2826 1149 2864 magis
1162 2835 1212 2863 ap-

143 2863 283 2900 petimus,
320 2870 406 2893 uanto
420 2861 568 2901 personam
581 2863 639 2902 ejus
653 2862 777 2892 uberiori
791 2862 990 2902 prosequimur
1004 2865 1117 2894 caritate
1131 2888 1140 2901 ,
1160 2864 1212 2894 Se-

144 2901 293 2931 renitatem
374 2901 445 2939 iam,
461 2902 531 2932 sicut
546 2902 668 2939 iterum,
686 2900 724 2931 fic
737 2901 867 2932 attentius
880 2902 1011 2932 duximus
1025 2903 1211 2941 excitandam,

143 2947 178 2968 ut
190 2938 300 2969 labores
320 2909 429 2969 vffiros
451 2940 485 2970 ὃ(
499 2939 588 2970 studia
609 2940 749 2978 praelibata
765 2939 803 2969 116
815 2941 983 2971 6001100316
993 2940 1099 2980 velitis,
1116 2941 1213 2972 obsta-

146 2976 211 3007 cula
225 2977 258 3007 8(
271 2977 474 3014 impedimenta
488 2978 621 3015 quaelibet
637 2978 725 3017 (siqua
736 2978 829 3008 forsan
838 3001 847 3016 ,
865 2986 951 3016 prout
964 2980 1129 3019 contingere
1141 2980 1212 3011 solet

147 3015 178 3045 in
191 3014 298 3052 arduis,
316 3016 469 3052 orirentur)
486 3015 638 3054 prudenter
652 3018 685 3048 ὃ(
700 3016 817 3048 sollicite
831 3017 1048 3056 submoventes,
1067 3027 1098 3049 ut
1112 3017 1212 3049 exinde

149 3053 244 3084 honor
264 3053 334 3084 Deo
357 3055 391 3086 &
412 3053 548 3085 Ecclesiae
564 3079 574 3092 ,
590 3065 623 3085 ac
636 3054 729 3086 eidem
742 3057 948 3100 primogenito,
966 3057 1079 3095 ejusque
1093 3056 1210 3097 posteris

147 3090 454 3138 utilitas-producatur,
472 3092 506 3123 &
521 3092 622 3133 Regiae
634 3091 895 3134 circumspectionis
910 3094 1044 3126 industria
1059 3095 1212 3134 poffitnon

148 3138 296 3160 immerito
311 3131 518 3161 commendari.

152 3207 166 3210 ’“
186 3205 255 3236 Dat.
275 3205 384 3236 Romae
397 3207 470 3246 apud
483 3207 616 3239 Sanftam
631 3208 762 3241 Sabinam
774 3209 898 3242 secundo
912 3210 998 3242 Non.
1017 3211 1211 3250 Novembris,

150 3253 227 3288 anno
242 3243 367 3275 Domini
379 3246 529 3278 millesimo
540 3246 736 3279 ducentesimo
749 3250 929 3290 octogesimo
939 3250 1069 3290 septimo.
1085 3251 1213 3290 Aposto-

150 3281 204 3314 hca
218 3282 282 3313 sede
295 3293 420 3316 vacante.

249 3418 300 3451 De
318 3417 454 3451 Malitia
474 3421 509 3456 ὠ
530 3416 692 3452 Rebellione
710 3420 886 3464 Wlenstum
906 3423 1110 3470 reprimendis.

153 3501 291 3565 REX
314 3502 422 3534 (1116610
439 3504 473 3535 &
493 3502 568 3534 fideli
589 3503 657 3544 suo,
675 3504 832 3537 Edmundo
845 3506 881 3538 de
895 3507 1019 3540 Mortuo
1035 3508 1131 3547 Mari,
1149 3507 1218 3538 salu-

232 3552 300 3573 [em.

7 3513 82 3548 Ann.
95 3513 136 3545 D.

5 3555 124 3627 Αέἓῗζ
193 3582 271 3620 Qia
283 3590 317 3611 ex
329 3580 415 3611 relatu
427 3579 652 3620 fidedignorum,
669 3581 853 3614 intelleximus
868 3585 946 3624 quod
961 3585 1051 3616 Resus
1068 3585 1138 3615 filius
1148 3584 1216 3615 Me-

10 3634 46 3657 g„
59 3641 80 3658 ι,
156 3619 272 3659 reduci,
290 3619 348 3650 selo
369 3620 402 3651 &
426 3620 535 3650 16061115
557 3621 652 3650 noster
667 3643 677 3658 ,
700 3621 732 3651 &
755 3622 868 3659 quidam
887 3624 1012 3654 malivoli
1033 3624 1154 3654 fautores
1175 3624 1215 3653 sui

5 3668 138 3697 Romffln,
155 3659 279 3696 quadarn
302 3655 461 3689 1060010113
484 3657 594 3690 levitate
615 3659 709 3696 moti,
735 3661 858 3690 maxime
872 3671 986 3702 propter
1001 3665 1107 3693 viarum
1121 3662 1217 3692 discri-

11 3715 54 3742 ¹5·
70 3711 98 3734 E⁴
120 3716 142 3734 ι,
156 3698 249 3736 mina,
267 3698 301 3728 ὅ(
314 3697 363 3727 3113
378 3706 442 3736 (1οπ
456 3698 610 3735 viantibus,
626 3699 654 3727 in
669 3696 779 3728 instanti
793 3700 895 3736 yemali
906 3709 1052 3739 ternpore,
1072 3701 1217 3738 plusquam

6 3754 44 3773 m,
57 3745 84 3773 8⁴
97 3746 124 3773 d.
156 3734 227 3774 alio,
246 3737 276 3766 in
296 3736 418 3774 partibus
433 3734 620 3766 Westwalliae
640 3735 700 3766 sunt
720 3738 824 3766 nociva
871 3748 973 3768 600113
995 3750 1047 3770 nos
1067 3741 1101 3771 δε
1124 3739 1217 3770 fideles

157 3773 270 3805 nostros
285 3776 345 3814 jam
364 3773 567 3804 insurrexerunt
582 3796 591 3811 ,
616 3775 649 3805 &
673 3784 773 3812 pacem
788 3761 914 3806 nostram
930 3777 1036 3808 ibidem
1050 3779 1162 3808 turbare
1175 3779 1218 3808 ni-

156 3819 272 3852 tuntur,
287 3822 372 3844 terras
395 3812 503 3843 nostras
522 3813 555 3843 &
577 3811 704 3842 fidelium
718 3813 899 3852 nostrorum,
914 3816 943 3845 in
964 3816 1067 3847 eisdem
1078 3817 1218 3855 partibus,

155 3850 243 3880 00616
256 3851 360 3890 dieque
373 3851 566 3889 circueundo,
585 3850 759 3882 &Castrum
771 3851 901 3882 nostrum
913 3852 949 3883 de
963 3853 1085 3893 Emelyn
1096 3857 1155 3893 jam
1168 3865 1219 3885 ne-

155 3889 248 3931 quiter
260 3890 450 3928 occupando,
467 3891 500 3921 &
513 3889 643 3920 homines
657 3889 770 3920 nostros
790 3891 823 3921 ὃ(
846 3890 971 3921 fidelium
990 3893 1157 3924 nostrorum
1175 3895 1219 3923 in-

155 3926 325 3995 16111616οἀιέ
335 3951 345 3966 ,
370 3939 402 3960 36
425 3930 503 3967 plura
522 3929 572 3959 alia
592 3929 718 3958 enormia
737 3937 836 3959 contra
852 3938 954 3966 pacem
968 3931 1096 3961 nostram
1112 3932 1219 3962 ibidem

157 3972 306 4002 perpetrari
325 3976 354 3996 o.

195 4001 264 4032 Nos
277 4003 389 4035 maritiae
399 4004 604 4043 praedietiRefi
618 4006 651 4036 ὃ(
664 4004 805 4036 fautorum
820 4004 935 4036 suorum
949 4006 1151 4043 111-31111ἃο1001
1166 4009 1221 4039 00-

145 4041 250 4080 viare,
267 4042 302 4074 &
315 4044 395 4082 paci,
412 4045 445 4077 &
458 4044 640 4083 tranquilitati
653 4045 774 4083 partium
787 4044 986 4084 praedidtarum
1002 4046 1151 4083 providere
1165 4057 1221 4078 vo-

1238 152 1715 203 PUBLICA.
2229 172 2276 202 21

1224 237 1328 283 lentes,
1346 243 1429 272 vobis
1441 244 1621 283 mandamus,
1639 247 1668 277 in
1683 246 1738 277 fide
1752 248 1785 279 ὃ(
1799 246 1951 278 dilectione
1965 271 1975 287 ,
1992 248 2094 286 quibus
2107 245 2191 278 nobis
2204 253 2284 277 tene·
2306 242 2382 274 Ann-
2391 239 2431 271 D*

1226 286 1313 320 mini,
1330 277 1449 325 firmiter
1462 283 1651 322 injungentes,
1665 285 1743 323 quod
1755 287 1784 315 in
1800 285 1934 316 Maneriis
1946 288 1979 318 ὅ(
1990 286 2087 317 Terris
2100 285 2284 325 vestris,par-
2330 280 2414 316 1287·

1226 316 1455 360 tibus-praedichs
1469 321 1657 358 adjacentibus
1671 345 1682 361 ,
1707 334 1819 354 moram
1837 326 2005 355 continuam
2019 325 2165 362 facientes,
2184 332 2284 354 contra
2304 322 2370 349 Ελ-ιιι
2392 325 2415 344 x-

1224 354 1394 399 praedidturn
1416 356 1525 389 Resum
1543 361 1576 390 &
1595 360 1715 391 fautores
1735 362 1798 392 suos
1813 363 1964 400 praedictos
1979 372 2110 401 potenter
2122 364 2156 394 &
2171 362 2286 394 viriliter

1225 392 1385 437 insurgatis,
1403 395 1437 425 ὅ(
1455 396 1527 433 ipsos
1541 405 1598 427 tam
1612 398 1648 428 de
1662 400 1766 438 00616,
1786 401 1873 439 quarn
1886 401 1922 431 de
1935 401 1996 440 die,
2014 412 2084 432 curn
2096 401 2176 439 equis
2193 401 2227 431 &
2242 409 2285 429 ar-

1227 440 1280 461 mis
1303 432 1449 476 diligenter
1468 435 1502 465 ὃ(
1515 436 1667 467 efficaciter
1683 438 1881 484 insequamini,
1900 440 1972 477 ipsos
1985 438 2143 478 capiendo,
2161 440 2195 470 &
2206 437 2284 469 salvo

1226 469 1432 512 custodiendo,
1446 472 1542 504 donec
1560 475 1633 504 aliud
1647 476 1713 505 inde
1725 486 1951 518 praeceperimus.

1240 547 1244 551 ·
1264 507 1335 539 Nec
1352 510 1484 541 volumus
1507 512 1585 549 quod
1604 512 1619 542 ὲ
1640 514 1761 551 parribus
1776 516 1915 552 praedictis
1930 525 2050 555 quoquo
2064 514 2155 546 modo
2170 512 2286 546 receda-

1224 553 1275 585 tis,
1293 555 1444 592 antequam
1464 551 1567 581 malitia
1589 552 1623 582 &
1642 552 1759 582 rebellio
1779 554 1860 591 ipsius
1876 554 1944 584 Resi
1965 556 1998 586 &
2014 555 2157 586 fautorum
2169 554 2287 585 suorum

1225 585 1429 623 praednstorum
1443 589 1553 625 penitus
1566 590 1757 627 reprimantur.
2280 603 2284 607 ’

1263 621 1351 655 Ε1113
1362 623 1508 665 diligenter
1520 629 1554 658 &
1566 628 1681 658 viriliter
1694 639 1746 659 vos
1757 630 1856 666 geratis
1870 630 1898 660 in
1912 629 2058 668 praemissis
2074 652 2084 668 ,
2109 629 2189 668 quod
2208 639 2289 668 aper*

1227 663 1473 708 161361116061311105
1487 664 1566 703 quod
1579 666 1681 698 malitia
1694 667 1728 698 &
1743 668 1858 699 rebellio
1872 669 2029 700 eorundem
2043 679 2091 709 per
2107 669 2233 699 vestrum
2255 669 2288 698 &

1227 700 1495 746 aliorum'fidelium
1515 703 1682 735 nostrorum
1696 727 1706 743 ‚
1749 707 1850 737 artium
1873 708 1982 738 illarum
1999 730 2008 746 ,
2027 707 2127 745 quibus
2140 707 2199 739 hoc
2212 706 2290 738 idem

1228 739 1441 781 mandavimus,
1455 743 1606 774 consilium
1619 744 1652 775 &
1667 753 1702 774 au
1723 745 1727 749 ’
1740 745 1801 775 ium
1815 746 1936 777 totaliter
1949 745 2125 784 repellantur.

1266 815 1361 846 Teste
1371 816 1528 849 Edmundo
1537 844 1546 858 ,
1563 819 1683 851 Comite
1694 820 1851 853 Cornubiae
1865 846 1875 862 ,
1893 822 2102 863 consanguineo
2117 820 2206 861 Regis
2218 819 2292 860 apud

1230 852 1358 885 Westm.
1379 864 1417 894 14
1430 856 1477 887 die
1491 857 1690 899 Novembris,

1267 928 1382 962 Eodem
1394 932 1486 964 modo
1498 934 1662 965 mandatum
1675 934 1718 967 est
1731 936 1865 967 omnibus
1879 936 2053 977 subscriptis,
2071 937 2220 976 videlicet,

1232 1008 1333 1044 Rogero
1345 1007 1377 1036 de
1394 1010 1505 1039 Mortuo
1521 1013 1623 1048 Mari,

1234 1047 1315 1075 Petro
1332 1045 1444 1085 Corbet,

1232 1086 1333 1121 Rogero
1349 1086 1494 1115 Extraneo
1502 1109 1512 1124 ,

1233 1121 1343 1152 Falconi
1348 1122 1411 1163 filio
1428 1126 1554 1162 Wrini,

1234 1160 1364 1198 Johanm'
1374 1164 1519 1192 Extraneo
1526 1187 1536 1200 ,

1237 1197 1365 1237 Galfrido
1381 1202 1411 1230 de
1424 1200 1587 1240 Carnnvill,

1239 1239 1281 1266 W
1282 1237 1390 1268 illielmo
1405 1242 1518 1269 Martm
1528 1264 1538 1278 ,

1237 1277 1355 1306 Guidoni
1369 1278 1401 1306 de
1414 1279 1514 1307 Briene
1522 1303 1532 1317 ,

1236 1317 1340 1344 Oweno
1355 1316 1387 1345 de
1401 1315 1430 1344 la
1444 1316 1520 1355 Polo,

1238 1352 1380 1391 Radulpho
1394 1355 1425 1383 de
1438 1357 1510 1393 Tony
1518 1378 1528 1393 ,
1787 1355 1885 1385 Alana
1900 1358 2016 1393 Pogonet
2024 1355 2227 1396 Constabulario
2235 1361 2303 1388 Cas-

1239 1392 1258 1411 *
1280 1393 1323 1421 W
1321 1391 1430 1422 illielmo
1444 1393 1476 1422 de
1488 1392 1586 1432 Breus
1825 1397 1864 1423 tri
1876 1394 1908 1423 de
1922 1394 2069 1435 Droffi’lan

1239 1429 1350 1460 Matill.
1366 1432 1398 1460 de
1413 1434 1525 1462 Mortuo
1541 1435 1639 1471 Migri,
1657 1439 1749 1462 muta-
1787 1431 1991 1472 Constabularz'o
2021 1419 2112 1474 Cassri
2141 1434 2174 1464 de
2204 1432 2301 1475 Grose-

1278 1472 1314 1497 tis
1325 1470 1463 1498 mutandis
1469 1493 1479 1507 ,
1826 1472 1913 1501 mund
1917 1494 1927 1510 ,

1241 1508 1358 1537 Ricardo
1361 1506 1424 1548 filio
1439 1507 1549 1547 Alani,
1790 1508 1992 1550 constabulario
2000 1509 2090 1551 Castra·
2103 1509 2135 1541 de
2147 1510 2225 1543 Albo
2233 1515 2301 1543 Cas-

1240 1544 1371 1583 Johanni
1385 1546 1416 1575 de
1431 1546 1581 1586 Hastinge,
1829 1555 1891 1587 tro,

1240 1583 1373 1622 Johanni
1386 1584 1417 1613 de
1430 1587 1459 1614 T
1454 1596 1533 1622 regoz
1543 1609 1552 1623 ,
1793 1586 1924 1624 Johanni
1930 1585 1995 1629 filio
2010 1586 2154 1624 Reginaldi
2161 1612 2172 1627 ‚

1241 1625 1345 1659 Bogoni
1362 1624 1394 1653 de
1415 1623 1535 1653 Knouill.
1548 1621 1755 1663 Constalmlario
1793 1625 1925 1664 Johanni
1953 1624 2070 1664 Gifflzrd
2100 1625 2306 1667 Constabularia

1276 1661 1368 1702 castri
1380 1662 1412 1691 de
1425 1665 1523 1692 Monte
1537 1665 1645 1692 Gomeri
1655 1685 1666 1701 ,
1831 1664 1920 1703 Castri
1932 1665 1965 1694 de
1980 1664 2073 1694 Buelt.

1784 1011 1986 1051 Constabulario
2001 1013 2033 1043 de
2049 1017 2205 1043 Monemeue
2214 1038 2225 1052 ‚

1785 1049 1987 1089 constabulario
2003 1053 2034 1081 de
2049 1052 2118 1081 Sken
2135 1052 2209 1091 rith,

1782 1089 1891 1125 Hugoni
1905 1089 1938 1117 de
1953 1089 2101 1119 Turbervil
2114 1115 2119 1120 .
2133 1093 2238 1121 tenenti
2257 1088 2297 1121 lo«

1821 1136 1878 1155 cum
1917 1129 2027 1156 ottonis
2066 1129 2098 1159 de
2130 1127 2298 1168 Grandifimo

1819 1163 1979 1203 Justiciario
1995 1165 2195 1196 Northwalliae
2203 1189 2213 1205 ,

1785 1201 1934 1239 Reginaldo
1966 1204 1999 1233 de
2031 1207 2103 1243 Grey
2136 1203 2300 1244 Justiciario

1826 1240 1952 1280 Cestriae‚

1792 1278 1909 1308 Roberto
1922 1279 1954 1309 de
1969 1279 2081 1321 Tybetot
2096 1278 2198 1320 Justic.
2215 1279 2300 1320 mst-

1827 1316 1932 1347 walliae
1940 1341 1950 1356 ‚

2324 1401 2456 1439 *113552

1288 1787 1395 1820 Litera
1419 1787 1507 1832 Regis
1535 1786 1667 1818 Francia
1687 1783 1806 1868 deAno7
1828 1784 2026 1834 prosequendo
2051 1790 2156 1823 Gentes
2171 1792 2261 1838 Regis

1711 1843 1713 1845 ,
1745 1847 1783 1882 ng
1796 1847 1837 1869 laen

1243 1918 1443 1989 ΡΙΓΙΓὲΙιίὲἰὲιῐξ,
1461 1918 1521 1951 Dei
1532 1919 1636 1960 gratia,
1655 1919 1832 1951 Francorum
1844 1918 1928 1961 Rex,
1944 1920 2104 1954 Senescallo
2117 1922 2311 1964 Petragorcen
2331 1929 2463 2002 Affg?

1282 1995 1363 2028 Cum
1382 1997 1465 2028 vobis
1485 1997 1549 2028 alias
1569 1996 1796 2029 mandaverimus
1815 1998 1894 2036 quod
1914 2009 1960 2038 ea,
1981 2010 2063 2039 quae,
2083 2001 2191 2033 ratione
2209 2003 2311 2035 inobe-
2333 2015 2385 2040 An.
2405 2013 2446 2039 16„

1246 2035 1377 2072 dientiae‚
1395 2045 1445 2074 per
1463 2035 1574 2067 Gentes
1586 2035 1720 2067 kariffimi
1733 2037 1766 2068 ὃ(
1783 2037 1980 2077 consanguinei
1994 2038 2082 2070 fidelis
2097 2041 2185 2071 nostri
2198 2042 2310 2073 illustris
2329 2055 2358 2078 E.
2383 2060 2405 2079 ι,

1246 2073 1336 2114 Regis
1348 2073 1462 2112 Angliae
1470 2097 1480 2114 ,
1495 2074 1570 2113 apud
1585 2074 1628 2105 Le
1647 2075 1768 2105 burnam
1783 2099 1793 2114 ,
1813 2076 1861 2106 seu
1880 2078 1988 2107 ratione
2007 2077 2113 2109 PortCis
2128 2080 2291 2119 Leyburnae
2301 2105 2312 2120 ,
2330 2094 2360 2117 L.
2373 2094 2403 2117 B.
2412 2088 2440 2128 f.

1246 2113 1349 2151 faaae,
1366 2112 1530 2157 sayfiveratis
1551 2113 1598 2144 seu
1628 2113 1707 2152 aysiri
1726 2113 1870 2153 feceratis,
1887 2116 2090 2156 deliberaretis,
2108 2128 2227 2151 manum
2244 2130 2313 2151 nos-
2334 2127 2380 2163 58,
2399 2139 2429 2157 a.

1246 2160 1320 2184 tram
1332 2151 1434 2182 exinde
1447 2161 1612 2183 amoventes
1622 2162 1629 2182 :

1285 2189 1324 2221 Et
1339 2190 1418 2229 quod
1432 2191 1449 2221 ὲ
1462 2190 1653 2229 processibus,
1668 2198 1769 2222 contra
1782 2190 1874 2229 ipsum
1889 2192 1924 2224 δ(
1938 2192 2001 2224 1005
2023 2193 2121 2225 11301115
2330 2174 2397 2204 penes
2413 2170 2466 2196 Ca«

1291 2230 1296 2235 .
1403 2231 1408 2235 ¹
1585 2230 1590 2235 ⁵
2163 2196 2315 2228 occasione
2333 2215 2429 2236 mmm

1248 2229 1427 2269 hujusmodi,
1443 2229 1604 2260 desisteretis
1618 2240 1625 2259 ι
1652 2239 1707 2260 1166
1722 2237 1822 2260 contra
1836 2240 1886 2260 eos
1898 2230 2012 2262 ulterius
2027 2218 2217 2270 procederetis
2232 2235 2315 2273 (dum
2426 2240 2429 2242 ’

1249 2276 1346 2299 tamen
1366 2268 1443 2299 idem
1463 2268 1530 2300 Rex
1547 2268 1662 2307 Angliae
1684 2269 1719 2300 &
1741 2267 1853 2299 Gentes
1874 2268 1930 2299 suae
1943 2269 2049 2301 vellent
2064 2272 2182 2303 obedire
2188 2274 2316 2311 judicato

1243 2307 1351 2339 *nostro
1370 2306 1509 2346 praedieto
1527 2307 1607 2346 super
1626 2306 1716 2340 Portu
1729 2306 1906 2346 Leyburnae)
1919 2306 2015 2339 donec
2028 2309 2045 2339 3
2058 2310 2143 2341 nobis
2157 2313 2318 2351 reciperetis

1250 2346 1324 2377 aliud
1337 2347 1365 2376 in
1379 2346 1514 2377 mandatis
1522 2370 1532 2385 ,

1290 2385 1357 2416 Vos
1372 2395 1408 2415 ue
1427 2384 1568 2423 praernisfii
1584 2385 1678 2415 facere
1697 2384 1902 2422 recusaveritis,
1917 2394 1972 2425 pro
1993 2395 2045 2423 eo,
2062 2394 2094 2417 ut
2112 2387 2214 2419 dicitur
2228 2413 2238 2428 ,
2255 2390 2320 2428 quia

1252 2423 1344 2454 didius
1389 2432 1423 2453 ex
1435 2423 1562 2464 Angliae,
1581 2423 1628 2454 vel
1638 2423 1742 2453 locum
1754 2422 1835 2453 suum
1853 2431 1980 2454 tenentes
2000 2425 2154 2457 noluerunt
2165 2426 2232 2457 dare
2244 2427 2317 2459 litte-

1251 2472 1331 2501 ram,
1344 2461 1396 2530 ἕὶεῙ
1405 2463 1488 2494 aliam
1502 2462 1623 2493 similem
1643 2463 1807 2493 cautionem
1825 2461 1934 2500 facere,
1948 2462 1985 2493 de
1997 2462 2176 2496 observando
2186 2465 2316 2505 judicato

1274 2502 1342 2531 raedi
1374 2510 1395 2530 o

1253 2512 1273 2540 p
1291 2538 1384 2569 Vobis
1392 2525 1623 2578 ‚’praecipiendo,
1639 2537 1768 2570 districte
1782 2538 1947 2570 mandamus
1960 2541 2089 2578 quatinus
2101 2543 2199 2573 omnia
2214 2544 2243 2573 in
2258 2544 2317 2582 pri-

1254 2587 1306 2608 mo
1326 2577 1406 2607 dicto
1426 2578 1561 2609 mandato
1581 2586 1737 2616 contenta,
1761 2577 1887 2609 absolute
1907 2579 1942 2609 &
1959 2579 2123 2617 simpliciter
2135 2582 2321 2623 compleati83

1254 2626 1315 2646 non
1328 2617 1423 2646 6113613
1435 2618 1526 2654 3116103
1538 2618 1686 2654 cautione,
1704 2626 1758 2647 nec
1772 2616 1904 2647 obstante
1917 2617 2007 2655 aliqua
2020 2618 2071 2648 alia
2083 2620 2250 2659 occafione,
2268 2630 2321 2658 per

1254 2664 1341 2693 quam
1360 2654 1451 2692 posset
1470 2654 1631 2694 hujusmodi
1649 2654 1815 2686 deliberatio
1836 2655 1983 2694 impediri;
2002 2666 2088 2696 curn,
2104 2657 2124 2688 fi
2135 2667 2235 2689 contra
2244 2658 2320 2698 judi-

1255 2701 1351 2724 catum
1373 2693 1503 2725 nostrum
1523 2694 1692 2732 praedidtum
1711 2694 1823 2725 fastum
1842 2694 1927 2725 fuerit
1940 2717 1951 2734 ,
1968 2695 2060 2733 ipsum
2073 2696 2211 2736 poffimus
2225 2698 2318 2729 facere

1256 2733 1417 2762 executioni
1431 2732 1572 2770 mandari·7

1291 2771 1361 2801 Nos
1377 2772 1453 2801 enim
1465 2771 1544 2802 dieto
1559 2771 1635 2811 Regi
1641 2770 1753 2810 Angliae
1765 2770 1925 2810 hujusmodi
1937 2773 2052 2812 gratiam
2067 2772 2204 2813 Facimus,
2213 2785 2320 2813 quous·

1257 2820 1314 2855 que
1326 2809 1416 2840 locuti
1419 2810 1563 2878 ζ1116111005
1576 2820 1646 2842 cum
1658 2810 1781 2849 eodem,
1798 2810 1845 2841 vel
1858 2809 1953 2842 donec
1967 2810 1983 2841 a
1995 2811 2080 2842 nobis
2094 2812 2167 2843 aliud
2178 2815 2320 2852 receperi-

1258 2857 1292 2880 tis
1307 2859 1338 2878 in
1352 2858 1419 2879 man
1438 2857 1496 2879 atis.

1295 2925 1406 2956 Actum
1420 2924 1502 2956 Paris.
1521 2924 1567 2956 die
1576 2924 1659 2964 Jovis
1669 2934 1735 2957 ante
1750 2925 1865 2957 Festum
1880 2925 2031 2958 Cathedrae
2045 2927 2141 2959 8311611
2154 2927 2232 2961 Petri
2244 2951 2255 2968 ,
2271 2937 2323 2960 an-

1256 2973 1297 2995 no
1311 2963 1437 2995 Domini
1451 2964 1604 2995 millesimo
1616 2964 1812 2996 ducentesimo
1826 2965 2006 3005 octogefimo
2019 2966 2135 2999 0613110.

1281 3098 1371 3130 Bulla
1389 3124 1399 3141 ,
1427 3108 1481 3145 per
1500 3108 1594 3144 quam
1616 3101 1701 3145 Papa
1719 3102 1850 3192 Ξκέσίαι
1874 3101 1950 3147 Regi
1976 3092 2144 3136 clemonem
2174 3099 2212 3135 de
2240 3100 2301 3147 'ff’

1741 3160 1760 3180 a
1790 3160 1854 3182 am·

1342 3231 1452 3263 Icolaus
1466 3231 1641 3300 EpiscofiuS,
1655 3233 1748 3264 servus
1758 3233 1906 3265 servorum
1920 3233 1997 3273 Dei,
2016 3234 2159 3266 cariffimo
2181 3235 2210 3265 in
2223 3232 2323 3264 Chris·
2340 3230 2417 3261 Ann.
2430 3230 2473 3262 D.

1353 3279 1385 3302 to
1403 3271 1462 3302 filio
1599 3279 1643 3310 egi
1664 3271 1776 3312 Angliae
1797 3272 1915 3312 illustri,
1939 3273 2056 3304 salutern
2074 3275 2108 3305 &
2122 3272 2321 3311 Apostolicam
2361 3271 2446 3302 1288.

1257 3309 1499 3340 benedictionem.
2337 3313 2390 3338 An.
2412 3311 2457 3338 16.

1292 3347 1403 3386 Judicia
1424 3349 1505 3387 Dei,
1527 3347 1623 3386 abysus
1635 3348 1740 3388 multa,
1756 3348 1825 3380 nulli
1836 3349 2007 3389 scrutabilia,
2025 3349 2093 3380 nulli
2108 3349 2320 3387 comprehensi-
2338 3352 2368 3376 E·
2393 3356 2415 3374 ¹-

1261 3387 1342 3425 bilia,
1361 3388 1430 3418 nulli
1450 3396 1540 3425 nota,
1559 3387 1620 3424 quis
1641 3389 1718 3417 enirn
1739 3390 1820 3418 novit
1837 3389 1907 3419 coeli
1927 3389 2079 3427 ordinem,
2097 3397 2128 3418 ut
2141 3388 2320 3427 supernarum
2337 3390 2377 3413 Ex
2390 3388 2449 3414 Au-

1262 3426 1475 3463 dispositionum
1486 3425 1577 3456 videat
1589 3425 1846 3465 praedestinationes
1855 3426 2003 3457 occultas?
2020 3436 2067 3457 aut
2081 3428 2141 3464 quis
2154 3435 2322 3464 ponere-po-
2341 3432 2404 3462 togr.

1262 3465 1316 3495 test
1331 3466 1471 3495 rationem
1487 3465 1543 3502 ejus
1556 3465 1585 3493 in
1600 3464 1690 3502 terra,
1708 3474 1739 3495 ut
1756 3474 1821 3496 ante
1842 3466 1966 3495 humana
1984 3464 2070 3496 corda
2087 3464 2184 3494 talium
2200 3464 2323 3495 secreto-

1263 3513 1326 3534 rum
1348 3503 1441 3534 causas
1458 3504 1575 3541 aperiat,
1590 3502 1637 3532 vel
1659 3503 1844 3540 supernorum
1860 3503 2033 3542 judiciorum
2053 3503 2173 3533 misteria
2192 3503 2322 3534 conside-

1263 3541 1352 3573 rando
1366 3541 1506 3580 discutiat,
1525 3540 1740 3578 manifestetque
1752 3542 1918 3581 loquendo?
1937 3542 2013 3572 Haec
2028 3543 2141 3579 utique,
2159 3543 2187 3571 in
2201 3542 2252 3572 hac
2266 3543 2323 3573 vita

1264 3581 1384 3620 positus,
1403 3581 1495 3610 facere
1514 3579 1604 3609 nullus
1628 3580 1721 3617 potest
1737 3580 1743 3610 l
1762 3590 1842 3619 ante,
1858 3581 2007 3611 hominem
2027 3589 2152 3618 namque
2173 3589 2257 3611 carne
2268 3582 2322 3611 cir-

1264 3620 1446 3657 cumdatum,
1464 3619 1544 3648 labor
1556 3617 1599 3648 est
1613 3619 1662 3648 ista
1677 3619 1865 3657 cognoscere,
1884 3619 1979 3650 donec
1999 3620 2027 3648 in
2042 3617 2167 3648 Domini
2187 3618 2322 3650 83116103-

1263 3660 1337 3689 rium
1361 3660 1401 3696 (in
1423 3667 1482 3695 quo
1502 3656 1564 3686 sunt
1580 3658 1678 3686 omnia
1696 3658 1810 3687 consilia
1825 3657 1903 3695 super
1916 3656 1987 3687 filios
2001 3656 2166 3695 hominum)
2181 3657 2322 3697 ergastulo

1264 3698 1392 3738 corporis
1414 3694 1553 3725 absolutus
1567 3719 1576 3733 ,
1601 3696 1743 3734 introeat,
1770 3696 1867 3733 ibique
1881 3705 1940 3725 non
1953 3695 2047 3725 10111111
2062 3694 2223 3734 praesentia,
2241 3696 2280 3727 set
2292 3706 2322 3727 e·

1262 3738 1329 3767 tiam
1344 3733 1495 3765 novissima
1509 3733 1642 3772 intelligat
1656 3735 1689 3764 &
1703 3734 1865 3774 cognoscat.

1297 3774 1416 3804 Horum
1431 3771 1548 3810 quidem
1564 3771 1750 3803 consideratio
1764 3772 1905 3810 miranda,
1920 3772 2057 3803 nimirum
2072 3771 2209 3812 stupenda
2221 3774 2323 3814 pariter

1261 3813 1295 3843 ὃ(
1311 3810 1457 3843 1161116οἀ3
1473 3834 1481 3848 ,
1507 3820 1559 3839 nos
1575 3834 1584 3848 ,
1608 3820 1662 3840 nec
1683 3812 1830 3841 immerito
1878 3811 2065 3842 admiratione
2077 3811 2222 3850 sollicitat,
2240 3822 2323 3842 men-

1259 3861 1376 3890 temque
1389 3849 1512 3880 nostram
1525 3849 1556 3878 in
1569 3849 1696 3888 gestione
1712 3849 1831 3887 stuporis
1844 3835 1959 3880 liebetat
1970 3852 2158 3889 concutitque
2171 3853 2284 3881 timore.

1300 3890 1443 3919 Miramur
1458 3888 1582 3925 etenim,
1600 3897 1660 3917 non
1682 3887 1786 3926 absque
1805 3889 1916 3918 timoris
1937 3888 2130 3927 magnitudine
2145 3899 2180 3922 ac
2195 3889 2323 3926 terroris,

1262 3928 1319 3966 (1οἂ
1333 3928 1421 3958 divini
1436 3925 1616 3963 dispositione
1626 3925 1741 3964 judicii,
1760 3927 1841 3956 nobis
1857 3936 1918 3957 non
1931 3926 2048 3964 indigne
2063 3928 2206 3965 terribilis,
2222 3935 2324 3956 contra

1262 3967 1386 3998 electum
1407 3967 1439 3997 &
1461 3964 1603 3994 firmatum
1623 3964 1753 3994 nostrum
1766 3989 1775 4002 ,
1802 3964 1890 3995 salutis
1911 3966 2153 4007 contemplatione
2167 3989 2176 4003 ,
2195 3963 2325 4003 proposi-

1262 4015 1326 4075 (οἙ
1340 4030 1350 4041 ,
1373 4006 1475 4036 totiens
1503 4003 1537 4035 ὃ(
1561 4002 1683 4035 demum
1701 4012 1809 4035 tantam
1829 4003 2063 4036 immutationem
2084 4005 2220 4044 receperit
2240 4003 2326 4033 status

1261 4054 1301 4075 no
1329 4053 1367 4074 er.

2260 4077 2328 4113 Eloe
