2570 4261
561 206 688 249 ET
772 205 1090 251 ACTA
1173 204 1751 250 PUBLICA.

0 313 16 335 ¹,
31 301 72 333 D,
90 295 160 362 guni
178 300 252 335 1307
266 292 394 325 secuturis
402 297 419 333 ',
440 294 471 323 in
484 301 563 324 antea
588 294 809 334 numerandum,
830 295 989 326 duxerimus
1008 297 1154 333 imponen-

0 341 47 372 06·
112 342 156 362 am
168 343 174 361 ἶ

2 402 9 409 .
32 390 56 407 i.
130 370 243 409 Vosque
257 380 305 407 per
317 370 379 400 alias
392 368 512 408 nostras,
521 371 591 400 certi
605 370 827 408 tenoris,litteras
838 371 1061 409 deputaverimus
1077 371 1156 409 ipsius

94 408 227 439 Decimae
248 408 440 447 collectores,

130 447 148 466 ³*
157 447 326 477 Fraternitati
339 446 435 476 vestrae
451 456 500 482 per
508 445 671 483 Apostolica
684 445 782 483 scripta
795 447 1096 484 maiidamus,qiiatinus
1111 453 1158 476 ca·-

96 485 208 515 rissimae
224 486 253 514 in
270 483 386 518 Christo
399 483 463 513 filiae
477 483 578 513 nostrae
594 484 760 523 Margaretae
775 485 898 520 Reginae
915 486 1026 521 Angliae
1047 484 1160 522 illustri,

96 533 148 561 pro
164 523 215 553 suis
230 522 379 553 comodius
399 521 585 559 supportandis
599 523 744 560 oneribus,
760 533 822 560 quae
835 522 945 552 sustinet
966 523 1093 553 vacando
1114 523 1159 559 ju-

98 563 170 599 giter
183 561 311 597 operibus
321 561 438 590 caritatis
453 583 463 598 ,
480 559 538 589 duo
554 560 630 589 milia
646 560 776 590 librarum
793 560 989 597 sterlingorum
1008 561 1044 590 dc
1068 561 1160 598 primo

98 600 230 636 anno,&
245 598 296 628 alia
311 598 368 628 duo
383 598 460 628 milia
474 597 605 627 librarum
621 597 740 635 ejusdem
757 608 878 628 monetae
901 599 936 628 de
952 599 1072 629 secundo
1086 608 1160 629 anno

99 636 208 705 grassati
223 637 346 680 biennii,
360 636 522 673 liberaliter,
538 636 592 665 fine
606 635 792 666 diminutione
808 638 944 675 qualibet,
961 637 1112 674 persolvere
1128 637 1160 667 &-

122 685 165 705 are
181 683 288 704 curetis.

142 712 195 750 Et,
212 714 275 750 quia
290 713 318 742 in
333 712 442 749 litteris,
457 721 523 754 quas
537 711 635 749 vobis,
650 708 726 749 super
741 712 853 743 decima
869 712 1023 751 hujusmodi
1041 713 1165 750 biennii,

104 750 266 788 assignanda
280 761 327 788 per
343 761 394 780 vos
408 748 548 779 cariffimo
569 751 598 779 in
618 748 733 780 Christo
754 750 812 780 filio
833 750 929 780 nostro
949 752 981 782 E.
1009 752 1086 788 Regi
1103 751 1161 781 An-

104 790 172 826 gliae
186 786 521 827 illustri,dirigimuS,est
535 787 570 817 de
584 788 725 825 praelibatis
741 797 853 826 quatuor
869 789 978 820 milibus
994 791 1101 820 mentio
1117 789 1166 818 lia-

106 829 163 858 bita
179 851 188 865 ,
213 827 349 857 adicimus
371 826 446 863 quod
469 825 569 855 nostrae
586 827 744 856 intentionis
765 827 872 865 existit,
890 829 923 858 ὃς
947 828 1074 858 volumus
1090 826 1165 865 quod

107 874 252 904 propoerea
266 874 325 894 non
340 863 507 900 intelligatur
521 864 596 894 dieta
611 865 743 902 quantitas
757 865 928 903 dupplicata,

144 904 198 934 Sed
213 903 288 933 dieta
305 901 413 941 Regina
427 903 463 944 de
478 910 595 940 quatuor
615 903 726 933 milibus
744 902 875 934 librarum
898 904 1092 941 sterlingorum
1115 913 1168 941 pro

109 951 171 972 toto
190 941 269 971 dieto
290 940 405 970 biennio
420 942 450 969 iit
464 949 603 971 contenta.

146 978 316 1009 Mandatum
331 978 456 1008 nostrum
470 980 499 1008 in
514 980 567 1009 hac
589 987 664 1016 parte
676 979 762 1009 taliter
776 979 933 1018 impleturi,
942 980 1018 1018 quod
1034 981 1090 1017 ejus
1104 980 1171 1010 fides

109 1018 259 1048 nullatenus
273 1016 427 1055 excedatis,
443 1016 547 1054 nosque
560 1017 593 1047 ὃς
613 1017 667 1054 ipsa
688 1017 799 1054 Regina
815 1018 971 1048 devotionis
994 1018 1093 1049 vestrae
1107 1019 1171 1049 dili-

111 1057 236 1094 gentiam
249 1054 381 1093 poffimus
394 1064 454 1084 nori
469 1056 613 1084 immerito
630 1055 837 1086 commendare.

11 447 49 474 11.

3 493 49 519 09.

153 1131 222 1163 Dat.
244 1131 404 1170 Burdegaiae
419 1140 448 1171 4.
461 1130 544 1162 Non.
557 1130 635 1170 Aug.
650 1130 834 1163 Pontificatfis
850 1132 936 1163 nostri
951 1142 1025 1164 anno
1038 1134 1141 1171 primo.

877 1209 930 1240 Sub
938 1209 991 1250 filo
1010 1209 1133 1240 canabeo.

118 1338 169 1370 De
185 1335 301 1368 decima
315 1338 410 1381 primi
427 1336 517 1367 Anni
535 1332 652 1366 decimae
672 1335 828 1366 triennalis
851 1333 1008 1367 liberanda
1034 1337 1124 1380 Regi,
1143 1339 1180 1374 ξφ

164 1383 200 1417 de
216 1381 328 1416 duobus
344 1380 465 1416 milibus
493 1379 644 1414 librarum
671 1381 804 1427 ejusdem
829 1385 914 1416 Anni
944 1382 1108 1416 liberandis
1123 1387 1183 1417 Re-

157 1445 244 1480 gtnae.

96 1549 101 1554 ,
184 1518 304 1548 Lemens
325 1514 498 1554 Episcopus,
514 1515 605 1546 servus
623 1514 767 1546 servorum
790 1515 865 1557 Dei,
880 1518 1083 1547 venerabilibus
1098 1516 1186 1547 fratri—

0 1565 78 1605 1306.
119 1526 181 1589 C
200 1557 251 1586 bus
383 1553 514 1584 Lincoln.
531 1555 564 1584 &
614 1593 618 1597 Ι
697 1553 832 1584 London.
855 1555 1027 1598 Episcopis,
1042 1555 1187 1585 collecto-

0 1616 26 1632 n.
44 1613 88 1640 34,
121 1596 199 1664 gibus
207 1594 378 1662 pffiirgae''
384 1603 432 1640 per
434 1602 503 1660 Viiloasl
504 1603 599 1660 lnuper
611 1593 746 1629 impositae
754 1614 783 1660 ,C
785 1603 832 1637 per
851 1596 1003 1663 triengrgiussi
1021 1604 1049 1623 iu
1061 1594 1188 1662 sAngiia,

0 1651 81 1708 ·.;.·,.
125 1641 243 1709 „ssa
257 1640 1189 1714 assiae,assensisse

15 1730 39 1747 r.
164 1709 244 1740 Cum
261 1719 313 1739 nos
326 1718 430 1746 nuper,
444 1717 495 1745 pro
512 1708 610 1737 Terrae
626 1707 728 1737 santhe
747 1717 880 1747 negotio,
891 1708 1043 1738 Decimam
1058 1718 1189 1739 omnium

0 1730 13 1757 g
126 1747 384 1779 Ecclesiasticorum
403 1754 591 1789 proventuum
602 1745 824 1789 &hreddituunu
843 1757 890 1784 per
906 1747 1123 1787 Angliam,&c.
1142 1757 1190 1785 per

125 1787 276 1817 triennium
290 1784 415 1815 futurum
426 1784 621 1821 incipiendum
641 1794 670 1813 in
688 1783 769 1814 Festo
790 1786 918 1815 omnium
941 1786 1107 1816 Sanclorum
1124 1808 1134 1824 ,
1161 1786 1191 1815 in

126 1835 203 1856 anno
217 1824 340 1854 Domini
357 1831 429 1863 ¹309
443 1822 588 1860 secuturis,
603 1821 761 1852 duxerimus
779 1823 995 1860 imponendam:

163 1862 275 1900 Vosque
294 1861 364 1892 illius
385 1860 608 1898 deputaverimus
624 1859 814 1902 Colletfmrcs,

166 1901 337 1932 Fraternitati
357 1898 455 1929 vestrae
481 1909 528 1936 per
547 1898 711 1936 Apostolica
736 1900 835 1936 scripta
852 1900 1016 1931 mandamus
1031 1923 1040 1939 ,
1069 1902 1194 1939 quatinus

127 1940 269 1971 decimam
285 1938 372 1976 primi
382 1937 510 1967 duntaxat
531 1939 596 1967 anni
619 1936 689 1967 dicii
702 1938 812 1968 triennii
827 1939 879 1976 (ex
893 1939 938 1969 illa
953 1939 1061 1969 duobus
1079 1939 1192 1969 milibus

128 1979 260 2009 librarum
278 1976 471 2016 sterlingorum
483 1975 627 2013 deductis,
641 1986 703 2013 quae
717 1975 865 2007 cariffimae
888 1978 916 2006 in
933 1977 1046 2007 Christo
1065 1977 1128 2007 filiae
1142 1987 1196 2006 no-

131 2016 209 2054 strae,
228 2015 275 2046 M.
294 2014 416 2052 Reginae
433 2014 546 2050 Angliae
565 2013 661 2044 illustri
684 2024 732 2051 per
752 2014 816 2045 alias
841 2015 947 2046 nostras
971 2016 1058 2046 literas
1080 2026 1128 2053 per
1147 2026 1198 2045 vos

130 2055 189 2086 dari
203 2053 381 2091 mandamus)
403 2052 545 2083 carissimo
563 2053 593 2081 in
613 2051 727 2082 Christo
745 2051 804 2082 filio
822 2053 917 2083 nostro
935 2053 967 2084 E.
987 2054 1063 2091 Regi
1082 2053 1196 2091 Angliae

131 2093 227 2124 illustri
242 2115 251 2130 ,
273 2101 325 2130 pro
346 2090 470 2130 ejusdem
488 2091 588 2121 Terrae
616 2091 806 2129 prosecutione
832 2094 941 2129 negotii
972 2092 1045 2130 <pro
1067 2102 1123 2131 quo
1136 2115 1145 2130 ,
1170 2100 1199 2123 ut

131 2129 266 2169 Princeps
289 2129 466 2168 Catholicus,
484 2130 517 2160 &
536 2128 613 2159 Fidei
631 2129 808 2160 Orthodoxae
826 2130 939 2161 Zelator
953 2130 1063 2171 signum
1076 2130 1199 2163 vivificae

133 2169 238 2201 Crucis
252 2167 417 2242 assumpsi&
431 2168 495 2199 dare
512 2168 545 2199 ὃς
563 2164 698 2206 affignare
712 2169 827 2208 curetis,

174 2207 363 2246 Mandatum,
419 2218 441 2237 c.
458 2214 490 2237 ut
520 2214 595 2246 upra.

842 2245 898 2277 Sub
910 2245 958 2288 filo
976 2247 1098 2278 canabeo.

138 2373 188 2404 De
203 2379 334 2417 quatuor
351 2368 474 2403 milibus
488 2368 638 2404 librarum
660 2369 822 2404 liberandis
833 2374 1019 2420 Margaretae
1029 2374 1140 2419 Reginae
1149 2398 1159 2415 ,
1169 2371 1206 2405 de

407 2417 515 2451 duobos
529 2423 615 2452 annis
634 2418 750 2452 decima
766 2421 931 2455 triennalis.

0 2506 71 2538 Ann.
84 2503 128 2535 D.
206 2504 327 2535 Lemens
344 2503 514 2542 Episcopus,
527 2502 619 2534 servus
640 2503 779 2535 servorum
801 2504 875 2543 Dei,
888 2505 1090 2536 venerabilibus
1108 2505 1207 2536 Fratri-

25 2544 108 2584 1306.
222 2542 290 2581 bus,
422 2542 552 2572 Lincoln.
570 2543 603 2573 &
726 2543 858 2574 London.
877 2543 1038 2583 Episcopis,
1059 2543 1208 2574 0011εὲὶο-

0 2587 53 2612 Λπ.
67 2592 113 2619 34·
144 2583 218 2612 ribus
236 2581 386 2619 Decimae,
404 2590 451 2618 per
468 2591 519 2610 nos
537 2590 624 2618 nuper
643 2581 794 2619 impositae,
812 2592 863 2620 pro
876 2582 975 2612 Terrae
992 2582 1092 2613 sanstae
1114 2593 1208 2620 nego-

1 2626 30 2650 Ε.
59 2631 80 2649 i.
145 2622 204 2659 tio,
222 2630 270 2659 per
288 2621 441 2650 triennium
460 2620 491 2649 in
510 2619 627 2658 Anglia,
645 2619 761 2658 Scotia,
778 2620 939 2660 Hybernia,
958 2620 1084 2659 Wallizi,
1100 2631 1211 2651 earum-

1 2665 39 2688 Ex
54 2663 112 2686 Au·
146 2670 201 2698 que
219 2659 387 2688 Civitatibus
408 2658 441 2688 &
465 2657 554 2687 Dioc.
581 2656 691 2687 salutem
707 2659 740 2688 &
758 2658 953 2696 Apostolicam
973 2659 1211 2689 benedictionem.

1 2705 63 2735 togr.
185 2696 264 2727 Cum
283 2706 334 2727 nos
350 2706 436 2734 nuper
445 2706 513 2734 ,pro
528 2695 626 2726 Terrae
644 2695 746 2726 saneiae
761 2699 898 2736 negotio,
912 2697 1067 2728 Decimam
1080 2699 1211 2728 omnium

147 2734 406 2766 Ecclesiasticorum
423 2743 611 2772 proventuum
628 2735 660 2765 δε
678 2734 855 2773 reddituum,
875 2746 922 2774 per
952 2736 1086 2775 Angliam
1103 2759 1113 2774 ,
1140 2736 1210 2766 Sco—

149 2772 751 2813 tiam,Hyberniarn,Walliam‚earumque
769 2772 902 2805 Civitates
915 2774 949 2804 &
964 2774 1050 2804 Dioe.
1065 2784 1112 2811 per
1124 2775 1211 2805 trien-

149 2814 231 2842 nium
248 2811 371 2842 futurum
396 2811 590 2849 incipiendum
608 2812 638 2840 in
657 2811 738 2841 Festo
756 2813 890 2843 omnium
913 2812 1099 2851 Sandffirum,
1119 2813 1148 2842 in
1166 2823 1215 2843 an-

151 2861 190 2881 no
208 2850 333 2880 Domini
351 2848 489 2880 milesimo
506 2850 692 2880 tricentesimo
709 2860 804 2889 nono,
821 2851 980 2882 duxerimus
998 2851 1214 2888 imponendam:

192 2889 235 2919 Ac
252 2887 400 2919 cariffimae
417 2889 447 2918 in
465 2886 579 2918 Christo
597 2887 661 2918 {iliae
680 2888 781 2919 nostrae
794 2912 804 2927 ,
828 2888 999 2926 Margaretae
1018 2889 1137 2929 Reginae
1156 2889 1216 2920 An-

153 2927 221 2965 gliae
238 2926 363 2965 illustris,
382 2926 460 2965 super
478 2926 571 2957 multis
589 2937 651 2964 quae
669 2927 780 2958 sustinet
798 2928 927 2958 oneribus
941 2950 951 2966 ,
978 2928 1106 2958 vacando
1126 2929 1218 2966 operi-

155 2967 206 2996 bus
223 2967 347 3010 pietatis,
364 2966 566 3003 compatientes
590 2966 627 2995 ab
644 2966 767 3004 intimis,
786 2976 820 2996 ac
838 2965 961 2996 volentes
982 2977 1044 2997 eam
1065 2967 1102 2997 ab
1127 2965 1219 3003 liuius-

156 3003 237 3034 modi
249 3004 454 3041 oneribus,per
467 3002 578 3041 aliquod
596 3003 768 3040 Apostolicae
785 3003 862 3034 Sedis
879 3006 1066 3042 patrocinium
1086 3004 1220 3043 relevari3

195 3042 366 3072 Fraternitati
382 3041 480 3071 vestrae
497 3051 545 3078 per
562 3041 725 3078 Apostolica
749 3042 847 3080 scripta
871 3043 1035 3073 mandamus
1050 3066 1060 3082 ,
1092 3044 1218 3080 quatinus

159 3080 252 3111 eidem
271 3080 393 3117 Reginae
410 3079 467 3109 duo
486 3079 562 3109 milia
578 3079 713 3111 librarum
731 3079 983 3119 sterliiigorum‚ex
999 3081 1124 3112 Decima
1137 3082 1221 3118 primi

156 3120 222 3149 anni
240 3118 311 3149 dieti
328 3119 441 3148 triennii
456 3127 462 3146 :
487 3117 520 3147 &
538 3117 590 3147 alja
614 3117 671 3148 duo
690 3119 768 3150 milia
784 3120 915 3149 librarum
941 3119 1061 3158 ejusdem
1081 3128 1223 3157 monetae,

161 3156 336 3201 exDecima
349 3155 461 3186 secundi
473 3156 539 3186 anni
552 3154 673 3193 ejusdem
693 3159 803 3188 triennii
817 3181 827 3196 ,
852 3157 955 3189 solvere
972 3159 1005 3189 &
1023 3157 1157 3195 affignare
1174 3168 1224 3188 cu-

158 3204 229 3226 retis.

197 3235 216 3254 *
236 3232 405 3264 Mandatum
423 3232 550 3263 nostrum
569 3233 599 3262 in
617 3231 672 3263 hac
691 3242 766 3271 parte
790 3234 875 3265 taliter
900 3235 1041 3273 impleturi
1058 3257 1068 3273 ,
1091 3233 1170 3273 quod
1194 3236 1224 3264 in

158 3282 195 3302 eo
213 3271 406 3303 obedientiam
423 3272 505 3301 nobis
528 3270 694 3308 impendisse
712 3271 863 3303 laudemini
884 3285 894 3312 3
929 3274 1082 3311 eademque
1110 3272 1225 3310 Regina

159 3310 258 3342 vestrae
276 3310 433 3340 devotionis
449 3310 624 3346 diligentiam
640 3308 721 3347 poffit
740 3313 841 3341 merito
860 3313 1073 3343 commendare.

199 3347 266 3379 Dat.
285 3347 449 3386 Burdegalae
464 3358 492 3387 4.
510 3347 593 3378 Non.
613 3347 685 3387 Aug.
704 3347 884 3381 Pontificatfis
901 3351 988 3381 nostri
1003 3360 1078 3381 anno
1092 3350 1197 3388 primo.

34 3230 54 3250 *Ε
71 3231 110 3258 H.

32 3277 113 3297 1010.

864 3426 918 3456 Sub
932 3426 980 3467 filo
999 3425 1123 3457 canabeo.

169 3544 258 3582 Bulla
287 3547 323 3582 de
339 3557 402 3582 tota
429 3546 546 3581 decima
570 3561 608 3581 ex·
633 3549 725 3581 altero
751 3561 897 3583 annorum
926 3548 1035 3584 biennii
1061 3550 1204 3583 antedic‘li
1219 3576 1228 3592 ,

472 3600 670 3645 Primogenito
696 3601 783 3645 Regis
804 3598 936 3644 conceffa.

145 3716 151 3722 ,
173 3683 353 3745 CLemens
368 3682 520 3721 Episcopus
552 3681 641 3713 servus
663 3682 806 3713 servorum
824 3681 898 3721 Dei,
915 3682 1022 3715 dileCm
1043 3683 1101 3714 filio
1129 3682 1232 3713 Nobili

119 3753 126 3759 ,
250 3721 343 3760 Viro,
373 3721 503 3752 Edvardo
526 3705 652 3758 i'rincipi
673 3720 786 3764 Walliae
802 3744 817 3764 ,ῃ
839 3722 1029 3759 primogenito
1054 3721 1185 3752 carissimi
1204 3722 1232 3750 in

128 3789 134 3795 ,
174 3760 316 3829 Chrisiic&1
307 3760 355 3790 filii
372 3759 458 3790 nostri
468 3759 501 3789 E.
517 3758 595 3796 Regi
606 3758 721 3796 Angliae
735 3759 849 3797 ilustris,
859 3759 973 3790 salutem
991 3761 1024 3791 &
1040 3759 1234 3799 Apostolicam

173 3800 245 3829 bene
266 3801 275 3829 i
308 3800 412 3829 onem.

215 3836 292 3875 Tui,
310 3836 468 3875 praedsseete
494 3834 550 3873 fili,
566 3835 644 3866 astus
663 3834 822 3873 praefulgidi
834 3858 843 3873 ,
867 3836 966 3873 quibus
985 3836 1115 3874 gratiosus
1135 3836 1235 3873 grade-

177 3875 212 3904 ris
218 3896 228 3911 ,
244 3874 368 3906 sanatam
387 3875 551 3905 Romanam
569 3873 741 3911 Ecclesiam,
759 3872 883 3904 Matrem
900 3882 977 3904 tuam
1014 3875 1184 3905 exhibitione
1203 3873 1235 3903 fi-

177 3912 245 3942 lialis
258 3915 421 3955 'reverentiae
435 3911 709 3951 prosequendo,loca
726 3913 759 3942 ὃς
777 3911 905 3955 personas·
919 3897 1121 3943 Eccl'efiasticas
1138 3912 1236 3941 fovens

177 3950 334 3989 favoribus,
349 3951 486 3982 debilibus
503 3950 628 3981 subvenis
645 3949 784 3988 pascendo
801 3949 907 3980 Christi
924 3959 1055 3987 pauperes
1069 3974 1078 3989 ,
1104 3950 1236 3980 instanter

178 3987 348 4027 exposcunt,
365 3998 394 4020 ut
411 3991 441 4020 in
459 3989 611 4030 conspec'tu
628 3989 705 4019 Sedis
724 3987 895 4028 Apostolicae
914 3988 1035 4018 reddaris
1053 3988 1235 4025 amabilis,il-

178 4026 258 4069 laque
274 4034 302 4056 te
317 4026 463 4064 largitione
482 4036 629 4058 munerum
650 4050 660 4066 ,
690 4026 830 4059 maternali
855 4023 1004 4057 affefflone
1021 4028 1184 4065 pertractet,
1204 4036 1236 4056 ac

179 4071 287 4095 muniat
299 4063 526 4098 subventionibus
543 4066 695 4105 oportunis.

251 4104 325 4134 Tam.
341 4106 368 4134 Ι.
386 4105 420 4134 Ρ.
438 4107 486 4135 IV.

2198 217 2247 260 57

1237 290 1313 322 Cum
1332 294 1421 331 itaque
1436 305 1486 324 nos
1504 305 1606 334 nuper,
1624 305 1676 332 pro
1693 295 1791 325 Terra:
1808 295 1911 325 sancire
1938 296 2051 334 negotio
2064 317 2073 332 ,
2095 292 2248 324 Decimam
2265 290 2339 321 Arin.
2356 287 2400 321 D.

1192 331 1323 373 omnium
1342 331 1598 363 Ecclcliasticorum
1622 333 1777 363 reddituum
1802 335 1835 363 δε
1862 339 2044 371 proventuum
2067 334 2097 362 in
2126 332 2249 371 Anglii,
2288 329 2370 369 13<36³

1194 368 1306 410 Scotifi,
1325 369 1614 409 Hy⁷bernia,Wallia,
1632 381 1778 408 earumque
1797 372 1930 401 Civitates
1947 374 1979 401 ἃ
1999 371 2087 400 Dioc.
2103 381 2150 407 per
2171 372 2249 399 bien·
2270 372 2333 395 Eclv.
2353 375 2378 393 ¹*

1195 415 1291 444 nium,
1309 408 1338 435 in
1360 408 1438 437 Festo
1456 410 1588 438 omnium
1606 409 1771 438 &mistorum
1788 411 1923 446 proximo
1940 408 2032 439 futuro
2052 410 2080 438 in
2097 414 2175 438 antea
2198 418 2248 437 nu-

1195 444 1379 482 merandum,
1399 446 1558 476 duxerimus
1576 446 1791 484 imponendam,

1233 482 1314 520 Nos,
1331 484 1454 513 volentes
1470 485 1521 514 tibi
1531 484 1581 520 ,ad
1599 484 1709 521 praefata
1724 483 1936 521 supportandum
1955 494 2040 514 onera
2052 483 2251 522 expensarum,

1198 520 1231 549 ὃ(
1248 520 1313 558 alia,
1332 531 1393 558 quae
1412 522 1566 559 frequenter
1584 531 1610 551 te
1628 530 1686 550 tam
1703 522 1796 560 licite,
1813 523 1896 559 quam
1916 521 2068 552 inevitabili
2090 522 2167 553 causa
2181 522 2252 562 ydo-

1198 567 1250 587 nea
1268 568 1377 595 oportet
1403 562 1522 589 omnino
1539 560 1644 596 subire,
1663 559 1768 589 facilius
1787 559 1927 589 toleranda
1943 583 1953 598 ,
1982 560 2179 598 Apostolicum
2197 562 2252 590 im-

1200 597 1293 632 pertiri
1312 597 1477 635 sublidium,
1494 606 1583 627 totam
1601 597 1773 634 Decimam,
1790 607 1824 626 ex
1841 607 1976 627 annorum
1995 600 2077 628 altero
2092 599 2162 628 diffi
2175 598 2255 628 bien-⁴

1200 634 1257 700 gii,
1274 634 1434 665 austoritatc
1452 635 1645 672 praesentium,
1667 635 1703 664 de
1719 634 1829 671 speciali
1847 635 1934 670 gratia
1951 636 2003 665 tibi
2021 637 2205 667 concedimus
2222 636 2255 666 &

1221 681 1349 701 onamus.

1238 709 1374 739 Volumus
1390 719 1481 741 autem
1500 709 1655 748 hujusmodi
1673 720 1775 739 annum
1790 718 1824 739 ex
1845 709 1959 747 praefato
1979 710 2034 740 esse
2057 711 2170 741 biennio
2185 734 2195 748 ,
2223 711 2258 741 de

1203 758 1260 784 quo
1277 747 1327 777 tibi
1345 749 1463 778 eandem
1484 749 1636 778 Decimam
1658 759 1704 785 per
1728 747 1901 778 Colleetores
1915 747 1993 784 super
2012 749 2068 779 hoc
2087 750 2229 786 deputatos
2243 750 2259 778 ὲ

1203 786 1284 814 nobis
1301 795 1350 821 pei·
1367 787 1428 816 alias
1447 787 1549 816 nostras
1565 787 1650 816 literas
1667 788 1848 824 praecepimus
1867 784 2013 823 affignari.3

1241 823 1324 852 Nulli
1342 833 1413 861 ergo
1429 827 1568 862 omnino,
1582 825 1643 854 δῖε.

1242 897 1308 928 Dat.
1327 898 1486 937 Burdegalae
1506 900 1586 930 Nou.
1605 900 1677 938 Aug.
1695 898 1878 930 Pontificatiis
1894 896 1979 930 nostri
2000 909 2075 930 anno
2088 898 2190 938 primo.

1649 974 1702 1004 Sub
1712 973 1772 1014 filis
1784 973 1877 1012 fi’ricis
1895 978 1973 1004 crocei
1990 975 2116 1015 rubeique
2132 973 2232 1005 coloris.

1215 1109 1263 1140 Dc
1288 1107 1422 1153 Epiftopo
1443 1107 1639 1150 Coventrienfi
1651 1111 1687 1145 (y
1708 1106 1905 1152 Lichfeldenfi
1925 1108 2129 1144 Colletzoribus
2154 1110 2270 1146 dect‘mae

1663 1154 1705 1186 ad
1699 1157 1813 1200 juncflm

1220 1240 1407 1310 CLernens
1425 1238 1591 1278 Episcopus,
1611 1239 1701 1270 servus
1719 1240 1859 1286 servorum
1879 1240 1937 1272 Dei
1963 1240 2163 1286 venerabilibus
2178 1242 2278 1275 Fratri·
2296 1248 2371 1282 Arm.
2383 1244 2424 1278 D.

1238 1318 1243 1323 .
1301 1279 1351 1308 bus
1388 1316 1393 1321 ¹
1481 1278 1612 1308 London.
1629 1279 1662 1309 δε
1749 1318 1755 1323 .
1793 1280 1924 1325 Lincoln.
1940 1266 2086 1318 Episcopis
2099 1304 2110 1320 ‚
2132 1281 2276 1326 Colletfjto-
2318 1295 2400 1328 1305.

1221 1317 1297 1347 ribus
1320 1315 1454 1346 Decimae
1469 1338 1483 1359 ².
1504 1323 1562 1360 per·
1576 1326 1627 1346 nos
1644 1325 1730 1360 nuper
1747 1319 1885 1355 1mpositae
1901 1328 1931 1348 in
1949 1318 2033 1363 Angl,
2057 1319 2118 1350 &c.
2136 1329 2184 1357 per
2201 1321 2278 1350 bien-
2299 1331 2351 1354 Aa.
2363 1336 2409 1363 34.

1222 1357 1302 1385 nium
1327 1353 1452 1398 futurum
1476 1355 1671 1392 incipiendum
1694 1365 1724 1385 in
1750 1366 1824 1387 anno
1848 1357 1971 1387 Domini
1999 1366 2093 1398 1307,
2118 1357 2230 1388 salutem
2246 1359 2279 1388 &
2299 1370 2329 1392 E.
2351 1376 2372 1392 ι.

1222 1392 1416 1431 Apostolicam
1439 1393 1677 1423 benedictionem.

1259 1430 1338 1461 Cum
1354 1431 1430 1460 circa
1446 1431 1631 1462 ministerium
1654 1431 1811 1470 Decimae',
1839 1442 1889 1470 per
1908 1442 1959 1463 nos
1978 1443 2066 1471 nuper
2093 1434 2231 1472 impositae
2252 1435 2281 1464 in
2301 1448 2363 1476 ngr.

1224 1469 1310 1506 Angl.
1325 1469 1384 1499 &c.
1402 1477 1454 1507 pro
1470 1469 1569 1500 Terrae
1587 1469 1690 1500 sanerae
1710 1472 1827 1508 negotio
1842 1493 1852 1508 ,
1875 1480 1923 1508 per
1945 1472 2090 1502 biennium
2111 1472 2232 1503 futurum
2251 1473 2282 1503 in

1223 1518 1297 1538 anno
1310 1507 1594 1549 Dominimsslefimo
1604 1509 1797 1539 trecentesimo
1810 1509 1945 1547 septime,
1959 1510 2076 1540 velimus
2096 1520 2130 1540 ex
2142 1510 2223 1541 causfi
2236 1510 2281 1541 di-

1224 1546 1373 1583 ligentiam
1384 1544 1522 1575 adhiberi:

1262 1584 1326 1614 Nos
1341 1583 1377 1613 de
1396 1583 1547 1614 venerabili
1569 1584 1660 1614 Fratre
1676 1583 1772 1614 nostro
1902 1584 2056 1617 Conventr.
2074 1587 2107 1618 &
2128 1586 2284 1617 Lichefeld.

1228 1622 1385 1660 Episcopo,
1401 1621 1512 1659 plenam
1526 1623 1555 1652 in
1572 1622 1704 1652 Domino
1718 1622 1850 1653 fiduciam
1865 1623 2036 1663 obtinentes,
2054 1635 2120 1655 eum
2144 1626 2174 1654 in
2194 1624 2284 1663 hujus-

1229 1661 1310 1691 modi
1323 1660 1490 1697 colligendae
1503 1660 1636 1690 Decimae
1650 1660 1802 1691 ministerio
1816 1662 1896 1692 vobis
1909 1662 2037 1693 duximus
2057 1663 2286 1701 adjungendum,

1229 1700 1279 1729 fibi
1292 1699 1386 1729 dantes
1400 1708 1448 1736 pei·
1462 1699 1523 1728 alias
1537 1698 1641 1729 nostras
1656 1699 1752 1729 litteras
1765 1701 1794 1729 in
1809 1699 1942 1730 mandatis
1953 1723 1962 1739 ‚
1991 1709 2021 1731 ut
2043 1709 2156 1741 recepto
2177 1702 2193 1730 a
2206 1702 2287 1733 vobis

1230 1738 1306 1775 super
1323 1735 1465 1775 praemissis
1474 1738 1647 1776 juramento,
1662 1738 1737 1774 quta
1755 1737 1893 1776 formam,
1914 1748 1997 1776 quam
2016 1741 2097 1770 vobis
2109 1739 2289 1778 tradidimus,

1229 1778 1304 1806 circa
1319 1774 1521 1805 beneficiorum
1534 1777 1717 1813 taxationem,
1731 1776 1762 1806 &
1774 1776 1823 1806 alia
1832 1799 1841 1813 ,
1854 1786 1916 1813 quae
1930 1777 1963 1807 ὃς
1985 1779 2111 1814 quotiens
2145 1788 2177 1808 ro
2188 1787 2289 1808 execu-

1229 1816 1306 1844 tione
1321 1814 1427 1852 negotii
1440 1816 1548 1844 noverit
1560 1822 1714 1852 oportuna,
1729 1814 1875 1851 diligenter
1890 1813 2069 1854 intendat,&
2083 1816 2112 1846 so
2133 1817 2290 1854 ‘cite‚cum

1231 1852 1364 1890 voluerit,
1379 1860 1532 1890 exequatur.

1272 1891 1417 1929 Qiocirca
1438 1890 1606 1920 Fraternitati
1621 1889 1720 1920 vestrae
1738 1900 1786 1928 per
1810 1889 1973 1929 Apostolica
1991 1891 2089 1929 scripta
2111 1892 2294 1930 mandamus,

1234 1931 1374 1967 quatinus,
1388 1929 1464 1958 circa
1476 1928 1674 1969 colleciionem
1687 1930 1805 1958 eandem
1819 1952 1828 1967 ,
1849 1929 1884 1959 de
1904 1930 1983 1970 ipsius
2007 1930 2124 1960 consilio
2139 1931 2292 1968 procedam«

1234 1976 1289 2005 tes,
1308 1967 1357 1997 fibi
1373 1966 1503 2004 praestetis
1516 1966 1671 2004 hujuimodi
1682 1967 1878 2004 juramentum.

1272 2005 1426 2036 Noluimus
1441 2014 1550 2042 tamen,
1569 2004 1645 2042 quod
1665 2004 1684 2034 si
1701 2005 1757 2042 ipse
1774 2005 1864 2035 adesse
1882 2006 2070 2044 noluerit,vel
2083 2006 2131 2037 fibi
2139 2007 2204 2037 'non
2217 2005 2296 2037 vide⁴

1236 2045 1308 2074 bitur
1321 2051 1511 2081 oportunum,
1525 2043 1598 2080 quod
1610 2051 1755 2082 propterea
1768 2043 1856 2075 vestra
1870 2045 2016 2082 executi0,
2039 2044 2084 2075 vel
2104 2045 2290 2076 ministerium

1237 2083 1267 2113 in
1281 2082 1333 2112 hac
1347 2089 1422 2120 parte
1437 2081 1604 2120 aliquatenus
1617 2081 1771 2112 retardetur.

1276 2157 1343 2190 Dat.
1360 2157 1523 2197 Burdegalae
1540 2158 1621 2189 Nori.
1634 2157 1711 2197 Aug.
1721 2156 1901 2191 Pontificattis
1914 2159 2002 2191 nostri
2016 2170 2090 2192 anno
2103 2161 2208 2199 primo.

1941 2236 1994 2268 Sub
2003 2236 2055 2280 filo
2073 2237 2195 2268 canabeo.

1246 2360 1273 2388 *ἓ
1285 2363 1334 2395 De
1349 2361 1448 2396 decem
1461 2361 1583 2396 milibus
1595 2360 1743 2395 librarum
1751 2359 1877 2403 conceffi's
1885 2362 2015 2395 Dominae
2023 2365 2205 2409 Margaretae
2215 2365 2302 2408 Regi·
2342 2355 2361 2376 ⁴*
2376 2355 2415 2384 ῙῙ·

1297 2424 1336 2443 nae
1353 2412 1469 2458 Angliae
1483 2438 1493 2454 ‚
1508 2410 1700 2457 percipiendis
1715 2409 1751 2442 de
1767 2409 1882 2442 decima
1902 2409 1986 2453 infra
2001 2414 2244 2456 quinquennium.
2329 2404 2408 2422 ¹⁰¹¹*

1249 2496 1428 2558 CLemens
1444 2496 1612 2534 Episcopus,
1625 2494 1713 2525 servus
1735 2493 1874 2524 servorum
1892 2493 1966 2531 Dei,
1982 2494 2125 2525 cariffimae
2144 2496 2173 2524 in
2189 2494 2302 2525 Christo
2325 2515 2370 2547 An
2412 2512 2444 2544 D

1324 2534 1388 2603 filib-ae
1406 2534 1592 2602 hgmgaretae,
1611 2533 1730 2573 Reginae
1747 2532 1858 2572 Angliae
1874 2532 1986 2571 illustri,
2004 2533 2114 2564 salutem
2129 2534 2162 2563 &
2179 2533 2304 2572 Aposto-
2344 2524 2418 2594 13‘236
2446 2535 2453 2541 ¹

1248 2575 1266 2604 li
1287 2583 1332 2604 am
1373 2583 1422 2603 ene
1441 2574 1586 2603 ictionem.
2421 2576 2428 2583 ·

1269 2584 1367 2642 cDum
1380 2611 1563 2641 devotionern
1578 2610 1611 2640 <Sc
1625 2608 1786 2639 constantia:
1801 2609 1958 2648 puritatem,
1966 2619 2048 2647 quam
2062 2609 2096 2639 ad
2109 2609 2305 2640 sacrosane’ram
2322 2596 2374 2658 ’ζ’
2383 2601 2436 2657 ¹34·

1250 2650 1412 2681 Romanam
1426 2649 1596 2686 Ecclesiam,
1609 2647 1733 2678 Matrem
1755 2655 1831 2677 tuam
1852 2648 1939 2686 geris,
1958 2648 2104 2685 diligenter
2124 2648 2303 2679 advertimus:
2353 2652 2358 2657 '
2370 2651 2405 2696 Α

1250 2689 1374 2726 dumque
1387 2697 1473 2725 opera
1487 2688 1594 2725 pietatis
1603 2709 1612 2724 ,
1624 2687 1720 2723 quibus
1732 2686 1806 2715 circa
1822 2685 1883 2715 loca
1896 2686 2037 2724 religiosa,
2051 2687 2084 2716 &
2104 2687 2227 2724 personas
2249 2686 2305 2716 Ec-
2323 2674 2362 2734 fx
2404 2678 2438 2700 ’μ’

1252 2726 1426 2764 clesiasticas,
1442 2727 1474 2756 &
1489 2736 1554 2762 erga
1567 2723 1671 2754 Christi
1684 2733 1830 2762 paupereS,
1848 2733 1946 2754 vacare
1958 2725 2122 2763 dinosceris,
2141 2725 2233 2755 solerti
2246 2734 2307 2755 me-
2335 2716 2386 2743 Ψ·

1253 2766 1388 2796 ditatione
1403 2764 1562 2802 pensamus,
1576 2763 1696 2799 dignum
1716 2762 1899 2799 conspicimus
1919 2763 1951 2793 &
1971 2773 2131 2799 congruum
2145 2764 2308 2793 arbitramur

1253 2812 1283 2834 ut
1294 2803 1368 2833 sedes
1380 2803 1452 2841 ipsa,
1466 2813 1530 2840 quae
1546 2810 1574 2832 te
1591 2803 1621 2830 in
1638 2800 1794 2838 hujusmodi
1810 2801 1861 2830 tuis
1878 2800 2089 2838 praelucentibus
2101 2801 2207 2832 aeribus
2221 2809 2310 2841 gratu-

1254 2842 1339 2879 latur,
1357 2841 1504 2878 personam
1522 2849 1599 2870 tuam
1618 2838 1783 2876 apostolico
1808 2838 1901 2868 favore
1926 2841 2103 2869 communiat
2117 2863 2126 2879 ,
2158 2840 2264 2877 tibique
2281 2838 2310 2869 id

1254 2879 1412 2918 praesidium
1427 2880 1530 2909 tribuat
1555 2879 1690 2916 gratiose,
1711 2887 1758 2915 per
1779 2875 1853 2915 quod
1873 2877 1990 2908 eandem
2009 2878 2153 2908 reverearis
2169 2877 2313 2915 devotius,

1257 2928 1340 2956 atque
1357 2917 1391 2947 ad
1409 2916 1486 2947 dicta
1502 2917 1565 2947 loca
1581 2917 1614 2946 &
1642 2915 1764 2953 personas
1787 2914 1944 2945 accendaris
1968 2914 2092 2946 affeeiius
2108 2939 2118 2954 ,
2143 2917 2176 2947 ὅ(
2200 2914 2313 2953 praeFata

1258 2966 1343 2994 opera
1361 2956 1508 2986 comodius
1521 2956 1553 2985 ὃς
1571 2954 1713 2992 libentius,
1732 2953 1784 2983 filia
1801 2952 1954 2992 carissima,
1976 2954 2149 2992 prosequaris

1296 2994 1376 3025 Cum
1392 2996 1482 3031 itaque
1500 3002 1551 3022 nos
1567 3002 1672 3031 nuper,
1691 3001 1742 3030 pro
1758 2991 1856 3022 Terrae
1869 2990 1970 3021 sanetae
1994 2993 2111 3028 negotio
2126 3014 2137 3030 ,
2162 3001 2210 3030 per
2233 2992 2314 3021 bien-

1259 3034 1356 3070 nium,
1374 3033 1390 3061 a
1407 3031 1487 3062 Festo
1504 3031 1635 3060 omnium
1652 3031 1819 3060 Sandtorum
1837 3030 1964 3066 proximo
1982 3029 2074 3060 futuro
2087 3053 2098 3068 ,
2120 3031 2149 3059 in
2168 3038 2245 3061 antea
2262 3040 2314 3060 nu-

1261 3070 1437 3102 merandum:
1457 3070 1490 3100 &
1506 3069 1622 3099 demum
1640 3077 1688 3105 per
1704 3068 1776 3098 aliud
1793 3068 1939 3097 biennium
1955 3068 2130 3106 subsequens:
2149 3069 2182 3099 &
2199 3068 2314 3098 tandem

1262 3120 1311 3148 per
1325 3109 1476 3139 triennium
1492 3108 1569 3138 idem
1584 3106 1716 3136 ultimum
1732 3106 1873 3135 biennium
1888 3105 2058 3144 secuturum,
2073 3108 2101 3136 in
2118 3106 2221 3144 Anglia
2245 3106 2318 3136 Sco-

1263 3150 1317 3186 ria,
1334 3145 1782 3188 Hybernia,Wallia,earumque
1802 3143 1968 3174 Civitatibus
1988 3145 2020 3175 ὅ(
2042 3145 2207 3175 Diocesibus
2261 3145 2318 3174 eci-

1264 3196 1343 3216 mam
1358 3186 1490 3216 omnium
1513 3181 1768 3214 Ecclenasticorum
1782 3181 1936 3212 reddituum
1952 3183 1985 3213 &
1999 3191 2186 3223 proventuum
2209 3182 2317 3213 duxeri-

1263 3235 1324 3255 mus
1339 3222 1552 3264 imponendam:

1301 3262 1383 3300 Nos,
1401 3261 1523 3293 volentes
1537 3260 1603 3297 tibi,
1617 3266 1647 3288 ut
1664 3259 1699 3288 ab
1718 3257 1893 3295 expensarum
1910 3259 2040 3290 oneribus
2057 3259 2234 3298 supradicitis,
2255 3267 2318 3296 quae

1264 3301 1390 3339 sustines,
1401 3300 1524 3330 relevetis
1533 3299 1581 3336 ,&
1595 3306 1676 3327 vaces
1690 3297 1797 3326 uberius
1811 3298 1884 3327 circa
1897 3297 1956 3335 illa,
1969 3297 2070 3328 decem
2093 3297 2169 3327 milia
2185 3297 2317 3327 librarum

1265 3339 1462 3376 sterlingorum
1476 3337 1511 3368 de
1526 3335 1655 3374 praedifta
1668 3334 1781 3365 decima
1794 3335 1847 3364 tibi
1871 3337 1987 3375 gratiose
2010 3335 2195 3367 concedimus
2214 3335 2247 3365 &
2264 3333 2319 3364 do-

1265 3387 1369 3408 namus.

1309 3415 1450 3446 Volumus
1464 3422 1556 3444 tamen
1571 3410 1647 3449 quod
1661 3410 1819 3449 hujusmodi
1833 3410 1932 3442 decem
1947 3411 2023 3442 milia
2041 3411 2171 3441 librarum
2187 3409 2320 3448 percipias

1267 3454 1323 3484 isto
1334 3454 1440 3491 modo,
1454 3452 1600 3487 videlicet,
1618 3449 1694 3487 quod
1716 3458 1750 3479 ex
1770 3459 1827 3479 uno
1848 3460 1922 3480 anno
1942 3449 2012 3479 dieii
2034 3450 2117 3488 primi
2137 3449 2242 3478 biennii
2262 3448 2322 3478 duo

1269 3493 1346 3523 milia
1365 3492 1494 3522 librarum
1508 3490 1558 3519 tibi
1577 3488 1689 3518 dentur:
1706 3488 1739 3518 &
1751 3497 1784 3517 ex
1798 3496 1911 3525 quatuor
1925 3489 2000 3517 annis
2012 3487 2198 3525 sequentibus,
2210 3486 2322 3523 singulis

1269 3531 1416 3568 videlicet,
1431 3527 1531 3565 singula
1545 3526 1602 3556 duo
1619 3525 1695 3555 milia
1707 3526 1821 3563 recipias
1841 3525 1856 3554 ἓι
1871 3525 2092 3562 ΟοΙΙεέὶοτίῠυε,
2107 3525 2183 3562 super
2198 3524 2254 3554 hoc
2269 3525 2320 3554 de-

1270 3570 1366 3607 putatis
1381 3569 1398 3598 a
1412 3568 1491 3597 nobis
1501 3567 1575 3603 juxta
1590 3563 1709 3594 modum
1722 3564 1755 3594 &
1771 3563 1908 3601 formam,
1930 3573 2011 3601 quam
2034 3563 2136 3593 eisdem
2151 3562 2322 3593 Conectori-

1270 3610 1335 3645 buS,
1354 3617 1401 3645 per
1420 3605 1481 3636 alias
1494 3602 1598 3633 nostras
1609 3601 1686 3639 super
1700 3602 1774 3640 hoc,
1791 3602 1859 3632 certi
1880 3602 1998 3639 tenoris,
2019 3601 2114 3632 litteras
2133 3600 2260 3631 duximus
2280 3611 2322 3631 as-

1283 3647 1288 3651 *
1313 3645 1445 3675 nandum.

1271 3648 1387 3714 thulli
1397 3690 1466 3717 ergo
1478 3679 1597 3709 omnino
1617 3678 1770 3708 hominum
1789 3677 1870 3709 liceat
1888 3678 1958 3708 hanc
1983 3678 2112 3715 paginam
2135 3675 2236 3707 nostrae
2251 3686 2324 3707 con-

1272 3722 1400 3753 cellionis
1414 3721 1446 3751 ὃς
1457 3717 1610 3748 donationis
1626 3716 1790 3753 infringere,
1803 3718 1863 3746 &e

1310 3760 1375 3791 Dat.
1392 3755 1551 3794 Burdegaiae
1566 3754 1646 3785 Non.
1661 3755 1737 3791 Aug.
1759 3752 1942 3785 Pontificatsis
1957 3752 2043 3783 nostri
2058 3762 2132 3782 anno
2147 3754 2248 3790 primo.

1659 3829 1712 3859 Sub
1724 3827 1783 3870 filis
1790 3830 1882 3869 fi’ricis
1890 3829 1968 3867 flavi
1982 3828 2106 3868 rubeique
2121 3827 2219 3858 coloris.

2253 4098 2330 4123 Com-⁷
