2570 4261
63 184 138 216 Arm.
154 180 195 212 D.

87 221 168 261 1308.

63 263 131 289 Edu.
150 270 176 287 2.

214 113 293 155 130
643 84 1893 135 coNVENTioNEs,L1TERAE,

213 184 314 215 mentis
333 183 422 214 oeulis
439 182 539 214 erestis
562 179 596 210 ad
622 179 700 210 illum
715 201 725 216 ,
749 188 797 218 per
814 186 899 216 quem
924 176 1069 219 honorum
1086 173 1233 219 culmina,
1251 173 1284 203 &-

213 221 384 259 Regnorum
402 220 476 252 Solia
493 218 679 258 possidentur,
690 218 748 255 ejus
765 216 907 247 humiliter
927 213 1106 257 beneplacitis
1116 221 1150 256 'te
1169 210 1286 256 consor-

215 271 293 299 mes,
310 261 343 290 δε
362 259 578 295 progenitorum
596 264 709 286 tuorum
727 256 836 285 imitans
861 251 996 296 laudanda
1020 250 1162 295 vestigia,
1187 250 1287 293 limites

216 298 321 330 studeas
339 297 483 328 observare
498 294 623 333 iustitiae,
643 293 769 332 personas
781 291 986 324 Ecclesiasticas
1004 289 1104 326 Regni
1122 296 1163 333 tui
1184 287 1288 332 favoris

217 337 308 370 Regii
320 345 375 375 ope
389 334 540 365 confoveas
553 356 566 377 7
589 334 622 364 &
661 332 823 362 totectionis
839 339 895 361 tuae
913 329 1039 373 praesidio
1056 337 1173 366 tueariS,
1193 337 1208 357 a
1227 336 1288 364 qui-

218 374 309 406 busvis
326 382 419 404 earum
438 372 588 410 molestiis,
599 343 727 409 offensis,
744 371 778 401 &
795 370 899 407 injuriis
915 366 1090 398 abstinendo.
1119 404 1124 408 ·
1196 404 1200 408 ι

255 412 328 442 Haec
348 410 477 448 prosette)
494 410 554 441 sunt
572 420 657 447 opera
683 409 711 438 in
740 407 894 445 conspeetu
919 406 1037 436 Divinae
1062 402 1289 445 Majestatisac-

220 459 315 487 cepta:
335 449 402 479 Hoc
422 448 460 478 est
479 448 628 479 salubrium
646 447 810 478 exercitium
828 446 972 475 affionum
990 453 995 472 t
1024 442 1098 473 Haec
1115 446 1176 485 lunt
1193 450 1289 478 utique

221 488 326 526 studia,
341 497 404 525 quae
421 488 449 516 in
465 487 574 524 populis
590 488 719 523 gentium
736 508 747 524 ,
768 484 935 527 Principum
958 481 1035 519 gesta
1061 479 1211 511 clarificant
1224 502 1234 517 ,
1256 479 1289 509 &

220 526 400 563 regnantium
415 525 555 556 stabiliunt
567 524 633 555 solia
647 522 876 554 incommutabili
892 521 1078 551 firmamento.
1112 558 1116 563 ἰ

260 564 378 594 Dudum
393 563 528 602 siquidem
544 562 717 593 Venerabilis
738 562 829 592 Frater
845 559 939 590 noster
951 559 1049 602 Petrus
1064 556 1218 597 Episcopus
1241 555 1289 600 Sa-

221 604 356 638 binensis,
372 602 406 632 ad
428 602 564 633 Remum
588 610 667 632 tuum
690 611 742 638 pro
765 598 928 638 quibusdam
941 595 1197 666 negotiis,·stattim
1211 605 1291 639 paci-

221 641 306 671 ficum
327 642 360 672 &
373 641 568 680 tranquillum,
586 640 668 671 clarae
688 640 853 676 memoriae,
869 637 971 680 Edwar
992 637 1001 665 i
1017 634 1162 666 Genitoris
1177 642 1234 671 tui,
1257 633 1290 664 δε

220 679 289 710 dieti
312 678 410 716 Regni
425 688 470 709 tan
483 679 615 716 entibus,
629 677 765 709 accedens
774 700 784 715 ,
796 675 976 706 Venerabiles
990 673 1096 704 Fratres
1110 671 1219 716 nostros

219 718 316 748 Sancti
337 717 455 748 Aridi-ee
474 718 507 749 &
685 715 838 753 Glasguen.
856 713 959 753 Episco
980 723 1011 744 os
1025 735 1037 757 ἕ,
1072 721 1141 750 quos
1159 710 1237 754 licet·
1256 708 1291 739 ad

219 757 373 795 devotam,
395 757 428 786 &
443 756 590 786 instantem
605 754 676 785 dicti
697 754 842 785 Genitoris
860 754 900 783 tui
922 753 952 782 in
977 759 1079 782 annam
1108 747 1293 794 mandavisse-

224 805 287 825 mus
313 805 361 833 per
384 794 580 825 Venerabilem
603 793 725 823 Fratrem
746 791 873 823 nostrum
1034 787 1292 833 Archiepiscopum

222 833 428 863 Eboracensem
443 841 554 873 propter
575 830 705 870 quaedam
718 831 858 869 orribilia,
873 839 935 868 quae
950 827 986 859 de
1002 828 1063 866 ipsis
1076 827 1153 871 idern
1169 826 1294 871 Genitor

222 879 283 902 tuus
301 873 384 901 nobis
401 880 497 902 contra
516 869 623 908 ipsum,
641 879 739 908 pacem
758 870 791 901 &
809 867 1021 906 tranquilitatem
1040 866 1138 910 Regni
1165 873 1205 896 tui
1229 872 1295 894 inti·

224 918 349 940 maverat
364 909 445 940 fuisse
459 907 611 940 commista
620 932 628 947 ,
641 919 703 946 quae
720 907 776 947 ipse
799 909 827 938 in
843 907 890 938 sua
905 906 1075 937 conscientia
1087 903 1220 948 afferebat
1233 902 1293 947 fore

223 959 304 987 vera,
323 958 372 986 per
384 948 441 978 suas
463 949 578 978 Litteras
596 948 628 978 ὃ(
646 946 781 977 Nuncios
797 944 925 984 speciales
942 968 952 983 ,
975 945 1054 982 ipsius
1081 941 1294 980 Archiepiscopi

223 989 330 1017 carceri
344 988 516 1025 mancipari,
535 987 566 1017 ὅ(
585 987 614 1016 in
630 996 664 1015 eo
681 986 767 1015 etiam
781 984 898 1015 detineri
914 983 1010 1013 donec
1028 982 1099 1020 ipsos
1120 981 1154 1012 ad
1171 980 1294 1024 nostram

223 1025 395 1063 praeseiitiam
412 1025 608 1056 mandaremus
619 1024 719 1055 adduci
751 1025 782 1055 in
797 1032 914 1061 gravem
937 1021 1053 1052 Divinae
1074 1019 1226 1059 Majestatis
1247 1017 1294 1062 os-

223 1064 344 1102 sensam,
362 1065 395 1095 &
413 1074 471 1093 non
488 1064 634 1094 modicam
654 1047 827 1100 Apostolicae
841 1061 919 1091 Sedis
934 1061 1062 1104 injuriam
1073 1082 1082 1098 ,
1095 1059 1186 1103 dic‘tus
1202 1057 1293 1088 Geni-

223 1112 268 1133 tor
286 1111 346 1134 tuus
364 1103 504 1133 detinebat
518 1102 616 1139 Regio
630 1103 735 1132 carceri
750 1102 925 1138 mancipatos
933 1122 943 1138 ,
959 1109 1027 1130 cum
1041 1098 1171 1129 instantia
1185 1106 1218 1127 ex
1233 1106 1295 1135 par-

224 1150 251 1172 te
265 1140 362 1172 nostia
376 1141 492 1172 libertati
507 1141 610 1172 restitui
646 1139 783 1171 ostiilavit.
1236 1175 1240 1180 ,

262 1179 342 1210 Idem
365 1188 457 1210 autem
480 1179 558 1217 Rex,
577 1179 609 1216 ej*
633 1178 700 1209 dem
721 1177 877 1209 Sabinensis
899 1176 1034 1215 Episcopi
1065 1173 1295 1219 postulationibus

224 1229 363 1257 annuet-13,
380 1218 508 1256 pritfatos
525 1217 677 1256 Episcopos
691 1227 758 1248 cum
774 1216 880 1254 magna
900 1215 1054 1247 humilitate
1069 1214 1163 1246 eidem
1179 1213 1295 1252 Episco-

224 1267 264 1295 po
277 1257 418 1287 Sabinensi
433 1257 520 1287 verbo
535 1256 648 1288 restituit
659 1257 707 1295 ,&
726 1255 868 1287 mandavit
885 1253 991 1286 restitui
1011 1263 1080 1285 cum
1096 1251 1199 1284 effeetu
1215 1252 1294 1290 Apo-

226 1295 333 1326 nolitne
347 1296 423 1326 Sedis
436 1295 599 1333 conspeetu
616 1295 827 1334 pioesentandos.

261 1333 296 1363 Et
311 1334 375 1364 licet
394 1333 520 1371 praefatus
537 1333 691 1364 Sabinensis
709 1332 864 1371 Episcopus
881 1331 942 1362 illos
956 1338 1123 1370 proponeret
1137 1329 1233 1373 secum
1248 1328 1298 1359 ad-

225 1371 344 1411 ducere,
365 1382 432 1402 cum
450 1372 539 1410 ipsum
558 1372 646 1403 redire
664 1372 697 1402 ad
719 1371 892 1409 praesentiam
911 1368 1089 1411 Apostolatsis
1115 1368 1202 1399 nostri
1225 1377 1295 1412 cori-

224 1412 357 1450 tingeret,
369 1411 468 1448 cosque
483 1419 570 1449 tunc,
585 1421 653 1441 curn
666 1411 778 1440 haberet
794 1411 863 1440 inibi
881 1419 991 1439 moram
1011 1408 1191 1445 contrahere,
1211 1407 1244 1437 &
1261 1415 1294 1436 ti-

224 1457 312 1479 meret
326 1449 361 1479 de
383 1449 453 1486 fuga
473 1459 573 1479 eorum
588 1472 598 1488 ,
613 1451 737 1488 recipere
757 1447 917 1487 distuliffei3
932 1447 1113 1489 postmodum
1126 1456 1237 1484 tamen,
1248 1455 1297 1476 eo-

225 1487 294 1517 dem
311 1487 449 1518 Genitore
462 1495 528 1525 tuo,
547 1489 623 1518 viim
640 1487 771 1518 universae
787 1488 875 1517 carnis
892 1486 1035 1524 ingresio,
1057 1484 1146 1523 ipsos,
1167 1494 1220 1514 nec
1240 1493 1298 1513 non

229 1527 262 1556 ὅ(
279 1525 474 1557 Venerabilem
494 1526 614 1558 Fratrem
630 1526 756 1557 nostrum
776 1525 933 1556 &Valterum
962 1523 1204 1555 Licheseldensem
1230 1522 1298 1560 Epi-

226 1564 345 1602 scopum
355 1588 365 1604 ,
381 1575 464 1603 quem
484 1575 594 1595 carcere
612 1564 769 1603 detinebat,
786 1564 866 1594 dieto
880 1563 1022 1594 Sabinensi
1035 1562 1196 1601 Episcopo,
1213 1563 1249 1592 ab
1263 1571 1298 1591 co

194 1632 196 1634 .
226 1603 365 1640 requisitus
384 1603 527 1641 instanter,
545 1603 683 1634 restituere
698 1603 844 1642 distulisti,
857 1601 992 1641 afficiens,
1013 1610 1093 1640 prout
1109 1610 1142 1631 ex
1163 1600 1234 1631 dieti
1250 1600 1299 1631 Sa-

100 2034 188 2062 ⁸111.

116 2082 177 2101 ¹10.

227 1642 346 1672 binensis
361 1641 493 1681 Episcopi
508 1642 640 1673 relatione
656 1642 886 1681 percepimus,te
901 1641 971 1671 velle
987 1641 1071 1672 nobis
1084 1639 1162 1679 super
1175 1639 1233 1670 hoc
1251 1648 1299 1677 per

224 1679 354 1721 speciales
376 1681 509 1712 Nuncios
519 1680 692 1719 respondere.
1155 1718 1159 1722 Ι

262 1717 396 1758 Cumque
438 1718 601 1750 ostmodum
624 1719 774 1750 Dileetiim
801 1718 905 1749 Filium
931 1717 1108 1755 Magistrum
1131 1715 1297 1759 Srccardum

225 1756 262 1788 de
279 1757 394 1796 Vauro,
438 1757 600 1789 schidiacon
607 1768 656 1788 um
678 1757 825 1789 Corbariae
842 1759 872 1788 in
890 1756 1017 1788 Ecclesia
1034 1756 1229 1794 Narbonensi,
1242 1754 1301 1786 Ca-

226 1795 366 1835 pellanum
384 1795 528 1835 nostrum,
545 1807 596 1835 pro
616 1796 739 1835 ipsorum
754 1795 960 1835 Episcoponim
984 1796 1147 1826 liberatione
1181 1794 1215 1826 &
1236 1804 1298 1824 cer-

227 1835 262 1864 tis
278 1834 335 1865 aliis
349 1836 486 1873 negotiis,
501 1835 534 1865 ad
551 1844 578 1865 te
592 1845 658 1865 cum
678 1834 776 1865 nostris
791 1835 885 1866 litteris
903 1833 1056 1872 specialiter
1071 1817 1250 1871 misissemus,
1269 1841 1299 1863 tu

228 1872 346 1904 demum
370 1873 529 1915 hujusmodi
551 1873 644 1904 litteris
658 1873 755 1904 nostris
769 1896 779 1912 ,
809 1874 859 1904 tibi
902 1873 1047 1904 raesentatis
1062 1882 1110 1910 per
1131 1871 1240 1910 ipsum,
1258 1881 1300 1902 rt,h

228 1913 332 1949 ceptis,
354 1913 437 1943 nobis
450 1922 498 1950 per
513 1911 620 1949 Regias
633 1912 732 1943 litteras
745 1911 871 1950 respondi
900 1913 908 1942 i
942 1911 1017 1950 quod
1032 1911 1109 1949 super
1121 1910 1300 1950 liberatione,

226 1951 273 1988 vel
289 1950 417 1982 missione
431 1950 576 1982 dictorum
591 1950 798 1990 Episcoporum
813 1950 846 1981 ad
866 1935 988 1981 noilsam
1010 1949 1183 1988 praesentiam
1200 1971 1211 1987 ,
1230 1958 1301 1979 cum

231 1987 400 2020 Proceribus
413 1989 510 2023 Regni
525 1990 565 2019 tui
575 2012 584 2028 ,
602 2000 723 2028 quorum
740 1989 911 2027 praesentiam
922 1998 1052 2028 ,propter
1067 1987 1209 2020 Guerram
1224 1995 1302 2018 tuam

227 2029 259 2063 in
276 2028 373 2058 Scotia
389 2028 407 2047 *³
428 2027 600 2066 suscitatam,
619 2029 753 2066 nequibas
767 2028 885 2067 habere,
901 2037 984 2067 quam
1000 2027 1084 2059 citius
1095 2026 1301 2068 posses‚inten-

229 2066 313 2097 debas
334 2067 435 2097 habere
454 2066 631 2105 colloquium
646 2068 678 2098 δε
694 2067 856 2098 tractatum:

269 2105 306 2136 Su
328 2105 448 2143 plicans,
463 2115 492 2136 ut
509 2105 655 2136 molestam
672 2105 837 2137 dilationem
851 2129 862 2145 ,
886 2106 920 2137 &
941 2104 1052 2137 consilii
1069 2104 1299 2136 deliberationem

231 2143 300 2182 huju
314 2144 391 2174 modi
406 2154 463 2174 non
478 2143 627 2182 ferremu53

271 2181 418 2221 Qioniam
437 2182 534 2212 habito
568 2193 653 2220 quam
672 2182 754 2213 citius
772 2181 829 2212 fieri
845 2181 1078 2221 poiset‚consilio
1092 2181 1128 2213 de
1143 2181 1300 2219 praedictis,

231 2220 366 2260 quicquid
379 2220 513 2251 inoffensa
529 2206 622 2258 Regia
636 2221 789 2259 dignitate,
798 2222 830 2252 δε
844 2221 944 2259 absque
958 2220 1177 2252 exhaeredatione
1187 2220 1219 2251 δε
1237 2230 1299 2257 gra-

231 2261 260 2290 vi
277 2259 436 2298 praejudicio
448 2259 624 2290 subditorum
638 2268 750 2291 tuorum
759 2282 770 2298 ‚
785 2260 818 2291 &
831 2268 881 2291 tuo
896 2260 954 2291 fieri
970 2260 1074 2299 pollet,
1089 2258 1175 2290 Filiali
1189 2257 1302 2290 efficere

222 2297 452 2336 ‚promptitudine
468 2308 634 2336 procurares¹

266 2335 369 2375 Sicque
387 2336 477 2367 adhue
497 2335 649 2375 Episcopos
671 2335 741 2374 ipsos
773 2337 848 2375 quod
865 2337 988 2368 dolentes
1002 2336 1229 2374 referimus‚non
1245 2335 1301 2366 sine

227 2382 282 2444 tduae
297 2374 385 2406 salutis
402 2374 565 2415 dispendio,
582 2375 615 2407 ὃ(
633 2376 728 2406 aeterni
746 2360 837 2414 Regis
852 2377 1010 2415 obprobrio
1024 2383 1179 2407 carceratos
1200 2375 1302 2406 diceris

247 2422 359 2444 etinere.

268 2451 402 2483 Praeterea
419 2452 470 2483 alia
487 2452 568 2483 cordi
590 2450 684 2482 nostro
705 2451 742 2483 de
762 2453 814 2483 tuis
835 2453 942 2484 aestibus
966 2463 1025 2484 non
1048 2451 1166 2489 indigne
1189 2451 1301 2483 materia

228 2490 342 2528 grandis
363 2491 525 2521 turbationis
548 2493 689 2529 accrevit,
707 2490 782 2529 quod
798 2491 866 2523 sicut
879 2493 988 2523 notitioe
1003 2491 1106 2522 nostrae
1121 2500 1154 2521 ex
1170 2490 1301 2522 relatione

249 2529 355 2560 lurium
370 2528 540 2568 Magnatum
556 2530 695 2568 innotuit,
712 2530 786 2560 bona
808 2541 870 2568 quae
891 2530 1048 2568 Templarii
1070 2531 1098 2560 in
1119 2529 1230 2566 Regno
1251 2538 1301 2560 tuo

229 2539 350 2607 liabent,
370 2578 433 2605 quae
451 2568 484 2599 ad
502 2568 632 2598 ordinem
650 2569 729 2606 ipsius
741 2569 858 2607 Templi
871 2571 1027 2607 pertinent,
1043 2568 1062 2599 sl
1077 2569 1168 2600 bonus
1183 2569 1300 2606 reperia-

230 2613 290 2644 tur,
307 2606 342 2637 Et
356 2607 419 2637 alias
433 2606 468 2637 ad
482 2606 566 2637 dietae
581 2606 661 2638 Sedis
675 2606 884 2645 dispositionem
900 2608 1052 2646 plenariam
1076 2608 1216 2645 pertinere
1237 2605 1302 2637 nos-

230 2653 350 2683 cuntur,
362 2645 395 2675 δε
409 2655 471 2683 quae
489 2645 522 2676 ad
543 2655 638 2675 manus
655 2653 712 2675 tuas
730 2645 764 2676 de
792 2646 926 2677 mandato
948 2645 1043 2676 nostro
1065 2645 1188 2684 posueras
1242 2655 1301 2677 non

228 2681 331 2722 absque
348 2682 467 2713 Divinae
481 2683 635 2722 Majestatis
651 2682 757 2714 offensa
772 2707 782 2723 ,
804 2686 837 2716 ὃ(
858 2685 945 2716 ἀίἃιε
963 2684 1040 2717 Sedis
1057 2683 1175 2723 injurii,
1189 2667 1302 2715 diversis

229 2720 393 2752 distribuisti
415 2722 550 2760 personis,
569 2732 620 2760 pro
638 2730 692 2753 tuae
710 2723 790 2753 libito
809 2723 966 2754 voluntatis.

269 2759 380 2791 Verum
409 2770 438 2791 ut
463 2761 604 2792 ordinatio
627 2760 662 2791 de
686 2761 825 2799 praedietis
848 2763 881 2794 ὅ(
898 2763 956 2793 aliis
973 2762 1054 2792 bonis
1070 2760 1303 2799 Templariorum

232 2798 371 2841 ipsorum,
389 2799 599 2831 consistentibus
617 2809 664 2838 per
682 2801 798 2836 lingulas
849 2809 901 2831 rtes
917 2801 993 2832 orbis
1008 2823 1018 2840 ,
1051 2810 1090 2831 ier
1114 2810 1166 2830 nos
1185 2799 1221 2831 de
1239 2799 1302 2831 Fra-

231 2845 305 2867 trum
325 2837 483 2868 nostrorum
504 2837 638 2876 consilio,
657 2839 786 2877 praesente
827 2839 835 2848 “
864 2839 959 2869 issimi)
978 2840 1008 2869 in
1055 2838 1143 2868 hristo
1161 2838 1233 2869 Filio
1250 2848 1301 2868 no-

232 2875 290 2905 stro
309 2875 439 2916 Philippo
458 2875 539 2916 Rege
558 2877 728 2908 francorum
745 2877 870 2917 IHustre,
894 2878 986 2916 mdia,
1007 2877 1077 2908 dum
1095 2877 1187 2908 adhuc
1208 2876 1303 2908 Pieta-

232 2915 281 2944 vio
298 2915 470 2946 residentiam
491 2915 662 2955 faceremus,
673 2917 726 2946 tuis
743 2916 859 2947 sensibus
877 2915 921 2947 fiat
939 2925 1024 2954 nota,
1042 2916 1168 2953 Regiam
1186 2915 1304 2960 Magni-

224 2952 359 2983 tudinem
377 2954 506 2984 volumus
524 2965 583 2984 non
601 2954 783 2993 latere‚quod
802 2965 850 2993 per
869 2955 977 2986 didium
996 2954 1109 2995 Regem
1128 2954 1249 2992 personis
1259 2954 1303 2985 di-

233 2989 346 3033 §torum
362 2992 588 3030 Templariorum
607 3002 639 3023 ac
658 2993 810 3024 mobilibus
824 2994 856 3024 &
871 2994 1069 3024 immobilibus
1082 2994 1166 3024 bonis
1180 2993 1302 3030 ipsorum

234 3037 265 3057 in
281 3028 384 3068 Regno
400 3029 448 3060 suo
466 3031 692 3069 consistentibus,
712 3033 792 3062 nobis
811 3032 958 3064 liberaliter
976 3032 1105 3069 redditis,
1120 3032 1153 3063 &
1169 3031 1302 3070 dimissis,

233 3067 267 3097 &
287 3076 370 3097 manu
388 3067 433 3098 suit
450 3070 485 3099 ab
501 3071 540 3099 eis
558 3070 591 3100 ad
610 3068 730 3100 nostram
749 3071 953 3109 requisitionem
973 3071 1069 3102 amoti
1103 3080 1136 3100 ac
1155 3071 1302 3109 injuncto,

272 3116 284 3134 r
300 3104 356 3135 suas
371 3105 496 3137 Parentes
514 3110 546 3138 ὃς
567 3108 681 3138 diversis
701 3109 830 3147 Litteras,
853 3111 987 3140 omnibus
1004 3109 1056 3141 suis
1087 3108 1223 3140 ustitiariis
1237 3133 1247 3149 ‚
1268 3110 1302 3141 &

246 3143 367 3181 obditis,
382 3153 411 3174 ut
429 3145 494 3183 illis,
511 3156 578 3184 quos
595 3147 785 3178 ordinaremus
803 3149 837 3179 ad
855 3148 1051 3188 recipiendum
1071 3147 1219 3187 praedi&a‚
1240 3159 1302 3187 per-

232 3182 326 3221 sonas,
346 3183 378 3213 &
397 3183 471 3213 bona
487 3184 717 3222 Templaiiorum
736 3186 875 3226 ipsorum,
904 3197 989 3226 quam
1005 3186 1088 3218 citii'is
1106 3185 1193 3217 essent
1211 3189 1304 3226 requi-

236 3221 275 3252 siti
294 3231 344 3262 pcr
365 3222 573 3263 eo5,ti·adercnt
588 3224 755 3259 integraliter
772 3225 871 3264 absque
890 3225 1004 3263 fraude,
1017 3224 1208 3256 ordinavimus
1223 3227 1300 3264 quod

235 3268 318 3290 certae
334 3264 457 3300 personae
476 3261 595 3300 ydoneJe
615 3271 665 3298 pro
684 3263 859 3301 inquisitione
883 3264 1011 3295 facienda
1037 3271 1135 3295 contra
1151 3263 1301 3304 ordinem,

233 3298 268 3328 ὃ(
284 3298 462 3343 Templarios
480 3300 746 3343 memoratos‘71super
760 3302 920 3333 execrandis
934 3302 1086 3334 excessibus
1102 3301 1149 3340 qui
1166 3312 1214 3339 per
1229 3303 1301 3340 ipsos

234 3338 377 3367 commilii
391 3337 538 3376 dicuntur,
555 3348 587 3368 ac
601 3338 681 3368 bonis
694 3341 856 3378 recipiendis
870 3352 969 3372 eorum
982 3365 992 3381 ,
1013 3342 1066 3371 una
1087 3349 1156 3372 cum
1181 3339 1302 3373 Praelatis

234 3375 269 3404 ad
293 3375 350 3419 hoc
372 3375 525 3414 specialiter
551 3376 684 3414 deputatis
702 3388 717 3407 a
737 3379 818 3408 nobis
840 3379 873 3410 ad
897 3380 972 3411 idem
990 3379 1128 3417 Regnum
1146 3385 1244 3418 tuum,
1267 3382 1301 3412 &

235 3412 388 3444 Univetsis
404 3415 465 3444 alias
483 3423 569 3452 partes
587 3414 674 3445 Orbis
691 3414 839 3453 specialiter
855 3419 1045 3456 mitterentur,
1065 3419 1094 3448 in
1112 3418 1211 3456 quibus
1231 3418 1301 3449 dic‘h

236 3451 394 3496 Templai'ii'
424 3453 525 3491 aliquid
553 3454 655 3484 habere
680 3456 828 3485 noscuntur
844 3478 854 3493 ,
878 3457 1049 3488 intendentes
1076 3464 1106 3487 ut
1130 3455 1302 3488 ordinationi

231 3490 379 3527 'prtedisrae
394 3492 424 3521 in
438 3492 517 3522 brevi
533 3491 642 3522 debitus
654 3492 826 3531 subsequatur
840 3492 968 3525 effectus.

278 3527 359 3572 etim
377 3531 467 3567 itaque
484 3530 520 3560 ab
537 3531 643 3560 intimis
662 3534 823 3569 cupiamus,
843 3532 919 3570 quod
942 3531 1159 3570 progenitorum
1172 3540 1302 3573 tuorum,

238 3575 287 3603 qui
305 3576 369 3610 erga
389 3567 484 3597 Deum
504 3569 536 3598 δε
556 3568 718 3599 Romanam
737 3569 891 3601 Ecclesiam
909 3571 972 3601 zelo
996 3571 1155 3602 devotionis
1177 3572 1301 3611 accensi,

237 3603 344 3646 cultum
361 3616 389 3634 in
411 3605 519 3640 Regnis
533 3608 585 3649 suis
601 3617 780 3649 augmentare
799 3608 939 3640 Divinum
955 3633 965 3648 ,
990 3612 1059 3641 tueri
1080 3609 1302 3642 Ecclesiasticain

236 3641 392 3686 libertatem
450 3644 582 3675 Ecclesias
599 3646 632 3676 δε
650 3649 775 3684 personas
792 3647 995 3678 Ecclesiasticas
1016 3649 1113 3679 fovere
1130 3647 1301 3686 Regnorum

237 3679 381 3719 ipibrum,
398 3666 430 3712 ἐξ
448 3691 591 3722 protegere
609 3693 772 3715 curaverunt
787 3708 797 3723 ,
818 3686 932 3716 salubria
949 3687 1030 3726 eligas
1047 3686 1166 3724 vestigia
1183 3687 1302 3726 imitari,

239 3725 321 3763 teque
334 3718 459 3763 ostendas
475 3721 669 3752 aemulatorem
687 3722 846 3762 fervidum,
866 3734 913 3762 per
934 3724 1088 3764 eflectum,
1110 3735 1161 3763 ac,
1179 3725 1301 3762 ejusdem

238 3762 277 3799 tui
292 3756 435 3800 Genitori}
451 3760 600 3798 exemplo,
619 3762 681 3799 qui,
699 3760 753 3791 fide
775 3762 938 3801 praeclarus,
959 3765 988 3793 in
1013 3764 1099 3795 dietae
1120 3772 1200 3794 terrae
1217 3763 1302 3794 subsi-

238 3791 334 3837 dium,
348 3797 545 3839 transfretando
563 3808 614 3836 pro
629 3807 709 3829 terra:
727 3799 886 3830 defensione
904 3801 1068 3840 precamine,
1089 3802 1122 3833 &
1142 3800 1228 3831 nostri
1243 3801 1301 3832 Sal-

241 3839 342 3861 vator-is
356 3838 453 3870 injuria
470 3835 627 3866 ulciscenda
644 3859 653 3874 ,
679 3838 707 3866 in
730 3837 800 3868 terra
818 3838 875 3875 ipsa
896 3839 988 3876 plagas
1008 3840 1163 3871 sustim'nuit
1180 3839 1252 3870 diras
1267 3840 1300 3871 &

243 3868 355 3912 vulnera
364 3893 372 3906 ,
391 3871 470 3914 seque
488 3876 585 3904 mortis
599 3875 724 3912 periculis
738 3875 841 3907 offerre
856 3877 964 3908 devotis
977 3877 1125 3910 affedtibus
1146 3887 1205 3909 non
1219 3887 1302 3916 expa-

239 3913 281 3952 y1t
278 3914 368 3971 Rum
380 3908 481 3946 dirigas
496 3912 635 3951 affiones,

265 3982 271 3986 .
310 3945 414 3988 egalem
429 3950 667 3984 magnificentiam
685 3961 816 3986 rogamus
835 3953 868 3983 ὅ(
886 3953 1031 3986 hortamur
1044 3956 1074 3986 in
1088 3954 1161 3986 Filio
1173 3953 1233 3984 Dei
1248 3952 1302 3985 Pa-

238 3987 433 4028 tris,quatinus
449 3985 525 4022 super
542 3987 684 4020 dierorum
703 3990 863 4022 liberatione
881 3990 1061 4024 Praelatorum
1079 3994 1109 4024 in
1131 3991 1301 4024 parliamen-

1324 180 1355 202 to
1365 193 1374 208 ,
1392 181 1442 209 per
1459 178 1487 201 te
1504 172 1534 202 in
1552 173 1703 210 proximo,
1720 182 1750 204 ut
1769 174 1946 210 audivimus,
1956 170 2142 210 celebrando,
2161 171 2199 203 sic
2217 171 2318 204 salubri
2331 182 2402 204 con-⁷
2419 171 2496 204 Ann.
2510 171 2552 204 D.

1327 210 1386 240 silio
1403 209 1547 248 dirigaris,
1566 211 1660 248 sicque
1677 212 1758 242 nobis
1778 210 2002 250 promptitudine
2015 209 2120 240 devota
2132 210 2309 251 respondeas,
2342 213 2401 244 uod
2439 211 2527 253 1308.

1324 248 1465 286 responsio
1482 247 1538 285 ipsa
1554 257 1634 286 grata
1651 250 1681 279 iri
1697 250 1786 281 oculis
1803 249 1924 281 Divinae
1941 247 2096 286 Maiestatis
2112 252 2241 287 appareat
2256 272 2267 289 ‚
2290 222 2404 282 nocikr'ss-
2419 251 2488 280 Edv.
2507 259 2537 278 κ.

1327 297 1382 324 que
1397 285 1546 317 affeetibus
1560 287 1592 319 sit
1605 296 1737 328 accepta3
1751 289 1784 319 ὃς
1802 288 1983 319 nihilominus
2001 286 2182 318 conceffione
2199 288 2402 326 praedidtorum
2554 289 2558 292 ’

1326 325 1488 363 bonorum,
1504 325 1577 363 siqua
1594 325 1669 356 faeia
1687 326 1717 356 sit
1727 349 1736 365 ‚
1753 337 1816 365 quae
1833 326 1906 358 nulla
1923 326 1954 356 sit
1971 325 2032 363 ipso
2046 325 2107 363 J'ure
2120 348 2130 364 ,
2152 336 2201 364 per
2214 326 2311 358 te'sine
2325 328 2403 358 diffi-

1328 364 1429 393 cultate
1448 363 1572 401 qualibet
1589 365 1738 403 revocata,
1752 367 1787 396 de
1800 365 1897 402 faCto,
1915 364 1983 395 sicut
1997 364 2033 395 de
2056 363 2135 396 facto
2171 364 2300 406 ioceffit,
2320 366 2358 397 fic
2372 368 2404 400 in

1328 401 1540 433 conservatione
1560 402 1686 441 ipsorum
1703 404 1738 434 ὃς
1754 404 1874 435 aliorum
1890 404 2035 433 bonorum
2049 375 2279 442 Tempigriorum
2300 414 2405 437 eorun-

1328 439 1412 478 dem,
1428 439 1639 472 consistentium
1658 441 1731 473 infra
1748 444 1883 473 terminos
1911 440 2012 479 Regni
2032 441 2090 480 tui,
2108 441 2261 474 efficaciter
2278 451 2307 474 te
2325 454 2406 482 geras

1328 479 1361 509 δε
1379 479 1496 517 habeas,
1515 479 1594 518 quod
1612 479 1738 517 personae
1751 503 1763 520 ,
1793 491 1858 520 quas
1883 490 1935 518 pro
1951 479 2036 510 dietis
2060 480 2144 510 bonis
2168 480 2336 520 recipiendis
2366 482 2403 516 ad

1328 516 1407 547 idem
1427 516 1564 555 Regnum
1581 526 1664 548 tuum
1683 519 1833 560 celeriter,
1847 518 1974 550 Auctore
1997 517 2147 558 Domino,
2170 520 2405 562 transmittemus,

1329 556 1406 586 bona
1421 555 1478 593 ipsa
1493 565 1545 594 pro
1559 556 1641 586 dicto
1659 557 1775 597 ordine,
1794 557 1813 588 fi
1828 568 1878 597 ea,
1895 567 1959 596 quae
1981 557 2042 595 ipsis
2059 555 2232 596 Templariis
2247 558 2404 599 imponun-

1329 602 1390 632 tur,
1411 594 1586 636 inveniantur
1604 596 1718 627 veritate
1734 606 1845 635 carere·⁷
1861 596 1985 635 alioquin
2003 606 2055 634 pro
2072 595 2174 626 Terrae
2191 596 2303 629 Sanetae
2318 597 2405 630 subfi-

1330 633 1380 663 dio
1398 633 1608 673 conservanda,
1625 644 1679 672 pro
1697 645 1755 674 quo
1773 634 1885 666 fuerunt
1901 646 1916 665 a
1934 634 2146 665 conferentibus
2163 634 2406 675 deputata,habe-

1330 682 1360 701 re
1379 671 1499 710 pacifice
1514 672 1640 711 valeant,
1660 674 1694 704 &
1711 675 1856 712 percipere
1873 673 1978 704 frustm
1993 674 2026 705 ὃς
2041 673 2162 704 redditus
2179 675 2405 716 eorumdem3&

1331 718 1443 753 propter
1456 710 1515 741 hoc
1531 710 1651 742 Divinae
1666 711 1836 751 Majestatis,
1847 712 1925 752 cujus
1942 712 2033 750 agitur
2045 713 2075 742 in
2090 712 2146 743 hac
2157 715 2238 751 parte’
2246 714 2407 755 negotium,

1331 759 1390 779 non
1406 759 1529 780 incurras
1545 749 1699 789 offenfiim,
1713 751 1746 782 &
1761 752 1791 781 in
1813 752 1939 782 examine
1961 750 2080 782 distriffi
2093 751 2195 792 judicii
2212 761 2272 784 non
2295 755 2407 792 cogaris

1331 787 1457 818 debitam
1471 788 1588 819 reddere
1601 789 1746 820 rationem.

1370 826 1508 864 Alioquin
1525 827 1594 858 scite
1618 835 1646 857 te
1664 827 1795 858 volumus
1809 850 1821 868 ,
1846 827 1926 868 quod
1944 851 1954 867 ,
1992 836 2239 868 quantumcunque
2279 829 2405 862 ersonarn

1332 872 1409 895 tuam
1425 865 1575 903 diligamus
1593 875 1627 896 ex
1647 865 1752 906 corde,
1770 866 1803 897 &
1821 873 2071 906 quantumcunque
2087 875 2185 907 tuum,
2203 869 2236 900 &
2285 871 2353 908 egni
2365 870 2407 902 tui

1333 903 1434 934 statum
1453 904 1615 942 prosperum
1634 904 1703 934 sicut
1720 907 1865 944 proprium
1912 906 2077 944 cupiamus,
2093 906 2126 937 &
2144 907 2276 945 quaelibet
2292 917 2356 948 tua,
2371 909 2405 940 &

1333 941 1433 980 Regni
1472 943 1580 974 raedicti
1595 942 1724 982 adversa,
1761 954 1806 976 uae
1821 954 1857 983 pe
1880 954 1968 975 onam
1979 944 2104 975 nostram
2119 953 2277 983 reputamus
2292 948 2406 978 contin*

1333 990 1419 1021 gere,
1454 981 1595 1020 ispliceant
1611 983 1684 1013 votis
1701 954 1818 1021 nostris,
1835 983 1869 1014 &
1893 982 1955 1021 ipsis
1976 983 2092 1014 libenter
2116 985 2237 1022 paternis
2258 983 2407 1017 aflectibus

1332 1021 1494 1058 obviemus,
1508 1020 1702 1052 detentionem
1711 1019 1909 1069 Praelatorum,
1926 1021 2187 1053 &devastationem
2201 1023 2346 1054 bonorum
2362 1025 2406 1063 ip-
2453 1027 2473 1048 ¹¹*
2482 1028 2538 1056 ΙΙΙ,

1333 1059 1425 1092 sorum
1441 1059 1609 1091 dissimulare
1621 1059 1722 1090 *salva
1737 1060 1909 1091 conscientia
1921 1070 1981 1091 non
1995 1059 2154 1099 possemus,
2171 1062 2239 1100 quin
2247 1063 2323 1094 circa
2330 1072 2404 1101 prae-
2465 1075 2493 1094 ιι
2503 1075 2526 1096 ι.

1333 1098 1412 1130 misia
1427 1099 1620 1130 adhiberemus
1643 1098 1804 1129 remedium
1817 1107 2001 1137 oportunum.

1370 1138 1517 1169 Caeterum
1533 1139 1616 1177 quia,
1626 1139 1655 1168 in
1668 1137 1789 1168 adventu
1804 1136 1949 1176 Capellani
1963 1137 2094 1176 praediffi
2107 1136 2141 1168 ad
2156 1137 2243 1169 nostri
2255 1138 2407 1177 Apostola-

1334 1176 1379 1208 tiis
1400 1177 1573 1215 praesentiam
1589 1199 1599 1216 ,
1637 1176 1809 1207 Venerabilis
1831 1177 1923 1207 Frater
1948 1176 2041 1207 noster
2072 1176 2207 1208 Arnaldus
2239 1176 2409 1210 pietavensis

1335 1216 1505 1254 Episcopus,
1523 1225 1609 1253 quem
1627 1214 1662 1245 ad
1680 1214 1818 1253 Regnum
1835 1223 1914 1246 tuum
1933 1225 1985 1253 pro
2002 1215 2066 1253 ruzi,
2086 1215 2119 1246 &
2144 1214 2285 1247 Batonum
2305 1218 2410 1255 praedi-

1335 1256 1450 1285 c‘toruni
1467 1264 1537 1293 pace
1556 1253 1768 1292 transmisimus,
1780 1254 1840 1292 jam
1855 1254 1987 1285 recedens
2002 1254 2039 1284 de
2053 1253 2141 1284 Curia
2155 1253 2246 1286 versus
2265 1264 2352 1293 partes
2366 1257 2410 1294 ip-

1335 1293 1373 1324 sas
1391 1295 1544 1332 arripuerat
1565 1293 1615 1323 iter
1633 1291 1731 1330 suum,
1747 1291 1907 1330 hujusmodi
1934 1292 2032 1323 litteras
2055 1292 2105 1323 fibi
2127 1293 2339 1334 transmisimus,
2359 1305 2408 1333 per

1336 1342 1401 1363 eum
1423 1341 1478 1364 tuae
1499 1330 1664 1362 Celsitudini
1678 1330 1875 1369 praesentandas
1884 1353 1895 1370 ,
1909 1331 2015 1370 sibique
2031 1331 2226 1363 mandavimus
2241 1333 2321 1372 quod
2335 1333 2409 1372 apud

1335 1380 1363 1402 te
1381 1371 1459 1410 super
1480 1369 1625 1409 praemiffis
1635 1369 1789 1400 efficaciter
1800 1371 1988 1409 interponeret
2002 1378 2091 1408 partes
2105 1370 2170 1401 suaS.

1374 1447 1441 1478 Dat.
1455 1447 1527 1486 apud
1539 1447 1646 1478 Silvam
1663 1448 1800 1486 majorem
1814 1446 2020 1485 Burdegalensis
2032 1446 2150 1478 Dioces.
2157 1457 2187 1489 4.
2195 1447 2299 1481 Nonas
2312 1448 2409 1480 Otto-

1336 1488 1407 1526 bris,
1423 1485 1603 1518 Pontificatfis
1617 1485 1704 1517 nostri
1718 1486 1806 1518 Anno
1820 1487 1913 1517 tertio,

2086 1562 2178 1603 sigillo
2199 1562 2304 1606 amalfi.

1497 1690 1660 1734 Corfimilis
1677 1690 1768 1724 Bulla
1786 1690 1887 1724 ΕΙεὲἶο
1905 1686 2098 1738 Μξζονηὶιηβ
2113 1689 2241 1726 diretta.

1403 1775 1524 1807 [emens
1537 1775 1708 1815 Episcopus,
1721 1775 1812 1807 servus
1825 1775 1970 1806 servorum
1983 1773 2042 1807 Dei
2053 1799 2063 1815 ,
2083 1773 2191 1808 dileeto
2214 1776 2290 1809 Filio
2310 1776 2411 1810 Eleae
2426 1779 2503 1814 Ann.
2517 1779 2560 1818 Di

1417 1815 1614 1853 Wigorniensi
1623 1815 1750 1853 ,salutem
1765 1815 1797 1846 &
1812 1814 2011 1854 Apostolicam
2027 1814 2269 1846 BenediCtionem.
2447 1821 2534 1861 1308,

1378 1853 1504 1885 Patemae
1522 1855 1642 1885 caritatis
1663 1852 1779 1885 affectio
1794 1876 1804 1892 ,
1835 1853 1890 1892 qua
1908 1852 2092 1884 Carissimum
2112 1854 2142 1884 in
2170 1854 2288 1885 Christo
2309 1853 2412 1885 Filium
2428 1863 2481 1888 An.
2494 1869 2522 1888 2.

1340 1892 1468 1923 nostrum
1488 1892 1650 1924 Edvardum
1668 1892 1784 1930 Regem
1803 1892 1917 1930 Angliae
1939 1891 2076 1923 Illustrem
2103 1893 2242 1924 ferventer
2261 1892 2411 1932 amplecti-
2428 1903 2458 1926 Ε.
2484 1908 2509 1927 2.

1342 1942 1421 1971 mur,
1432 1931 1540 1962 nostros
1559 1933 1661 1963 excitat
1682 1932 1820 1968 cogitatus
1831 1939 1861 1962 ut
1873 1930 2018 1969 personam
2031 1931 2110 1963 suam
2125 1930 2160 1962 ad
2174 1933 2301 1964 affiones
2319 1932 2412 1963 lauda·
2425 1941 2466 1965 Ex
2480 1940 2541 1966 Aa.

1341 1970 1409 2002 biles
1429 1980 1570 2010 operaque
1587 1970 1693 2008 salutis,
1710 1980 1759 2008 per
1779 1980 1842 2008 quae
1855 1970 1942 2007 gratia
1960 1969 2062 2006 summi
2076 1970 2166 2007 Regis
2179 1972 2348 2010 acquiritur,
2359 1980 2414 2001 no-
2423 1983 2491 2014 ngr.

1341 2018 1408 2040 men
1426 2008 1554 2047 Regium
1573 2008 1768 2046 magnificatur
1787 2011 1816 2039 in
1835 2008 2002 2048 populis,&
2019 2008 2158 2047 praecelsse
2171 2009 2225 2040 suae
2240 2009 2324 2041 famae
2339 2019 2410 2048 prae-

1341 2049 1461 2093 conium
1479 2048 1648 2079 exaltationis
1660 2047 1948 2093 niultiplicis‘liiscipit
1966 2048 2155 2094 incrementa,¹
2168 2058 2291 2087 eumque
2308 2048 2412 2079 instan-

1340 2095 1392 2156 {32⁵
1422 2085 2410 2169 ciiffislfflleli‘iffsffiflssli'dffllss,qssffiiilsifissusszssssgiiiffissi'ffnffgi

1340 2164 1478 2203 derogant
1494 2164 1634 2203 regalibus
1646 2164 1748 2204 titulis,
1763 2163 1872 2195 solicite
1888 2172 2005 2202 paternis
2019 2164 2173 2195 verborum
2194 2164 2312 2196 oraculis
2330 2174 2411 2196 revo-

1339 2214 1445 2234 cemus.

1379 2242 1499 2273 Dudum
1518 2241 1653 2280 siquidem
1674 2240 1846 2272 Venerabilis
1858 2239 1948 2271 Frater
1964 2240 2177 2280 noster,Petrus
2193 2240 2347 2280 Episcopus
2360 2239 2412 2271 Sa-

1342 2281 1476 2319 binensis,
1495 2281 1529 2311 ad
1547 2282 1685 2317 Regnum
1704 2279 1835 2318 Angliae,
1849 2288 1902 2318 pro
1916 2278 2078 2317 quibusdam
2093 2281 2231 2318 negotiis,
2245 2279 2346 2310 statum
2362 2288 2410 2317 pa-

1341 2319 1456 2350 cificum
1474 2320 1507 2350 &
1524 2319 1718 2357 tranquillum,
1736 2318 1826 2348 Clarae
1843 2319 2009 2354 memoriae,
2029 2317 2151 2349 Edvardi
2174 2318 2260 2358 Regis
2282 2317 2412 2355 Angliae,

1341 2358 1487 2389 Genitoris
1500 2358 1539 2388 sui
1553 2358 1587 2389 &
1599 2357 1670 2388 dieti
1687 2357 1784 2395 Regni
1797 2358 1989 2394 tangentibus,
2001 2356 2138 2397 accedens
2152 2379 2163 2397 ,
2183 2357 2245 2388 &c.
2279 2358 2367 2386 Prout
2380 2359 2410 2386 in

1342 2397 1429 2427 Bulla
1436 2396 1710 2437 Jiaperiori,mutatis
1725 2402 1898 2435 competenter
1912 2395 2061 2426 mutandis.

1378 2477 1445 2509 Dat.
1460 2477 1533 2516 apud
1551 2476 1657 2508 Silvam
1676 2475 2022 2516 Majorem,Burdegalen.
2038 2475 2152 2508 Dioces
2159 2486 2188 2518 4.
2202 2475 2305 2508 Nonas
2315 2476 2409 2509 Οᾶο-

1339 2518 1407 2556 bris,
1426 2513 1608 2549 Pontificatfis
1623 2514 1709 2546 nostri
1725 2516 1811 2547 Anno
1833 2516 1923 2548 tertio.

2067 2593 2122 2624 Sub
2136 2591 2192 2634 filis
2209 2592 2341 2625 canabeir.

1487 2723 1536 2754 De
1556 2719 1728 2754 inhibitione
1747 2723 1944 2753 torneamenti
1958 2719 2043 2767 apud
2054 2717 2262 2769 Leycestriam.

1341 2805 1466 2863 REX
1485 2806 1667 2845 (bruitibuS,
1682 2804 1854 2844 Batonibus,
1868 2804 2025 2843 Militibus,
2039 2804 2074 2836 &
2088 2804 2224 2836 omnibus
2243 2802 2302 2836 aliis
2318 2801 2409 2834 fideli-
2426 2805 2503 2838 Αῃῃ,
2516 2805 2561 2838 D,

1412 2847 1464 2877 bus
1481 2846 1532 2877 suis
1563 2846 1598 2877 ad
1613 2855 1700 2884 quos,
1713 2845 1773 2875 &c.
1793 2844 1913 2875 salutem.
2062 2881 2068 2887 ‘
2161 2881 2166 2887 ·
2387 2881 2393 2887 ¹
2454 2845 2540 2886 1308.

1379 2886 1460 2917 Cum
1480 2887 1509 2916 in
1540 2884 1641 2922 iugulis
1659 2883 1847 2914 Comitatibus
1865 2881 1965 2920 Regni
1982 2881 2070 2913 nostri
2088 2880 2204 2920 publice
2225 2879 2410 2920 proclamari,
2426 2888 2481 2912 An.
2496 2894 2524 2912 2.

1341 2926 1375 2957 ὃ(
1394 2924 1506 2955 firmiter
1522 2924 1644 2954 inhiberi
1658 2923 1810 2953 fecerimus
1833 2921 1870 2951 ne
1888 2921 1965 2960 quis,
1980 2920 2167 2960 cujuscunque
2183 2919 2266 2951 statiis
2279 2919 2325 2951 seu
2338 2929 2410 2950 con·
2427 2926 2457 2951 Ε.
2478 2932 2506 2950 2.

1341 2964 1454 2995 ditionis
1466 2962 1560 2994 existat
1568 2986 1577 3001 ,
1589 2962 1640 2993 sub
1655 2960 1829 2992 forisfaetura
1841 2959 1994 2991 Terrarum
2006 2961 2040 2991 &
2056 2967 2282 2990 tenementorutn
2296 2959 2330 2989 &
2342 2968 2408 2989 om-
2425 2965 2485 2990 ΡΜ.
2494 2964 2523 2989 20'

1341 3005 1422 3034 nium
1433 3001 1551 3033 aliorum
1560 3025 1570 3040 ,
1582 3011 1646 3040 quae
1659 3001 1742 3032 nobis
1755 2997 1916 3030 forisfacere
1938 2999 2040 3037 poterit
2055 3020 2065 3037 ,
2087 2997 2341 3030 Proclamationem
2361 2996 2411 3028 ali-
2426 3003 2457 3028 E.
2478 3001 2540 3039 ιμ’

1342 3051 1427 3082 quam
1441 3041 1478 3072 de
1490 3040 1708 3071 Tomeamentis
1716 3061 1726 3077 ‚
1738 3037 1907 3077 Burdeiciis,
1922 3036 1967 3068 seu
1975 3036 2070 3076 justis,
2083 3036 2191 3068 facere:
2427 3047 2454 3067 2.
2462 3047 2544 3077 ηιμ
2568 3052 2570 3055 -

1379 3080 1433 3111 Seu
1453 3079 1487 3109 ad
1505 3079 1618 3117 aliquod
1633 3077 1741 3109 factum
1767 3077 1926 3108 Armorum
1944 3077 1984 3107 ire
2007 3075 2152 3114 piaesumat
2174 3083 2290 3115 quoquo
2304 3073 2410 3112 modo,
2566 3086 2570 3095 ·

1342 3119 1397 3150 sine
1416 3117 1509 3149 nostra
1532 3117 1646 3148 licentii
1665 3114 1792 3155 speciali:
2339 3151 2345 3156 ¹

1380 3158 1425 3189 Ac
1433 3157 1494 3195 jam
1509 3156 1691 3187 intelleximus
1703 3153 1781 3192 quod
1794 3164 1844 3185 vos
1851 3154 2098 3185 Tomeamenturn
2106 3151 2196 3191 ,apud
2204 3149 2406 3191 Leycestriarn,

1341 3195 1444 3227 fecistis
1458 3196 1486 3225 in
1501 3196 1632 3233 proximo
1646 3193 1814 3231 proclamari
1826 3216 1837 3231 ,
1865 3194 1896 3224 in
1914 3191 2002 3223 nostri
2019 3199 2219 3229 contemptum
2232 3213 2242 3228 ,
2251 3189 2290 3234 ,δε
2307 3196 2407 3233 contra

1341 3235 1539 3265 inhibitionem
1553 3232 1677 3263 nostram
1697 3231 1880 3272 praedidtam3
1893 3230 1930 3262 de
1942 3240 2000 3270 quo
2014 3231 2168 3268 miramur,
2180 3238 2235 3260 nec
2248 3231 2408 3266 immerito,
2559 3231 2570 3277 ‘:'

1340 3274 1374 3304 &
1386 3283 1546 3303 movemur.

1378 3312 1470 3342 Vobis
1487 3309 1600 3347 adhuc,
1617 3308 1685 3340 sicut
1702 3309 1794 3347 prius,
1811 3308 1862 3339 sub
1880 3306 2056 3339 forisfactura
2072 3305 2212 3350 praedicta
2228 3304 2346 3350 firmiter
2360 3305 2405 3336 in-
2540 3339 2541 3342 Ἴ
2557 3265 2570 3347 Σ

1341 3350 1485 3387 ὴίὺετῃυε,
1505 3359 1541 3379 ne
1557 3347 1630 3385 apud
1648 3347 1756 3378 dietam
1773 3347 1880 3379 Villam
1896 3345 2132 3387 [eycestriaesseii
2148 3342 2405 3411 alibi,1nfr}Reg-
2557 3344 2570 3391 3¹

1340 3385 1979 3467 slmrisfflffi‘gffii203‘smiifflffi
1985 3382 2406 3462 ’essffi‘ssffissessisffitisssses‘iiz
2558 3393 2570 3461 l

1341 3465 1434 3497 nostra
1447 3463 1560 3496 licentia
1571 3463 1691 3502 speciali.
2560 3467 2570 3493 *1⁴

1378 3541 1466 3573 Teste
1479 3540 1564 3578 Rege
1576 3540 1649 3580 apud
1661 3539 1857 3579 cantuariam,
1877 3548 1922 3579 13.
1939 3539 1985 3570 die
2002 3537 2149 3570 Octobris.

1342 3666 1400 3701 Ad
1415 3669 1560 3700 Comitem
1570 3668 1653 3699 Fuxi
1663 3667 1759 3713 super
1778 3664 1934 3711 disc'ordiis
1950 3667 2028 3697 inter
2051 3662 2146 3711 ipficm
2160 3664 2197 3702 ῤ’
2208 3661 2403 3693 Amanenum
2555 3606 2570 3706 ἓ

1665 3714 1702 3748 de
1722 3712 1846 3748 Lebreto
1864 3711 2074 3761 componendis.
2552 3708 2570 3852 il

1414 3799 1477 3832 EX
1504 3799 1609 3831 diieao
1626 3800 1660 3832 sc
1676 3799 1752 3831 fideii
1767 3799 1817 3831 suo
1976 3796 2086 3828 Cornifi
2108 3793 2192 3832 Furii,
2208 3791 2333 3826 saluteris
2422 3786 2498 3818 Ann.
2514 3785 2556 3822 Da

1342 3806 1402 3870 R
1443 3837 1556 3869 Pridem
1573 3848 1606 3869 ex
1624 3839 1708 3870 relatu
1726 3838 1912 3870 intelleximus
1928 3835 1982 3866 fide
1994 3836 2087 3873 digno
2101 3831 2314 3872 quod‚propter
2328 3839 2401 3862 con-
2447 3825 2533 3867 1308·
2562 3853 2568 3856 .

1341 3878 1477 3907 tentiones
1498 3877 1531 3908 &
1550 3876 1658 3908 dissidia
1670 3900 1682 3916 ,
1704 3877 1775 3908 inter
1796 3885 1849 3907 vos
1871 3877 1904 3907 ὃ(
1922 3874 2060 3916 dilectum
2085 3871 2118 3902 &
2140 3869 2255 3914 ,fids-lssm.
2273 3867 2400 3914 nostrum
2420 3867 2473 3894 An.
2490 3874 2523 3893 ²:
2555 3856 2570 3915 ᾗ

1341 3915 1523 3947 Amanenum
1539 3915 1575 3946 de
1593 3915 1909 3954 Lebreto,procurante
1923 3912 2043 3943 humani
2055 3918 2162 3954 gener-is
2174 3906 2402 3951 imm1c0,susCi-
2422 3906 2453 3931 E·
2473 3911 2502 3932 ²·
2529 3942 2532 3945 ,
2557 3926 2570 3951 1..

1340 3962 1411 3993 tata,
1424 3964 1474 3985 vos
1487 3954 1554 3984 hinc
1566 3954 1633 3987 inde
1646 3954 1681 3984 ad
1695 3952 1845 3986 confltetus
1858 3951 1974 3982 bellicos
1988 3958 2045 3992 prae
2096 3945 2173 3994 iistis,
2191 3947 2227 3978 de
2243 3956 2301 3987 quo
2321 3954 2404 3989 mira·
2421 3946 2493 3970 Rom.
2503 3949 2530 3968 2.
2551 3941 2570 3988 ξ’

1341 4001 1422 4030 mur,
1437 4002 1498 4023 non
1515 3993 1669 4030 inmerito,
1685 3993 1719 4024 ὅς
1737 4000 1904 4028 movemur,
1922 3997 1960 4021 eo
1976 3996 2014 4025 po
2059 3995 2117 4017 ime
2136 3985 2234 4027 quod,
2253 3994 2288 4017 ex
2309 3983 2408 4052 hfflgsd}
2423 3983 2501 4049 *gl-42·
2517 3986 2570 4044 mi}

2433 4038 2452 4057 ,2
2477 4037 2484 4046 ⁸
2550 4046 2570 4062 '³1

2555 4182 2570 4261 4*
