2570 4261
214 218 265 254 62

66 301 132 333 A'ln
158 300 189 332 D
213 307 280 337 quas
293 295 360 327 disti
379 302 413 323 12
426 288 599 322 deccrnerint
618 285 757 317 faciendas
770 308 779 324 ,
800 286 834 317 ὃ(
850 285 920 316 infra
932 284 1100 322 praedietum
1114 287 1267 316 terminum

84 324 140 368 1¹26·
144 349 156 369 1
192 324 198 330 ⁴
231 346 297 368 uem
309 334 435 364 duxerint
447 326 653 367 assignandum,
671 324 762 354 ἀίἇὶοε
781 324 970 354 malefactores
985 323 1036 355 suis
1055 323 1269 364 posseffionibus

64 381 116 406 Hm
143 363 168 415 3·
211 348 247 407 (ἐς
263 373 336 405 terris
350 365 468 410 privabit
481 389 491 404 ,
513 365 606 395 donec
627 363 747 402 plenarie
762 362 939 393 satisfecerint
953 363 988 393 de
1002 362 1269 401 transgreffionibus,

119 400 125 408 ’
162 401 168 407 ’
211 421 294 454 prout
341 419 353 438 r
366 406 514 444 praedictos
523 402 677 433 duodecim
691 400 732 432 est
746 400 922 439 ordinatum,
940 400 1018 439 quod
1032 402 1147 440 quidem
1156 401 1220 431 Rex
1235 409 1269 429 ex

208 459 285 492 parte
309 458 342 478 ua
355 445 476 475 similiter
487 441 662 483 observabit3
735 479 740 484 ι
928 478 933 483 0
980 480 984 484 ¹
1069 480 1074 484 ¹

246 487 357 524 Insuper
370 507 380 522 ,
400 483 435 513 de
449 480 582 512 consensu
614 487 676 509 artis
689 477 826 518 utriusque
841 501 850 516 ,
879 485 999 508 extiterit
1013 478 1173 508 ordinatum
1190 475 1268 520 quod

210 528 266 563 liii,
286 525 387 562 quibus
405 521 502 559 injuria
517 518 561 548 vel
579 489 736 557 dgmpnurn
755 517 836 547 fuerit
852 516 975 555 illatum,
994 518 1086 557 primo
1102 515 1270 558 Dominum

212 565 283 601 loci,
301 563 336 593 de
357 561 433 598 cujus
452 558 572 599 partibus
593 556 751 595 dampnum
763 554 804 585 est
816 555 921 585 illatum
936 578 946 593 ,
967 555 1013 584 vel
1035 555 1115 596 ipsius
1131 553 1269 583 Ballivum

210 604 312 634 debent
325 599 413 636 adire,
433 598 506 628 suam
528 595 676 633 exposituri
697 594 920 631 querimoniam:
947 592 1039 631 Qod
1059 594 1079 621 ii
1095 591 1165 621 infra
1183 592 1270 621 breve

210 650 319 679 tempus
331 647 391 668 non
405 637 485 667 faciat
500 634 557 665 fieri
570 633 735 668 emendam,
753 630 787 661 ad
821 631 878 661 uod
891 631 1052 674 faciendum
1067 639 1117 670 per
1134 629 1214 674 suum
1227 630 1271 667 ju-

210 686 368 710 ramentum
381 683 522 711 teneatur,
540 681 601 703 tum
621 670 778 713 12<ele6tos
791 680 811 713 a¹
825 678 887 700 eant
902 692 911 707 ,
936 670 968 712 {St
983 670 1024 699 ibi
1040 669 1114 699 suam
1128 678 1270 713 querimo-

207 719 283 748 niam
295 715 505 753 prosequantur:
525 709 634 749 Qod,
653 712 673 739 ii
685 718 744 738 non
759 708 842 738 faciat
857 708 1003 739 Dominus
1021 707 1068 738 vel
1079 706 1197 737 Ballivus
1209 707 1271 736 illos

211 766 246 785 12
263 755 416 786 convenire
428 775 437 790 ,
462 752 495 781 &
517 748 702 787 conquerenti
718 746 850 784 justitiam
872 745 1025 776 secundum
1039 745 1270 776 consuetudinem

208 793 348 824 Marchiae
361 792 505 826 exhibere,
524 788 558 818 &
571 786 676 817 salvum
689 785 739 815 sibi
751 785 832 815 faciat
846 785 947 814 habere
960 784 1153 823 conduCtum,
1171 793 1268 824 quam-

208 832 256 864 diu
270 830 474 872 querimoniam
487 828 563 857 suam
597 824 749 862 rosequitur
763 833 862 853 coram
873 824 944 867 'ipsi-s.
1064 863 1069 867 .

248 870 283 901 Et
315 879 347 900 ut
362 869 425 899 haec
439 867 535 897 omnia
547 875 580 895 ro
603 874 633 893 ur
647 863 794 903 optineant
806 861 940 892 firmitatis
948 884 958 900 ,
976 860 1122 892 Dominus
1136 860 1218 900 Rex,
1235 861 1269 892 &

211 893 356 940 Dom’inus
373 904 543 942 Edwardus,
557 903 678 940 scripto,
700 911 782 940 penes
798 900 962 931 Dominum
984 900 1162 931 Lewelinum
1181 910 1271 931 rema-

209 948 305 984 nenti,
322 948 355 978 ὅ(
373 945 516 976 Dominus
531 941 704 977 Lewelinus,
723 941 756 970 &
779 938 874 969 David
893 939 974 969 frater
989 938 1067 981 suuS,
1083 939 1201 978 scripto,
1220 948 1270 977 pe-

209 997 257 1017 nes
272 985 436 1016 Dominum
448 982 561 1021 Regem
574 979 745 1016 remanenti,
763 978 806 1008 sua
821 977 1005 1016 apposuerunt
1019 978 1109 1018 sigilla.

244 1025 300 1063 Et,
316 1025 380 1064 quia
395 1021 521 1060 praedieti
536 1019 661 1050 Domini
675 1019 704 1047 in
717 1016 933 1047 confirmatione
948 1016 1123 1053 praesentium
1140 1025 1199 1046 non
1209 1016 1269 1047 fiie-

210 1072 274 1093 runt
288 1062 446 1102 praesenteS,
468 1058 612 1090 Dominus
625 1055 828 1095 NVigorniensis
841 1054 1012 1092 Episcopus,
1031 1056 1064 1085 &
1080 1054 1223 1085 Dominus
1235 1054 1268 1085 F.

203 1101 373 1139 justiciarius
391 1098 510 1130 Cestriae
523 1120 532 1136 ‚
555 1097 587 1127 ὅ(
608 1095 689 1125 Prior
709 1094 745 1124 de
765 1093 895 1123 Wenlok
910 1116 920 1132 ,
937 1095 970 1124 &
991 1093 1020 1124 S.
1045 1093 1194 1123 Passelewe
1209 1117 1219 1131 ,
1235 1102 1270 1123 ex

210 1149 286 1177 parte
302 1139 426 1169 Domini
439 1137 539 1176 Regis,
555 1135 587 1165 ὅ(
603 1133 726 1164 Domini
740 1131 870 1163 Edwardi
886 1144 896 1170 ·,
913 1133 947 1163 &
981 1132 1109 1162 raedietus
1125 1130 1270 1162 Dominus

210 1177 387 1209 Banoorenfis
399 1175 568 1215 EpiscopuS,
589 1173 622 1203 &
636 1171 782 1202 Dominus
796 1171 891 1201 Abbas
905 1171 940 1201 de
984 1171 1131 1201 berconw.
1146 1180 1180 1200 ex
1193 1179 1269 1213 parte

210 1202 332 1247 Dorssiini
353 1215 486 1246 Lewelini
501 1236 510 1251 ,
536 1211 618 1243 dic‘iis
635 1210 739 1248 scriptis
756 1210 939 1248 apposuerunt
956 1209 1040 1249 sigilla
1053 1209 1097 1240 sua
1111 1232 1122 1248 ,
1139 1209 1173 1240 &
1187 1209 1270 1249 sigilla

209 1254 404 1295 principalium
418 1260 598 1291 apponantur.
664 1288 668 1292 ⁵

247 1293 315 1323 Nos
330 1294 428 1332 igitur,
446 1292 565 1321 formam
585 1287 748 1326 praed1&am
769 1293 855 1316 ratam
868 1286 1000 1318 habentes
1019 1286 1053 1317 &
1067 1294 1191 1326 gratam,
1206 1296 1269 1318 eam

210 1339 308 1363 tenore
324 1330 499 1370 praesentium
513 1328 642 1359 duximus
653 1324 873 1358 concedendam.

243 1369 277 1400 In
291 1371 384 1408 cujus,
403 1369 463 1399 &c.

244 1446 332 1478 Teste
346 1445 428 1485 Rege
440 1444 514 1483 apud
526 1443 645 1475 Turrim
658 1440 791 1472 London.
811 1451 845 1471 12
857 1441 902 1472 die
917 1440 1023 1472 Martii.

244 1573 290 1605 De
305 1569 504 1615 arrestandis,
530 1573 583 1617 qui
595 1570 690 1616 faffln
710 1579 842 1602 rumores
851 1566 999 1614 spargunt
1010 1578 1064 1614 per
1075 1566 1229 1613 populum.

59 1653 133 1683 Aur--
151 1653 190 1684 D·
210 1656 333 1712 REX
352 1657 525 1688 Vicecomiti
535 1655 742 1694 Cantebrigiae‚
761 1653 882 1684 salutem.
1057 1692 1062 1696 Π

78 1693 160 1722 1261-
186 1729 189 1732 ‚
318 1696 397 1735 Qia
408 1695 538 1736 quidam,
554 1694 649 1725 aemuli
664 1693 768 1732 nostri,
784 1692 974 1729 imposuerunt
994 1692 1093 1730 nobis,
1110 1698 1141 1721 ut
1155 1692 1266 1730 accepi-

58 1735 165 1767 A21-45-
210 1744 292 1773 muS,
320 1734 396 1773 quod
421 1736 603 1774 proponimus
622 1733 730 1772 exigere
751 1741 767 1761 a
787 1730 968 1769 Magnanbus
994 1730 1027 1760 &
1048 1729 1267 1760 Communitate

58 1774 91 1796 H.
114 1779 127 1806 3
209 1773 302 1813 Regni
316 1773 404 1803 nostri
416 1773 521 1813 tallagia
537 1771 713 1808 inconsueta,
730 1770 764 1801 &
776 1769 988 1800 consuetudines
999 1768 1150 1807 indebitas,
1166 1768 1201 1799 ad
1214 1767 1267 1799 sui—

58 1808 144 1845 Claus.
207 1812 350 1843 citandum
361 1812 526 1843 discordiam
539 1812 609 1842 inter
623 1820 675 1842 nos
690 1811 724 1841 ὃ(
736 1808 825 1846 ipsos,
892 1847 897 1852 1
1158 1847 1163 1852 .
1233 1847 1238 1852 1

58 1852 147 1880 45·H-
165 1856 189 1883 3-
239 1851 309 1881 Tibi
329 1851 412 1889 praeci
433 1851 504 1881 imus
522 1849 598 1890 quod
613 1873 623 1888 ,
649 1858 717 1880 cum
738 1848 819 1877 omni
837 1845 1012 1877 festinatione
1026 1870 1036 1885 ,
1051 1846 1165 1877 clamari
1186 1846 1268 1878 facias

57 1893 95 1911 ⁷⁷⁹·
108 1894 150 1920 ¹5·
165 1886 190 1912 d·
208 1898 256 1926 per
270 1898 359 1919 totam
373 1889 394 1919 b
421 1889 506 1920 livam
519 1897 613 1927 tuam,
632 1887 710 1927 quod
719 1886 865 1925 Magnates
878 1885 912 1916 &
924 1885 1172 1916 Communitatem
1187 1885 1267 1924 Reg-

204 1928 233 1956 ni
247 1927 334 1957 nostri
348 1927 450 1958 sincere
461 1928 599 1966 diligimus
613 1950 623 1965 ,
648 1925 761 1963 &ipsos
774 1926 802 1954 in
819 1934 887 1963 pace
903 1924 935 1954 &
955 1925 1158 1964 tranquilitate,
1176 1934 1265 1963 quan-

207 1972 233 1996 ta
254 1965 386 1997 haetenus
404 1966 523 1998 fecimus
537 1989 546 2004 ,
566 1967 600 1997 &
621 1965 717 2002 majori
734 1986 744 2002 ,
763 1964 782 1993 si
798 1964 965 2002 poterimus,
983 1963 1115 2000 tra&are,
1134 1964 1168 1995 ὃ(
1186 1963 1262 1994 nulla

205 2004 361 2042 hujusmodi
372 2005 478 2044 tallagia
492 2013 537 2035 aut
553 2002 763 2035 consuetudines
781 2001 915 2031 indebitas
929 2002 966 2031 ab
979 2002 1016 2031 eis
1029 2003 1137 2041 exigere
1156 2003 1201 2032 vel
1216 2012 1265 2033 ex-

205 2050 332 2082 torquere
347 2045 546 2082 proponimus,
565 2044 599 2074 &
613 2042 632 2072 si
647 2052 717 2081 quos
731 2039 888 2078 hujusmodi
900 2040 1045 2070 mendacia
1060 2040 1208 2072 referentes
1221 2043 1265 2072 in-

205 2082 311 2111 veneris
325 2105 334 2120 ,
360 2083 430 2120 ipsos
450 2082 556 2113 arestari
576 2081 657 2111 facias
696 2078 817 2121 uousque
838 2078 899 2109 suos
916 2086 1024 2109 autores
1041 2080 1213 2119 invenerint,
1230 2080 1265 2112 &

205 2119 276 2150 aliud
292 2129 307 2151 a
318 2121 400 2151 nobis
414 2121 548 2160 receperis
561 2121 591 2150 iii
602 2129 669 2150 man
689 2119 744 2149 atis.

235 2195 324 2227 Teste
339 2197 446 2235 meipso
460 2198 532 2236 apud
542 2197 660 2229 Turrim
674 2195 807 2226 London.
831 2203 868 2234 14
886 2194 932 2226 die
945 2194 1052 2226 Martii.

245 2273 348 2303 Eodem
359 2276 433 2305 modo
448 2276 608 2305 mandatum
620 2272 656 2314 cst
661 2271 773 2314 fingulis
788 2272 984 2302 Vicecomitibus
996 2280 1044 2311 per
1058 2272 1201 2312 Angliam.

259 2400 378 2431 Littera
394 2397 552 2432 Edmundi
570 2401 656 2446 Regis
673 2398 777 2431 Siciliae
794 2395 967 2430 Proceribus
977 2397 1109 2443 ejufiiem
1127 2401 1220 2446 Regni

577 2458 632 2494 pro
653 2450 808 2493 receptione
815 2446 886 2491 sica.

60 2538 134 2568 Ann,
149 2537 179 2568 D
265 2533 434 2572 Dmundus,
459 2533 516 2565 Dei
538 2532 637 2573 gratia,
656 2532 757 2564 Siciliae
771 2531 855 2570 Rex,
873 2532 1003 2562 universis
1024 2532 1057 2563 &
1069 2532 1178 2572 singulis
1190 2533 1267 2565 Prae-

84 2576 166 2606 1261,
281 2573 356 2611 latis,
376 2573 560 2610 proceribus,
579 2571 736 2609 Militibus,
754 2571 873 2601 Civibus
888 2571 921 2601 ὅς
933 2571 988 2600 aliis
1003 2581 1052 2608 per
1066 2571 1202 2611 Regnum
1211 2584 1267 2605 no-

58 2618 110 2643 An.
126 2625 174 2651 44.
205 2610 293 2642 strum
308 2611 464 2642 constitutis
477 2611 605 2647 salutem,
623 2612 753 2650 gratiam,
772 2610 805 2641 &
816 2619 903 2639 omne
915 2609 1033 2639 bonurn.

57 2657 94 2681 Η.
117 2663 141 2689 3,
238 2650 318 2680 Cum
333 2650 418 2680 felicis
432 2650 629 2680 recordationis
645 2648 788 2679 Dominus
802 2647 982 2678 Innocentius
998 2647 1072 2685 Papa
1086 2658 1211 2688 quartus,
1227 2651 1263 2681 de

58 2691 146 2729 Claus.
206 2687 321 2718 fratrum
337 2688 448 2718 suorum
467 2688 603 2725 consilio,
625 2688 658 2717 &
681 2685 855 2724 Apostolicae
873 2686 940 2716 sedis
958 2687 1042 2725 gratia
1061 2687 1187 2727 speciali,
1205 2688 1267 2720 Re-

59 2731 108 2764 4⁶·
121 2735 155 2758 H.
166 2739 191 2766 3.
209 2735 298 2766 gnum
311 2727 393 2757 nobis
407 2727 553 2757 contulerit
566 2724 751 2763 supradictum
760 2749 770 2763 ,

60 2778 96 2795 m.
109 2778 117 2795 i
125 2778 151 2805 3.
166 2770 190 2796 d.
246 2765 332 2803 Nos,
347 2765 382 2795 ad
394 2765 606 2804 tranquilitatem
620 2765 652 2794 ὃς
669 2762 858 2793 commodum
871 2762 941 2793 dieti
955 2762 1068 2802 Regni,
1086 2764 1120 2793 &
1133 2766 1265 2796 omnium

206 2803 363 2834 incolarum
384 2803 504 2842 ejusdem
523 2803 616 2834 zelum
637 2803 811 2841 praecipuum
831 2802 864 2831 &
880 2800 1015 2831 affectum
1035 2801 1167 2833 habent&
1179 2804 1267 2834 since-

207 2851 285 2881 rum,
303 2841 524 2873 Universitatem
546 2840 667 2872 vestram
685 2841 847 2878 requirimus
865 2840 898 2869 &
913 2849 1044 2879 rogamus
1059 2848 1179 2879 attente,
1198 2853 1266 2880 qua-

61 2889 77 2907 α
95 2890 190 2925 1072„
205 2887 284 2910 tenus
299 2883 314 2897 ⁸
331 2880 432 2910 assensu
446 2889 525 2920 grato
539 2889 591 2909 nos
606 2880 634 2909 iri
645 2879 778 2918 Regnum
792 2878 951 2916 admittere,
969 2879 1003 2909 δε
1017 2878 1116 2909 nostris
1133 2881 1266 2919 presciti—

206 2919 258 2948 bus
272 2919 303 2948 &
316 2919 469 2949 honoribus
483 2919 571 2949 velitis
583 2916 703 2948 insistere
716 2926 784 2947 cum
797 2917 902 2947 favore.

243 2955 311 2986 Nos
322 2965 415 2987 autem
429 2980 439 2994 ,
461 2957 496 2987 ad
510 2957 579 2987 dieti
600 2956 826 2996 prosecutionem
843 2955 949 2994 negotii
969 2965 1022 2996 pro
1042 2956 1147 2986 viribus
1166 2958 1267 2989 nostris

207 2995 241 3026 δί
256 2994 416 3024 nostrorum
430 2996 565 3033 accinfti,
583 2995 664 3024 vobis
674 2994 802 3024 universis
817 2995 849 3024 δε
862 2993 973 3033 singulis
992 2996 1020 3024 in
1034 2996 1184 3034 omnibus,
1202 3007 1266 3035 quae

206 3033 242 3063 ad
259 3032 344 3063 vestri
363 3034 425 3070 juris
445 3033 682 3063 conservationem
704 3033 832 3063 celierint
845 3055 854 3070 ‚
879 3033 912 3062 &
934 3032 1050 3063 honoris
1066 3042 1267 3075 augmentum,

207 3081 278 3102 cum
291 3072 372 3100 omni
387 3071 519 3101 desiderio
530 3073 562 3102 δε
577 3073 795 3110 promptitudine
808 3081 927 3101 annuere
947 3072 1134 3111 intendimus,
1149 3073 1183 3104 &
1203 3084 1269 3114 pro-

207 3111 249 3140 nis
263 3109 394 3140 volumus
409 3110 555 3140 affeffibus
570 3111 754 3147 complacere.

247 3147 281 3178 In
295 3149 373 3184 cujus
389 3149 426 3177 rei
442 3147 638 3178 testimonium
653 3150 814 3188 praesentem
826 3149 933 3179 literam
945 3158 1024 3180 aurea
1038 3148 1113 3179 bulla
1124 3149 1217 3182 nostra
1228 3151 1269 3183 fe-

209 3188 300 3217 cimus
317 3185 479 3226 consignari.

245 3262 314 3293 Dat.
330 3263 404 3303 apud
415 3263 542 3294 Windes.
562 3273 594 3303 13
612 3262 731 3294 Kalend.
748 3264 865 3303 Aprilis,
882 3275 958 3296 anno
972 3264 1095 3297 Domini
1114 3265 1199 3296 1261.

213 3387 259 3418 De
279 3384 527 3419 Procurator-ibus
546 3384 705 3428 constitutis
725 3386 768 3418 ad
785 3388 982 3433 recipiendum
1005 3391 1141 3435 Regnum
1164 3389 1269 3422 Sicilia:

490 3438 606 3467 nomine
620 3433 777 3467 Edmundi
794 3438 866 3469 Filii
885 3440 982 3484 Regis.

69 3518 145 3549 Ann.
159 3517 199 3548 D.
219 3516 430 3577 EDmundus
442 3519 499 3550 Dei
519 3520 603 3560 gratia
618 3543 627 3558 ‚
652 3520 712 3550 &c
749 3518 894 3552 Universis
914 3521 1026 3553 Sanetae
1048 3522 1148 3553 MatriS
1168 3520 1271 3552 Eccle-

90 3557 174 3586 1261.
285 3559 326 3585 liae
340 3557 415 3596 siliis,
433 3559 466 3589 ad
482 3568 552 3597 quos
555 3558 711 3626 1praesentes
724 3558 824 3588 litterae
837 3562 1028 3599 pervenerint,
1045 3561 1165 3592 salutem.

70 3599 121 3622 An.
136 3604 183 3629 45.
255 3592 300 3622 Ad
311 3594 502 3627 Universitatis
518 3607 553 3627 ve
580 3606 617 3626 rae
631 3598 760 3626 notitiam
771 3598 902 3629 volumus
920 3601 1063 3635 pervenire
1078 3599 1156 3639 quod
1166 3621 1177 3635 ,
1203 3607 1272 3629 cum

71 3638 105 3660 H.
127 3642 152 3669 3.
220 3628 315 3659 faelicis
329 3636 526 3665 recordationis
540 3635 684 3665 Dominus
705 3633 885 3667 Innocentius
905 3636 978 3677 Papa
1012 3646 1100 3668 uartus
1118 3637 1219 3674 nobis,
1236 3636 1272 3666 de

71 3671 159 3707 Clauf.
220 3666 347 3697 Fratrum
361 3669 470 3701 suorum
484 3674 617 3711 consilio,
635 3672 773 3716 Regnum
788 3674 891 3705 Siciliae
910 3684 1000 3706 contu
1011 3678 1063 3707 erit
1082 3676 1119 3707 de
1140 3674 1218 3705 Sedis
1231 3674 1273 3705 A-

70 3711 116 3743 46.
133 3713 166 3736 H.
178 3718 202 3745 3.
219 3704 364 3745 postolicae
378 3710 566 3741 munificentia
577 3713 609 3742 &
624 3708 707 3750 gratia
723 3711 845 3752 speciali,

72 3757 108 3775 m.
128 3748 204 3783 ¹4⁴²·
250 3742 318 3773 Nos
335 3743 425 3777 fideles
440 3748 564 3786 nostros,
581 3749 705 3780 Nobiles
722 3752 814 3789 viros,
842 3751 989 3790 Rogerum
1008 3751 1043 3782 de
1061 3750 1198 3790 Longtyn
1234 3750 1268 3781 &

213 3781 378 3820 Johannem
389 3783 423 3813 de
438 3784 661 3828 Monte-fusculo
669 3811 678 3825 ,
696 3788 804 3818 nostros
818 3789 935 3819 facimus
947 3791 980 3821 ὃ(
993 3789 1189 3820 constituimus
1198 3774 1274 3819 f’ro-

219 3828 359 3863 curatores
371 3820 405 3850 ad
420 3824 607 3859 recipiendum
623 3825 758 3856 Reonum
773 3827 939 3864 praedicstum
959 3828 1077 3858 nomine
1096 3827 1195 3858 nostro
1207 3850 1219 3866 ,
1238 3827 1273 3857 &

221 3866 374 3902 terminum
386 3861 585 3903 acceptandum
596 3863 641 3893 seu
652 3849 855 3895 admittendum
863 3888 873 3903 ,
889 3876 946 3905 quo
957 3868 1007 3896 iter
1019 3865 1148 3896 nostrum
1161 3865 1194 3896 ad
1207 3875 1274 3903 pro-

220 3895 393 3962 {fcssmooem
406 3905 510 3935 negotii
533 3899 656 3936 praediciti
676 3902 711 3931 de
724 3902 854 3933 mandato
872 3903 993 3942 ejusdem
1014 3903 1138 3934 Domini
1158 3905 1276 3941 arripere

241 3943 256 3962 e
278 3943 386 3964 eamus:

257 3970 428 4013 Potestatem
442 3970 535 4014 dantes
547 3973 647 4017 eisdem
660 3977 844 4012 juramentum
856 3978 991 4010 fidelitatis
1004 3979 1135 4011 Domino
1141 3978 1227 4018 Papae
1238 3979 1272 4009 δε

223 4007 355 4038 Eccleliae
367 4009 509 4039 Romanae
522 4019 551 4038 in
563 4020 685 4042 animam
698 4015 819 4045 nostram
834 4017 999 4054 praestandi,
1016 4019 1049 4049 δε
1068 4017 1146 4057 quod
1158 4027 1210 4048 nos
1225 4016 1274 4054 ipsi

225 4046 389 4087 homagium
403 4047 531 4079 nostrum
549 4047 582 4079 δε
604 4048 760 4082 fidelitatem
774 4054 938 4091 praedffiam
954 4056 1003 4094 ipsi
1022 4055 1155 4088 Domino
1176 4054 1279 4095 Papae,

650 195 1445 243 CONVENTIONES‚

1502 192 1902 244 LITERAE,

1303 283 1336 313 &
1350 279 1484 312 Ecclesiae
1496 278 1658 317 Romanae,
1672 278 1706 309 ad
1721 279 1884 310 mandatum
1904 275 2024 315 ejusdem
2038 273 2162 306 Domini
2177 272 2281 314 Papae,
2293 283 2366 314 prae-
2379 273 2454 305 Ann.
2470 274 2512 306 D.

1304 320 1437 350 stabimus
1453 320 1482 348 in
1497 317 1609 357 propria
1621 318 1736 358 persona
1750 317 1862 355 nostra,
2344 352 2350 358 .
2396 314 2480 345 1261.

1305 356 1585 436 inlssagffiiiffigbituri
1597 356 1675 396 quod
1689 367 1738 397 per
1752 356 1821 394 ipsos
1833 379 1843 394 ,
1869 353 1914 386 vel
1925 362 2024 384 eorum
2036 352 2153 384 aiterum
2167 351 2265 384 aetum
2282 351 2364 385 fiient
2376 356 2441 381 Heri.
2463 362 2487 390 3.

1345 472 1455 503 Datum
1468 470 1541 511 apud
1554 469 1782 512 windlesoram,
1802 480 1837 502 12
1851 469 1916 502 Kal.
1930 469 2034 508 Aprilis
2047 479 2123 500 anno
2139 468 2266 500 Domini
2283 467 2368 499 1261.

1306 601 1427 632 Littera
1445 596 1604 631 Edmundi
1620 600 1708 645 Regis
1731 598 1836 631 Siciliae
1857 601 1959 644 Papae,
1982 608 2036 644 pro
2051 595 2166 641 favore
2186 595 2251 639 ejus
2269 599 2301 628 in
2315 608 2368 630 ne-

1664 651 1746 694 gotio
1757 645 1890 693 pradib'bi
1905 649 2008 693 Regni.

1308 733 1372 795 D
1381 731 1494 762 Omino
1507 730 1546 762 Pa
1567 740 1592 761 ae
1605 729 1769 762 Edmundus
1784 755 1794 771 ,
1820 732 1941 771 ejusdem
1955 731 2130 772 providentia
2139 755 2148 771 ,
2166 731 2269 763 Siciliae
2284 731 2367 773 Rex,
2383 731 2459 765 Ami.
2472 733 2514 766 D.

1384 771 1487 801 devota
1499 780 1533 809 pe
1554 779 1603 800 um
1618 769 1710 800 oscula
1725 772 1883 801 beatorum.
2406 771 2489 803 1261.

1346 806 1413 846 Ejus
1426 809 1537 840 favente
1549 809 1651 848 gratia,
1689 810 1717 838 ui
1729 818 1855 847 potentes
1870 807 1996 839 humiliat
2011 832 2021 846 ,
2045 810 2079 841 &
2094 808 2212 840 humiles
2229 817 2300 840 nutu
2313 810 2368 841 suae
2383 814 2436 840 An.
2448 821 2496 848 45.

1308 845 1458 878 voluntatis
1473 847 1588 886 exaltat,
1605 818 1707 878 Sangia
1721 847 1854 878 Romana
1867 847 1990 891 Ecclesia
2003 856 2090 879 mater
2104 848 2199 879 nostra
2211 857 2274 887 erga
2285 848 2369 880 karis-
2383 854 2417 878 H.
2433 860 2459 887 3.

1307 885 1409 916 fimum
1425 895 1531 924 patrem
1546 884 1676 916 nostrum
1688 885 1801 926 Regem
1821 886 1933 925 Angliae
1952 885 2087 916 illustrem
2101 910 2111 925 ‚
2133 896 2248 918 necnon
2268 887 2302 917 &
2316 897 2370 925 po-
2382 889 2470 925 Claus.

1309 922 1459 956 steritatem
1475 925 1554 965 ipsius
1568 923 1723 963 graciosum
1740 934 1836 964 gerens
1854 924 1992 955 affectum
2005 947 2015 963 ,
2041 925 2177 964 Regnum
2192 924 2296 955 Siciliae
2318 936 2370 956 no-
2384 927 2474 962 46.H.
2489 936 2513 964 3.

1307 961 1348 992 bis
1360 986 1370 1001 ,
1394 965 1424 994 in
1446 965 1548 994 minori
1571 962 1729 993 constitutis
1749 971 1829 994 aetate
1841 986 1850 1001 ,
1875 963 2020 993 liberaliter
2039 964 2159 996 contulit
2179 964 2212 994 &
2232 963 2372 1004 benigne,
2385 975 2421 994 m.
2438 967 2514 1001 140¹.

1306 1009 1391 1038 prout
1405 1003 1434 1032 in
1448 1002 1542 1032 litteris
1555 1000 1729 1040 apostolicis,
1746 1001 1812 1032 inde
1831 1002 1914 1032 nobis
1934 1001 2070 1031 confeffis
2084 1026 2095 1040 ‚
2114 1002 2221 1040 plenius
2239 1004 2369 1034 contine-

1306 1047 1369 1078 tur,
1385 1041 1577 1071 auctoritatem
1592 1040 1674 1070 nobis
1689 1049 1722 1070 ex
1743 1040 1792 1070 suo
1805 1041 1928 1071 tribuens
1944 1039 2075 1071 mandato
2094 1049 2125 1071 ut
2138 1064 2149 1079 ‚
2173 1050 2253 1071 more
2273 1043 2369 1082 regio,

1307 1078 1366 1108 tam
1381 1080 1604 1119 nuncupatione,
1621 1079 1707 1118 quam
1719 1078 1794 1109 bulla
1811 1088 1908 1117 aurea,
1927 1077 2114 1117 fungeremur.

1321 1155 1326 1160 .
1342 1117 1412 1149 Nos
1423 1118 1522 1158 igitur,
1541 1127 1574 1149 ex
1588 1117 1731 1158 praemissis
1744 1117 1888 1148 audaciam
1901 1116 2052 1154 sumentes,
2066 1117 2100 1147 ad
2120 1117 2220 1148 vestrae
2232 1117 2368 1151 Sanetita-

1306 1162 1340 1185 tis
1362 1156 1541 1188 clementiam
1560 1157 1728 1187 recurrimus
1749 1155 1924 1187 confidenter
1939 1178 1949 1193 ,
1973 1155 2002 1186 su
2043 1155 2155 1186 licantes
2175 1156 2316 1187 humiliter
2333 1159 2368 1189 &

1304 1193 1408 1238 devote
1421 1197 1546 1235 quatinus
1560 1195 1624 1233 hiis,
1642 1205 1706 1234 quae
1721 1196 1752 1225 in
1767 1203 1842 1235 parte
1855 1193 1905 1225 ista
1919 1203 1968 1239 per
1990 1164 2082 1224 sgciem
2102 1194 2265 1238 praedidiam
2279 1195 2370 1227 felici-

1305 1240 1346 1262 ter
1362 1234 1490 1265 inchoata
1502 1233 1578 1272 sunt,
1594 1233 1680 1272 usque
1695 1233 1730 1264 ad
1750 1233 2025 1264 consummationem
2042 1240 2146 1272 negotii
2152 1255 2162 1271 ,
2179 1235 2369 1277 patrocinium

1305 1271 1339 1302 &
1353 1272 1481 1303 favorem
1493 1283 1545 1314 pro
1566 1273 1648 1303 itium
1661 1272 1751 1303 vestra
1763 1272 1892 1312 dignetur
1905 1271 2041 1303 Sanctitas
2054 1272 2195 1310 impartiri.

1342 1309 1432 1342 Parati
1446 1312 1522 1342 enim
1537 1283 1645 1350 sgmper
1658 1311 1751 1342 sumus
1772 1312 1806 1342 &
1826 1312 1927 1341 erimus
1945 1311 1977 1341 in
1991 1308 2122 1350 persona,
2137 1310 2236 1349 rebus,
2253 1312 2369 1352 amicis,

1305 1348 1339 1379 &
1354 1350 1411 1380 aliis
1425 1351 1576 1388 omnibus,
1596 1359 1659 1388 quae
1674 1349 1778 1380 nostrae
1793 1349 1827 1380 &
1842 1348 2003 1379 nostrorum
2017 1348 2199 1389 poffibilitatis
2212 1351 2369 1391 extiterint,

1304 1387 1472 1428 obsequium
1487 1388 1615 1419 nostrum
1630 1388 1712 1419 vobis
1726 1388 1759 1419 &
1775 1387 1908 1418 Ecclesiae
1923 1388 2002 1418 matri
2024 1387 2128 1418 nostrae
2145 1397 2301 1420 reverenter
2314 1390 2369 1420 im-

1304 1426 1442 1465 pendere,
1460 1428 1493 1459 &
1507 1427 1602 1458 vestris
1616 1426 1793 1467 beneplacitis
1806 1435 1889 1465 atque
1904 1425 2038 1457 mandatis
2053 1425 2162 1458 devotis
2174 1425 2319 1459 affectibus
2333 1428 2368 1460 ὅ(

1304 1467 1441 1506 promptis
1455 1466 1586 1511 operibus
1598 1465 1723 1496 obedire.

1343 1503 1453 1535 Placeat
1475 1504 1584 1544 insuper
1605 1503 1792 1534 dominationi
1813 1503 1912 1534 vestrae
1925 1503 2032 1534 dileffis
2050 1504 2084 1535 &
2105 1503 2231 1535 fidelibus
2248 1504 2367 1544 nostris,

1304 1540 1423 1582 Rogero
1437 1543 1473 1573 de
1487 1542 1639 1583 Longtyn,
1657 1543 1690 1573 ὅ(
1699 1541 1824 1581 Johanni
1836 1542 1872 1572 de
1881 1540 2124 1581 Monte-fusculo,
2142 1544 2291 1574 voluntatis
2301 1554 2367 1574 nos-

1303 1588 1354 1610 trae
1369 1583 1399 1612 in
1413 1581 1464 1612 hac
1481 1590 1556 1619 parte
1571 1580 1690 1611 consciis
1705 1604 1714 1619 ,
1740 1590 1811 1619 quos
1830 1590 1883 1621 pro
1905 1580 1983 1611 dicto
2005 1581 2121 1620 negotio
2143 1580 2177 1611 ad
2193 1582 2368 1619 praesentiam

1303 1619 1425 1650 vestram
1441 1620 1664 1656 transmittimus,
1679 1619 1764 1650 fidem
1776 1619 1854 1659 super
1868 1619 1922 1649 hiis
1934 1619 2041 1659 plenius
2053 1619 2192 1650 adhibere.

1341 1657 1417 1690 Data
1431 1658 1504 1699 apud
1519 1658 1682 1690 Windeior.
1701 1667 1737 1689 12
1751 1657 1815 1688 Kal.
1829 1658 1946 1698 Aprilis,
1962 1657 2052 1688 Anno
2066 1656 2250 1689 MCCLXI.

1339 1735 1484 1776 Confimilis
1497 1736 1593 1766 littera
1604 1739 1748 1778 emanavit
1761 1760 1772 1775 ‚
1791 1734 1845 1782 βξ
1863 1734 2011 1766 nominibus
2023 1737 2068 1766 W.
2087 1736 2120 1766 de
2132 1734 2278 1767 Channent
2289 1759 2300 1775 ,
2324 1735 2365 1772 ό·

1304 1774 1516 1852 WUdpsggertate,
1533 1774 1697 1817 quodfidem
1703 1776 1785 1815 super
1799 1774 1868 1814 hm,
1886 1772 1949 1811 ὠς.

1303 1935 1331 1962 ²¹⁶·
1354 1939 1443 1972 Bulla
1463 1939 1545 1986 quod
1560 1940 1699 1983 Praelati,
1725 1941 1909 1987 Magnates,
1934 1942 1970 1978 (θ’
1994 1939 2077 1981 alii,
2110 1938 2210 1972 clerici
2232 1943 2270 1979 ὠ·
2295 1941 2368 1974 laici
2381 1955 2398 1975 ii
2415 1956 2498 1995 1⁸7„

1345 1987 1482 2067 An{liae'
1509 2001 1564 2021 non
1583 1999 1740 2022 teneantur
1754 1989 1798 2021 ad
1813 1986 2046 2034 observationem
2062 1988 2235 2032 juramenti
2242 1988 2295 2034 sici
2310 2000 2368 2036 pro
2504 1985 2509 1989 ’

1338 2039 1400 2129 sq‘us
1420 2035 1531 2118 usjdlam
1541 2036 1689 2082 statutis,
1714 2035 1950 2073 ordinationibus
1964 2064 1975 2082 ‚
2006 2040 2043 2077 ὠ
2065 2035 2299 2083 colligationibus
2315 2036 2366 2073 ob-

1360 2095 1455 2117 ervan
1478 2097 1511 2119 15·

1304 2168 1359 2226 A
1368 2169 1514 2215 Lexander
1528 2171 1682 2214 Episcopus
1694 2199 1704 2213 ,
1728 2173 1818 2205 servus
1833 2173 1976 2204 servorum
1991 2171 2067 2212 Dei,
2085 2173 2295 2205 Venerabilibus
2307 2173 2362 2205 fra-
2378 2176 2455 2207 Ami.
2471 2177 2513 2210 D;

1332 2247 1337 2252 ι
1367 2211 1453 2242 tribus
1558 2213 1778 2253 Archiepiscopo
1792 2213 1972 2243 Cantuarien.
1987 2212 2021 2242 &
2126 2212 2151 2243 E
2173 2212 2361 2252 iscopoNor—
2395 2216 2479 2246 1261.

1300 2255 1402 2279 wrcen.
1417 2250 1451 2281 &
1461 2250 1568 2281 dilecto
1579 2251 1636 2281 filio
1646 2252 1770 2290 Johanni
1779 2250 1919 2282 Mansello
1930 2250 2114 2281 Thesaurario
2127 2251 2151 2281 E
2175 2252 2297 2283 oracenfi
2303 2250 2362 2283 Ca·
2377 2257 2429 2282 An.
2443 2265 2491 2290 45.

1299 2286 1411 2326 pellano
1425 2288 1539 2328 nostrO,
1557 2289 1668 2320 salutem
1682 2291 1716 2321 ὃς
1728 2289 1914 2330 apostolicam
1925 2289 2164 2320 benedifflonem.
2378 2297 2412 2320 H.
2432 2302 2456 2328 3.

1337 2325 1385 2356 Ad
1398 2326 1566 2358 audientiam
1580 2328 1704 2359 nostram
1719 2330 1845 2367 pervenit
1858 2327 1935 2367 quod
1950 2328 2079 2358 nonnulli
2093 2327 2220 2366 Praelati,
2241 2327 2361 2368 Magna-
2378 2335 2416 2357 Ex
2429 2335 2490 2367 Au-v

1299 2364 1971 2441 ἓῗὼῗυῖἕέἑιὲᾟὲζῗέάοῖῶἶῖἓὲέάὲιῗο
1992 2367 2362 2443 ῗέἓέἓὲῗῷἒέἓῗὲζῖῗιῖ
2376 2376 2444 2406 '⁰³⁶

1299 2440 1422 2478 ipsorum
1437 2465 1445 2480 ,
1471 2443 1520 2473 sub
1534 2428 1670 2483 praetex’tu
1690 2429 1980 2475 reformandi’statum
2000 2414 2082 2482 igpsius
2102 2442 2220 2482 Regni,
2245 2446 2365 2475 nomine

1300 2479 1431 2524 cariffimi
1444 2482 1472 2511 in
1488 2480 1605 2512 Christo
1624 2481 1671 2512 filii
1686 2482 1774 2513 nostri
1911 2480 1999 2520 Regis
2018 2481 2298 2525 Anglorumtillustris
2335 2484 2367 2514 in

1301 2517 1520 2565 diminutionem
1535 2521 1569 2551 ὃς
1583 2519 1790 2565 depressionem
1808 2519 1953 2565 potestatis·
1968 2520 2002 2551 &
2021 2520 2152 2564 libertatis
2166 2520 2286 2558 ejusdem
2305 2505 2369 2553 Re-

1300 2565 1355 2595 grs,
1375 2557 1471 2588 fecisse
1484 2558 1626 2596 dicuntur)
1642 2560 1668 2590 se
1675 2569 1837 2598 juramentis
1851 2568 1967 2599 propriis
1981 2557 2182 2597 astrinxerunt,

1317 2633 1322 2638 .
1338 2595 1393 2634 Et,
1408 2597 1481 2634 quasi
1495 2607 1545 2635 per
1558 2598 1699 2637 quandam
1720 2598 1929 2639 impressionem
1942 2620 1952 2636 ,
1976 2598 2012 2627 ab
2032 2597 2134 2628 eodem
2154 2597 2255 2638 Rege,
2270 2608 2304 2630 ac
2319 2608 2367 2629 ca-

1301 2633 1404 2664 rissima
1417 2636 1446 2664 in
1462 2634 1579 2679 Cliristo
1593 2635 1646 2667 filia
1660 2636 1754 2667 nostra
1865 2636 1976 2675 Regina
1990 2635 2102 2675 Angliae
2110 2659 2121 2680 ,
2138 2635 2212 2667 Filiis
2225 2637 2367 2677 ipsorum,

1302 2671 1336 2701 &
1351 2673 1366 2702 a
1380 2673 1522 2716 nonnullis
1534 2675 1605 2713 aliis,
1623 2683 1654 2705 ut
1667 2674 1700 2705 ad
1717 2675 1839 2713 ipsorum
1853 2673 2017 2716 statutorum
2026 2697 2036 2712 ‚
2055 2674 2279 2714 ordinationum,
2298 2686 2368 2708 nec-

1302 2719 1362 2740 non
1380 2711 1591 2750 colligationum
1608 2713 1833 2744 observationem
1852 2712 1974 2742 similiter
1994 2710 2021 2741 se
2038 2711 2243 2751 astringerent,
2266 2723 2370 2754 exege-

1303 2756 1514 2832 rur&iim-igitur
1527 2790 1673 2826 juramenti
1687 2789 1784 2833 religio
1800 2786 1867 2826 (qua
1882 2786 1949 2831 fides
1962 2785 2123 2817 confirmari
2136 2786 2220 2819 debet
2234 2788 2268 2819 &
2291 2791 2366 2820 veri-

1303 2824 2204 2909 >fiaoes1<at¹⁸⁸<ptffifflffl21mmm
2217 2837 2367 2905 assidit

1303 2902 1380 2947 saluti
1389 2925 1398 2941 ,
1412 2903 1571 2948 discretioni
1584 2903 1684 2948 vestrae
1699 2927 1709 2943 ,
1733 2904 1769 2935 de
1781 2913 1836 2943 qua
1850 2902 1932 2941 plene
1946 2901 2134 2946 confidimus,
2150 2912 2200 2943 per
2213 2904 2365 2941 apostolica

1304 2940 1403 2982 scripta
1432 2941 1557 2973 districte
1571 2943 1779 2983 praecrpiendo,
1797 2941 1960 2972 mandamus
1974 2949 2103 2980 quatinus
2119 2941 2248 2981 praefatos
2260 2941 2364 2973 Praela-

1305 2987 1364 3019 tos,
1421 2989 1546 3020 agnates,
1563 2991 1596 3013 ac
1608 2991 1660 3012 vos
1672 2982 1743 3020 ipsos
1756 2980 1880 3011 invicem
1892 3002 1902 3017 ,
1927 2980 1947 3010 fi
1964 2988 2035 3048 opus
2047 2979 2145 3024 suerit,
2162 2980 2196 3011 &
2210 2980 2294 3019 alios,
2312 2991 2366 3012 vos

1306 3028 1405 3049 omnes
1417 3042 1427 3057 ,
1452 3019 1497 3049 vel
1509 3019 1569 3051 duo
1583 3019 1726 3058 vestriim,
1742 3027 1789 3050 aut
1801 3027 1831 3049 tu
1846 3041 1856 3057 ,
1881 3018 1962 3048 frater
2006 3017 2196 3059 rchiepiscope
2209 3041 2219 3056 ,
2242 3018 2312 3050 solus
2329 3020 2366 3050 ab

1305 3055 1461 3095 hujusmodi
1475 3059 1632 3095 juramentis
1649 3057 1756 3099 prorsus
1768 3059 1870 3088 curetis
1883 3055 2024 3087 absolvere
2036 3079 2046 3095 ,
2058 3066 2099 3100 'ac
2120 3057 2265 3094 praedietas
2283 3058 2365 3090 colli-

1305 3097 1429 3137 gationes
1441 3095 1607 3136 dissolvere,
1623 3098 1688 3129 vice
1700 3095 1809 3134 nostra,
1825 3095 1862 3126 de
1873 3094 1977 3125 nostrae
1990 3094 2162 3133 plenitudine
2176 3095 2330 3133 potestatis:

1343 3134 1575 3167 Contradietores
1587 3145 1635 3176 per
1647 3135 1790 3179 censuram
1805 3132 2034 3178 ecclesiasticam,
2052 3143 2087 3174 ap
2107 3133 2236 3178 ellatione
2248 3134 2366 3174 postpo-

1305 3172 1368 3212 fita,
1382 3173 1609 3218 compescendo,
1627 3174 1697 3205 sicut
1708 3173 1787 3204 statui
1800 3172 1920 3217 ejusdem
1934 3171 1965 3202 R
1990 3213 1995 3217 ι
2033 3172 2067 3203 &
2081 3142 2178 3212 Regni
2190 3172 2230 3204 sui
2243 3173 2365 3211 pruden-

1305 3220 1347 3242 ter
1360 3212 1494 3250 viden'tiS,
1508 3212 1717 3249 circumspectis
1729 3213 1878 3250 omnibus,
1899 3181 2036 3280 eigpeffiise.

1342 3250 1440 3291 Siquid
1456 3259 1551 3281 autern
1565 3252 1596 3281 in
1611 3250 1713 3281 eisdem
1726 3250 1829 3299 statutis
1841 3250 1874 3281 &
1887 3259 1920 3280 or
1941 3249 2124 3288 mationibus,
2139 3249 2218 3289 quod
2231 3248 2366 3282 Praelato-

1306 3288 2368 3371 Qssaffidffdssssszfsgissa5530sfffizfflssffssfflhffi‘ffffinssossgfflei‘i

1306 3365 1399 3405 quoad
1412 3365 1494 3404 illud,
1510 3366 1643 3403 praediCta
1656 3375 1806 3404 juramenta
1819 3365 1952 3397 ullatenus
1963 3365 2083 3396 relaxari.

1337 3440 1412 3486 ‘Dat
1421 3440 1530 3486 Romae
1541 3442 1613 3483 apud
1621 3442 1757 3476 Sannum
1763 3444 1878 3476 Petrum
1884 3452 1917 3483 ,3
1928 3442 1994 3474 Kal.
2002 3441 2075 3474 Maii
2083 3464 2093 3481 ,
2106 3440 2290 3474 Pontificatsis
2302 3448 2366 3472 nos-

1309 3490 1345 3513 tri
1358 3490 1435 3513 anno
1445 3480 1571 3521 septimo.

1784 3551 1909 3583 Plumbeo
1921 3549 2012 3590 Sigillo
2022 3561 2041 3581 a
2046 3548 2100 3592 filo
2112 3547 2237 3580 canabeo.

1310 3683 1400 3716 Bulla
1415 3680 1451 3714 de
1467 3681 1642 3729 absblvendo
1659 3689 1827 3734 Magnates
1843 3686 1957 3734 Angliae
1973 3696 1994 3719 a
2011 3683 2190 3733 quibusdam
2203 3681 2365 3725 juramen·

1355 3735 1395 3763 tis
1417 3731 1530 3764 illicitis
1549 3759 1558 3775 ‚
1591 3738 1622 3765 in
1645 3734 1852 3780 praejudicium
1874 3738 2004 3781 Regium
2027 3729 2207 3767 tendentibus
2223 3754 2234 3769 ,
2265 3729 2301 3766 (ᾗ
2329 3725 2366 3759 de

1355 3779 1547 3825 compellendo
1566 3783 1637 3827 ipfizs
1651 3782 1695 3816 ad
1710 3781 1900 3817 obediendum
1918 3785 2004 3830 Regi.

1317 3861 1516 3918 ALexander
1530 3863 1699 3908 Episcopus,
1713 3867 1804 3898 servus
1813 3867 1955 3898 servorum
1970 3865 2046 3903 Dei,
2059 3861 2267 3906 Venerabilibus
2278 3861 2367 3905 fratri-
2383 3869 2459 3901 Am,
2470 3870 2512 3902 D·

1379 3902 1430 3932 bus
1533 3904 1754 3946 Archiepiscopo
1767 3905 1944 3936 Cantuarien.
1956 3904 1990 3934 &
2083 3900 2232 3944 ‚EplsCOPO
2244 3900 2365 3931 ΝΟΥΨῙ·
2411 3910 2496 3939 1261.

1313 3949 1377 3971 cen.
1392 3941 1425 3970 &
1444 3940 1548 3972 dilec'to
1561 3943 1620 3973 filio
1637 3944 1762 3982 Johanni
1781 3942 1910 3973 Mansell.
1928 3940 2111 3972 Thesaurano
2129 3938 2286 3970 Eboracen.
2305 3937 2364 3970 Ca·
2380 3951 2489 3983 An,45,

1314 3979 1423 4017 pellano
1436 3979 1549 4019 nostro,
1568 3982 1691 4013 Salutem
1703 3982 1737 4012 &
1748 3980 1931 4021 apostolicam
1940 3977 2174 4022 benedicftionern.
2381 3990 2416 4013 H.
2433 3995 2460 4022 3.

1354 4015 1546 4049 Rationalibus
1558 4020 1677 4051 sensibus
1691 4020 1833 4050 materiam
1846 4017 1926 4057 justae
1943 4016 2128 4046 admirationis
2141 4024 2273 4053 importat
2288 4016 2365 4057 secus
2381 4027 2422 4051 Ex
2435 4026 2493 4052 Au-

1316 4056 1371 4087 rim
1385 4055 1509 4089 adversus
1519 4057 1619 4096 illum,
1632 4058 1681 4097 qui
1693 4056 1778 4090 caedit
1790 4056 1820 4087 in
1835 4065 1866 4087 ω
1879 4078 1890 4094 ,
1915 4054 1960 4086 vel
1974 4055 2073 4085 serram
2093 4063 2191 4087 contra
2207 4055 2305 4092 illum,
2339 4062 2371 4121 ujt
2381 4069 2445 4099 togr.

2290 4100 2314 4123 tr
